4066 6214
308 288 3555 348 m

645 543 1088 695 A.B.
1191 506 2036 761 .CAlLLAU
2144 543 2251 689 P

1602 535 2036 740 .LAU
2144 540 3208 698 PRXEFATIO.

368 931 545 990 Inter
567 924 963 999 insurgentes
989 916 1135 978 hinc
1162 921 1225 977 et
1250 914 1399 977 inde
1426 914 1638 977 multis
1665 915 1796 994 jam
1826 913 1905 975 ab
1936 915 2118 977 annis
2146 912 2540 995 publicarum
2583 916 3034 980 discordiarum
3074 919 3399 995 tumultus,
3432 921 3558 987 hoc

281 1025 727 1105 gravissimum
772 1031 1099 1095 emergere
1126 1013 1601 1076 incommodum
1633 1012 2008 1076 crediderim
2052 1014 2238 1076 simul
2271 1019 2333 1076 et
2372 1015 2658 1090 dixerim,
2688 1016 2993 1078 funestam
3026 1017 3317 1081 videlicet
3350 1020 3557 1096 istam,

279 1143 436 1204 quas
466 1125 691 1186 doctos
734 1126 797 1182 et
844 1119 1014 1198 pacis
1050 1120 1336 1178 amantes
1378 1115 1723 1177 litterarum
1766 1114 2016 1177 labores
2061 1116 2449 1198 interruptos
2492 1118 2772 1197 pendere
2818 1120 3048 1197 coegit,
3090 1122 3552 1185 necessitatem.

281 1224 447 1299 Quid
479 1223 652 1285 enim
694 1217 1014 1283 scribendi
1039 1215 1249 1278 studio
1274 1232 1419 1277 cum
1444 1214 1677 1277 ardore
1719 1214 2043 1277 bellandi?
2068 1216 2220 1296 quid
2247 1217 2725 1280 meditationum
2759 1220 2951 1298 quieti
3004 1238 3147 1283 cum
3175 1223 3556 1288 seditionum

282 1323 616 1390 motibus?
657 1322 778 1383 Ubi
815 1317 1069 1381 infausti
1094 1314 1368 1378 civilium
1395 1313 1816 1393 procellarum
1845 1314 2105 1395 spiritus
2133 1316 2360 1378 acriter
2382 1316 2695 1379 sibilando
2720 1318 3121 1395 invehuntur,
3151 1322 3385 1386 ibidem
3413 1323 3556 1387 lan-

285 1430 599 1504 guescant
624 1423 813 1483 flores
841 1419 1081 1497 ingenii
1108 1418 1497 1497 marcidique
1525 1417 1820 1480 decidant
1848 1435 2109 1482 necesse
2142 1427 2259 1482 est.
2648 1424 2651 1425 ⁷

375 1529 525 1602 Quis
554 1532 649 1589 est
672 1524 989 1587 studiosos
1018 1524 1183 1584 inter
1208 1539 1400 1585 sacras
1431 1522 1815 1602 antiquitatis
1832 1523 2145 1599 alumnos,
2171 1524 2283 1605 qui
2306 1524 2579 1605 primum
2602 1533 2727 1588 tam
2756 1525 2968 1588 nitidae
2990 1532 3051 1588 et
3066 1532 3193 1589 tam
3215 1529 3557 1591 emendata;

290 1631 359 1689 S.
386 1625 669 1705 Gregorii
691 1623 1060 1685 Nazianzeni
1081 1622 1374 1685 editionis
1397 1621 1693 1683 volumen
1724 1640 1854 1684 non
1875 1622 2064 1685 fuerit
2082 1624 2420 1686 admiratus
2448 1621 2529 1706 (α)
2544 1622 2730 1699 ‘lQuis
2750 1625 2906 1687 illud
2930 1628 3166 1688 meri-tis
3189 1644 3317 1690 non
3339 1627 3556 1694 extulit

295 1730 608 1801 laudibus,
634 1725 1322 1804 Benedictinorumque
1349 1725 1558 1785 Sancti
1594 1726 1814 1799 Mauri,
1846 1722 2213 1789 lta'aliunde
2249 1728 2315 1789 in
2348 1728 2480 1789 suis
2517 1728 2818 1807 operibus
2854 1728 3305 1807 perfectorum,
3341 1732 3555 1811 perfe-

289 1828 639 1891 ctissimum
668 1838 829 1904 Opus
855 1840 984 1885 non
1008 1822 1411 1902 praedicavit?
1437 1823 1583 1896 Quis
1601 1824 1773 1913 justo
1806 1842 1935 1887 non
1968 1836 2338 1906 prosecutus
2354 1834 2455 1888 est
2482 1827 2796 1889 desiderio
2819 1829 3144 1905 amissum,
3171 1837 3242 1892 ut
3268 1832 3558 1896 nonnulli

285 1934 545 2007 putant,
576 1934 684 1987 aut
703 1923 942 1993 saltem,
976 1928 1047 1982 ut
1068 1938 1280 1984 verum
1311 1928 1427 1997 est,
1461 1940 1838 2002 suspensum
1862 1924 2230 1986 [excellentis
2261 1925 2745 1989 elucubrationis
2775 1931 3351 2010 complementurp?
3378 1934 3555 2007 Quod

296 2026 622 2106 perditum
654 2023 883 2084 deflent
903 2020 1030 2093 alii,
1059 2018 1229 2098 quod
1258 2017 1364 2079 alii
1392 2019 1814 2099 interruptum
1850 2019 2091 2093 dolent,
2122 2020 2244 2081 hoc
2272 2021 2524 2083 tandem
2557 2040 2591 2084 c
2614 2025 2893 2087 tenebris
2921 2034 3167 2088 erutum
3193 2028 3307 2089 tibi
3335 2031 3553 2109 profe-

306 2125 529 2196 rimus,
557 2122 791 2200 Optime
840 2119 1059 2192 lector,
1088 2118 1258 2197 quod
1289 2134 1421 2180 non
1444 2126 1508 2179 te
1532 2117 1760 2192 solum,
1796 2120 1907 2181 sed
1948 2126 2009 2181 et
2058 2135 2312 2181 onmem
2342 2120 2730 2185 eruditorum
2776 2123 3076 2187 familiam
3120 2134 3299 2203 grato
3340 2129 3554 2193 animo

297 2233 702 2305 accepturam
721 2222 1110 2284 confidimus.

384 2330 565 2390 Plura
596 2334 800 2389 autem
834 2332 895 2388 et
923 2333 1092 2388 certe
1117 2326 1477 2404 gravissima
1502 2327 1568 2389 in
1594 2327 1926 2407 procinctu
1948 2333 2269 2389 tractanda
2298 2333 2656 2400 occurrunt,
2695 2328 2751 2389 1°
2786 2328 3025 2391 scilicet
3052 2345 3181 2408 quo
3213 2328 3381 2393 felici
3400 2349 3557 2394 casu

258 2434 261 2437 ’
299 2429 697 2501 authenticus
727 2430 1151 2493 Maurinorum
1170 2432 1633 2512 manuscriptus
1657 2431 1862 2495 codex
1890 2439 2138 2495 nostras
2158 2434 2226 2495 in
2252 2451 2474 2496 manus
2493 2434 2788 2497 inciderit
2813 2452 2828 2509 ;
2856 2434 2915 2494 2°
2940 2451 3083 2514 quae
3105 2441 3167 2496 et
3193 2437 3408 2515 quanti
3434 2437 3559 2499 sint

305 2534 604 2594 momenti
635 2551 850 2611 opera,
882 2550 1023 2612 qua).
1054 2534 1336 2596 nondum
1361 2535 1438 2596 ad
1470 2535 1897 2598 omnimodam
1917 2535 2335 2615 integritatem
2357 2538 2864 2617 severioremque
2883 2538 3353 2615 castigationem
3379 2549 3560 2604 revo—‘

304 2640 459 2737 eam,
495 2634 836 2737 emittenda
881 2645 1294 2713 supererant;
1343 2638 1401 2699 3°
1445 2657 1572 2719 qua
1618 2639 1918 2702 methodo
1965 2639 2313 2702 doctissimi
2340 2640 2616 2702 editores
2644 2640 2711 2700 in
2746 2639 3071 2719 operando
3100 2642 3554 2737 processerint;

308 2732 366 2792 ιε’
402 2733 548 2812 quid
578 2734 810 2795 laboris
834 2737 1089 2799 tandem
1124 2740 1329 2815 nobis,
1361 2746 1503 2820 post
1532 2747 1740 2802 tantos
1762 2757 2077 2803 messores
2102 2740 2553 2818 prmtermissas
2582 2740 2684 2801 vix
2711 2738 2951 2819 aliquas
2973 2738 3121 2802 hinc
3150 2747 3213 2801 et
3240 2741 3389 2804 inde
3420 2732 3557 2823 ερίὲ

302 2851 409 2895 cas
435 2834 806 2911 legentibus,
838 2836 1025 2900 fuerit
1054 2839 1422 2901 derelictum
1448 2857 1461 2899 :
1493 2857 1634 2918 quae
1673 2839 1928 2919 quidem
1955 2839 2067 2900 ubi
2093 2838 2325 2901 fuerint
2355 2838 2626 2902 dilucide
2658 2843 3007 2905 examinata
3048 2849 3111 2906 et
3139 2862 3438 2926 expensa,
3467 2847 3555 2909 nil

300 2933 429 3013 jam
450 2934 617 2996 ultra
642 2935 817 3014 quod
842 2938 1225 3016 expostulari
1249 2937 1451 3017 possit
1475 2937 1573 3039 veel
1602 2937 1891 3017 exoptari
1915 2954 2243 2998 remanere
2272 2936 2610 2999 credimus.

1666 3082 2095 3144 ARTICULUS
2136 3083 2187 3142 Ι.

1366 3226 1454 3285 De
1495 3225 1745 3286 invento
1776 3223 2220 3284 Maurinorum
2257 3223 2487 3283 codice.

388 3373 580 3435 Nemo
604 3373 808 3437 nescit
834 3375 1248 3438 recentiorem
1288 3373 1351 3433 S.
1381 3369 1665 3449 Gregorii
1716 3365 2087 3430 Nazianzeni
2114 3365 2456 3428 editionem
2481 3366 2755 3446 primum
2785 3384 2821 3429 a
2848 3366 2920 3428 D.
2947 3368 3182 3431 Jacobo
3220 3370 3298 3433 de
3333 3373 3555 3438 Friche

308 3483 684 3555 susceptam,
711 3475 938 3537 deinde
969 3491 1117 3536 vero
1144 3491 1181 3534 a
1209 3474 1280 3533 D.
1309 3472 1641 3532 Francis‘co
1662 3466 1945 3531 Louvard
1968 3464 2348 3539 inchoatam,
2384 3472 2605 3545 postea
2634 3483 2669 3527 a
2696 3467 2766 3528 D.
2797 3467 3137 3531 Prudentio
3156 3471 3365 3533 Maran
3397 3492 3557 3553 prae-

310 3583 604 3655 paratam,
628 3577 759 3638 imo
783 3582 845 3637 et
862 3575 1111 3655 publice
1139 3590 1306 3636 anno
1340 3570 1487 3633 1708
1514 3568 1968 3641 annuntiatam,
1994 3583 2162 3629 anno
2184 3565 2460 3646 denique
2486 3564 2663 3640 1778,
2695 3567 2906 3646 quoad
2935 3569 3208 3647 primum
3232 3573 3553 3649 volumen,

308 3674 497 3738 fuisse
523 3677 813 3738 emissam
844 3674 1092 3736 Parisiis
1120 3692 1156 3735 a
1184 3674 1255 3735 D.
1283 3671 1662 3741 Clemencet,
1693 3682 1971 3747 quocum
2008 3664 2271 3744 insuper
2297 3680 2478 3726 curas
2511 3665 3133 3731 communicaverunt
3168 3672 3287 3733 DD.
3326 3675 3554 3749 Patert,

308 3776 581 3838 Andreas
597 3776 793 3837 Brion
822 3780 882 3834 et
910 3771 1242 3850 Dionysius
1271 3767 1527 3838 d’Olive,
1556 3764 1665 3843 qui
1705 3762 1937 3824 menda
1956 3761 2312 3839 corrigendi
2328 3761 2639 3839 ingratum
2660 3761 3105 3847 difficilemque
3131 3768 3404 3834 laborem
3431 3791 3559 3834 non

308 3875 691 3939 detrectavit.
707 3872 1333 3955 DomnoClemencet,
1349 3866 1478 3945 qui,
1505 3862 1789 3926 doctrina
1816 3860 2128 3924 celebrior
2139 3877 2327 3941 quam
2348 3859 2493 3933 ﬁde,
2507 3858 2689 3939 plura
2712 3862 2960 3943 scripsit
2980 3867 3065 3928 ad
3090 3869 3560 3934 conﬁrmandos

312 3980 728 4041 recentiorum
742 3981 1111 4038 novatorum
1125 3988 1390 4044 errores,
1404 3984 1678 4048 quorum
1688 3964 1892 4027 acrior
1904 3964 2135 4025 exstitit
2149 3969 2603 4043 propugnator,
2619 3963 2864 4043 adjutor
2874 3966 2938 4025 in
2948 3970 3212 4031 secundi
3227 3971 3560 4033 voluminis

315 4077 529 4137 labore
555 4074 727 4136 datus
754 4078 850 4135 est
882 4071 951 4130 D.
981 4070 1059 4130 de
1080 4067 1357 4140 Cosniac,
1391 4064 1502 4145 qui
1525 4062 1733 4125 lenior
1763 4061 1999 4134 animo,
2048 4065 2110 4120 at
2153 4059 2314 4120 forte
2351 4059 2607 4136 ingenio
2636 4060 2865 4136 minor,
2900 4062 2979 4124 ad
3005 4066 3260 4129 eosdem
3314 4086 3560 4137 errores

314 4176 553 4240 videtur
562 4175 919 4238 inclinasse.
931 4173 1093 4235 Hinc
1102 4172 1248 4233 licet
1267 4177 1448 4234 caute
1462 4166 1735 4246 legendi,
1750 4164 2006 4245 quando
2019 4163 2099 4225 de
2116 4163 2286 4225 falsis
2301 4179 2519 4225 eorum
2531 4165 2732 4244 agitur
2745 4166 3068 4243 doctrinis,
3083 4169 3334 4251 legendi
3348 4182 3560 4240 tamen

308 4292 528 4338 secure
539 4292 684 4337 cum
704 4264 1232 4350 agiturdelinguae
1248 4272 1480 4331 Graecae
1497 4267 1740 4348 peritia,
1754 4264 1833 4326 de
1846 4262 2134 4326 codicum
2145 4267 2471 4338 vetustate,
2499 4266 2868 4330 auctoritate
2877 4275 2943 4329 et
2964 4270 3382 4349 varietatibus,
3402 4276 3481 4338 de
3503 4280 3561 4340 vi

312 4383 377 4437 et
385 4393 571 4437 sensu
594 4374 949 4445 verborum,
964 4372 1042 4434 de
1056 4368 1359 4432 versionis
1375 4365 1779 4447 prOprietate,
1800 4360 2173 4439 caaterisque
2182 4359 2517 4439 ejusmodi,
2530 4362 2762 4439 quibus
2781 4365 3087 4428 conﬂatur
3100 4370 3312 4431 omnis
3329 4380 3560 4436 nostras

316 4474 494 4555 hujus
518 4474 811 4537 editionis
838 4473 1034 4535 labor.
1058 4469 1313 4533 Laboris
1339 4472 1549 4530 autem
1563 4464 1743 4526 ardui
1761 4461 2090 4540 multiplex
2109 4460 2487 4535 sollicitudo,
2508 4464 2857 4541 prmsertim
2877 4466 3173 4531 defuncto
3185 4470 3314 4550 jam
3335 4474 3403 4532 D.
3426 4474 3560 4536 Cle-

316 4580 581 4647 mencet,
607 4574 819 4653 plures
842 4574 1197 4654 requirebat
1217 4587 1462 4644 manus,
1481 4574 1542 4630 et
1567 4566 1823 4647 quidem
1854 4580 1985 4625 non
2010 4559 2296 4624 indoCtas
2311 4578 2327 4636 ;
2359 4561 2769 4626 undefactum
2792 4574 2885 4628 est
2896 4575 2965 4628 ut
2984 4568 3049 4630 in
3082 4572 3295 4650 Operis
3320 4581 3561 4651 partem

321 4674 634 4735 veniretD.
648 4674 725 4735 de
735 4674 1026 4737 Verneuil
1038 4723 1052 4749 ,
1066 4672 1176 4753 qui
1188 4670 1465 4751 ejusdem
1478 4667 1718 4731 ordinis
1740 4683 1870 4727 non
1890 4673 2123 4728 vestem
2140 4662 2368 4734 solum,
2384 4662 2492 4724 sed
2522 4672 2584 4724 et
2602 4664 2923 4727 scientiam
2936 4670 3326 4746 praeferebat.
3340 4674 3563 4738 Tribus

319 4774 397 4835 ab
415 4773 514 4834 bis
530 4774 699 4848 viris,
714 4775 971 4856 aliisque
991 4775 1204 4837 forsan
1222 4789 1494 4853 quorum
1506 4768 1809 4832 memoria
1825 4785 1955 4829 non
1989 4771 2299 4846 superest,
2308 4765 2441 4844 jam
2462 4767 2817 4830 confectum
2843 4787 3027 4851 Opus,
3060 4773 3146 4835 nil
3175 4775 3341 4835 aliud
3371 4793 3562 4854 quam

319 4879 853 4960 typograplrorum
883 4898 1139 4946 manum
1163 4886 1524 4960 exspectare
1544 4875 1889 4948 videbatur,
1912 4872 2168 4952 quando
2196 4872 2374 4934 irruit
2394 4872 2599 4937 subito
2618 4875 2807 4936 tristis
2833 4871 3229 4951 violentaque
3258 4874 3560 4953 procella,

318 5001 480 5063 (1WD,
508 4987 832 5049 concussis
857 4986 1183 5065 religionis
1225 4985 1425 5064 ipsius
1449 4985 1516 5045 in
1543 4981 1740 5044 Gallia
1771 4979 2216 5053 fundamentis,
2245 4996 2457 5043 sacros
2491 4979 2948 5044 monachorum
2981 4976 3235 5040 ordines
3274 4978 3563 5058 spoliavit

323 5080 828 5163 disturbavitque.
858 5081 1153 5148 Maurinis
1179 5087 1413 5155 autem,
1445 5097 1588 5141 cum
1621 5078 1701 5139 ab
1733 5076 1909 5138 avitis
1938 5076 2227 5139 claustris
2254 5077 2408 5140 nudi
2441 5083 2502 5139 et
2527 5084 2784 5156 egentes
2808 5082 3250 5161 abjicerentur,
3279 5083 3369 5146 nil
3396 5084 3558 5146 anti-

319 5181 501 5261 quius
520 5181 639 5245 fuit
670 5201 859 5264 quam
884 5188 1127 5250 caeteris
1146 5188 1439 5249 omnibus
1466 5186 1927 5266 pretiosiorem,
1948 5192 2171 5266 utpote
2192 5185 2377 5249 tantis
2401 5184 2628 5263 vigiliis
2651 5181 3112 5263 sudoribusque
3133 5170 3563 5261 comparatum

389 5309 467 5374 (α)
496 5306 856 5384 Splendidgnn
881 5319 1027 5384 certe
1053 5311 1330 5384 volumen,
1365 5309 1459 5384 sed
1483 5309 1662 5379 quoad
1692 5317 1878 5384 textus
1898 5310 2348 5384 emendationem
2373 5323 2481 5384 ηενρ
2502 5304 3062 5384 adeoextollendmn.
3093 5301 3564 5384 Speciminisloeo

317 5372 705 5453 sit’paginaj,
727 5380 816 5453 ubi
841 5378 1037 5453 legitur
1059 5382 1143 5436 bis
1173 5372 1567 5446 ἀνωθάσεώς
1591 5396 1698 5453 pro
1710 5380 1923 5434 ἀναστῶ

1958 5396 2078 5453 suis,
2098 5375 2277 5453 ρῦτος
2299 5393 2397 5448 pro
2420 5372 2595 5453 cinae,
2613 5383 2722 5453 etc.
2752 5375 2858 5431 Sed
2886 5374 3033 5453 quod
3060 5372 3379 5453 mirerisx‘in
3402 5372 3564 5453 titulo

317 5441 800 5521 primi'volunrinis
817 5441 961 5521 quod
988 5450 1101 5519 jam
1139 5456 1497 5521 peccaverant
1542 5441 1700 5521 primi
1726 5441 2070 5521 typOgrapbi,
2106 5448 2159 5501 id
2197 5441 3194 5521 nonInonretinuerunt_irovissirni
3217 5441 3458 5521 editores
3503 5443 3565 5498 in

315 5510 506 5590 epdem
532 5510 874 5590 titul9__typi's
902 5510 1098 5590 iterum
1131 5510 1410 5590 mandato,
1440 5510 1921 5590 εὐρὶᾳχρμἐιὲα

1958 5510 1970 5570 ἱ
2001 5518 2368 5590 eripienduqu
2395 5516 2703 5571 scribentes
2732 5513 2899 5590 (quod
2931 5523 3114 5590 tanien
3136 5510 3564 5590 “tumulaverat

320 5533 506 5571 eouem
532 5533 712 5597 nunc.
730 5533 874 5639 ripis
902 5533 1098 5572 nernm
1131 5533 1410 5600 mandato,
1440 5533 1840 5633 εῡριιζχομενα
1870 5535 1926 5587 pr

320 5585 514 5666 Har-les
545 5587 611 5641 ad
648 5586 744 5639 Brb
770 5588 899 5666 iolla.
937 5587 1105 5666 (inec.
1136 5588 1394 5666 lfabrirri,
1423 5595 1556 5641 tom.
1629 5587 1716 5655 ΙΙΙ,
1749 5605 1803 5659 p.
1840 5588 1926 5642 ιοε

1958 5536 1968 5570 ι
2001 5533 2368 5590 ευρισκομενα
2395 5533 2703 5571 scrrnemcs
2732 5533 2899 5584 (quoa
2931 5533 3114 5567 ranwn
3136 5533 3251 5578 jam
3279 5533 3564 5565 notaverat

1958 5595 1990 5652 ›,
2045 5587 2141 5643 sed
2178 5586 2327 5642 aliud
2354 5586 2575 5655 insuper
2603 5585 2857 5640 mendum
2890 5583 3221 5638 addiderunt
3240 5580 3564 5649 Γρεγρρῐυυ

322 5655 641 5713 exhibentes
671 5671 772 5725 pro
810 5657 1128 5730 Γρηγορίου.
1154 5658 1310 5713 Em.
1341 5656 1512 5712 Pun.

641 5751 912 5812 Parnor.
942 5753 1065 5811 cn.
1110 5755 1441 5815 xxxvrr.
2380 5835 2398 5845 -
3281 5745 3317 5803 ι

472 5903 523 5942 0

369 5984 475 6056 n‘i
