4080 6206
463 297 523 354 μ
1613 290 1681 346 Α.
1721 291 1781 347 n.
1820 289 2121 349 carrum
2161 289 2558 349 PIUEFATIO.
2715 277 2723 284 '
3666 301 3734 358 η

456 409 846 482 thesaurum,
878 403 1179 483 fugiendo
1204 401 1474 478 auferre,
1503 407 1588 478 et,
1623 403 1774 464 dum
1808 402 2104 466 transiret
2129 409 2494 485 tempestas,
2523 402 2862 466 occultare.
2895 404 3114 468 Utrum
3144 405 3356 487 plures
3383 406 3562 470 facta;
3591 409 3734 472 fue-

458 511 585 574 rint
614 515 759 570 ante
793 507 916 569 hoc
943 509 1266 588 temporis
1299 509 1852 589 transcriptiones,
1876 525 2007 572 non
2055 511 2204 572 satis
2241 515 2534 583 constat;
2574 516 2815 571 certum
2848 517 2943 572 est
2989 518 3198 574 autem
3243 512 3561 592 duplicem
3596 517 3730 596 jam

460 605 745 670 codicem
773 604 936 665 inter
968 603 1447 666 eminentissimi
1467 605 1798 668 cardinalis
1824 605 1945 667 DD.
1979 606 2178 668 Fesch
2205 623 2430 669 manus
2461 605 2742 669 habitum
2787 607 3006 684 fuisse,
3036 627 3305 691 quorum
3348 631 3491 674 cum
3534 615 3731 694 prior,

463 707 656 768 multa
685 705 956 785 pecunia
982 712 1402 786 comparatus,
1435 707 1616 787 quasi
1635 726 1672 769 a
1692 708 1952 788 propria
1976 710 2533 772 Benedictinorum
2555 727 2743 772 manu
2774 709 3146 792 descriptus,
3178 732 3432 776 manum
3463 715 3731 780 alienam

464 810 786 874 evidenter
810 814 1124 886 argueret,
1156 811 1573 888 posteriorem
1601 812 1829 874 iterum
1861 814 2132 894 pecunia
2161 814 2382 894 majori
2415 813 2683 875 redemit
2714 813 3244 876 eminentissimus
3275 813 3445 875 idem
3481 816 3729 895 Purpu-

462 917 671 985 ratus;
713 917 925 972 utrum
952 909 1258 972 veriorem
1285 909 1853 990 sincerioremque,
1873 918 2108 974 asserat
2133 912 2244 991 qui
2270 911 2462 985 vidit;
2486 909 2641 972 mihi
2675 910 2843 972 enim
2862 910 3036 972 illum
3066 909 3277 972 videre
3309 928 3439 972 non
3475 927 3736 974 conces-

462 1028 625 1073 sum.
667 1012 934 1071 Romam
971 1007 1139 1069 enim
1176 1006 1544 1083 deveniens,
1576 1016 1640 1070 et
1676 1009 1756 1071 ad
1779 1008 2277 1072 Eminentissimi
2323 1008 2521 1088 pedes
2557 1007 2950 1089 provolutus,
2988 1024 3064 1069 eo
3109 1009 3389 1070 audaciae
3431 1008 3731 1074 devenire

463 1127 604 1173 sum
626 1126 836 1184 ausus,
866 1112 935 1170 ut
963 1113 1090 1169 tam
1118 1105 1467 1185 pretiosum
1493 1107 2212 1186 monumentum,‘prelo
2242 1106 2450 1168 subito
2500 1105 2956 1181 mandandum,
2975 1105 3373 1172 describendi
3414 1107 3727 1172 licentiam

463 1213 959 1293 expostularem;
1009 1227 1198 1291 quam
1239 1211 1495 1290 quidem
1541 1218 1803 1292 propter
1838 1213 2231 1290 gravissimas
2267 1228 2443 1284 sane,
2477 1229 2633 1292 quas
2676 1228 2807 1274 non
2853 1211 3164 1274 discutere
3205 1229 3419 1274 meum
3461 1220 3578 1286 est,
3612 1214 3726 1276 sed

463 1316 759 1392 revereri,
790 1315 1066 1377 rationes
1093 1313 1379 1376 obtinere
1415 1330 1544 1376 non
1589 1314 1871 1393 contigit.
1913 1316 2150 1378 Durum
2177 1321 2390 1376 tamen
2428 1320 2490 1376 et
2533 1331 2814 1376 amarum
2860 1313 3068 1375 animo
3108 1331 3302 1376 sacrm
3345 1315 3730 1394 antiquitatis

464 1414 717 1487 amanti,
780 1410 1146 1493 prtesumpti
1208 1409 1615 1490 pulcherrimi
1682 1410 1917 1475 laboris
1969 1429 2224 1476 omnem
2283 1413 2536 1492 penitus
2589 1429 2768 1492 spem
2844 1412 3135 1495 abjicere.
3215 1413 3414 1488 Mihi,
3499 1413 3728 1492 fateor,

464 1530 718 1594 semper
734 1518 877 1575 ante
898 1510 1116 1574 oculos
1137 1509 1580 1571 obversabatur
1597 1509 1945 1571 secundum
1965 1509 2119 1571 illud
2142 1508 2338 1571 sancti
2359 1508 2641 1585 Gregorii
2662 1507 3133 1569 Benedictinum
3153 1509 3728 1588 volumen.Ergone

465 1633 723 1696 semper
744 1615 810 1676 in
852 1614 1041 1676 unius
1060 1610 1461 1674 bibliothecae
1503 1611 1783 1672 tenebris
1814 1611 2132 1692 sepultum
2162 1610 2556 1674 remanebit?
2583 1612 2918 1689 Nunquam
2951 1627 3100 1688 ergo
3132 1612 3236 1673 fret
3265 1614 3500 1692 publici
3525 1595 3732 1694 juris?

464 1714 743 1777 Ecclesia
772 1719 944 1776 tanto
972 1711 1214 1772 lumine
1240 1727 1567 1788 nunquam
1603 1709 1898 1773 irradiata
1923 1707 2265 1790 gaudebit?
2293 1709 2442 1771 ΙΙωο
2475 1726 2579 1770 me
2607 1709 2944 1786 cogitante,
2982 1709 3190 1772 subito
3223 1711 3388 1774 fama
3430 1714 3509 1775 ad
3544 1731 3730 1785 aures

469 1814 748 1885 affertur,
779 1828 998 1874 verum
1025 1816 1087 1871 et
1107 1808 1452 1886 genuinum
1475 1809 1890 1871 Maurinensis
1921 1809 2412 1872 elucubrationis
2435 1809 2758 1888 exemplar
2785 1809 3033 1870 Parisiis
3059 1808 3317 1884 haberi;
3350 1813 3420 1872 D.
3459 1812 3538 1874 de
3566 1815 3728 1875 Ver-

469 1913 664 1987 neuil,
696 1911 990 1974 omnibus
1020 1909 1180 1984 aliis,
1211 1907 1320 1987 qui
1355 1906 1504 1969 huic
1541 1906 1742 1969 labori
1779 1908 2428 1980 communicaverant,
2471 1907 2867 1987 superstitem
2913 1907 3182 1970 ﬁdeliter
3217 1909 3371 1972 illud
3411 1928 3727 1986 servasse;

464 2016 596 2076 imo
625 2013 856 2092 saepius
892 2011 1058 2091 apud
1097 2010 1307 2088 ipsum
1338 2006 1718 2069 cardinalem
1746 2007 1942 2069 Fesch
1989 2009 2217 2086 egisse,
2252 2014 2323 2069 ut
2357 2007 2538 2087 prelo
2571 2007 3001 2084 subjiceretur,
3061 2026 3204 2071 eum
3248 2011 3484 2088 vigeret
3528 2013 3728 2077 adhuc

466 2113 886 2197 potentissimi
941 2110 1190 2191 nepotis
1251 2108 1589 2170 auctoritas
1626 2155 1640 2182 ,
1706 2109 2132 2188 eumdemque
2200 2117 2403 2171 morte
2461 2108 2716 2170 tandem
2783 2115 3165 2188 praeventum
3197 2156 3212 2183 ,
3275 2109 3425 2172 dum
3485 2119 3732 2190 regeret

466 2216 676 2279 Sancti
703 2211 985 2292 Dionysii
1035 2226 1236 2290 prope
1293 2207 1567 2270 Parisios
1623 2208 2014 2287 parochiam,
2052 2209 2210 2271 illud
2270 2210 2576 2290 proximis
2633 2209 2988 2289 reliquisse,
3045 2210 3154 2290 qui
3197 2211 3332 2290 ejus
3387 2213 3730 2276 etiamnum

466 2315 869 2398 possessione
902 2311 1291 2373 fruebantur.
1325 2308 1456 2369 Nec
1482 2324 1658 2369 mora
1685 2325 1698 2368 :
1729 2307 2141 2386 inquiruntur
2158 2310 2228 2369 D.
2255 2309 2334 2370 de
2352 2308 2646 2370 Verneuil
2680 2308 2989 2384 haeredes,
3027 2325 3145 2372 nec
3167 2309 3365 2372 multo
3381 2317 3524 2391 post
3549 2311 3731 2375 inve‘

467 2416 730 2478 niuntur
745 2429 760 2486 ;
777 2411 1096 2472 invenitur
1111 2424 1255 2469 cum
1275 2405 1399 2466 illis
1415 2404 1734 2484 pretiosus
1755 2404 1960 2466 codex
1983 2421 2000 2479 ;
2024 2421 2246 2466 severo
2263 2402 2588 2484 subjicitur
2609 2405 2913 2478 examini;
2956 2407 3250 2486 giganteo
3275 2407 3490 2471 labore
3517 2411 3734 2490 prodi-

467 2519 573 2576 tur
605 2512 1034 2574 Maurinorum
1066 2505 1432 2584 ingenium;
1471 2503 1797 2582 castigatio
1835 2509 2069 2579 textus,
2106 2502 2584 2565 adnotationum
2622 2504 3006 2583 proprietas,
3049 2507 3355 2570 versionis
3398 2507 3730 2588 perfectio,

471 2614 841 2678 variantium
869 2612 1213 2676 lectionum
1255 2607 1538 2670 delectus
1560 2613 1622 2668 et
1648 2605 2013 2681 multitudo,
2042 2605 2370 2685 scriptum
2413 2604 2614 2685 ipsius
2644 2613 2935 2682 vetustas,
2969 2605 3122 2670 nihil
3163 2614 3258 2670 est
3283 2610 3453 2688 quod
3484 2627 3614 2672 non
3652 2610 3731 2673 ad

470 2712 992 2777 manifestandam
1017 2709 1340 2772 veritatem
1371 2717 1724 2772 concurrat.
1758 2707 1892 2766 Imo
1923 2710 1984 2766 et
2015 2704 2326 2766 editorum
2347 2703 2626 2778 nomina,
2660 2711 2721 2766 et
2746 2705 3112 2768 eorumdem
3135 2705 3637 2783 deliberationes,
3671 2714 3737 2770 et

471 2812 682 2875 danda
711 2808 1124 2892 typograpbis
1159 2805 1442 2879 consilia,
1474 2810 1536 2866 et
1569 2803 1894 2883 sequenda
1925 2802 1992 2863 in
2023 2801 2268 2864 cunctis
2306 2801 2643 2863 methodus
2683 2819 2817 2864 rem
2860 2803 2946 2866 ita
2991 2805 3156 2868 clare
3185 2805 3520 2882 elucidant,
3554 2813 3624 2870 ut
3664 2806 3732 2870 in

473 2914 737 2978 dubium
772 2909 1055 2975 revocari
1083 2923 1212 2980 non
1242 2903 1466 2986 possit.
1494 2903 1701 2966 Unum
1723 2911 1783 2967 et
1807 2904 2067 2984 quidem
2089 2903 2403 2968 dillicilius
2430 2904 2593 2968 forte
2620 2907 3069 2971 inveniendum
3091 2911 3474 2986 remanebat,
3499 2929 3733 2994 nempe

471 3017 700 3079 fortem
727 3013 1155 3091 audacemque
1175 3008 1400 3080 virum,
1425 3006 1535 3086 qui
1564 3012 1626 3068 et
1651 3007 1936 3070 codicem
1963 3007 2205 3086 argenti
2230 3007 2516 3087 pondere
2549 3026 2938 3090 comparare,
2969 3018 3029 3073 et
3057 3016 3486 3090 comparatum
3516 3011 3736 3089 ingen-

471 3116 641 3178 tibus
670 3113 1015 3193 dispendiis
1051 3111 1219 3197 typis
1257 3113 1555 3174 mandare
1585 3128 1718 3173 non
1746 3111 2204 3174 reformidaret.
2236 3113 2734 3176 Detrectantibus
2780 3115 2916 3177 aliis
2943 3115 3316 3196 quibusdam
3346 3115 3732 3196 periculum-

475 3231 599 3294 que
649 3213 860 3275 subire
891 3213 1345 3289 recusantibus,
1383 3211 1638 3274 obvium
1680 3228 1749 3272 se
1790 3210 1937 3272 fecit
1982 3210 2146 3273 ultro
2193 3212 2265 3271 D.
2294 3213 2905 3289 Parent-Desbarres,
2939 3213 3047 3295 qui
3071 3214 3201 3294 jam
3248 3213 3327 3276 de
3373 3214 3631 3276 scientia
3672 3221 3736 3278 et

475 3315 781 3394 religione
809 3313 1019 3376 multis
1050 3312 1432 3376 editionibus
1452 3315 1514 3372 et
1542 3309 1889 3388 praesertim
1918 3307 2290 3371 Collectione
2319 3309 2436 3370 SS.
2465 3313 2728 3372 Patrum
2756 3310 2921 3373 bene
2949 3310 3229 3385 meritus,
3260 3310 3553 3374 meritum
3577 3309 3734 3373 illud

476 3430 710 3477 novum
733 3412 1236 3492 prmcedentibus
1266 3408 1692 3491 superaddere
1726 3407 1942 3470 voluit.

1847 3527 2272 3589 ARTICULUS
2299 3530 2378 3590 II.

967 3660 1059 3719 De
1086 3657 1362 3738 nondum
1389 3657 1578 3719 editi:
1598 3676 1637 3716 α
1661 3655 2062 3719 Maurinensi
2099 3656 2578 3734 congregatione
2616 3653 2911 3733 Gregorii
2930 3653 3241 3734 operibus.

555 3777 773 3840 Omnia
795 3778 962 3841 beati
985 3779 1271 3842 Doctoris
1295 3796 1488 3859 Opera
1509 3785 1635 3839 tres
1654 3776 1733 3840 ad
1760 3776 1990 3839 classes
2010 3775 2369 3838 necessario
2397 3778 2791 3846 revocantur,
2822 3789 3088 3851 quarum
3109 3772 3332 3852 prima,
3360 3773 3737 3834 Sermones;

478 3877 778 3953 secunda,
812 3878 1160 3958 Epistolas;
1191 3878 1407 3956 tertia,
1441 3879 1736 3939 Poemata
1779 3874 2236 3956 complectitur.
2274 3873 2612 3951 Gregorius
2646 3871 2814 3932 enim
2850 3877 2921 3932 ut
2957 3870 3022 3933 in
3059 3871 3414 3952 perorando
3451 3871 3738 3934 sublimis

478 3984 540 4039 et
572 3976 902 4054 facundus,
932 3979 1015 4040 ita
1042 3986 1103 4042 et
1131 3980 1196 4041 in
1225 3979 1561 4043 scribendo
1584 3978 1818 4041 nitidus
1850 3981 2037 4056 atque
2058 3974 2282 4050 facilis,
2310 3979 2372 4035 et
2397 3973 2464 4034 in
2494 3970 2806 4035 cantando
2827 3971 3077 4049 grandis
3096 3978 3158 4035 et
3175 3988 3458 4034 amcenus
3479 3969 3734 4032 exstitit.

555 4083 891 4145 Sermones
919 4084 1176 4162 quidem
1206 4103 1427 4148 omnes
1448 4085 1577 4165 jam
1598 4102 1633 4146 a
1651 4081 2076 4146 Benedictinis
2104 4079 2354 4142 meliori
2385 4077 2606 4140 ordine
2633 4075 2809 4150 editi,
2829 4082 2888 4138 et
2917 4072 3124 4154 quoad
3144 4078 3381 4133 textum
3401 4068 3736 4143 emendati,

479 4179 542 4240 in
567 4182 774 4259 primo
797 4182 1113 4244 volumine
1141 4183 1473 4258 habentur,
1503 4193 1744 4245 servata
1769 4182 1962 4243 veteri
1991 4179 2251 4240 Billiana
2282 4177 2593 4251 versione,
2623 4175 2734 4237 sed
2775 4176 2842 4236 in
2871 4173 3080 4236 multis
3103 4169 3526 4246 maximisque
3560 4165 3739 4227 casti-

481 4287 644 4358 gata,
674 4281 1114 4361 decerptisque
1159 4289 1426 4361 quatuor
1455 4282 1868 4355 orationibus,
1893 4293 2125 4356 nempe
2153 4295 2298 4350 xnv,
2331 4295 2505 4352 xnvr,
2532 4295 2592 4338 LI
2620 4283 2684 4339 et
2717 4293 2822 4350 ur,
2851 4291 2992 4355 quae
3033 4288 3162 4334 non
3191 4270 3353 4330 inter
3386 4280 3731 4337 sermones,

481 4383 592 4445 sed
631 4382 796 4444 inter
822 4383 1118 4462 epistolas
1155 4383 1475 4446 evidenter
1511 4381 1920 4455 collocanda),
1956 4379 2286 4461 preprium
2328 4377 2398 4440 in
2434 4377 2669 4451 locum,
2701 4383 2771 4438 ut
2799 4393 2914 4456 par
2943 4378 3095 4446 erat,
3124 4369 3377 4431 fuerunt
3405 4372 3731 4428 revocatre.

482 4481 740 4543 Restant
770 4481 960 4558 igitur
981 4480 1263 4562 epistolae
1285 4487 1347 4543 et
1368 4487 1682 4560 poemata,
1712 4494 1853 4558 quas
1868 4478 2000 4558 jam
2023 4477 2090 4538 in
2110 4476 2430 4557 publicum
2460 4475 2746 4536 emittere
2776 4470 3124 4534 statuimus.

559 4580 880 4660 Epistulae,
906 4598 1047 4660 quae
1070 4581 1323 4643 nonnisi
1360 4579 1474 4642 232
1505 4580 1570 4641 in
1604 4579 1942 4642 novissima
1973 4577 2248 4639 editione
2277 4574 2537 4636 Billiana
2572 4573 2889 4652 leguntur,
2927 4565 3330 4649 superaddite
3356 4569 3566 4626 autem
3598 4563 3735 4622 Mo-

483 4683 745 4746 relliano
786 4684 1224 4764 supplemento
1258 4683 1398 4759 242,
1429 4682 1540 4746 sed
1571 4700 1713 4762 qum
1744 4699 1982 4754 revera,
2013 4679 2362 4743 arnandatis
2403 4693 2546 4756 quae
2576 4676 2674 4738 vel
2711 4675 2790 4737 ad
2820 4672 3112 4735 Basilium
3147 4667 3485 4750 pertinent,
3514 4661 3611 4724 vel
3639 4661 3737 4723 bis

482 4791 1034 4864 repraesentantur,
1065 4784 1484 4865 superadditis
1514 4791 1721 4846 autem
1743 4801 1886 4864 qum
1913 4782 2008 4844 vel
2039 4799 2117 4843 ex
2138 4778 2528 4843 orationibus
2558 4777 2996 4849 desumuntur,
3045 4771 3143 4834 vel
3185 4768 3438 4832 aliunde
3483 4765 3738 4865 fuerunt

485 4863 795 4958 extractas,
825 4883 903 4946 ad
932 4883 1045 4946 243
1075 4863 1408 4946 numerum
1437 4891 1794 4963 assurgunt,
1816 4884 1900 4944 ita
1934 4886 2449 4958 argumentorum
2472 4875 2826 4938 diversitate
2853 4881 2914 4935 et
2937 4871 3225 4934 varietate
3245 4863 3559 4963 scribendi
3586 4867 3737 4963 tem—

484 4986 802 5056 perantur,
835 4980 1026 5042 modo
1059 4981 1138 5041 de
1165 4979 1534 5058 theologicis
1563 4959 1685 5040 alte
1714 4979 1985 5039 simulet
2014 4975 2287 5038 dilucide
2309 4973 2710 5046 disserentes,
2741 4971 2933 5033 modo
2967 4969 3045 5030 de
3088 4960 3542 5046 phiIOSOphicis
3572 4959 3736 5022 clare

485 5085 818 5144 tractantes
849 5091 912 5144 et
942 5082 1311 5158 sublimiter,
1344 5101 1515 5146 nunc
1553 5100 1806 5145 reorum
1835 5101 1872 5144 a
1901 5081 2292 5162 principibus
2318 5077 2565 5140 veniam
2596 5085 2890 5159 potenter
2915 5073 3348 5155 implorantes,
3381 5086 3547 5131 nunc
3578 5083 3734 5130 con-

485 5182 620 5246 silia
643 5183 848 5262 parvis
888 5189 949 5244 et
983 5186 1224 5263 magnis
1254 5184 1698 5266 dispertientes
1723 5183 2062 5263 sapienter,
2084 5181 2422 5260 aliquando
2460 5181 2646 5242 etiam
2686 5180 2765 5242 de
2805 5176 3080 5241 minimis
3123 5191 3268 5237 cum
3307 5170 3735 5244 familiaribus,

485 5283 596 5345 sed
619 5300 748 5345 non
769 5283 1031 5346 minimo
1056 5283 1207 5358 sale,
1230 5286 1538 5364 jocantes,
1569 5289 1639 5344 ut
1662 5281 1913 5344 difﬁcile
1945 5282 2023 5343 sit
2043 5279 2383 5342 admodum
2411 5284 2702 5352 statuere,
2735 5277 2965 5358 quibus
2993 5273 3296 5352 gratiores
3329 5271 3737 5351 utilioresque

488 5383 728 5463 possint
751 5381 1038 5456 evadere,
1068 5388 1280 5443 utrum
1308 5381 1593 5444 videlicet
1627 5379 1932 5458 religiosae
1963 5377 2291 5452 doctrinm,
2321 5394 2402 5438 an
2431 5376 2746 5440 srecularis
2773 5373 3083 5438 facundiae
3112 5371 3406 5435 curiosis.

563 5488 856 5548 Poemata
886 5502 1059 5561 vero,
1092 5502 1234 5565 qum
1267 5502 1396 5547 non
1425 5485 1628 5547 solum
1658 5499 1946 5557 numero,
1973 5480 2084 5543 sed
2113 5479 2274 5541 forte
2296 5478 2552 5557 ingenio
2578 5477 2875 5559 epistolas
2902 5479 3223 5557 superant,
3251 5489 3380 5534 non
3410 5469 3735 5550 captanda!

491 5584 806 5666 popularis
835 5601 1023 5658 auria,
1057 5601 1270 5646 verum
1310 5582 1754 5662 promovendze
1783 5579 2031 5661 pietatis
2054 5577 2262 5640 studio
2293 5577 2666 5657 conscripta,
2697 5574 2844 5636 ideo
2891 5591 2927 5636 a
2966 5574 3149 5635 beato
3178 5573 3443 5633 Doctore
3481 5568 3736 5666 fuerunt

487 5660 860 5762 composita,
892 5682 1018 5744 sive
1073 5687 1138 5744 ut
1174 5660 1570 5761 Apollinaris,
1599 5660 1889 5741 haeresim
1918 5673 2160 5740 emissis
2181 5675 2245 5737 in
2276 5675 2597 5755 publicum
2625 5674 2906 5738 cantibus
2929 5668 3326 5743 insinuantis,
3356 5660 3739 5730 carminibus
