4066 6214
456 274 523 365 is
1609 303 1674 364 Α.
1716 302 1771 357 a.
1816 302 2111 360 carum;
2152 304 2541 362 rnmrarlo.
3641 320 3709 377 is

777 420 987 477 Notitia
1026 421 1265 478 codicum
1299 423 1493 493 quibus
1527 424 1581 480 in
1610 423 1954 479 enuntiandis
1985 423 2044 481 S.
2083 424 2323 496 Gregorii
2346 426 2675 496 poematibus
2704 427 2789 484 usi
2814 438 2937 483 sunt
2968 428 3113 486 docti
3143 430 3395 488 editores.

455 537 582 607 Reg.
668 535 821 607 Regii
854 537 1060 606 plures,
1089 537 1181 603 39,
1206 538 1332 604 990,
1360 539 1488 605 99!,
1516 540 1644 604 992,
1669 540 1797 605 995,
1826 540 1987 607 1277,
2012 549 2125 596 etc.

453 607 626 678 Daris.
663 607 897 678 Qodices
925 623 991 662 ex
1020 608 1350 664 bibliotheca
1389 609 1715 674 Parisiensi,
1743 626 1895 665 nunc
1931 610 2120 678 Regia.

450 677 605 753 tiolb.
672 676 913 753 gotlices
929 692 995 729 ex
1024 677 1058 732 b
1080 678 1355 753 bliotheca
1394 680 1733 753 (iolbertina,
1767 676 2135 753 itgmgpariter
2162 696 2310 737 nunc
2341 680 2535 753 Regia.

453 744 573 799 Vat.
664 747 847 800 Codex
875 744 1065 801 Romae
1080 744 1322 803 collatus
1351 753 1410 804 in
1434 744 1764 805 bibliotheca
1796 744 2085 804 Vaticana.
2426 744 2454 753 ⁷
2672 772 2681 781 α

449 814 624 870 Coisl.
665 815 846 896 Codex
880 832 1079 896 ms._ex_
1089 818 1438 896 bibliotheca
1469 820 1529 874 Β.
1562 820 1632 874 de
1646 819 1892 896 Διῖιοίιειὶιτ,
1918 818 2120 875 deinde
2146 820 2203 875 in
2231 820 2566 877 bibliotheca
2594 821 2656 877 S.
2681 822 2942 879 Germani
2970 839 3001 879 a
3024 823 3229 888 Pratis,
3262 839 3412 880 nunc
3440 825 3495 880 in
3523 826 3705 896 ltrgia.

736 885 907 939 llabet
929 887 1148 970 scholia
1165 904 1334 970 super
1344 890 1524 970 lineas
1548 891 1779 970 scripta.

450 954 604 1031 ςξιιίε.
665 954 848 1031 [totum
879 956 1193 1031 collatusin
1222 954 1555 1031 bibliotheca
1576 954 2001 1031 etllinentissinii
2034 960 2165 1031 olim
2194 959 2494 1015 cardinalis
2520 960 2704 1031 Chigi.

455 1023 645 1100 Medic.
672 1025 857 1100 Codex
878 1040 1092 1100 _I_I_is._e_x
1124 1027 1737 1100 bibliothecatledicaea
1768 1028 2083 1085 Florentiae.
2115 1029 2379 1084 Continet
2408 1031 2583 1085 multa
2622 1023 2870 1100 poemata
2904 1046 2934 1085 a
2976 1032 3276 1088 Maratorio
3299 1034 3469 1089 edita.

455 1092 611 1152 Vind.
660 1095 846 1151 Codex
878 1094 1318 1154 Vindoboncnsis
1346 1099 1712 1164 bibliothecae,
1746 1116 1814 1153 ex
1843 1116 1954 1171 quo
1982 1115 2138 1155 suam
2168 1101 2467 1155 editionem
2491 1092 2734 1157 confecit
2758 1100 2995 1158 Tollius.

1838 1215 2057 1273 Codices
2105 1218 2308 1273 excusi.

424 1357 437 1365 ς
502 1325 775 1450 l{intellego
804 1324 1107 1448 editionum
1139 1334 1382 1382 veterum
1416 1343 1545 1395 qua
1568 1327 1731 1398 primi
1756 1328 2058 1385 voluminis
2085 1328 2267 1395 initio,
2297 1346 2350 1402 p.
2396 1347 2487 1387 xlv
2536 1332 2668 1405 (col.
2715 1331 2831 1403 30),
2883 1332 3161 1403 leguntur,
3210 1333 3388 1402 quoad
3442 1337 3711 1394 carmina,

448 1413 495 1449 at
554 1412 621 1450 en
664 1412 694 1450 a
733 1410 836 1449 sun
892 1410 906 1446 :

448 1410 694 1451 audenda
733 1410 862 1449 sunt
892 1410 906 1446 ἶ

448 1464 588 1520 Toll.
654 1464 1128 1566 TulliihCai-mina
1160 1480 1365 1538 cygnea
1392 1466 1450 1522 S.
1480 1465 1754 1537 Gregorii,
1787 1467 1843 1522 in
1871 1466 2176 1536 Insignibus
2209 1470 2418 1525 itineris
2445 1470 2654 1535 Italici,
2684 1467 2928 1541 Traiecti
2972 1470 3039 1525 ad
3092 1470 3366 1533 Rhenum,
3402 1488 3492 1526 an.
3552 1470 3711 1533 £696,

731 1535 743 1546 .
851 1536 872 1566 ο
1196 1535 1209 1538 τ
1239 1535 1251 1537 ί
1599 1535 1613 1537 -
1988 1535 1991 1536 ν

449 1604 644 1657 Muret.
664 1535 945 1659 Multiﬁdi-ii
973 1604 1231 1659 Analecta
1262 1603 1472 1666 erca,
1498 1607 1752 1667 Padovm,
1786 1623 1876 1662 an.
1906 1607 2068 1673 1709,
2105 1608 2274 1663 iit-4°.

444 1675 624 1729 Gaull.
662 1674 905 1745 Dionysii
944 1673 1201 1746 Gaullyer
1227 1675 1450 1730 collecta
1479 1676 1587 1730 divi
1617 1675 1857 1746 Gregorii
1886 1676 2186 1741 Poematia,
2218 1677 2448 1735 Parisiis
2472 1694 2565 1734 an.
2603 1679 2763 1743 i718,
2796 1678 2982 1733 in-l2.

520 1794 752 1853 Omnes
783 1790 1008 1853 horum
1040 1790 1352 1867 codicum,
1387 1792 1516 1854 sive
1562 1793 2157 1874 manuscriptorum,
2197 1795 2325 1858 sive
2370 1813 2746 1859 excusorum
2775 1796 2973 1858 varias
3010 1795 3337 1871 lectiones,
3371 1795 3538 1858 docti
3578 1795 3715 1857 edi-

441 1899 610 1955 tores
641 1893 936 1956 attentius
962 1891 1344 1969 selegerunt,
1377 1897 1439 1953 et
1468 1892 1687 1954 sedula
1699 1892 2114 1985 distinctione
2147 1894 2528 1956 adnotamnt
2555 1894 2763 1975 primo
2789 1894 2857 1955 in
2875 1894 3156 1971 margine
3176 1895 3402 1956 veteris
3421 1893 3715 1956 editionis

440 1998 744 2073 Billianm,
779 2014 969 2077 quam
1003 1997 1081 2059 ad
1108 2013 1332 2058 manus
1360 1995 1688 2072 habemus,
1713 2005 1775 2059 et
1804 1997 2037 2059 deinde
2064 1998 2132 2059 in
2161 1998 2349 2073 notis,
2379 2016 2538 2078 quas
2568 1997 2646 2060 ad
2673 1998 2957 2060 inﬁmiun
2987 1997 3233 2076 paginae
3260 1997 3472 2059 locum
3499 1996 3707 2074 diges-

440 2102 680 2171 serunt,
713 2096 970 2157 servatis
1000 2096 1067 2156 in
1096 2102 1271 2160 textu
1304 2099 1511 2161 verbis
1538 2116 1683 2179 qua)
1713 2099 1792 2162 ad
1822 2082 2023 2163 sancti
2050 2100 2337 2163 Doctoris
2366 2118 2627 2164 sensum
2655 2100 2921 2181 propius
2948 2101 3079 2162 visa
3108 2107 3253 2162 sunt
3279 2100 3605 2162 accedere.
3700 2167 3705 2171 ἑ

515 2200 593 2260 II.
624 2198 736 2259 His
764 2197 929 2260 curis
948 2197 1027 2260 ad
1047 2200 1512 2262 emendandum
1531 2206 1768 2262 textum
1789 2202 2110 2277 adhibitis,
2130 2203 2209 2265 de
2235 2204 2525 2265 versione
2543 2204 2894 2280 agitabatur
2917 2201 3211 2280 qumstio,
3235 2206 3443 2259 utrum
3474 2199 3712 2260 scilicet

439 2316 600 2360 nova
628 2298 1061 2370 adornaretur,
1092 2316 1172 2361 an
1213 2306 1565 2362 servaretur
1592 2301 1786 2380 prior.
1828 2302 2092 2363 Billiana
2130 2303 2537 2382 epistolarum
2572 2301 3029 2381 interpretatio,
3087 2304 3218 2357 tum
3251 2303 3511 2375 prOpter
3540 2296 3713 2358 docti

440 2400 551 2461 viri
584 2399 1017 2472 reverentiam,
1050 2405 1182 2459 tum
1213 2402 1476 2476 prOpter
1499 2397 1825 2458 sententiae
1864 2399 2305 2461 rectitudinem
2344 2404 2405 2459 et
2450 2398 2747 2460 dictionis
2772 2395 3168 2474 .elegantiam
3208 2409 3339 2453 non
3385 2392 3707 2466 mutanda,

439 2496 550 2558 sed
580 2497 646 2557 in
676 2493 999 2558 nonnullis
1027 2493 1425 2555 solummodo
1456 2493 1842 2573 perﬁcienda
1865 2495 1996 2557 visa
2026 2502 2143 2569 est,
2175 2496 2356 2557 sicuti
2403 2502 2465 2558 et
2512 2496 2578 2557 in
2615 2496 2819 2575 primo
2851 2493 3166 2556 volumine
3196 2493 3363 2554 circa
3392 2494 3711 2555 orationes

439 2598 641 2659 fuerat
662 2597 1028 2659 factitatum.
1063 2597 1204 2658 Non
1236 2596 1457 2658 eadem
1489 2604 1695 2659 autem
1716 2598 1952 2677 placuit
1980 2600 2154 2674 ratio,
2193 2599 2448 2678 quando
2479 2600 2558 2661 de
2590 2599 2971 2662 carminibus
2997 2578 3205 2659 actum
3227 2598 3508 2657 est.Cum
3540 2597 3710 2658 enim

440 2696 657 2759 Billius
684 2695 1039 2758 versionem
1068 2695 1384 2776 poeticam
1410 2696 1966 2775 fueritaggressus,
1985 2700 2252 2779 itasaepe
2285 2700 2468 2765 metri
2498 2700 2871 2762 necessitate
2898 2698 3013 2761 fuit
3044 2698 3441 2773 constrictus,
3472 2706 3542 2760 ut
3570 2715 3711 2760 sen-

440 2815 581 2859 sum
607 2797 797 2859 modo
825 2795 1232 2876 ampliﬁcare,
1262 2796 1452 2858 modo
1483 2802 1798 2872 truncare,
1829 2815 2001 2878 sape
2031 2798 2218 2860 etiam
2238 2798 2337 2860 vel
2368 2799 2660 2872 obscure,
2684 2797 2780 2860 vel
2808 2815 3030 2880 parum
3058 2803 3348 2859 accurate
3370 2814 3711 2877 repraesen-

439 2906 571 2959 tare
602 2904 952 2976 cogeretur.
986 2898 1157 2959 Nova
1185 2895 1395 2974 igitur,
1425 2914 1569 2977 quae
1596 2903 1796 2959 totum
1828 2898 2121 2960 redderet
2148 2899 2542 2978 Gregorium,
2578 2899 2725 2961 licet
2753 2897 3034 2978 pedestri
3060 2914 3382 2971 sermone,
3413 2897 3702 2976 require-

439 3000 621 3061 batur
656 2998 1091 3080 interpretatio
1109 3016 1122 3059 :
1139 3005 1201 3060 et
1227 2997 1329 3061 hic
1342 2998 1457 3060 fuit
1468 3016 1732 3078 magnus
1743 3001 2297 3063 Benedictinorum
2318 3002 2626 3064 sodalium
2645 3002 2845 3075 labor,
2869 3017 3061 3081 quem
3082 2999 3273 3063 hodie
3302 3001 3709 3080 publicijuris

439 3094 722 3158 facimus.
751 3094 885 3157 Tali
913 3100 1123 3156 autem
1152 3094 1220 3155 in
1251 3095 1454 3174 pretio
1485 3103 1629 3158 sunt
1657 3096 1822 3158 Billii
1848 3098 2146 3172 carmina,
2167 3106 2410 3161 tantum
2431 3100 2758 3178 ingenium
2788 3107 2851 3162 et
2878 3100 3142 3163 sudores
3168 3108 3376 3163 tantos
3408 3102 3707 3181 produnt,

439 3203 510 3258 ut
535 3196 603 3258 in
634 3214 779 3259 eum
808 3195 1017 3257 minus
1049 3194 1323 3261 humane
1349 3207 1660 3278 ageretur,
1694 3201 1748 3263 si
1775 3202 1855 3264 ab
1886 3201 2001 3264 hac
2028 3220 2191 3266 nova
2220 3204 2706 3267 amandarentur
2733 3205 3030 3267 editione.
3064 3205 3243 3266 Unde
3270 3206 3705 3267 Benedictino—

438 3309 580 3355 rum
610 3291 962 3372 pr0posito,
993 3291 1165 3370 quod
1203 3294 1267 3354 in
1302 3312 1523 3357 eorum
1553 3296 1783 3359 chartis
1821 3298 2206 3379 descriptum
2241 3301 2617 3375 invenimus,
2659 3302 2927 3365 ﬁdeliter
2965 3307 3347 3383 insistentes,
3380 3308 3706 3371 Billianam

440 3395 795 3457 versionem
822 3393 1145 3456 metricam
1164 3392 1243 3456 ad
1270 3393 1635 3457 inferiorem
1657 3396 1904 3475 paginae
1936 3398 2283 3477 marginem
2337 3398 2710 3475 dimisimus,
2737 3401 2939 3481 posita
2960 3420 3038 3465 ex
3058 3404 3319 3468 advorso
3341 3406 3705 3484 Gregoriani

443 3504 646 3560 textus
674 3497 959 3578 prosaica
990 3496 1271 3576 quidem,
1302 3497 1413 3559 sed
1443 3505 1659 3561 exacta
1688 3499 1887 3578 magis
1905 3500 2456 3581 interpretatione.

517 3601 623 3662 III.
654 3602 745 3661 Ex
772 3600 895 3662 hoc
926 3616 1099 3674 vero,
1132 3603 1276 3679 post
1302 3602 1509 3659 textus
1536 3598 2023 3673 correctionem,
2054 3606 2117 3661 et
2155 3599 2517 3662 ﬁdelitatem
2547 3603 2887 3677 versionis,
2945 3604 3188 3666 accedit
3254 3604 3517 3669 editioni
3565 3606 3704 3669 cui-

439 3713 692 3776 cunque
720 3696 1014 3777 pretium,
1049 3693 1220 3775 quod
1251 3693 1453 3755 doctis
1479 3696 1864 3772 argumentis
1897 3702 1959 3758 et
1991 3696 2241 3759 selectis
2268 3697 2611 3760 instruatur
2638 3702 2828 3776 notis,
2856 3708 2992 3764 tum
3028 3701 3106 3764 ad
3145 3702 3518 3768 elucidanda
3562 3722 3702 3785 quae

441 3796 705 3860 obscura
734 3801 899 3869 sunt,
931 3801 1064 3856 tum
1095 3792 1173 3855 ad
1204 3792 1554 3855 revocanda
1589 3793 1658 3855 in
1693 3793 2000 3856 lectorum
2031 3795 2402 3857 memoriam
2436 3813 2580 3876 qum
2625 3797 2702 3859 ad
2746 3798 3036 3861 historias
3062 3817 3268 3864 sacras
3304 3808 3368 3863 et
3411 3801 3708 3881 profanas

440 3890 818 3964 referuntur,
848 3895 984 3951 tum
1011 3888 1090 3952 ad
1114 3887 1504 3965 indigitanda
1532 3907 1675 3969 quae
1698 3890 1889 3953 ﬁdem
1913 3898 2181 3972 possunt
2209 3894 2582 3957 conﬁrmare
2608 3902 2670 3957 et
2697 3895 3023 3963 haereticas
3050 3902 3409 3965 subvertere
3437 3901 3706 3977 fabulas,

439 3999 571 4056 tum
597 3993 677 4056 ad
701 3992 1071 4075 explicanda
1100 4006 1496 4072 quaecunque
1525 3990 1968 4067 cognoscenda
1997 3998 2142 4054 sunt
2168 3993 2332 4055 circa
2362 4011 2585 4072 genus,
2612 3997 2800 4059 vitam
2828 4005 2890 4061 et
2913 4001 3111 4063 varias
3146 4001 3472 4064 hominum
3500 4001 3709 4085 dotes,

442 4108 695 4153 necnon
724 4096 785 4157 et
812 4090 976 4152 circa
1002 4088 1289 4151 locorum
1326 4092 1388 4149 et
1416 4084 1726 4149 factorum
1752 4089 2102 4153 varietates.
2132 4091 2309 4164 Quod
2337 4093 2596 4171 quidem
2620 4098 2891 4171 pretium
2928 4097 3075 4160 huic
3107 4100 3528 4161 Benedictinm
3565 4101 3698 4160 edi-

443 4191 599 4253 tioni
649 4190 906 4250 minime
962 4188 1183 4250 deesse
1256 4188 1501 4251 facilius
1558 4189 1865 4264 advertet,
1913 4192 2202 4270 quisquis
2255 4201 2436 4253 notas
2492 4200 2554 4254 et
2605 4205 2976 4272 argumenta
3041 4198 3135 4258 vel
3194 4198 3427 4259 cursim
3489 4198 3706 4278 legere

441 4292 726 4353 voluerit.

524 4311 726 4353 luem.

481 4311 618 4452 0IV.
650 4390 740 4451 Ad
767 4389 889 4451 hoc
916 4387 1158 4450 accedit
1186 4385 1504 4467 sapienter
1530 4387 1807 4466 digestus
1832 4387 2232 4449 materiarum
2268 4386 2449 4462 ordo,
2481 4389 2565 4451 ita
2594 4389 2831 4451 scilicet
2859 4399 2930 4452 ut
2955 4391 3235 4472 epistolae
3250 4394 3431 4474 juxta
3456 4396 3703 4461 metho-

442 4495 593 4557 dum
617 4491 1130 4570 chronologicam
1158 4490 1403 4570 positae,
1437 4491 1664 4554 seriem
1694 4490 1970 4552 historiaa
1988 4491 2166 4570 juxta
2186 4496 2438 4570 tempus
2459 4490 2744 4552 evolvant
2769 4509 2789 4566 ;
2818 4492 3090 4555 carmina
3120 4510 3268 4557 vero
3299 4494 3385 4558 ita
3411 4496 3488 4559 ad
3521 4515 3704 4577 argu-

442 4600 799 4657 mentorum
829 4598 1201 4655 revocentur
1225 4596 1713 4670 connexionem,
1746 4600 1841 4670 ut,
1862 4612 2007 4657 cum
2035 4594 2115 4658 de
2148 4594 2462 4657 historicis
2486 4594 2709 4672 agitur,
2743 4598 2902 4660 ordo
2934 4597 3421 4677 chronologicus
3447 4601 3705 4678 iterum,

442 4702 745 4780 quantum
761 4696 830 4757 in
848 4693 946 4755 his
966 4692 1099 4755 ﬁeri
1119 4702 1348 4771 potest,
1376 4695 1646 4758 ﬁdeliter
1671 4701 2044 4770 asservetur,
2063 4693 2140 4757 iis
2167 4694 2481 4770 omnibus,
2506 4712 2777 4775 quorum
2796 4703 3047 4779 tempus
3066 4697 3326 4761 dubium
3349 4710 3702 4781 permanet,

441 4801 521 4865 ad
548 4799 785 4863 calcem
818 4796 1137 4875 ablegatis.
1810 4886 1811 4889 η

517 4902 592 4962 ν.
626 4900 741 4961 Hic
782 4895 1215 4976 subjungimus
1254 4893 1409 4955 duas
1456 4892 1712 4954 maximi
1746 4893 2051 4955 momenti
2079 4892 2537 4968 adnotationes,
2577 4912 2735 4974 quas
2772 4913 2852 4957 ex
2887 4898 3115 4963 chartis
3153 4902 3703 4966 Benedictinorum

441 5001 879 5080 manuscriptis
926 4998 1283 5061 habuimus.
1333 4996 1514 5057 Prior
1539 4996 1623 5057 ita
1670 5013 1736 5056 se
1767 4995 1993 5055 habet:
2023 5018 2052 5051 ι(
2084 4993 2176 5055 Ad
2207 4993 2443 5057 calcem
2474 5014 2739 5077 operum
2770 4999 2832 5059 S.
2862 5002 3173 5080 Gregorii,
3198 5011 3373 5068 tomo
3418 5008 3700 5071 secundo

446 5126 474 5158 ‹‹
505 5101 831 5181 utriusque
851 5100 1145 5161 editionis
1174 5099 1648 5160 Graeco-Latina)
1682 5098 1931 5159 Parisiis
1960 5098 2118 5160 datae
2146 5098 2328 5161 annis
2361 5098 2509 5161 1609
2532 5106 2594 5163 et
2622 5101 2795 5178 1630,
2829 5104 2978 5167 editi
3009 5115 3175 5181 sunt,
3200 5110 3411 5173 Latine
3432 5118 3696 5187 tantum,

447 5228 474 5258 α
508 5202 663 5265 varii
697 5201 764 5262 in
802 5199 1060 5280 prtefata
1090 5214 1282 5280 Opera
1321 5195 1777 5270 commentarii,
1818 5211 1853 5255 c
1895 5196 2114 5259 Grteco
2153 5187 2445 5260 sermone.
2482 5198 2550 5260 in
2599 5200 2880 5262 Latinum
2928 5206 3237 5280 conversi,
3278 5207 3515 5270 scilicet
3547 5209 3698 5270 Elim

446 5327 473 5358 α
508 5300 840 5370 Cretensis,
870 5297 1102 5359 Nicetaa
1129 5302 1191 5356 et
1215 5292 1423 5368 Pselli,
1466 5292 1693 5354 additis
1714 5292 2089 5372 quibusdam
2113 5296 2169 5356 J.
2204 5295 2365 5356 Billii
2394 5296 2670 5359 scholiis.
2697 5300 2845 5360 Cum
2866 5306 3073 5363 autem
3103 5304 3178 5365 ad
3203 5292 3564 5370 scribendas
3594 5308 3697 5370 ad-

446 5424 473 5454 κ
509 5397 894 5466 notationes,
928 5393 1159 5474 quibus
1201 5392 1477 5455 abundat
1516 5408 1674 5453 nova
1722 5389 1857 5452 haec
1903 5391 2118 5463 editio,
2159 5411 2235 5455 ea
2270 5397 2861 5459 commentariorum
2906 5416 2979 5461 ac
3023 5402 3406 5468 scholiorum
3447 5408 3698 5472 ubertas
3750 5456 3761 5463 .

444 5528 472 5559 α
510 5503 739 5585 passim
769 5501 1043 5565 adhiblta
1073 5497 1172 5572 sit,
1202 5514 1475 5577 cumque
1502 5515 1578 5558 ex
1615 5497 1691 5559 iis
1720 5497 1782 5559 id
1832 5514 2022 5560 omne
2065 5497 2250 5559 fuerit
2280 5506 2667 5580 excerptum,
2700 5502 2870 5581 quod
2914 5503 2995 5565 ad
3025 5504 3085 5564 S.
3119 5504 3400 5567 Doctoris
3430 5524 3693 5585 cperum

446 5629 473 5661 ‹‹
507 5604 977 5683 intelligentiam
1006 5599 1359 5664 conducere
1388 5601 1654 5675 poterat,
1686 5596 1764 5657 ab
1792 5595 2076 5675 ipsismet
2097 5597 2561 5658 commentariis
2591 5605 2651 5659 et
2679 5598 2933 5662 scholiis
2958 5601 3183 5663 iterum
3210 5602 3471 5665 edendis
3500 5603 3693 5665 absti-

442 5731 472 5765 α
508 5708 785 5772 nendum
812 5725 949 5772 esse
971 5704 1284 5773 duximus,
1319 5715 1399 5761 ne
1436 5706 1640 5762 actum
1668 5714 1855 5776 agere
1885 5696 2263 5771 videremur,
2294 5703 2484 5777 atque
2512 5699 2701 5765 etiam
2728 5699 2937 5763 nimiis
2966 5702 3319 5781 sumptibus
3350 5710 3693 5783 emptores,
