4066 6214
336 335 406 389 Π
1488 327 1555 381 Α.
1597 326 1656 383 Il.
1698 326 2002 383 CAIIJAU
2049 324 2437 381 numnum.
3532 324 3600 381 l8

334 491 365 523 α
403 475 463 528 et
491 483 650 529 vano
670 464 890 526 labore
923 461 1190 526 lectores
1222 481 1619 541 gravaremus
1674 468 1881 527 Pauca
1913 472 2150 525 tantum
2179 464 2280 526 hic
2304 465 2584 528 dicemus
2617 466 2694 528 de
2729 466 2918 528 modo
2946 462 3300 527 memoratis
3326 463 3589 543 scripto-

330 595 359 622 α
402 568 594 629 ribus.
627 564 816 638 Elias,
849 564 1159 625 Cretensis
1186 564 1605 644 metrOpolita,
1644 573 1867 626 octavo
1898 565 2129 626 sacculo
2161 565 2408 645 scripsit
2449 566 2967 628 commentarium
3017 567 3083 633 in
3135 566 3417 643 Gregorii
3462 583 3596 627 ora-

334 697 359 723 n
398 671 608 731 tiones
665 665 1126 730 novemdecim.
1170 662 1441 732 Nicetes.
1491 669 1920 739 cognomento
1965 661 2415 743 Philosophus,
2464 663 2736 743 primum
2794 663 3131 744 episcopus
3176 664 3491 738 Serronis,
3522 682 3594 727 ac

332 798 362 828 α
400 772 630 836 deinde
664 769 1180 850 archiepiscopus
1210 763 1553 837 Heracleze,
1584 764 1927 827 undecimo
1959 764 2192 827 saeculo
2220 764 2470 845 scripsit
2499 769 3015 831 commentarium
3044 770 3109 830 in
3136 769 3418 847 Gregorii
3448 758 3590 831 era-

326 899 359 925 οι
404 873 610 934 tiones
637 869 983 941 sexdecim,
1016 874 1079 930 et
1110 867 1361 929 brevem
1386 866 1451 926 in
1479 865 1770 945 quaedam
1801 884 1938 946 ejus
1968 873 2254 946 poemata
2287 869 2769 932 enarrationem.
2802 871 3062 946 Psellus,
3104 878 3167 933 et
3198 871 3334 952 ipse
3361 889 3595 950 cogno-

331 1002 364 1032 α
402 979 615 1034 mento
641 966 1080 1047 Philosophus,
1112 963 1448 1027 undecimo
1479 963 1665 1025 etiam
1694 964 1929 1026 saeculo
1958 956 2206 1043 scripsit
2222 963 2505 1026 libellum
2523 965 2601 1027 de
2629 965 2968 1032 difﬁcilium
2999 970 3281 1049 Gregorii
3306 970 3588 1032 locorum

335 1106 363 1135 α
402 1077 741 1141 intellectu.
772 1071 953 1147 Quod
976 1071 1198 1133 attinet
1215 1068 1293 1130 ad
1321 1067 1615 1130 Basilium
1644 1068 1821 1129 illum
1846 1068 1963 1148 qui-
1995 1084 2165 1147 saepe
2188 1068 2252 1129 in
2283 1068 2448 1131 notis
2473 1068 2625 1131 tomi
2646 1069 2831 1150 primi
2851 1069 3038 1151 hujus
3058 1070 3349 1139 editionis
3369 1070 3592 1133 citatus

335 1206 369 1237 α
406 1187 519 1253 est,
546 1179 622 1251 is,
653 1173 951 1237 Ecclesia;
979 1168 1375 1233 Cassariensis
1419 1169 1698 1240 antistes,
1740 1167 1986 1229 decimo
2036 1167 2270 1229 sreculo
2319 1167 2570 1248 scripsit
2607 1168 2845 1231 scholia
2871 1169 2934 1230 in
2965 1170 3246 1248 Gregorii
3275 1170 3592 1236 orationes

333 1307 366 1337 ιι
407 1277 810 1359 quadraginta
833 1275 989 1336 duas
1016 1290 1034 1346 ;
1086 1288 1228 1352 qua)
1254 1270 1510 1350 quidem
1550 1266 1791 1330 scholia
1812 1267 2235 1347 manuscripta
2275 1274 2518 1329 exstant
2538 1269 2785 1330 Parisiis
2811 1270 2876 1331 in
2906 1269 3281 1331 bibliotheca
3306 1270 3520 1347 Regia.
3558 1293 3586 1324 ιο

415 1378 728 1440 Posterior
744 1380 957 1437 autem
978 1372 1077 1433 his
1110 1371 1315 1434 verbis
1344 1370 1726 1451 concipitur:
1761 1391 1789 1422 κ
1824 1370 2009 1429 Foret
2041 1368 2144 1430 hic
2173 1368 2351 1432 locus
2371 1370 2756 1450 exsequendi
2782 1369 3090 1433 factamin
3120 1368 3589 1447 Prolegomenis

333 1508 364 1539 α
402 1483 552 1546 tomi
590 1481 776 1561 primi
806 1479 995 1559 hujus
1040 1475 1330 1539 editionis
1389 1474 1530 1554 (col.
1568 1474 1692 1558 38),
1751 1479 2261 1557 promissionem,
2314 1484 2371 1540 et
2422 1496 2526 1540 eas
2573 1496 2794 1541 omnes
2839 1479 3198 1557 diligentius
3237 1477 3586 1559 fortiusque

332 1609 359 1639 α
404 1581 750 1663 repellendi
799 1575 1291 1647 criminationes,
1327 1573 1558 1653 quibus
1595 1574 1977 1652 Gregoriana
2014 1575 2301 1638 doctrina
2345 1575 2690 1637 identidem
2736 1575 2854 1636 fuit
2895 1592 2930 1637 a
2960 1576 3143 1638 variis
3180 1575 3588 1654 scriptoribus

333 1712 362 1739 α
401 1682 702 1762 impetita.
740 1680 998 1751 Verum,
1039 1691 1108 1736 re
1154 1672 1455 1735 maturius
1492 1674 1907 1750 considerata,
1938 1692 2434 1755 supervacaneas
2461 1675 2764 1754 ejusmodi
2813 1675 3308 1738 concertationes
3336 1693 3371 1737 a
3404 1676 3586 1738 nobis

332 1812 361 1841 «ι
396 1801 533 1847 esse
562 1780 896 1862 fugiendas
923 1774 1448 1849 existimavimus;
1480 1776 1993 1856 quandoquidem
2015 1778 2460 1856 Gregorianam
2485 1777 2832 1840 doctrinam
2868 1779 2952 1840 ita
2992 1778 3270 1841 defendit
3295 1785 3586 1843 constans

333 1913 361 1942 α
404 1884 693 1947 Ecclesia}
721 1878 1046 1943 catholica:
1075 1875 1468 1955 approbabo,
1499 1880 1569 1936 ut
1599 1875 1769 1937 nulla
1794 1876 2035 1939 ratione
2069 1877 2251 1938 nobis
2281 1876 2718 1939 defensoribus
2745 1877 3040 1955 indigeat.
3083 1902 3111 1934 »

412 1984 573 2044 IIinc
620 1980 802 2042 facile
836 1976 1129 2055 intelligit
1190 1975 1405 2050 lector,
1440 1974 1922 2055 prmtermissam
1961 1993 1998 2038 a
2044 1976 2243 2038 doctis
2274 1975 2619 2040 editoribus
2649 1977 3172 2055 dissertationem,
3198 1996 3236 2042 a
3264 1981 3445 2044 nobis
3473 1982 3584 2045 mi-

337 2085 510 2145 nimc
538 2079 981 2157 attingendam.

1704 2227 2126 2288 ARTICULUS
2173 2227 2271 2286 IV.

1242 2375 1329 2435 De
1360 2374 1593 2435 nostris
1632 2374 1697 2434 in
1727 2373 1962 2435 edendo
1996 2373 2109 2435 hoc
2144 2373 2454 2434 volumine
2481 2375 2671 2437 ruris.

406 2520 656 2583 Grande
684 2521 763 2583 ad
792 2520 912 2583 hoc
942 2537 1104 2599 opus
1132 2535 1276 2581 cum
1306 2534 1528 2579 manus
1562 2515 1835 2596 primum
1868 2517 2331 2589 admoveretur,
2365 2515 2648 2596 quinque
2675 2523 2738 2578 et
2768 2516 3022 2596 quidem
3055 2518 3372 2598 prmcipua
3401 2519 3585 2583 nobis

336 2621 712 2698 perﬁcienda
735 2638 1090 2693 occurrere,
1125 2635 1353 2699 nempe
1391 2619 1444 2679 1'
1478 2635 1699 2680 omnes
1728 2618 2060 2679 doctorum
2079 2616 2631 2679 Benedictinorum
2662 2617 2904 2680 chartas
2908 2619 3087 2697 juxta
3107 2618 3473 2680 methodum
3506 2620 3584 2682 ab

336 2726 411 2785 iis
429 2723 801 2799 assignatam
834 2725 1148 2803 ritumque
1168 2722 1235 2783 in
1264 2721 1468 2801 primo
1496 2720 1815 2783 volumine
1846 2720 2210 2794 admissum,
2242 2719 2534 2782 ordinare
2559 2738 2574 2794 ;
2609 2719 2666 2780 2°
2686 2722 2933 2783 mendis
2957 2722 3425 2802 typographicis
3453 2724 3588 2785 dili-

338 2824 578 2900 gentius
604 2824 990 2902 corrigendis
1015 2823 1235 2886 sedulo
1264 2822 1587 2901 invigilare
1613 2838 1629 2894 ;
1662 2821 1720 2882 3"
1751 2827 1993 2883 veteres
2017 2821 2298 2900 poeticas
2329 2821 2647 2883 versiones
2680 2824 2746 2884 in
2777 2822 2987 2887 multis
3015 2841 3051 2885 a
3081 2826 3359 2905 priorum
3382 2826 3584 2887 edito-

337 2942 471 2985 rum
500 2925 742 2986 incuria
768 2926 1144 2988 deformatas
1173 2924 1249 2987 ad
1279 2925 1457 2986 metri
1506 2923 1890 3003 rationisque
1923 2940 2209 2984 normam
2248 2938 2565 2997 revocare,
2595 2928 2700 2984 aut
2734 2924 2951 2990 saltem
2980 2926 3231 2988 illorum
3258 2925 3587 3003 indigitarc

336 3019 653 3095 defectus;
685 3021 742 3082 4°
772 3040 988 3085 noram
1022 3023 1333 3103 poeticam
1363 3022 1715 3083 versionem
1748 3020 2046 3094 condere,
2079 3036 2202 3100 qua
2239 3019 2469 3082 Latinis
2499 3021 2874 3084 carminibus
2918 3024 3419 3103 exprimerentur
3448 3041 3584 3086 car-

341 3120 512 3181 mina
560 3125 699 3198 post
744 3121 989 3184 Billium
1019 3139 1056 3185 a
1081 3121 1284 3183 Tollio
1315 3128 1377 3183 et
1403 3120 1739 3182 Muratorio
1782 3120 1849 3181 in
1897 3118 2105 3182 lucem
2151 3118 2407 3192 emissa;
2453 3120 2510 3179 5°
2540 3119 2782 3185 indices
2811 3122 3117 3186 adornare
3165 3122 3586 3203 locupletissi-

340 3237 501 3293 mos,
525 3220 698 3301 juxta
728 3222 1077 3302 perfectum
1106 3221 1293 3302 primi
1319 3220 1653 3283 voluminis
1684 3218 2026 3298 exemplar.

414 3344 463 3402 Ι.
493 3344 722 3404 Omnes
749 3341 1299 3404 Benedictinorum
1338 3341 1589 3415 charta),
1616 3357 1757 3422 quae
1777 3341 1855 3402 ab
1880 3340 2174 3403 omnibus
2193 3342 2248 3403 vi
2257 3342 2399 3403 deri
2412 3346 2677 3422 possunt
2698 3341 2866 3422 apud
2886 3343 2956 3403 D.
2978 3344 3587 3413 Parent-Dcsbarres,

332 3444 411 3505 ad
439 3444 550 3503 tria
582 3442 786 3521 capita
818 3447 1081 3522 possunt
1108 3441 1421 3515 revocari;
1454 3457 1726 3520 quorum
1751 3440 1816 3501 in
1848 3439 2053 3520 primo
2080 3441 2483 3521 reperiuntur
2508 3439 2630 3501 illa:
2654 3457 2796 3520 quae
2835 3441 3189 3521 sequendas
3213 3444 3279 3505 in
3312 3443 3589 3504 editione

332 3544 582 3624 regulas
618 3544 929 3617 indicant;
967 3543 1033 3604 in
1072 3542 1351 3604 secundo
1379 3548 1588 3604 autem
1623 3548 1798 3603 vetus
1844 3542 2103 3603 Billiana
2132 3543 2345 3615 editio,
2376 3543 2551 3622 cujus
2593 3542 2660 3604 in
2703 3544 2982 3621 margine
3028 3544 3239 3624 plures
3268 3545 3591 3623 signantur

331 3649 644 3711 variantes
670 3663 812 3708 cum
845 3645 1029 3706 variis
1054 3645 1562 3708 adnotationibus
1581 3644 1926 3719 lectiones;
1977 3645 2045 3706 in
2094 3645 2276 3706 tertio
2326 3644 2579 3706 domum
2618 3644 2753 3725 ipsa
2798 3645 3345 3710 Benedictinorum
3386 3650 3587 3711 versio

334 3747 571 3818 Latina,
604 3761 747 3807 cum
783 3744 945 3805 notis
992 3744 1424 3816 cxactissimis,
1463 3744 1531 3805 in
1562 3743 1793 3823 quibus
1828 3745 1994 3805 inter
2026 3744 2144 3805 alia
2187 3745 2597 3806 recensentur
2633 3744 2843 3806 omnia
2869 3746 3095 3807 menda
3124 3763 3264 3825 quae
3303 3746 3365 3807 in
3408 3748 3589 3808 editis

331 3844 842 3929 prtecedentibus
871 3850 1229 3918 occurrunt,
1261 3848 1322 3905 et
1349 3843 1535 3905 simul
1564 3844 1753 3906 verba
1781 3862 1947 3925 qum,
1987 3860 2064 3905 ex
2111 3844 2561 3923 probatissimis
2587 3844 2911 3906 codicibus
2936 3852 3227 3919 extracta,
3260 3844 3324 3905 in
3371 3863 3585 3907 eorum

331 3943 552 4005 locum
580 3942 1035 4004 introducenda
1054 3941 1365 4016 videntur,
1385 3947 1456 4003 ut
1482 3959 1675 4021 purus
1709 3948 1987 4019 emergat
2014 3949 2220 4003 textus
2242 3948 2305 4003 et
2331 3941 2595 4020 integer.
2624 3941 2787 4003 Solae
2819 3942 3102 4020 epistola:
3123 3943 3186 4002 in
3211 3960 3340 4003 uno
3371 3944 3588 4004 codice

331 4046 628 4103 Graecum
652 4048 889 4103 textum
912 4041 1144 4104 habent
1172 4057 1359 4104 manu
1386 4043 1845 4123 conscriptum;
1875 4042 1986 4104 sed
2012 4043 2113 4104 bic
2144 4058 2342 4103 novus
2363 4040 2706 4103 exsurrexit
2724 4041 2926 4113 labor,
2956 4058 3099 4103 cum
3123 4041 3243 4103 hoc
3271 4042 3589 4121 exemplar

334 4158 537 4204 manu
566 4141 767 4204 minus
795 4142 980 4204 docta
1026 4147 1367 4216 exaratum,
1400 4141 1615 4204 multis
1642 4141 1806 4205 circa
1835 4140 2407 4219 accentusmendis
2440 4140 2750 4203 scaturiat.
2776 4140 2937 4202 Hinc
2969 4144 3135 4201 certa
3160 4158 3303 4202 cum
3331 4141 3584 4202 rectitu-

328 4246 514 4319 dine,
537 4228 648 4308 sed
670 4263 797 4308 non
822 4245 958 4306 sine
985 4251 1272 4307 accurata
1299 4244 1641 4324 diligentia,
1659 4245 1801 4309 data
1826 4245 2008 4307 nobis
2028 4245 2289 4308 facultas
2319 4244 2662 4323 genuinum
2683 4244 3172 4325 reprmsentandi
3197 4245 3584 4322 Gregorium.

329 4348 538 4411 Nobis
566 4348 757 4423 enim,
788 4355 919 4409 tum
940 4354 1180 4410 veteres
1201 4347 1510 4411 editiones
1540 4366 1685 4411 cum
1719 4349 2084 4412 recentioris
2104 4347 2611 4411 adnotationibus
2638 4347 3028 4423 conferendi,
3059 4355 3191 4409 tum
3221 4357 3587 4410 accentuum

327 4452 519 4528 signa
550 4448 939 4527 perﬁciendi,
967 4453 1102 4510 tum
1134 4447 1429 4527 epistolas
1459 4455 1520 4511 et
1536 4449 1812 4511 carmina
1841 4448 1920 4511 ad
1951 4466 2183 4511 novum
2215 4447 2498 4510 ordinem
2528 4447 2893 4521 reducendi,
2921 4447 3257 4508 necessitas
3284 4446 3585 4508 incubuit.

328 4551 633 4626 Quamvis
659 4558 867 4613 autem
895 4550 1113 4613 doctos
1141 4550 1415 4614 editores
1443 4552 1665 4615 merita
1694 4551 2121 4625 veneratione,
2145 4558 2212 4613 ut
2240 4551 2443 4624 decet,
2475 4565 2726 4629 semper
2753 4554 2815 4610 et
2843 4548 3078 4628 ubique
3110 4564 3586 4627 prosequamur,

328 4674 475 4719 non
498 4654 821 4735 potuimus
840 4660 1048 4716 tamen
1077 4652 1414 4729 abstinere,
1439 4655 1591 4735 quin
1617 4671 1861 4717 errores
1886 4653 2190 4734 quosdam
2210 4653 2273 4714 in
2293 4651 2764 4732 interpretando
2783 4667 2913 4712 non
2937 4650 3081 4711 satis
3103 4648 3588 4722 animadversos,

326 4758 429 4821 vel
462 4756 789 4831 adnotare,
812 4756 910 4818 vel
932 4756 1115 4819 etiam
1137 4746 1453 4834 corrigere
1477 4755 1875 4828 auderemus,
1906 4770 2021 4834 pro
2069 4760 2242 4815 certo
2290 4751 2593 4814 habentes
2649 4749 2926 4812 futurum
2976 4748 3192 4822 fuisse,
3228 4754 3294 4809 ut
3315 4747 3447 4808 illas
3469 4748 3584 4827 ipsi

329 4860 817 4924 emendationes
868 4859 1287 4933 admisissent,
1342 4876 1485 4921 cum
1534 4857 1995 4937 diligentiorem
2032 4857 2462 4919 adhibuissent
2489 4856 2790 4918 animum.
2840 4857 2911 4916 In
2953 4853 3288 4932 deligendo
3330 4852 3592 4931 insuper

328 4962 543 5024 varias
586 4958 913 5032 lectiones,
948 4974 1077 5020 non
1106 4958 1254 5020 satis
1279 4956 1679 5020 attenderunt
1706 4957 1783 5019 ad
1816 4957 2025 5037 poesis
2052 4963 2345 5029 metrum,
2375 4954 2546 5017 unde
2574 4954 2731 5016 illud
2760 4953 2992 5033 saepius
3017 4952 3235 5013 laesum
3262 4950 3588 5012 restituere

332 5063 767 5127 necessarium
796 5077 926 5124 non
955 5061 1267 5123 immerito
1291 5061 1491 5123 visum
1519 5065 1647 5123 est:
1679 5077 2039 5141 quanquam
2069 5065 2131 5120 et
2155 5059 2220 5120 in
2249 5056 2621 5137 quibusdam
2661 5055 2998 5134 aliquando
3025 5052 3257 5115 nullam
3288 5052 3588 5113 emenda-

333 5166 584 5227 tionem
656 5163 978 5243 potuimus
1038 5162 1363 5237 adhibere,
1419 5180 1531 5225 seu
1589 5163 1736 5242 quia
1771 5163 1908 5242 ipse
1955 5168 2144 5241 poeta
2186 5160 2304 5222 sibi
2341 5158 2629 5220 nonnihil
2684 5156 2965 5229 indulsit,
3021 5172 3133 5217 seu
3167 5154 3312 5235 quia
3364 5171 3587 5215 manu-

333 5265 561 5345 scripti
589 5265 845 5328 codices
869 5265 1116 5328 mendis
1133 5265 1463 5329 deformati
1493 5265 1647 5327 nihil
1670 5265 1967 5327 exhibent
1990 5279 2117 5342 quo
2164 5260 2458 5323 mendum
2487 5264 2676 5339 queat
2700 5256 3005 5320 resarciri.
3033 5256 3258 5318 Sileam
3287 5254 3591 5318 adhibitas

335 5384 371 5425 a
417 5365 608 5426 nobis
637 5382 843 5439 curas,
881 5365 1009 5426 sive
1034 5364 1113 5426 ad
1152 5363 1498 5443 eligendos,
1528 5363 1593 5424 in
1633 5370 1936 5443 quantum
1967 5361 2102 5424 ﬁeri
2141 5364 2405 5439 poterat,
2439 5374 2622 5437 pares
2662 5356 2974 5418 veteribus
3015 5356 3424 5427 characteres,
3462 5351 3591 5412 sive

337 5466 417 5527 ad
465 5465 879 5545 quaerendam
921 5482 1051 5527 non
1088 5465 1449 5528 inferiorem
1496 5463 1799 5538 chartam,
1835 5463 1963 5525 sive
2001 5463 2256 5523 demum
2303 5458 2379 5520 ad
2424 5458 2798 5520 servandum
2846 5462 3311 5519 antecessorum
3350 5467 3591 5514 morem

340 5565 573 5627 breves
598 5565 665 5626 in
696 5565 978 5643 margine
1006 5566 1346 5629 sententias
1376 5564 1783 5637 rescribendi,
1817 5563 1989 5643 quod
2015 5560 2203 5624 hodie
2225 5557 2476 5622 nonnisi
2496 5558 2854 5622 difﬁcillime
2883 5574 2917 5619 a
2956 5553 3362 5634 typographis
3388 5556 3593 5632 potest

342 5665 740 5745 extorqueri.
