4066 6214
470 273 536 329 19
1615 277 1681 330 Δ.
1723 275 1784 330 Β.
1817 275 2076 332 οΛΙΙιΙιΛ

2111 275 2117 329 l
2157 274 2532 332 PBEFATIO
2692 339 2696 343 ,
3645 274 3717 331 20

546 393 621 453 II.
655 392 784 453 Nec
811 408 1060 471 parvus,
1094 407 1213 453 nec
1249 389 1450 454 facilis
1480 390 1663 454 labor
1690 409 1912 454 eorum
1952 391 2179 455 menda
2226 393 2582 470 corrigere;
2625 392 2794 454 unde
2836 390 3187 454 mirandum
3220 392 3571 455 nullatenus
3603 393 3719 453 erit

463 493 876 569 doctioribus,
907 495 960 555 si
984 492 1288 556 nonnulla
1317 501 1596 557 nostram
1625 493 1814 556 etiam
1844 512 2014 557 nunc
2041 493 2424 572 vigilantiam
2452 493 2812 568 fefellerint,
2845 512 2988 573 qua)
3013 501 3225 556 tamen
3253 495 3332 557 ad
3354 495 3589 557 calcem
3614 512 3715 555 re—

467 598 731 655 tractare
751 595 959 656 conati
988 611 1226 668 sumus,
1259 593 1587 656 utilitatem
1614 600 1970 674 quaerentes
2000 594 2210 673 potius
2238 611 2426 673 quam
2457 593 2687 655 erroris
2731 592 3036 672 pudorem
3068 592 3563 655 reformidantes.
3596 593 3718 653 Sed

467 697 534 752 ut
564 693 832 755 rariores
852 693 1060 756 forent
1084 694 1185 756 isti
1205 693 1510 768 defectus,
1543 710 1677 756 non
1704 695 1934 756 nostris
1956 693 2161 756 solum
2193 710 2271 754 ex
2297 694 2532 755 viribus
2562 692 3100 774 priesumpsimus,
3129 693 3347 754 doctos
3376 699 3583 754 autem
3601 692 3715 752 adu

466 793 820 856 vocavimus
849 794 1186 872 adjutores,
1215 793 1384 855 inter
1403 810 1562 873 quos
1579 793 1750 873 justa
1776 812 1921 856 cum
1948 794 2132 856 laude
2162 794 2427 856 referam
2469 795 2724 856 nomina
2765 795 2833 855 D.
2861 794 3073 867 Cirier,
3104 794 3235 873 jam
3279 799 3457 854 antea
3505 795 3717 872 Regia:

466 889 905 971 typographiaa
952 889 1208 964 addicti,
1249 906 1501 951 necnon
1548 896 1612 951 et
1645 891 1716 950 D.
1756 889 2004 969 Doquin
2053 888 2132 952 de
2172 890 2596 965 Saint—Preux,
2643 891 2708 952 in
2756 890 3134 953 bibliotheca
3176 890 3370 968 Regia
3416 890 3716 954 librorum

467 989 768 1062 custodis,
813 994 874 1050 et
917 989 987 1048 D.
1020 988 1367 1062 Valatours,
1400 988 1468 1049 in
1495 987 1764 1066 collegio
1794 988 2150 1050 Borbonico
2177 988 2485 1050 notissimi
2513 989 2913 1068 professoris,
2947 988 3058 1069 qui
3084 988 3212 1051 sive
3240 987 3307 1050 in
3337 994 3471 1051 toto
3498 1008 3713 1070 opere,

469 1096 598 1156 sive
625 1093 691 1155 in
721 1093 930 1172 aliqua
950 1093 1083 1172 ejus
1110 1099 1286 1172 parte
1315 1110 1461 1154 suas
1488 1093 1818 1156 nobiscum
1851 1111 2030 1155 curas
2050 1091 2670 1154 communicaverunt

549 1213 657 1273 III.
686 1211 872 1286 Billii,
904 1211 1296 1275 Leuvenclaii
1325 1218 1387 1273 et
1421 1213 1701 1276 Federici
1730 1212 1970 1274 Morelli
1995 1211 2297 1292 poeticas,
2321 1218 2426 1273 aut
2447 1213 2656 1292 potius
2679 1213 2968 1275 metricas
2986 1213 3304 1275 versiones
3331 1211 3408 1273 ad
3433 1212 3718 1275 inﬁmum

473 1317 842 1394 paginarum
871 1316 1215 1392 marginem
1246 1314 1619 1390 dimisimus,
1651 1333 1922 1395 quorum
1957 1314 2200 1395 primus
2228 1313 2495 1376 feliciter
2521 1333 2714 1394 saepe,
2744 1315 2870 1377 duo
2901 1322 3108 1377 autem
3139 1315 3522 1394 posteriores
3547 1332 3717 1393 saepe

471 1415 782 1477 infelicius
813 1416 1127 1493 egregiam
1160 1416 1442 1493 Gregorii
1504 1415 1746 1495 poesim
1802 1416 1868 1477 i-n
1921 1416 2200 1478 Latinam
2249 1434 2490 1478 musam
2520 1414 2916 1477 transtulere.
2942 1417 3033 1475 Ita
3060 1419 3266 1475 autem
3295 1421 3589 1494 corrupta
3618 1433 3717 1476 su—

474 1525 735 1598 persunt
756 1519 1014 1580 istarum
1043 1518 1403 1581 versionum
1449 1518 1852 1597 exemplaria,
1896 1525 1962 1580 ut
1996 1535 2164 1599 saepe
2205 1518 2453 1580 deﬁciat
2490 1525 2784 1593 metrum,
2817 1523 2879 1579 et
2906 1515 3116 1578 nullus
3161 1515 3348 1577 etiam
3379 1515 3718 1595 aliquando

473 1637 696 1680 sensus
728 1619 926 1698 possit
953 1616 1364 1696 deprehendi.
1395 1617 1650 1690 Quoties
1679 1617 2011 1679 deﬁciebat
2057 1636 2304 1692 sensus,
2336 1617 2512 1678 illum
2559 1633 2848 1697 reparare
2887 1615 3262 1690 studuimus,
3295 1631 3425 1676 non
3471 1633 3721 1694 semper

469 1726 675 1782 autem
726 1727 1072 1782 restaurare
1108 1727 1400 1794 metrum,
1436 1721 1686 1799 quoties
1722 1720 1994 1783 deﬁcere
2023 1722 2377 1796 videbatur;
2431 1720 2542 1782 sed
2588 1719 2924 1800 aliquando
2969 1717 3251 1780 defectus
3289 1719 3557 1796 signare,
3603 1718 3717 1779 ali-

469 1818 724 1898 quando
755 1818 1067 1895 corrigere
1100 1836 1311 1897 opera:
1347 1819 1620 1897 pretium
1650 1819 1964 1882 duximus.
2002 1821 2308 1881 Neutrum
2345 1826 2554 1882 autem
2589 1819 2878 1892 fecimus,
2911 1817 3033 1879 nisi
3072 1817 3304 1878 variato
3338 1816 3718 1890 charactere,

471 1925 533 1980 et
578 1922 922 1982 mutatione
972 1923 1039 1982 in
1091 1921 1256 1982 notis
1302 1921 1592 1983 indicata.
1640 1923 1795 1983 Sunt
1818 1923 2003 1984 etiam
2033 1941 2248 1986 versus
2303 1924 2412 2003 qui
2456 1930 2563 1985 aut
2618 1922 2984 1997 emissione,
3029 1925 3134 1982 aut
3185 1920 3720 2001 typographorum

469 2022 734 2098 incuria,
785 2025 954 2104 apud
1013 2024 1263 2086 Billium
1316 2023 1866 2100 desiderabantur;
1922 2025 2067 2087 illos
2113 2025 2436 2106 supplere,
2481 2024 2944 2088 characteribus
2999 2023 3228 2085 iterum
3282 2023 3551 2097 variatis,
3605 2039 3718 2083 cu-

472 2136 762 2181 rav1mus.
808 2149 820 2157 ‘

550 2243 650 2302 ιν.
706 2244 864 2316 Quin
893 2243 972 2305 ad
1002 2251 1272 2324 quatuor
1323 2245 1518 2306 millia
1563 2251 1624 2307 et
1675 2247 1945 2327 amplius
1983 2249 2246 2326 assurgit
2293 2266 2593 2310 numerus
2639 2265 2930 2310 versuum
2991 2255 3134 2325 post
3181 2245 3428 2306 Billium
3471 2249 3532 2305 et
3565 2242 3721 2304 alios

471 2343 806 2417 editorum,
839 2362 1023 2422 quos,
1050 2345 1116 2406 in
1139 2351 1389 2425 poetam
1413 2346 1808 2408 subitaneum
1831 2366 2041 2408 rerum
2069 2349 2441 2410 necessitate
2458 2347 2873 2420 transmutati,
2898 2346 3227 2407 decantare
3248 2343 3441 2406 coacti
3463 2343 3718 2413 fuimus,

472 2459 758 2520 quosque
789 2441 1097 2504 lectorum
1124 2443 1639 2504 commendamus
1667 2444 2104 2522 indulgentiae;
2139 2461 2499 2523 quanquam
2531 2446 2595 2505 in
2627 2444 2918 2506 omnibus
2962 2444 3233 2505 auctoris
3279 2442 3476 2504 menti
3505 2441 3718 2502 adhae-

475 2548 706 2615 rentes,
735 2541 864 2604 imo
912 2548 974 2603 et
1010 2543 1235 2619 verbis,
1271 2544 1591 2626 poeticum
1643 2550 1848 2606 tamen
1911 2545 2147 2625 aliquid
2207 2545 2273 2606 in
2333 2545 2716 2620 elocutione,
2763 2547 3091 2627 justasque
3125 2545 3191 2606 in
3227 2551 3428 2606 metro
3475 2543 3722 2621 regulas

472 2661 718 2705 servare
743 2645 1137 2706 tentavimus.

551 2768 623 2826 ν.
653 2769 987 2847 Supererat
1009 2770 1288 2847 ingratus
1315 2768 1637 2844 scribenti,
1668 2770 1779 2831 sed
1811 2780 2020 2848 gratus
2049 2771 2227 2834 valde
2267 2771 2502 2850 legenti
2530 2771 2808 2836 indicum
2835 2771 3034 2846 labor,
3066 2771 3175 2851 qui
3207 2777 3510 2850 quantum
3554 2787 3720 2832 cura:

473 2864 902 2944 temporisque
930 2867 1233 2940 absumat,
1268 2885 1456 2929 nemo
1489 2875 1582 2930 est
1611 2885 1761 2929 sane
1791 2870 1902 2948 qui
1934 2871 2129 2950 possit
2151 2870 2218 2932 in
2246 2871 2508 2933 dubium
2539 2888 2856 2933 revocare.
2888 2871 3130 2932 Fideles
3170 2871 3718 2933 Benedictinorum

475 2975 836 3029 nostrorum
882 2969 1160 3046 asseclae,
1192 2971 1620 3050 epistolarum,
1654 2972 1782 3033 sive
1814 2973 2023 3052 quoad
2059 2974 2347 3037 ordinem
2394 2991 2652 3048 novum,
2687 2973 2818 3035 sive
2844 2972 3054 3054 quoad
3101 2973 3386 3034 ordinem
3425 2979 3718 3048 veterem,

478 3064 607 3127 sive
637 3068 844 3146 quoad
874 3068 1159 3130 ordinem
1189 3069 1650 3148 alphabeticum
1676 3071 1949 3133 indicem
1992 3074 2338 3149 texuimus;
2391 3093 2582 3154 quem
2625 3075 2908 3154 proxime
2947 3074 3230 3153 sequitur
3272 3072 3461 3134 index
3505 3072 3723 3136 carmi-

482 3188 632 3233 num
661 3167 769 3231 ubi
809 3170 1039 3248 pariter
1065 3176 1240 3231 vetus
1267 3170 1422 3232 ordo
1451 3189 1591 3232 cum
1622 3189 1808 3240 novo,
1845 3189 2173 3253 novusque
2201 3192 2346 3237 cum
2384 3176 2578 3237 veteri
2616 3182 3031 3254 comparatur.
3072 3174 3206 3234 Duo
3256 3173 3572 3233 breviores
3615 3171 3721 3232 alii

475 3271 715 3333 indices
790 3269 1041 3331 Similia
1117 3275 1179 3330 et
1257 3269 1603 3331 Proverbia
1654 3288 1731 3332 ex
1796 3273 2099 3350 Gregorio
2187 3279 2481 3354 excerpta
2564 3279 3039 3354 repraesentant.
3109 3276 3268 3335 Tum
3350 3270 3719 3333 evolvuntur

472 3374 715 3437 indices
772 3373 1063 3453 majores,
1119 3373 1231 3434 ubi
1291 3391 1391 3436 res
1445 3381 1509 3437 et
1560 3375 1748 3436 verba
1798 3375 2061 3455 alicujus
2119 3377 2451 3452 momenti,
2484 3395 2626 3457 quae
2673 3377 2773 3438 vel
2817 3376 2881 3437 in
2923 3375 3136 3456 Operis
3179 3376 3471 3447 decursu,
3517 3371 3614 3433 vel
3655 3372 3720 3434 in

473 3473 825 3556 appendice
843 3473 1158 3550 leguntur,
1183 3490 1298 3552 per
1317 3473 1604 3534 ordinem
1627 3473 1967 3536 litterarum
1988 3477 2272 3551 collecta,
2294 3477 2557 3538 curiosae
2579 3477 2918 3538 offeruntur
2948 3473 3337 3554 inquisitioni
3363 3490 3380 3547 ;
3411 3489 3529 3534 nec
3549 3471 3720 3533 deest

474 3575 665 3636 index
693 3572 798 3634 ille
829 3590 1025 3646 sacer,
1059 3591 1186 3652 quo
1219 3581 1448 3636 sancta)
1469 3575 1804 3655 Scriptum
1832 3577 2233 3656 reperiuntur
2261 3578 2621 3653 sementim,
2654 3596 2810 3656 quas
2838 3578 2902 3639 in
2943 3575 3276 3638 scribendo
3307 3574 3448 3654 pius
3494 3574 3723 3635 Doctor

475 3675 779 3738 adhibuit.
811 3677 959 3748 Quae
983 3683 1189 3737 autem
1211 3684 1318 3739 aut
1343 3677 1542 3752 utilia,
1573 3685 1679 3739 aut
1703 3679 1950 3742 curiosa
1994 3681 2289 3760 perlectis
2316 3681 2548 3760 saepius
2582 3680 2779 3743 sancti
2816 3677 3098 3757 Gregorii
3135 3676 3430 3757 Operibus
3467 3675 3720 3736 desum-

476 3779 738 3860 psimus,
767 3779 994 3840 horum
1019 3779 1103 3840 ita
1133 3780 1540 3856 rescribendi,
1564 3787 1633 3842 ut
1653 3781 1730 3843 ad
1753 3782 2039 3844 ordinem
2064 3783 2526 3864 alphabeticum
2549 3782 3004 3860 redigerentur,
3033 3779 3438 3853 fastidiosam,
3463 3778 3570 3840 sed
3593 3793 3720 3838 non

475 3878 732 3941 inanem
763 3896 973 3941 curam
1002 3880 1276 3960 suscepit
1299 3881 1370 3942 D.
1403 3881 1602 3946 Ballin
1622 3882 1702 3945 de
1731 3883 2114 3960 Saint-Paul,
2140 3885 2235 3947 vir
2261 3902 2299 3947 a
2325 3883 2689 3946 liberalibus
2727 3882 3073 3964 disciplinis
3120 3898 3249 3943 non
3297 3880 3569 3953 alienus,
3617 3877 3716 3938 cui

473 3996 585 4043 sua
614 3979 748 4041 laus
774 3987 1161 4057 permaneat.

555 4081 702 4140 Haec
727 4095 868 4156 quas
897 4097 1013 4142 nec
1044 4081 1245 4159 plura,
1277 4101 1396 4146 nec
1426 4085 1721 4164 pauciora
1767 4084 2052 4160 fecimus,
2101 4085 2378 4146 attendat
2435 4084 2652 4159 lector,
2693 4091 2755 4146 et
2812 4089 3019 4144 utrum
3052 4079 3132 4140 de
3161 4078 3502 4139 Christiana
3538 4090 3722 4154 repit-

479 4177 640 4241 blica
673 4175 961 4239 nonnihil
989 4179 1153 4243 bene
1179 4183 1374 4245 simus
1400 4185 1626 4258 meriti,
1657 4184 2084 4262 indulgentior
2114 4185 2432 4263 dijudicet.
