4080 6206
447 301 517 359 29
1824 299 2159 357 EPISTOLA
2199 299 2287 356 VI.
3615 295 3687 351 30

446 421 554 475 νέοι
585 418 813 487 ναυαγοί
852 435 913 471 τε
957 418 1051 471 καὶ
1088 418 1368 489 τλήμονες.
1410 419 1711 490 Μέμνημαι
1751 418 1861 490 γὰρ
1900 418 2009 473 τῶν

2118 432 2214 471 nos
2270 414 2395 470 novi
2428 422 2483 469 et
2515 414 2808 469 aerumnosi
2847 412 3122 484 naufragi.
3161 411 3383 467 Memini
3411 412 3557 467 enim
3594 427 3689 481 pa-

444 511 623 583 ᾱρτων
662 510 907 574 ἐκείνων,
952 510 1046 563 καὶ
1084 510 1192 562 τῶν
1238 507 1436 580 ζωμῶν
1466 509 1630 577 (οὕτω
1659 509 1767 581 γὰρ
1796 508 2015 579 ὠνομὰ-

445 598 642 667 ζοντο),
669 597 806 650 ἀλλὰ
833 598 927 651 κιιῖ⁸
964 599 1260 669 μνήσομαι,
1292 598 1387 652 καὶ
1420 599 1528 652 τῶν
1557 599 2016 671 περιολισϐαινόν-

443 706 553 744 των
580 690 693 759 (55)
730 692 843 753 τοῖς
876 689 1108 759 βλωμοῖς
1151 688 1410 753 ὀδόντων,
1462 684 1580 742 εἶτα
1630 688 2015 759 ἀνισχομένων.

444 778 541 833 καὶ
569 779 940 848 ἁνελκομένων
985 776 1176 847 ὥσπερ
1216 779 1279 830 ἐκ
1326 776 1609 848 τέλματος.
1652 777 1821 840 Αὐτὸς
1847 776 2017 831 ταῦτα

442 870 815 941 τραγῳδήσεις
861 868 1221 940 ὑψηλότερον,
1289 870 1353 922 ὲκ
1412 868 1519 921 τῶν
1567 868 1780 921 οίκείων
1832 867 2017 920 παθῶν

444 961 585 1030 ἔχων
642 960 703 1012 τὸ
757 960 1137 1030 μεγαλόφωνον
1157 974 1171 989 ο
1221 953 1296 1011 ὧν
1345 960 1394 1012 εί
1431 960 1505 1029 μὴ
1556 959 1765 1028 ταχέως
1805 960 1951 1029 ἡμᾶς
1983 960 2017 1029 ἡ

447 1048 657 1119 μεγάλη
701 1048 793 1101 καὶ
829 1046 1211 1117 πτωχοτρόφος
1250 1047 1418 1110 ὅντως
1454 1048 1741 1119 ἐρρύσατο,
1781 1048 1878 1120 τὴν
1920 1049 2018 1119 σὴν

444 1137 588 1204 λέγω
614 1138 846 1207 μητέρα,
886 1135 1079 1206 ὥσπερ
1122 1135 1286 1206 λιμὴν
1330 1138 1388 1189 ὲν
1432 1136 1606 1208 καιρῷ
1639 1140 1865 1205 φανεῖσα
1905 1154 2018 1207 χει-

449 1227 793 1298 μαζομένοις,
822 1227 992 1282 πάλαι
1017 1226 1084 1280 ἂν
1108 1222 1251 1299 ἦμεν
1282 1228 1487 1297 νεκροὶ,
1532 1227 1768 1291 πίστεως
1816 1230 2020 1281 Ποντι-

445 1318 546 1387 κῆς
608 1315 707 1370 οὐκ
776 1315 1155 1387 ἐπαινούμενοι
1212 1316 1409 1387 μᾶλλον
1446 1317 1479 1387 ἢ
1519 1317 1843 1388 ὲλεούμενοι.
1895 1318 2019 1380 Πῶς

445 1407 698 1478 παρέλθω
737 1408 863 1471 τοὺς
904 1408 1151 1478 ἀκήπους
1185 1409 1392 1478 κήπους
1416 1408 1660 1473 ἐκείνους
1692 1408 1785 1462 καὶ
1815 1409 2021 1479 ἀλαχά-

440 1513 596 1559 νους,
646 1495 739 1548 καὶ
784 1494 885 1583 τήν
927 1495 1157 1583 Δύγείου
1196 1495 1398 1566 κόπρον
1440 1497 1551 1566 (56)
1599 1498 1661 1549 ὲκ
1697 1497 1800 1566 τῆς
1840 1496 2019 1560 οἰκίας

439 1579 923 1656 ὲκκαθαιρομένῆν,
1054 1584 1275 1649 τούτους
1324 1585 1813 1657 ἁνεπληρώσαμεν,
1855 1587 2018 1657 ἡνίκα

437 1677 539 1749 τὴν
569 1676 841 1746 γεωλόφον
891 1676 1106 1747 ἄμαξαν
1152 1677 1403 1748 είλκομεν
1433 1678 1567 1748 (57),
1597 1677 1707 1746 ἐγώ
1747 1695 1807 1731 τε
1855 1680 1885 1732 ό
1926 1680 2017 1748 βο-

2116 522 2213 561 nes
2238 506 2361 561 illos
2390 514 2443 560 et
2462 506 2677 574 juscula
2727 506 2829 575 (sic
2851 507 2996 559 enim
3020 505 3419 574 nominantur),
3445 520 3687 572 semper-

2114 611 2222 666 que
2262 596 2581 657 meminero,
2613 595 2870 650 dentibus
2902 596 3049 649 circa
3087 595 3391 661 fragmenta
3450 594 3689 647 collabe-

2116 685 2401 741 scentibns
2422 726 2436 747 ,
2475 701 2539 738 ac
2567 694 2755 755 postea
2787 701 2907 739 sese
2932 683 3296 754 erigentibus.
3343 686 3595 751 velutque
3620 698 3689 735 ex

2116 789 2281 827 cinno
2335 774 2764 843 emergentibns.
2831 773 2962 838 Quae
3032 782 3090 826 tu
3136 773 3346 828 scilicet
3399 772 3689 826 sublimius

2117 864 2469 933 exaggerabis
2492 904 2507 926 ,
2537 865 2773 934 prepriis
2826 881 3017 935 nempe
3049 864 3459 919 calamitatibus
3484 864 3689 916 oratio-

2116 956 2202 1008 nis
2222 956 2649 1025 magnitudinem
2678 958 2771 1011 tibi
2795 958 3275 1027 suppeditantibus
3302 977 3315 1011 :
3345 958 3550 1027 quibus
3580 957 3688 1011 nisi

2119 1060 2315 1115 magna
2370 1046 2462 1099 illa
2516 1062 2751 1117 vereque
2830 1064 3131 1119 pauperum
3211 1048 3453 1103 studiosa
3506 1050 3691 1100 nutrix

2120 1143 2297 1189 mater
2326 1146 2417 1189 tua
2445 1152 2546 1192 nos
2569 1152 2733 1206 quam
2766 1138 3054 1193 celerrime
3088 1138 3395 1201 liberasset,
3428 1138 3694 1206 nobisque

2117 1234 2441 1297 tempestate
2471 1228 2694 1297 jactatis
2724 1223 2871 1284 velut
2899 1239 3089 1298 portus
3115 1230 3441 1293 exstitisset,
3464 1229 3695 1303 jampri-

2119 1316 2243 1370 dem
2298 1317 2442 1386 apud
2504 1319 2651 1374 vivos
2681 1335 2803 1374 esse
2856 1320 3237 1385 dcsiissemus,
3282 1319 3407 1373 ﬁdei
3460 1318 3697 1372 Pontica:

2119 1404 2341 1458 nomine
2369 1420 2479 1460 non
2508 1407 2770 1476 majorem
2806 1407 3022 1462 laudem
3064 1415 3467 1476 consequentes
3486 1446 3501 1468 ,
3532 1421 3695 1474 quam

2121 1496 2528 1551 miserationem
2558 1508 2857 1553 moventes.
2892 1498 3140 1564 Quonam
3176 1512 3339 1567 porro
3373 1496 3533 1551 modo
3566 1496 3696 1548 hor-

2117 1590 2203 1637 tos
2235 1585 2382 1650 illos,
2412 1601 2481 1640 ne
2511 1590 2794 1642 hortorum
2834 1589 3056 1657 quidem
3083 1588 3302 1643 nomine
3331 1587 3553 1655 dignos,
3585 1586 3697 1639 ole-

2115 1675 2381 1745 ribusque
2426 1686 2677 1733 carentes
2730 1679 3022 1748 praeteribo
3050 1718 3065 1743 ,
3096 1678 3392 1747 Augiaaque
3442 1676 3626 1729 limum
3667 1692 3699 1729 e

435 1767 638 1838 τρύων,
683 1767 827 1822 καὶὸ
873 1768 1123 1839 λαμπρὸς
1171 1768 1258 1832 σὺ,
1310 1772 1422 1832 τοῖς
1462 1771 1654 1839 αὐχέσι
1685 1770 1893 1833 τούτοις
1920 1769 2014 1823 καὶ

2118 1763 2281 1817 domo
2311 1773 2693 1835 expurgatum,
2717 1782 2827 1837 quo
2851 1782 2947 1822 eos
2985 1767 3350 1837 opplevimus.
3399 1781 3523 1819 cum
3549 1780 3699 1817 mon-

436 1861 560 1922 ταῖς
603 1861 758 1930 χερσὶ
801 1862 1045 1925 ταύταις,
1079 1861 1137 1914 αἶ
1174 1861 1281 1914 τῶν
1328 1860 1505 1913 πόνων
1549 1860 1631 1914 έτι
1673 1860 1743 1913 τὰ
1771 1860 1892 1931 ἴχνη
1920 1859 2016 1929 φέ-

444 1963 655 2017 ρουσιν·
688 1942 756 2017 (ὦ
782 1949 857 2018 γῆ
878 1950 972 2002 καὶ
1000 1950 1139 2019 ῆλιε,
1170 1951 1281 2021 ἀὴρ
1302 1949 1413 2019 (58)
1439 1950 1533 2003 καὶ
1560 1952 1728 2020 ἀρετή
1748 1966 1762 1980 ’
1797 1966 2013 2020 τραγῳα

443 2036 597 2105 δήσω
626 2038 732 2107 γάρ
754 2055 808 2090 τι
842 2038 1083 2107 μικρόν·)
1112 2039 1211 2107 οὐχ
1236 2040 1328 2090 ἵνα
1358 2040 1451 2091 τὸν
1478 2038 1863 2108 Ἑλλήσποντον
1897 2036 2019 2099 ζεύ-

450 2124 635 2193 ξωμεν
658 2126 791 2195 (59),
823 2124 936 2177 ἀλλ’
972 2125 1059 2177 ἵνα
1102 2125 1345 2196 κρημνὸν
1381 2125 1750 2194 όμαλίσωμεν.
1800 2123 2022 2187 Τούτοις

444 2214 497 2265 εί
538 2214 637 2283 μὲν
682 2215 833 2268 οὐδὲν
880 2214 1186 2285 ἁχθεσθήσῃ
1235 2215 1583 2286 λεγομένοις,
1640 2215 1854 2278 πάντως
1897 2214 2017 2268 οὐδὲ

438 2303 636 2373 ἡμεῖς’
686 2307 734 2357 εί
776 2305 832 2358 δὲ
879 2305 1207 2378 ἀχθεσθήσῃ,
1251 2307 1416 2359 πόσον
1459 2304 1772 2375 γενομένοις
1817 2305 2008 2374 ἡμεῖς’

436 2391 532 2444 καὶ
562 2393 631 2446 τὰ
660 2393 829 2445 πλείω
872 2395 1210 2465 παρήσομεν,
1248 2394 1389 2448 αίδοί
1417 2392 1525 2447 τῶν
1551 2393 1748 2456 ἄλλων,
1778 2386 1851 2444 ὧν
1882 2392 2007 2444 πολ-

434 2481 544 2535 λῶν
574 2483 981 2554 ἀπελαύσαμεν.

2119 1859 2300 1907 tosum
2329 1853 2462 1907 illud
2493 1856 2834 1923 plaustrum,
2888 1863 2943 1910 et
2972 1871 3076 1924 ego
3116 1854 3505 1915 vindemiator,
3542 1860 3597 1906 et
3636 1860 3695 1905 tu

2119 1942 2358 2007 facetus,
2398 1945 2503 1997 hac
2558 1946 2791 2009 cervice,
2825 1947 3192 2014 manibusque
3233 1946 3345 2009 his,
3390 1960 3511 2014 qua:
3542 1943 3695 1996 labo-

2123 2046 2246 2085 rum
2297 2034 2531 2102 vestigia
2596 2035 2895 2088 etiamnum
2960 2034 3161 2097 lerunt,
3213 2033 3554 2087 traheremus
3618 2032 3699 2101 (ο

2127 2129 2279 2174 terra
2315 2129 2371 2174 et
2431 2121 2555 2174 sol!
2601 2138 2635 2175 ο
2687 2136 2781 2175 aer
2830 2132 2885 2175 et
2912 2122 3123 2175 virtusl
3177 2122 3400 2191 paulum
3448 2121 3701 2190 quiddam

2122 2225 2275 2265 more
2302 2211 2508 2280 tragico
2536 2212 2945 2283 exclamaho):
3004 2228 3113 2266 non
3170 2220 3227 2265 ut
3291 2211 3701 2280 llellespontnm

2108 2300 2481 2369 jungeremus,
2518 2302 2613 2356 sed
2661 2309 2717 2354 nt
2773 2310 3105 2371 praeruptum
3153 2310 3206 2357 et
3228 2302 3558 2371 prazcipitem
3618 2302 3701 2354 lo-

2108 2407 2234 2447 cum
2277 2394 2734 2461 exmqnaremns?
2796 2392 3000 2447 llarnm
3035 2409 3215 2448 rerum
3251 2394 3699 2448 commemoratio

2118 2484 2164 2535 si
2191 2492 2244 2536 te
2272 2482 2544 2537 olfensnra
2591 2499 2699 2537 non
2729 2494 2814 2539 est
2839 2522 2854 2547 ,
2882 2485 3071 2554 utique
3118 2500 3220 2541 nec
3249 2501 3351 2540 nos
3387 2500 3400 2535 :
3436 2486 3482 2538 si
3514 2492 3693 2538 autem

433 2573 492 2645 θ
515 2573 863 2630 oll‘cnsionem
898 2590 966 2630 ex
1002 2586 1065 2629 ea
1096 2572 1396 2644 concipies,
1427 2582 1635 2642 quanto
1663 2572 1835 2643 magis
1878 2585 1985 2624 non
2032 2584 2103 2625 ex
2159 2571 2294 2641 ipsis
2324 2574 2527 2629 rebus!
2578 2574 2658 2629 Ac
2709 2575 2973 2644 majorem
3035 2583 3243 2646 partem
3309 2577 3695 2647 prmtermitte-

436 2681 560 2721 mus
608 2665 898 2720 multarum
922 2665 1149 2718 aliarum
1176 2678 1382 2729 rerum,
1412 2662 1617 2733 quibus
1646 2662 1805 2717 nobis
1834 2660 1939 2715 frui
1984 2661 2253 2732 contigit,
2284 2663 2491 2734 pudore
2518 2663 2786 2719 deterriti.

911 2780 1001 2845 ς’.
1042 2778 1132 2847 Ta
1171 2777 1355 2847 ΔΥΤῼ
1393 2775 1527 2847 (40).

2722 2776 2807 2831 Vl.
2842 2777 3053 2833 EIDEM

449 2891 580 2946 Vitta
606 2906 725 2946 cum
750 2888 957 2943 Basilio
982 2889 1038 2943 in
1060 2888 1347 2943 solitudine
1377 2896 1605 2958 peractae
1631 2885 1816 2957 cupide
1843 2882 2240 3023 memonp‘hgnc
2269 2885 2397 2940 vivis
2436 2885 2668 2958 depingit
2713 2889 3002 2955 coloribus,
3026 2890 3164 2945 hanc
3205 2892 3397 2946 iterum
3449 2894 3697 2963 consequi

1929 2971 2050 3023 pero
2113 2971 2145 3007 α
2176 2994 2191 3008 .

1929 2971 2191 3024 peroptat.

511 3069 583 3121 Ἃ
610 3068 708 3139 μὲν
735 3067 997 3137 πρότερον
1032 3064 1424 3134 ὲπεστέλλομεν
1454 3063 1583 3134 περὶ
1610 3064 1708 3134 τῆς
1743 3062 2010 3130 Ποντικῆς

2183 3062 2314 3127 Quae
2334 3061 2402 3116 de
2430 3061 2654 3118 Pontica
2690 3066 3126 3121 commoratione
3177 3068 3331 3138 prius
3362 3069 3697 3135 scribebam,

441 3158 737 3229 διατρισῆς,
781 3154 1078 3220 παιζόντων
1122 3149 1211 3225 ἦν,
1256 3154 1317 3208 ού
1368 3153 1770 3218 σπουδαζόντων
1790 3172 1803 3184 ·
1858 3153 1895 3207 ἃ
1947 3153 2004 3205 δὲ

439 3248 536 3301 νῦν
579 3247 775 3318 γράφω
798 3285 813 3307 ,
869 3245 964 3299 καὶ
1012 3244 1131 3296 λίαν
1186 3242 1613 3306 σπουδαζόντων.
1671 3243 1765 3308 Τίς
1805 3241 1883 3296 ἄν
1929 3258 2008 3311 με

438 3338 566 3403 θείη
617 3336 727 3406 (Μ)
784 3334 933 3389 κατὰ
984 3332 1151 3403 μῆνα
1213 3331 1447 3402 ἡμερῶν
1504 3333 1624 3386 τῶν
1669 3333 2008 3402 ἔμπροσθεν

436 3428 701 3491 ἐκείνων,
733 3427 790 3479 ὲν
827 3419 916 3491 αῖς
958 3423 1362 3495 συνενετρύφων
1401 3441 1483 3477 σοι
1518 3424 1597 3494 τῷ
1635 3423 2005 3487 κακοπαθεῖνς

439 3516 626 3586 ἐπειδὴ
669 3516 729 3569 τὸ
772 3515 1017 3568 ἑκούσιον
1065 3514 1309 3585 λυπηρὸν
1354 3512 1447 3567 τοῦ
1491 3515 1745 3568 ἀκουσίου
1775 3513 2006 3585 τερπνοῦ

436 3601 780 3676 τιμιώτερον.
831 3604 925 3666 Τίς
968 3601 1130 3655 δώσει
1176 3603 1272 3664 τὰς
1312 3601 1629 3672 ψαλμῳδίας
1665 3603 1878 3667 ὲκείνας
1915 3604 2010 3655 καὶ

438 3694 538 3758 τὰς
570 3694 893 3764 ἀγρυπνίας,
928 3694 1021 3747 καὶ
1067 3692 1166 3755 τὰς
1206 3693 1274 3745 δι’
1307 3693 1472 3763 εὐχῆς
1500 3693 1634 3764 πρὸς
1678 3694 1809 3747 Θεὸν
1847 3694 2008 3764 ἐκδη-

442 3785 595 3856 μίας,
626 3786 719 3838 καὶ
744 3784 841 3855 τὴν
873 3784 1038 3837 οἱονεὶ
1067 3784 1227 3837 ἄῡλον
1256 3784 1403 3855 ζωὴν
1441 3786 1534 3838 καὶ
1560 3785 1882 3855 ἀσώματον;
1914 3785 2010 3848 Τίς

441 3874 682 3943 ἀδελφῶν
706 3876 979 3945 συμφυῖαν
1002 3876 1097 3927 καὶ
1121 3874 1449 3945 συμψυχίαν,
1473 3874 1579 3926 τῶν
1611 3875 1713 3926 ὑπὸ
1736 3874 1828 3926 σοῦ
1864 3874 2014 3927 θεου-

447 3963 619 4034 μένων
670 3962 767 4015 κα).
809 3960 1162 4031 ὑψουμένωνς
1227 3961 1325 4022 Τίς
1391 3961 1620 4029 ἆμιλλαν
1671 3961 1872 4029 ἀρετῆς
1924 3960 2019 4012 καὶ

444 4051 767 4123 παράθηξιν,
806 4051 874 4119 ῆν
911 4049 1058 4117 ὅροις
1088 4049 1351 4118 γραπτοῖς
1394 4046 1488 4098 καὶ
1533 4046 1753 4099 κανόσιν
1786 4047 2020 4115 ἠσφαλι-

444 4142 680 4213 σάμεθα;
728 4141 825 4204 Τίς
867 4139 1028 4193 θείων
1073 4138 1271 4207 λογίων
1317 4138 1653 4207 φιλοπονίαν,
1708 4138 1802 4192 καὶ
1841 4138 1903 4191 τὸ
1962 4138 2021 4192 ὲν

440 4233 622 4295 αὐτοῖς
664 4231 777 4300 φῶς
816 4228 1223 4304 εὑρισκόμενον,
1250 4230 1348 4283 σὺν
1396 4230 1588 4301 ὁδηγίᾳ
1617 4229 1714 4282 τοῦ
1766 4230 2020 4301 Πνεῦμα-

441 4335 565 4385 τοςς
598 4320 689 4383 Ἦ,
715 4320 803 4374 ἵνα
832 4320 900 4373 τὰ
928 4318 1220 4390 μικρότερα
1242 4318 1383 4387 λέγω
1409 4320 1501 4373 καὶ
1530 4319 1900 4392 εὐτελέστερα,
1930 4320 2014 4384 τίς

444 4411 748 4482 ἐφημερίας
780 4411 873 4465 κα)⁵
908 4384 1274 4481 αὐτουργίαςς
1314 4384 1396 4473 τίς
1434 4411 1692 4483 ξυληγίας
1722 4384 1824 4466 καὶ.
1850 4411 2000 4471 λατο·
2042 4384 2088 4441 D

447 4500 614 4570 μίας;
653 4502 738 4566 τίς
781 4502 837 4556 δὲ
883 4502 1104 4570 φυτείας
1142 4501 1255 4574 (ιῖ)
1299 4502 1393 4556 καὶ
1451 4502 1773 4574 όχετηγίας;
1821 4502 1905 4567 τίς
1953 4503 2012 4557 δὲ

444 4592 712 4646 πλάτανον
763 4593 862 4664 τὴν
917 4592 1157 4664 χρυσῆν,
1208 4590 1299 4647 καὶ
1347 4593 1447 4665 τῆς
1506 4592 1705 4667 Ξέρξου
1760 4593 2015 4665 τιμιωτέ-

516 4747 539 4777 δ
572 4742 675 4800 Job
707 4761 856 4810 uix,
884 4745 939 4800 2.

515 4898 627 4969 (55)
670 4901 792 4956 Τῶν
809 4899 1427 4968 περιολισθαινόντων.
1475 4900 1551 4954 Ita
1581 4900 1711 4973 Reg.
1748 4918 1910 4960 unus.
1950 4904 2008 4961 In

443 4968 531 5025 ed.
557 4970 708 5024 deest
729 4969 856 5025 τῶν.

515 5010 531 5025 .
557 4970 708 5024 deest
729 4969 856 5025 τῶν.

515 5040 625 5109 (56)
662 5039 772 5093 Kal
806 5038 920 5107 τὴν
944 5038 1193 5110 Αὐγείου
1219 5037 1463 5110 κόπρον.
1497 5037 1680 5110 Augiaz
1732 5042 2007 5099 stabulum

448 5107 573 5181 timo
607 5107 890 5179 congesto
948 5107 1166 5181 plenum
1227 5107 1396 5181 fuisse
1425 5107 1663 5181 _tradi_i_nt
1712 5122 1904 5181 poetae,
1957 5122 2012 5168 et

446 5178 617 5247 ipsius
644 5176 1080 5249 repurgationem
1105 5178 1249 5233 inter
1267 5176 1537 5231 laboriosa
1568 5176 1817 5237 Herculis
1844 5196 2008 5255 Opera

448 5256 751 5302 recensent.

518 5317 629 5387 (57)
691 5315 813 5389 Τὴν
868 5317 1187 5389 γτρξωλόςιθονΔ
1228 5313 1465 5389 ἅμᾳεατ
1527 5317 1823 5389 agasonem
1874 5317 2007 5389 Reg.

448 5384 672 5441 unuset
697 5384 851 5457 Pass.
878 5384 983 5456 τὴν
1010 5385 1286 5457 γεωφόρον
1310 5385 1524 5457 ἅμαξαν
1548 5384 1815 5457 εἷλκομεν,
1843 5384 2008 5443 territa

448 5456 629 5526 cellens
656 5454 957 5526 plaustrum
996 5454 1363 5526 traheremuu
1390 5454 1795 5526 [assumpsit
1827 5457 2012 5513 deerat

446 5526 501 5579 in
533 5523 697 5580 editis
732 5538 748 5577 :
783 5525 974 5593 ipsam,
1005 5523 1059 5578 in
1087 5526 1380 5580 versionea
1410 5523 1569 5594 Billio
1596 5523 1917 5594 suppletam,
1956 5528 2010 5583 in

443 5604 594 5650 textu
618 5594 989 5664 supplevimus
1018 5611 1048 5650 e
1071 5594 1285 5664 duobus
1317 5593 1477 5650 codd.
1505 5593 1849 5664 memeratis.
1880 5598 2010 5653 Mox

447 5679 545 5734 pro
568 5665 663 5718 καὶ
688 5662 997 5735 ’όλαμυρδς
1034 5662 1119 5730 σύ,
1148 5663 1280 5737 Reg.
1328 5680 1470 5721 unus
1500 5662 1661 5719 habet
1692 5663 1784 5717 καὶ
1821 5666 1851 5718 ό
1873 5664 2011 5735 λαμ-

2114 3153 2262 3223 joco,
2282 3171 2389 3208 non
2415 3155 2559 3210 serio
2580 3158 2888 3213 scribebam
2910 3175 2925 3223 ;
2954 3175 3078 3228 qua:
3098 3168 3278 3215 autem
3304 3176 3448 3215 nunc
3474 3162 3657 3216 scribo
3675 3202 3691 3225 ,

2109 3243 2398 3297 admodum
2418 3245 2562 3299 serio
2579 3247 2777 3301 scribo.
2800 3248 2931 3313 Qui:
2950 3266 3030 3303 me
3050 3250 3331 3305 secundum
3359 3253 3699 3312 pristinorum

2108 3334 2319 3389 illorum
2352 3335 2556 3389 dierum
2581 3348 2778 3392 statum
2807 3341 3082 3394 constituet
3109 3342 3149 3407 ⁸,
3178 3344 3231 3396 in
3266 3343 3466 3412 quibus
3507 3360 3606 3414 ego
3620 3353 3701 3399 tc-

2110 3440 2233 3477 cmn
2250 3425 2594 3482 amictionem
2611 3444 2712 3499 pro
2726 3430 2938 3485 deliciis
2961 3431 3697 3503 liabeham‘lquandoquidem

2112 3515 2359 3568 molestia
2372 3524 2561 3585 sponte
2583 3526 2835 3589 suscepta
2853 3520 3114 3589 voluptati
3137 3522 3361 3577 minime
3381 3523 3699 3577 voluntariae

2114 3606 2489 3674 praestat.Quis
2508 3611 2839 3681 psalmodias
2854 3612 2973 3668 illas
2989 3620 3041 3667 et
3053 3614 3441 3684 vigiliasdabit,
3458 3616 3697 3684 atquead

2115 3694 2284 3751 Deum
2316 3713 2413 3767 per
2441 3700 2745 3755 orationem
2776 3703 3272 3773 peregrinationes,
3310 3705 3566 3775 illamque
3594 3706 3700 3759 vcl-

2114 3794 2175 3839 nt
2213 3788 2438 3843 materia
2493 3798 2777 3845 vacantem
2817 3800 2872 3846 et
2907 3794 3283 3864 incorpoream
3317 3796 3528 3849 vitam?
3564 3796 3697 3860 Quis

2120 3875 2351 3931 fratrum
2379 3894 2592 3946 eorum,
2626 3885 2718 3951 qui
2754 3884 2831 3937 dii
2866 3892 2977 3939 ate
3004 3886 3396 3949 elliciebantur,
3438 3896 3601 3953 atque
3642 3889 3697 3941 in

2118 3966 2289 4018 altum
2320 3969 2710 4035 evehebantur,
2745 3975 3100 4026 concordiam
3132 3975 3552 4042 animorumque
3575 3992 3701 4028 con-

2118 4051 2508 4120 iunctionem?
2561 4057 2699 4122 Quis
2743 4059 2961 4114 virtutis
3021 4068 3298 4114 certamen
3327 4099 3342 4125 ,
3380 4069 3435 4115 et
3479 4062 3546 4115 ad
3578 4078 3698 4117 eam

2126 4142 2518 4212 incitationem,
2573 4164 2732 4218 quam
2766 4150 2987 4220 scriptis
3028 4152 3241 4222 legibus
3269 4166 3332 4206 ac
3362 4153 3566 4224 regulis
3594 4154 3695 4207 ob-

2122 4233 2501 4293 ﬁrmavimus?
2539 4239 2671 4306 Quis
2702 4242 3012 4297 divinorum
3048 4243 3396 4298 oraculorum
3420 4246 3691 4306 studium.

2122 4326 2400 4399 lucemque
2432 4330 2487 4385 in
2550 4333 2685 4403 ipsis
2739 4334 2906 4390 ductu
2953 4345 3119 4407 atque
3150 4337 3412 4407 auspiciis
3444 4338 3684 4409 Spiritus

2116 4420 2291 4474 sancti
2323 4421 2637 4478 inventam?
2668 4427 2795 4493 Aut,
2840 4436 2897 4481 ut
2931 4428 3144 4482 minora
3172 4436 3227 4484 et
3260 4429 3461 4484 leviora
3490 4430 3690 4495 dicam,

2117 4509 2241 4578 quis
2267 4509 2494 4569 diurnas
2537 4514 2767 4585 operum
2805 4518 2952 4575 vices
2973 4525 3029 4574 et
3060 4519 3323 4575 labores?
3367 4521 3493 4591 quis
3525 4522 3693 4589 ligno-

2123 4614 2244 4655 rum
2285 4606 2748 4675 comportationes
2778 4614 2833 4663 et
2872 4609 3195 4680 lapidicinas
3221 4610 3245 4664 ί
3274 4610 3400 4680 quis
3437 4612 3690 4667 arborum

2116 4906 2361 4980 «poetae,
2386 4918 2440 4980 et
2470 4918 2524 4962 tu
2566 4910 2814 4965 illustris.

2148 4976 2301 5099 #58)
2338 4978 2518 5033 Kal...
2540 4980 2675 5047 ἀήρ.
2708 4981 2799 5035 Sic
2822 4978 2972 5039 Pass.
2994 4987 3050 5035 et
3075 4979 3184 5035 duo
3200 4977 3332 5049 Reg.
3360 4976 3502 5035 Edit.
3529 4980 3690 5056 ἀνήρ,

2186 5116 2297 5186 (59)
2367 5116 2476 5189 ζὸν
2521 5114 3337 5189 Ἐλλήσποντονᾉζὲὐξῳμεη
3368 5120 3572 5175 Alludit
3618 5122 3688 5176 ad

2115 5183 2349 5240 Xerxem
2378 5184 2665 5241 Persarum
2692 5183 2892 5255 regem,
2924 5187 3015 5256 qui
3047 5183 3255 5243 tantum
3290 5190 3544 5246 habuisse
3578 5190 3687 5245 ler-

2119 5263 2208 5306 tur
2255 5256 2486 5328 navium
2547 5264 3003 5328 appar_at_um,__ut
3056 5256 3463 5328 Hellespontum
3518 5266 3688 5314 totum

2118 5323 2468 5399 operiret,_ac
2504 5323 2667 5399 ponte
2695 5325 2878 5399 A‘siam
2899 5325 3138 5399 Europae
3165 5323 3441 5399 jnngeret.

2190 5391 2300 5462 (40)
2342 5391 2605 5462 Aliasﬂlx.
2628 5391 2840 5462 Scripta
2865 5395 3008 5449 circa
3037 5391 3183 5450 idem
3208 5391 3441 5462 tempus.

2117 5460 2432 5581 ἂνοξιᾎεῖξῗ
2469 5460 2546 5515 ἅν
2569 5480 2644 5533 με
2666 5460 2815 5532 θείη,
2850 5462 2924 5518 Ita
2957 5463 3087 5536 Reg.
3116 5482 3277 5521 unus.
3308 5460 3407 5524 Ed.
3440 5465 3578 5519 male
3601 5465 3686 5529 τίς

2156 5546 2608 5671 νᾶἑῖεᾶθῒτειάς.
2665 5602 2796 5675 lieg.
2836 5603 2945 5659 duo
2980 5605 3333 5675 φυτοκομίας,
3386 5603 3688 5674 plantarum

2118 5684 2295 5724 curas.

2117 5062 2143 5099 v
