4066 6214
417 324 489 378 35
1620 318 1678 374 S.
1721 315 2016 373 GREGORI

2119 314 2441 372 [‘lllOLOGl
3617 314 3687 371 56

419 434 644 493 enimid
674 450 706 490 a
736 434 897 491 nobis
941 433 1329 505 expetebatur.
1371 431 1510 488 Nam
1561 442 1793 505 uterque
1824 434 2003 499 alteri,

2119 431 2317 496 Βάζετο.
2358 430 2631 503 Ἀλλήλοις
2691 428 2800 501 γάρ
2853 429 3053 500 ἐσμεν,
3108 430 3266 499 εἴπερ
3320 429 3467 484 ἄλλοι
3522 432 3685 497 τινὲς,

422 528 468 582 si
501 526 591 580 alii
625 526 907 595 quiquam,
967 524 1274 595 locupletes
1327 538 1450 578 csse
1480 532 1651 579 testes
1688 538 2006 593 possumus,

422 634 585 689 quam
620 617 779 671 nobis
830 614 982 671 cordi
1032 622 1179 669 esset
1214 613 1485 683 pedestris
1518 613 1863 684 philosophia
1908 611 2010 665 hu-

425 710 609 778 mique
662 706 942 776 depressa.
1002 704 1201 760 Verum
1257 705 1362 758 hoc
1433 719 1543 758 non
1601 703 1717 758 ﬁeri
1775 703 2010 757 fortasse

424 799 647 867 quidem
706 798 1050 867 prmstitisset
1102 815 1115 850 :
1166 805 1259 849 aut
1281 812 1393 866 quo
1429 796 1535 851 alio
1587 796 1753 850 verbo
1780 804 1904 849 utar
1935 794 2011 849 in-

426 900 609 945 certus
640 906 784 954 sum,
830 889 1074 958 quandiu
1109 886 1351 957 Spiritus
1382 888 1557 942 sancti
1589 887 1883 943 consilium
1920 901 2011 940 ex-

428 981 697 1049 ploratum
741 994 850 1033 non
920 978 1182 1033 habuero.
1256 977 1527 1044 Quoniam
1576 986 1757 1033 autem
1805 977 2008 1031 factum

426 1079 550 1135 est,
599 1071 741 1125 ferre
779 1085 1006 1125 necesse
1048 1078 1175 1133 est,
1223 1078 1282 1123 ut
1319 1068 1450 1123 mihi
1480 1068 1703 1139 quidem
1750 1066 2009 1130 videtur,

428 1177 492 1215 ac
531 1161 835 1231 praesertim
911 1162 983 1215 ob
1025 1169 1241 1230 tempus
1298 1160 1467 1225 istud,
1499 1160 1647 1231 quod
1686 1161 1886 1214 multas
1914 1160 2009 1213 ad-

430 1268 649 1306 versum
678 1266 778 1305 nos
825 1250 1205 1304 haereticorum
1234 1251 1451 1320 linguas
1481 1252 1684 1305 excitat
1722 1268 1735 1303 :
1775 1265 1876 1305 nec
1915 1255 2011 1303 aut

2105 524 2408 590 ἀξιόπιστοι
2457 522 2731 592 μάρτυρες
2774 518 2868 573 τοῦ
2901 519 3001 590 τὴν
3054 519 3228 590 πεζὴν
3262 518 3508 587 στέργειν
3539 533 3687 590 φιλο-

2107 612 2297 680 σοφίαν
2350 611 2461 681 (55)
2514 610 2610 662 καὶ
2658 609 2815 662 κάτω
2865 610 3148 678 μένουσαν.
3195 608 3357 662 Ἀλλὰ
3405 609 3568 662 τοῦτο
3611 612 3687 681 μὴ

2104 699 2359 769 γενέσθαι
2405 700 2500 769 μὲν
2548 698 2677 762 ἴσως
2717 698 2939 768 ἄμεινον
2978 692 3080 767 ἦν·
3116 697 3148 767 ἢ
3192 697 3293 749 οὐκ
3334 692 3431 749 οἷδ’
3464 698 3545 751 ὅτι
3594 699 3689 751 καὶ

2106 791 2212 860 φῶ,
2238 791 2341 853 ἕως
2372 791 2439 843 ἂν
2470 789 2649 859 ἀγνοῶ
2684 788 2795 859 ('56)
2828 787 2927 859 τὴν
2972 788 3283 857 οἰκονομίαν
3311 788 3403 840 τοῦ
3436 789 3689 858 Πνεύμα-

2105 900 2215 947 τος.
2256 883 2406 934 Ἐπεὶ
2430 881 2485 933 δὲ
2518 881 2750 949 ἐγένετο,
2784 880 2972 949 φέρειν
3014 878 3249 949 ἀνάγκη,
3286 879 3361 942 ὡς
3405 878 3537 947 γοῦν
3566 880 3687 949 ἐμοὶ

2107 973 2519 1041 καταφαίνεται,
2559 972 2654 1024 καὶ
2703 970 2933 1041 μάλιστα
2969 969 3057 1023 διὰ
3104 969 3195 1023 τὸν
3243 971 3453 1041 καιρὸν,
3488 969 3688 1034 πολλὰς

2106 1065 2237 1134 ἡμῖν
2268 1063 2555 1134 αἱρετικῶν
2583 1061 2942 1129 ἐπεισάγοντα
2969 1058 3239 1129 γλώσσας,
3266 1061 3359 1119 καὶ
3393 1061 3468 1132 μὴ
3501 1079 3690 1114 καται-

2109 1155 2324 1225 σχύνειν
2356 1155 2492 1225 μήτε
2531 1153 2629 1216 τάς
2675 1153 2782 1206 τῶν
2809 1151 3247 1206 πεπιστευκότων
3287 1152 3399 1223 (57)
3446 1152 3687 1219 ἑλπίδας,

2113 1248 2253 1318 μήτε
2284 1246 2375 1298 τὸν
2404 1245 2671 1317 ἡμέτερον
2702 1245 2831 1315 βίον.

430 1343 542 1412 spei
572 1358 783 1405 eorum,
810 1341 903 1411 qui
936 1341 1094 1394 nobis
1119 1340 1483 1395 ministerium
1510 1340 1885 1405 crediderunt,
1916 1347 2009 1393 aut
2044 1338 2315 1409 superiori
2342 1337 2465 1392 vita:
2498 1346 2699 1391 nostra:
2729 1334 2982 1391 dedecori
3021 1349 3164 1390 esse.

863 1458 919 1527 9
947 1457 1034 1511 IX.
1076 1457 1565 1512 AMPHILOCHIO.

2577 1456 2653 1509 θ’.
2688 1454 3066 1523 ΑΜΦῙΛΟΧΙῼ
3097 1452 3229 1525 (58).

501 1552 638 1605 Ante
662 1568 858 1604 annum
889 1550 1013 1621 562,
1035 1567 1145 1621 quo
1182 1550 1251 1603 ad
1278 1551 1630 1604 sacerdotium
1653 1562 1854 1606 evectus
1877 1560 1955 1606 est
1979 1549 2281 1620 Gregorius,
2312 1551 2591 1620 epistolam
2623 1550 2691 1602 ad
2723 1550 3165 1621 Amphilochium,
3201 1547 3345 1621 alias
3379 1562 3522 1621 ctu,
3559 1551 3692 1603 scri-

432 1633 577 1683 ptam
597 1638 697 1673 non
726 1622 889 1687 fuisse
908 1617 1131 1691 suadent
1155 1621 1265 1673 lure
1285 1621 1473 1673 verba:
1516 1621 1741 1683 Horum,
1773 1624 1863 1691 qui
1892 1617 2132 1675 sacrario
2161 1617 2484 1691 ministrant,
2516 1631 2600 1674 est
2628 1617 2999 1691 condiaconus
3019 1626 3204 1671 noster
3227 1617 3535 1691 Euthalius,
3559 1633 3687 1691 etc.,

434 1708 549 1759 qua:
580 1691 680 1742 nisi
704 1686 990 1755 superioris
1018 1688 1247 1749 ordinis,
1272 1691 1351 1743 vel
1371 1702 1508 1743 certe
1540 1686 1796 1758 ejusdem,
1826 1693 1995 1745 cirum
2026 1708 2128 1745 non
2151 1692 2352 1745 decent.
2386 1688 2566 1758 Neque
2595 1705 2713 1742 vero
2760 1690 2815 1759 in
2846 1697 3112 1756 sequentes
3135 1704 3305 1740 annos
3333 1686 3469 1759 hanc
3495 1690 3691 1759 episto-

436 1757 542 1813 lam
571 1759 784 1825 differre
807 1761 932 1811 sinit
955 1759 1194 1825 epistan
1227 1760 1393 1826 ipsius
1414 1757 1625 1811 initium
1652 1776 1669 1813 :
1703 1759 1847 1813 Bene
1878 1768 2089 1815 strueto
2116 1763 2361 1814 thalamo
2391 1757 2682 1813 columnas
2718 1757 2946 1824 subjice,
2986 1766 3215 1827 atque...
3249 1771 3279 1809 a
3312 1757 3504 1811 dextro
3534 1758 3689 1812 initio

436 1829 595 1883 nobis
626 1832 943 1892 iuuotesce;
984 1844 1101 1896 qua:
1124 1840 1231 1880 tum
1266 1830 1495 1896 primunt
1524 1830 1628 1897 [ori
1652 1830 1875 1897 judiciis
1901 1829 2324 1898 Amphilochium
2358 1837 2670 1895 occupatum
2706 1837 2951 1895 arguunt.

508 1934 739 1995 Aurcas,
790 1944 848 1986 ut
898 1933 1119 1987 Pindari
1184 1936 1364 1989 verbis
1417 1944 1561 1997 utar,
1617 1937 1752 1989 bene
1805 1944 2016 1991 structo

2187 1937 2438 2009 Χρυσέας
2470 1936 2774 2005 ὑπόπησον
2807 1935 3036 2005 εὐτειχεῖ
3080 1934 3307 2002 θαλάμῳ
3342 1934 3450 2004 (59)
3483 1934 3687 1997 κίονας,

438 2024 678 2075 thalamo
710 2024 997 2079 columnas
1040 2026 1271 2093 subjice,
1308 2036 1470 2095 atque
1506 2027 1559 2079 iu
1596 2029 1851 2096 prteseuti
1882 2044 2015 2085 cura

436 2131 465 2166 a
494 2115 691 2169 dextro
742 2115 900 2169 initio
958 2117 1116 2171 nobis
1162 2118 1484 2183 iunotesce;
1537 2128 1595 2171 ut
1633 2119 1795 2172 etiam
1844 2119 2020 2173 admi-

439 2207 669 2259 randum
693 2208 957 2275 palatium
977 2216 1253 2273 esstruas,
1285 2209 1553 2262 illustrem
1580 2209 1635 2263 in
1669 2225 1731 2263 ea
1756 2219 1809 2263 te
1840 2210 2018 2278 ipsum

440 2295 758 2348 ostendens.
786 2295 1031 2360 Quanam
1064 2305 1244 2351 autem
1276 2298 1493 2351 ratione
1522 2297 1575 2350 id
1600 2305 1856 2351 testatum
1892 2299 2019 2353 red-

440 2387 578 2440 des?
614 2388 661 2440 si
699 2386 867 2439 Deum
903 2401 967 2439 ac
997 2402 1086 2441 res
1122 2387 1339 2441 divinas
1380 2387 1574 2440 honori
1617 2388 1819 2442 habeas
1854 2404 1869 2440 :
1910 2403 2020 2456 quo

440 2475 574 2545 quid
609 2475 789 2543 majus
819 2490 884 2528 ac
917 2476 1209 2530 sublimius
1239 2491 1360 2531 esse
1397 2477 1590 2532 ducis?
1618 2476 1721 2541 Qui
1752 2492 1937 2545 porro,
1964 2484 2020 2531 et

438 2569 641 2637 quibus
674 2566 840 2620 rebus
870 2565 1213 2620 honorabis?
1247 2564 1365 2620 Una
1412 2567 1516 2621 hac
1561 2568 1796 2632 scilicet,
1850 2568 1894 2621 si
1926 2582 2020 2621 eo-

439 2675 586 2722 rum,
621 2660 715 2729 qui
743 2659 853 2714 Deo
881 2666 1085 2723 astant,
1118 2673 1181 2713 ac
1212 2660 1457 2714 sacrario
1490 2659 1830 2722 ministrant,
1863 2675 2017 2713 com--

440 2748 619 2804 modis
646 2749 923 2802 consulas.
962 2747 1166 2801 Horum
1201 2762 1232 2803 e
1270 2764 1501 2803 numero
1533 2757 1615 2803 est
1647 2750 2020 2803 condiaconus

442 2848 635 2894 noster
690 2838 1002 2902 Euthalius,
1054 2839 1145 2893 cui
1193 2840 1384 2893 nescio
1432 2856 1543 2910 quo
1589 2847 1751 2909 pacto
1804 2848 2021 2909 postea-

442 2945 604 2999 quam
650 2929 717 2982 ad
765 2930 1140 2984 sublimiorem
1184 2935 1410 2999 gradum
1454 2932 1725 3000 migravit,
1767 2932 1883 2983 auri
1922 2930 2020 2983 tri-

443 3020 636 3073 butum
686 3020 968 3088 imponere
1012 3028 1286 3073 conantur
1332 3021 1392 3082 ii,
1430 3021 1522 3090 qui
1561 3037 1741 3075 rerum
1781 3021 2022 3075 admini-

445 3110 701 3165 strationi
735 3109 974 3179 praefecti
1012 3118 1162 3164 sunt.
1200 3109 1334 3175 lloc,
1368 3126 1577 3180 qua-so,
1621 3127 1687 3165 ne
1722 3111 1817 3165 tibi
1850 3110 2023 3165 feren-

443 3203 571 3255 dum
604 3199 852 3254 videatur
879 3218 893 3254 :
923 3214 1111 3254 verum
1143 3208 1198 3255 et
1224 3200 1459 3255 diacono
1487 3210 1541 3255 et
1566 3202 1824 3256 universo
1846 3202 2017 3264 clero,

2117 2030 2259 2082 κατὰ
2293 2028 2579 2096 Πίνδαρον,
2612 2027 2706 2079 καὶ
2734 2026 2840 2080 ἀπὸ
2865 2024 3044 2095 δεξιῆς
3070 2027 3199 2097 ἡμῖν
3233 2026 3562 2097 γνωρίσθητι
3589 2025 3691 2095 τῆς

2118 2119 2291 2190 ἀρχῆς
2330 2119 2389 2171 ὲν
2424 2121 2490 2189 τῇ
2537 2117 2787 2189 παρούσῃ
2835 2117 3074 2188 φροντίδι
3097 2134 3111 2147 ·
3148 2118 3222 2180 ὡς
3261 2119 3327 2172 ἂν
3375 2117 3469 2171 καὶ
3504 2116 3693 2186 θετγτὺν

2120 2207 2320 2275 πήξαις
2348 2206 2608 2277 μέγαρον,
2650 2207 2931 2275 εὐδόκιμος
2960 2209 3017 2257 ἐν
3054 2206 3189 2275 αὐτῇ
3242 2206 3449 2270 φανείς.
3491 2204 3694 2274 Γνωρι-

2122 2315 2233 2361 σεις
2264 2299 2319 2350 δὲ
2344 2298 2494 2362 πῶ;;
2520 2299 2611 2351 τὸν
2644 2297 2776 2349 Θεὸν
2806 2297 2915 2365 (60)
2943 2296 3126 2348 καὶτὰ
3160 2296 3277 2347 θεῖα
3306 2296 3480 2364 τιμῶν
3499 2312 3511 2324 ·
3539 2290 3601 2348 οὗ
3636 2294 3690 2346 τί

2119 2406 2202 2440 σοι
2240 2388 2423 2456 μεῖζον
2447 2389 2540 2439 καὶ
2568 2386 2924 2456 ὑψηλότερον;
2955 2387 3207 2455 τιμήσεις
3240 2385 3296 2436 δὲ
3340 2385 3455 2447 πῶς
3485 2385 3580 2438 καὶ
3612 2385 3692 2437 τί·

2119 2492 2201 2526 σιν
2222 2491 2235 2538 ;
2270 2476 2351 2527 ὲν).
2372 2474 2565 2544 τούτῳ,
2600 2474 2677 2544 τῷ
2702 2473 2957 2543 κήδεσθαι
2980 2474 3087 2525 τῶν
3115 2474 3532 2544 παρισταμένων
3549 2473 3690 2544 Θεῷ,

2118 2565 2213 2617 καὶ
2245 2563 2573 2635 λειτουργῶν
2611 2563 2705 2617 τοῦ
2744 2564 3007 2634 βήματος.
3042 2564 3259 2617 Τούτων
3298 2558 3376 2628 εἷς
3405 2566 3521 2617 ἐστι
3550 2564 3694 2616 καὶὸ

2119 2654 2461 2717 συνδιάκονος
2506 2656 2661 2726 ἡμῶν
2699 2655 2979 2719 Εὺθάλιος,
3015 2655 3093 2719 ὃν,
3138 2655 3237 2708 οὐκ
3278 2651 3375 2707 οἷδ’
3404 2655 3572 2718 ὅπως,
3611 2656 3691 2718 εἰς

2122 2746 2293 2818 μείζω
2316 2747 2467 2811 τάξιν
2490 2750 2973 2819 μεταχωρήσαντα,
3004 2748 3326 2820 διαγράφειν
3355 2748 3690 2819 ἐπιχειροῦσι

2119 2834 2320 2906 χρυσὸν
2356 2838 2404 2888 οἱ
2458 2836 2557 2905 τῆς
2602 2838 2935 2907 ἡγεμονικῆς
2982 2838 3187 2901 τάξεως
3221 2837 3355 2907 (6|).
3384 2839 3555 2890 Τοῦτο
3616 2840 3691 2909 μὴ

2120 2929 2346 2982 ἀνεκτὸν
2370 2930 2592 2998 φανήτω
2616 2945 2729 2981 σοι·
2766 2930 2860 2982 κα)¹
2890 2932 3048 3000 χεῖρα
3068 2928 3251 2999 ὄρεξον
3276 2928 3354 2999 τῷ
3377 2946 3433 2981 τε
3463 2929 3693 2999 διακόνῳ

2121 3018 2215 3073 καὶ
2256 3020 2333 3089 τῷ
2373 3019 2558 3089 κλήρῳ
2589 3020 2771 3085 παντὶ,
2811 3022 2903 3073 καὶ
2946 3020 3050 3091 πρὸ
3086 3020 3192 3073 τῶν
3227 3010 3399 3074 ἄλλων
3433 3024 3585 3092 ἡμῖν,
3617 3017 3693 3075 ὧν

2123 3128 2203 3163 σοι
2236 3111 2386 3181 μέλει
2413 3111 2524 3182 (6i)
2546 3128 2560 3142 ν
2588 3111 2619 3183 ἢ
2665 3112 2941 3164 δει.ότατα
2986 3114 3051 3165 ἂν
3089 3112 3248 3165 πάθοι
3281 3114 3436 3183 μόνος
3480 3112 3690 3184 ἀνθρὼ-

2122 3219 2260 3265 πων,
2306 3201 2381 3271 μὴ
2424 3202 2707 3271 τυγχάνων
2745 3204 2842 3268 τῆς
2874 3202 2981 3255 τῶν
3020 3203 3229 3274 καιρῶν
3260 3204 3690 3273 φιλανθρωπίας.

444 3306 509 3345 ac
544 3290 845 3359 pnesertim
876 3290 1058 3353 nobis,
1096 3306 1331 3360 quorum
1358 3293 1453 3345 tibi
1482 3308 1615 3345 cura
1650 3302 1761 3355 est,
1793 3309 2014 3347 manum

2119 3292 2212 3344 κα).
2236 3293 2331 3361 τῆς
2353 3291 2641 3362 δεδομένης
2669 3296 2780 3355 τοῖς
2807 3294 3099 3365 ἱερατικοῖς
3128 3294 3275 3364 παρὰ
3299 3293 3407 3345 τῶν
3430 3291 3691 3362 βασιλέων

445 3380 663 3450 porrige
709 3398 723 3434 :
776 3381 981 3450 alioqui
1028 3390 1180 3435 certe
1234 3398 1378 3435 unus
1419 3383 1665 3436 oumium
1736 3384 2016 3437 hominum

446 3472 759 3526 miserrima
802 3471 1122 3525 conditione
1150 3480 1320 3534 esset,
1361 3472 1406 3525 si
1442 3481 1744 3543 temporum
1776 3474 2022 3527 humani-

445 3570 577 3623 tate,
622 3568 785 3629 atque
836 3575 903 3615 eo
930 3561 1159 3625 honore,
1203 3562 1296 3630 qui
1347 3562 1491 3615 sacri
1539 3561 1750 3617 ordinis
1790 3563 1923 3618 viris
1952 3562 2021 3616 ab

2122 3382 2310 3452 τιμῆς,
2362 3380 2476 3434 ἀλλ’
2512 3382 2860 3453 ὑϐριζόμενος
2901 3384 2995 3436 καὶ
3038 3382 3399 3453 ζημιούμενος
3446 3383 3575 3446 ἴσως
3605 3381 3692 3435 διά

2124 3473 2221 3541 τὴν
2255 3473 2525 3543 ἡμετέραν
2557 3473 2832 3526 εὐτέλειαν
2858 3473 2991 3543 (65).
3031 3476 3098 3526 ’⁷0
3126 3490 3207 3525 σοι
3254 3472 3432 3535 καλῶς
3476 3472 3587 3542 ἔχει
3616 3471 3693 3543 μὴ

2128 3565 2448 3632 συγχωρεῖν,
2481 3561 2585 3615 κᾶν
2613 3562 2689 3631 μὴ
2710 3562 2891 3625 καλῶς
2917 3562 3064 3616 ἄλλοι
3101 3562 3415 3633 βούλωνται.

445 3650 868 3719 imperatoribus
918 3665 1218 3707 concessus
1266 3660 1373 3707 est.
1431 3653 1656 3708 minime
1704 3654 2017 3719 frueretur;
2058 3652 2153 3707 sed
2217 3653 2552 3707 contumelia
2597 3660 2653 3707 et
2706 3653 3040 3707 dctlimento
3088 3654 3413 3713 adiceretur,
3464 3666 3528 3705 ac
3571 3650 3693 3705 ideo

448 3743 681 3797 fortasse
718 3743 863 3813 quod
910 3743 1044 3798 viles
1107 3758 1319 3799 sumus.
1380 3743 1536 3810 Quod
1588 3745 1808 3816 quidem
1866 3745 2004 3801 bene
2038 3745 2254 3811 feceris,
2310 3747 2358 3801 si
2410 3760 2520 3800 non
2570 3744 3097 3816 patiariszetiamsi
3144 3744 3236 3797 alii
3292 3758 3401 3798 non
3438 3742 3578 3797 bene
3638 3740 3691 3793 id

448 3838 637 3891 velint.

956 3907 1022 3968 Χ.
1067 3906 1508 3963 CANDIDIANO.

2565 3908 2624 3964 ι’.
2662 3905 3077 3975 ΚΑΝΔΙΔΙΑΝῼ
3117 3903 3248 3976 (et).

519 4000 753 4078 Gregorii
792 4005 858 4078 ad
893 4002 1288 4078 Candidianum
1326 4004 1557 4078 litteer
1576 4005 1865 4078 imperante
1899 4004 2142 4069 Iuliano,
2175 4004 2389 4078 scripta:
2428 4012 2551 4057 sunt
2598 4020 2746 4078 anno
2770 4003 2894 4078 363.
2936 4000 3000 4054 Id
3034 4002 3190 4078 plane
3231 3995 3546 4078 persuadent
3580 3996 3690 4078 hate

451 4068 693 4143 Theologi
724 4076 877 4125 rerba
904 4088 1048 4125 circa
1079 4074 1233 4141 [indm
1259 4076 1495 4143 epistola:
1518 4068 1908 4130 Candidianum
1944 4068 2294 4143 alloquentisf
2327 4073 2458 4127 Nam
2492 4088 2616 4126 cum
2652 4073 2915 4143 religione
2956 4068 3308 4143 gentilisﬂsis,
3346 4083 3411 4143 ac
3437 4068 3688 4143 praesenti

451 4136 764 4213 imperatori
789 4148 851 4213 ea
881 4157 1001 4209 qua:
1032 4136 1241 4213 imperii
1277 4136 1425 4207 sunt,
1463 4155 1687 4212 prazstes
1714 4164 1727 4198 :
1760 4163 1867 4199 non
1901 4147 1973 4197 ita
2006 4136 2109 4213 ipsi
2138 4144 2389 4201 inservis,
2421 4150 2477 4193 ut
2509 4136 2781 4213 temporis
2798 4136 3127 4213 adulatores.
3247 4136 3406 4201 paulo
3435 4136 3689 4213 inferius:

448 4206 653 4275 Opto...
688 4217 742 4259 ιιι
774 4206 1326 4281 adnostras'Deique
1352 4206 1531 4281 partes
1570 4214 1863 4281 aliquando
1894 4222 1945 4281 te
1962 4206 2249 4281 conferas,
2287 4222 2446 4276 atque
2480 4210 2546 4259 ah
2576 4206 2641 4281 iis
2676 4216 2787 4281 stes
2814 4208 2903 4275 qui
2932 4206 3358 4281 persecutionem
3393 4206 3686 4281 patiuntur,

452 4269 558 4329 non
596 4285 773 4349 autem
814 4278 880 4329 ab
910 4278 997 4337 iis,
1027 4278 1118 4349 qu_i
1153 4269 1570 4349 eatiritiferunt.
1607 4269 1807 4346 Quibus
1833 4279 2024 4341 verbis,
2049 4289 2201 4349 certe
2216 4269 2489 4349 Apes-tatu}
2527 4285 2577 4328 et
2606 4276 2756 4342 impii
2787 4269 3143 4349 persecutoris
3179 4269 3489 4349 declaratur
3520 4273 3688 4337 impe-

450 4343 841 4416 riumsldcirco
870 4340 1057 4397 autem
1075 4345 1397 4416 candidiani
1425 4340 1795 4416 prwlecturam
1837 4349 1904 4400 ad
1943 4364 2139 4400 annum
2173 4340 2278 4400 363
2304 4344 2628 4412 differimus,
2653 4340 2816 4416 quod,
2854 4345 2952 4416 qui
2973 4358 3110 4416 anno
3139 4340 3394 4416 superiori
3435 4349 3683 4416 pra'erat,

450 4429 567 4465 cum
609 4412 1006 4465 Nazianzenam
1036 4414 1308 4467 ecclesiam
1348 4416 1396 4469 vi
1425 4408 1491 4468 ἐι
1522 4408 1688 4471 armis
1725 4419 1970 4472 invadere
2000 4422 2273 4478 tentasset,
2312 4408 2491 4467 tantas
2524 4408 2794 4481 tt'quitatis
2834 4408 2896 4465 ac
2924 4412 3154 4479 justitia:
3192 4408 3398 4461 nomine
3432 4409 3614 4464 laudes
3638 4419 3689 4464 et

448 4483 682 4535 encomia
712 4500 743 4533 a
772 4481 1028 4551 Theologo
1059 4501 1159 4536 non
1188 4495 1321 4537 esset
1348 4496 1676 4541 consecutus.

523 4575 623 4630 Ubi
670 4592 815 4629 nunc
869 4577 1161 4646 sophistae?
1211 4577 1352 4643 Quid
1400 4586 1581 4634 tacent
1614 4580 1820 4650 poetae?
1864 4578 2014 4645 Quos

2191 4576 2301 4629 Ποῦ
2348 4576 2443 4630 νῦν
2475 4576 2524 4628 οἱ
2580 4574 2864 4644 σοφισταί;
2913 4574 2964 4627 τί
3016 4575 3291 4628 σιωπῶσιν
3330 4576 3378 4628 οἱ
3432 4574 3560 4647 περὶ
3592 4572 3692 4644 τὴν

449 4667 704 4721 meliores
752 4680 1034 4720 sermones
1087 4666 1396 4735 requirunt,
1442 4676 1537 4721 aut
1577 4682 1740 4738 quam
1775 4665 2018 4737 splendi-

521 4777 633 4846 (55)
677 4777 794 4843 Τὴν
813 4773 1005 4847 πεζὴν
1025 4777 1299 4845 στέργειν
1326 4780 1709 4847 φιλοσοφίαν.
1742 4777 2019 4834 Pedestris

450 4846 789 4916 philosophia
847 4846 1123 4916 humique
1179 4848 1479 4914 depressa,
1540 4846 1671 4901 nihil
1732 4850 1877 4902 aliud
1937 4856 2023 4903 est

450 4915 611 4984 quam
645 4917 752 4967 vita
780 4915 1004 4985 privata.
1043 4931 1141 4970 uec
1188 4917 1293 4969 ulla
1326 4918 1526 4985 publici
1562 4919 1803 4972 muneris
1848 4917 2024 4972 admi-

450 4986 773 5039 nistratione
807 4984 1090 5038 distracta.

522 5053 635 5121 (56)
667 5054 821 5126 :qu
841 5052 917 5126 dif
936 5053 1148 5126 ᾲγνοῶ.
1191 5053 1264 5106 Ita
1296 5054 1427 5126 Reg.
1462 5072 1604 5126 unus
1626 5064 1679 5109 et
1726 5054 1881 5126 Pass.
1922 5054 2021 5110 Ed.

450 5122 554 5184 ἕως
590 5122 722 5195 γνῶ,
760 5123 903 5190 quod
938 5123 1127 5178 Billius
1160 5125 1341 5187 vertit,
1380 5122 1729 5195 quoadusque
1764 5125 2025 5194 explora-

453 5201 561 5244 tum
595 5191 844 5245 habuero.

523 5262 634 5335 (ξῖ)
668 5259 790 5335 Τῶν
819 5260 1198 5335 :r_s_:r_.__Bil_lius,
1216 5264 1303 5332 qui
1332 5262 1486 5331 ﬁdem
1516 5264 1663 5319 nobis
1702 5264 2016 5321 habuerunt.

523 5329 634 5400 (58)
667 5330 816 5384 Alias
839 5329 1021 5401 CLIX.
1051 5329 1263 5401 Scripta
1287 5329 1431 5386 circa
1462 5350 1664 5387 annum
1695 5335 1820 5389 562.

524 5399 635 5473 (59)
684 5399 954 5473 Εὑτξιχεῖ
990 5399 1248 5473 θαλάμῳ.
1300 5402 1372 5454 Ita
1418 5401 1547 5471 Reg.
1605 5419 1767 5473 unus,
1798 5414 1853 5458 et
1902 5404 2017 5473 ipse

450 5468 740 5605 pliIJFI'lliS:
784 5468 992 5538 Olymp.
1032 5469 1123 5522 od.
1159 5487 1231 5531 Vl,
1259 5473 1464 5539 stroph.
1495 5468 1544 5526 ἰ.
1575 5472 1672 5527 Ed.
1709 5476 1847 5527 male
1872 5468 2019 5525 εὔτυ-

451 5557 559 5605 χει,
616 5555 642 5590 e
668 5554 753 5591 tct.

486 5557 559 5598 ει,
595 5554 753 5598 ιειιει.

451 5559 787 5678 κεξῖὶῦἶυῖίν
815 5607 981 5678 Θεόν.
1016 5605 1091 5660 lta
1120 5605 1253 5678 Reg.
1292 5625 1452 5662 unus.
1490 5608 1545 5663 In
1594 5610 1681 5663 ed.
1719 5611 1872 5665 deest
1904 5612 2011 5663 τόν.

523 5676 634 5747 (61)
670 5675 1018 5744 Διαγράφειν
1036 5675 1401 5745 ἐπιχειροῦσι
1426 5681 1656 5746 χρυσίδι·
1679 5683 1731 5732 οἱ
1754 5678 1861 5745 τῆς
1892 5681 2017 5747 ἠγε-

2124 4668 2370 4739 ποίησιν;
2401 4666 2553 4729 τινας
2589 4665 2779 4734 λόγους
2818 4665 3072 4736 ἀμείνους
3103 4665 3468 4736 ἐπιζητοῦσιν,
3497 4665 3530 4735 ἢ
3570 4666 3691 4718 τίνα

2121 4779 2376 4851 por-cxiii;
2422 4778 2665 4851 τᾴξεως.
2703 4777 2840 4832 Male
2877 4778 3039 4851 vertit
3072 4778 3282 4851 Billius,
3310 4794 3597 4851 expungere
3628 4794 3691 4830 ac

2128 4847 2384 4919 dignitate
2425 4848 2671 4903 abdicare
2694 4860 2961 4919 conantur
3003 4850 3041 4901 ii
3071 4850 3160 4917 qui
3196 4849 3270 4901 rei
3313 4847 3531 4919 militari
3560 4862 3692 4919 prter

2131 4916 2251 4989 fecti
2273 4929 2437 4972 sunt:
2470 4934 2578 4973 non
2616 4918 2760 4989 enim
2802 4917 2867 4971 ad
2894 4918 2968 4971 rei
3010 4916 3224 4989 militari
3259 4916 3563 4989 praefectos,
3593 4916 3689 4970 sed

2133 4985 2200 5043 ad
2229 4990 2544 5057 episcopum
2576 4988 2947 5056 pertinuisset,
2981 4988 3213 5057 aliquem
3253 5002 3282 5037 e
3308 4985 3453 5057 clero
3470 5001 3690 5057 expun-

2134 5054 2352 5127 gi-rc'ac
2378 5054 2642 5126 dignitate
2676 5057 3045 5127 ecclesiastica
3076 5054 3351 5108 abdicare.
3384 5054 3582 5127 Agitur
3604 5055 3690 5127 hic

2131 5124 2199 5182 de
2225 5124 2568 5196 praestatione
2601 5125 2789 5196 tributi
2823 5128 2882 5196 iu_
2920 5125 3143 5196 bellicos
3192 5132 3442 5196 sumﬂptus
3476 5124 3687 5196 indicti.

2200 5188 2308 5266 (62)
2343 5192 2583 5266 ’Ὧν-(τοι
2627 5193 2795 5266 μέλει
2821 5234 2834 5247 .
2870 5194 2943 5248 Ita
2974 5194 3247 5266 Alegimus.
3288 5188 3385 5245 Ed.
3422 5193 3566 5266 male
3608 5188 3689 5256 οἷς

2130 5259 2217 5337 σοι’
2270 5259 2438 5337 μέλει.
2474 5263 2593 5337 Mox
2627 5259 2937 5337 δεινάτατα.
2973 5259 3215 5333 Italleg.
3254 5279 3396 5317 unus
3440 5273 3493 5315 et
3532 5259 3686 5317 Pass.

2128 5335 2225 5388 Ed.
2260 5333 2439 5387 minus
2480 5334 2615 5403 bene
2642 5333 2940 5403 δεινότητα.

2196 5405 2305 5475 (65)
2336 5405 2437 5475 Διὰ
2456 5402 2573 5475 siin
2592 5398 2880 5475 ήμετέραξξ
2914 5400 3241 5475 accedatur.
3270 5400 3344 5475 ita
3369 5398 3533 5469 ηερε.
3556 5399 3689 5475 duo.

2126 5471 2181 5527 In
2206 5470 2313 5529 'ed'.
2340 5472 2494 5527 deest
2525 5473 2818 5525 εὐτέλειαν.
2847 5472 3038 5526 Billius
3060 5472 3117 5524 in
3144 5473 3394 5525 versione
3415 5470 3686 5536 supplevit

2125 5543 2328 5611 φιλίαν,
2371 5542 2444 5595 ita
2477 5552 2692 5596 vertens
2723 5560 2735 5595 :
2772 5553 2819 5595 et
2853 5541 3059 5610 quidem
3094 5541 3318 5609 fortasse
3350 5538 3410 5590 ob
3435 5553 3547 5591 eam
3573 5552 3688 5606 qua:

2126 5612 2250 5665 mihi
2277 5628 2392 5663 cum
2412 5628 2472 5665 eo
2502 5620 2601 5669 est.
2633 5612 2941 5664 amicitiam.

2194 5681 2302 5750 (64)
2334 5681 2483 5736 Alias
2509 5678 2739 5735 CXCIV.
2773 5680 2987 5749 Scripta
3018 5695 3159 5734 anno
3186 5679 3307 5734 565.
