4066 6214
469 301 541 359 59
1671 300 1726 355 s.
1770 298 2096 355 cneconn
2135 297 2487 356 TIIEOLOGI
3644 309 3711 368 ω
3760 287 3767 294 ’

472 419 654 490 potius
681 415 846 471 menti
887 415 1111 481 cedunt,
1140 433 1305 487 quam
1347 419 1604 480 aliorum,
1646 420 1847 489 quibus
1877 420 2041 474 auda-

2151 420 2239 472 τοῦ
2287 419 2466 487 λέγειν
2501 413 2750 490 δύναμιν.
2797 421 2856 472 ’0
2875 416 2986 489 γάρ
3005 417 3166 480 αὐτὸς
3202 416 3406 488 κρίνειν
3443 433 3499 469 τε
3543 419 3713 485 ἱκανὸς

471 512 554 564 cia
591 527 688 579 pro
721 509 836 580 lege
867 518 976 574 est,
1010 512 1331 565 auctoritati
1369 527 1432 564 ac
1465 514 1740 582 potentia).
1790 514 1893 566 Alii
1926 529 2047 566 rur-

471 617 592 655 sum
624 599 952 656 eruditionis
982 602 1081 670 ιι
1110 601 1219 655 vim
1249 602 1622 665 admirentur;
1657 605 1742 658 vel
1774 603 1819 658 si
1850 603 2046 666 mavis,

469 692 795 744 eruditionis
821 709 995 762 genus
1026 709 1211 757 omne,
1245 703 1354 747 tam
1399 695 1546 763 quod
1581 698 1647 749 ad
1681 711 1894 758 eorum,
1928 712 2050 765 qua:

471 783 753 846 dicuntur,
807 799 1093 838 censuram
1154 801 1219 839 ac
1277 785 1547 856 judicium
1595 789 1826 850 attinet,
1881 803 2047 856 quam

471 874 612 942 quod
646 875 709 927 ad
750 874 965 929 dicendi
1004 876 1340 932 facultatem.
1373 877 1520 930 Idem
1572 877 1730 944 enim
1754 880 1870 947 ipse
1901 878 2050 947 judi-

469 966 614 1017 cium
659 965 725 1018 de
752 966 1100 1020 sermonibus
1125 965 1269 1021 ferre
1299 976 1474 1037 potes.
1509 976 1563 1022 et
1592 969 1853 1037 majorem
1881 969 2046 1024 etiam

472 1058 524 1109 iu
556 1058 790 1111 dicendo
821 1059 928 1111 vim
963 1059 1181 1114 obtines
1210 1080 1222 1113 :
1259 1063 1332 1113 ita
1365 1069 1422 1113 ut
1461 1061 1694 1114 alterum
1723 1077 1951 1115 aureum
1981 1061 2049 1114 il-

471 1147 577 1200 lius
605 1147 878 1200 calculum
914 1148 1134 1210 referat,
1162 1158 1257 1202 aut
1291 1148 1633 1203 Homericam
1673 1152 1819 1204 illam
1857 1167 2047 1206 amus-

471 1236 595 1301 sim,
647 1237 748 1290 sub
798 1252 906 1306 qua
939 1254 1204 1308 equormn
1243 1240 1469 1294 Eumelii
1512 1242 1877 1309 :equalitalem
1914 1257 2047 1296 cen-

468 1327 575 1379 seri
609 1343 671 1381 ac
703 1329 965 1398 perpendi
1015 1330 1279 1400 contigit;
1321 1331 1550 1385 alterum
1597 1342 1776 1385 autem
1829 1331 2048 1388 nimbos

470 1417 733 1472 hiemales
768 1427 1009 1488 superet.
1048 1419 1172 1474 Pari
1205 1423 1349 1476 enim
1385 1439 1508 1475 cum
1541 1423 1722 1486 laude,
1757 1439 1901 1476 nunc
1927 1439 2048 1478 cer-

469 1507 690 1561 tatninis
723 1511 990 1564 arbitrum
1027 1512 1166 1582 agis,
1205 1510 1268 1567 ac
1304 1515 1460 1582 prius
1492 1515 1609 1584 ipse
1639 1515 1910 1570 certabas.
1939 1515 2046 1570 Alii

467 1596 778 1652 ﬁrmitatem
831 1601 1054 1656 lenitate
1102 1612 1460 1673 temperatam
1507 1605 1759 1660 laudibus
1795 1605 2045 1671 eﬂ'erant,

463 1690 900 1759 suavitatemque
953 1692 1088 1745 nihil
1147 1695 1424 1759 abiectum
1482 1696 1814 1759 habentem,
1860 1697 2048 1764 cujus-

2151 511 2306 579 λόγον
2339 510 2472 580 (76),
2515 511 2608 562 καὶ
2641 512 2818 564 εἰπεῖν
2873 509 3243 580 δυνατώτερος
3267 527 3282 540 ·
3326 509 3399 572 ὡς
3425 509 3482 561 τὸ
3503 512 3593 580 μὲν
3619 515 3714 567 αὐ-

2150 601 2244 655 τοῦ
2272 603 2383 670 (77)
2418 602 2511 654 καὶ
2559 601 2659 672 τὴν
2708 603 2916 674 χρυσῆν
2960 601 3282 665 εἰκάζεσθαι
3312 601 3508 671 ψῆφον,
3549 604 3579 672 ἢ
3623 606 3719 676 τὴν

2164 693 2464 764 Ὁμηρικὴν
2511 692 2759 764 στάθμην
2811 693 3026 762 ἐκείνην
3069 691 3204 762 (78),
3238 693 3330 762 ὑφ’
3451 694 3718 766 κρίνεσθαι

2155 785 2440 855 συμϐαίνει
2473 785 2574 855 τὴν
2595 784 2706 837 τῶν
2738 783 3057 854 Εὐμηλείων
3084 785 3266 837 ἵππων
3299 786 3542 856 ἰσότηταο
3575 788 3633 838 τὸ
3665 786 3720 840 δὲ

2153 877 2295 946 ὑπὲρ
2332 876 2431 939 τὰς
2459 874 2776 946 χειμερίους
2813 873 2953 929 εἶναι
2998 875 3259 944 νιφάδαςο
3298 876 3723 945 ἀγωνοθετοῦντά

2150 985 2210 1020 τε
2243 967 2446 1038 ὁμοίως
2487 966 2606 1030 νῦν,
2641 967 2755 1019 καὶ·
2779 965 3181 1036 ἀγωνιζόμενον
3229 967 3513 1039 πρότερον.
3547 967 3727 1020 ’Ἄλλοι

2152 1059 2214 1112 τὸ
2240 1057 2465 1129 στερρὸν
2497 1057 2607 1127 (79)
2643 1057 3036 1111 ὲπαινεὶτωσαν
3063 1056 3141 1127 τῷ
3171 1057 3332 1128 πράῳ
3354 1057 3730 1128 συγκεκραμέ-

2152 1168 2260 1216 νον,
2305 1149 2401 1203 mi.
2436 1149 2496 1202 τὸ
2531 1149 2644 1221 (80)
2690 1151 2747 1203 ἐν
2774 1149 2851 1219 τῷ
2886 1149 3134 1220 μειλιχίῳ
3181 1149 3254 1220 μὴ
3310 1149 3728 1220 συμπεπτωκὸς,

2147 1235 2235 1296 οἵα
2257 1241 2322 1295 τά
2343 1241 2450 1294 τῶν
2469 1241 2700 1294 λεόντων
2724 1241 3095 1313 σκιρτήματα.
3124 1239 3307 1293 ’Ἄλλοι
3328 1240 3418 1293 τὸν
3438 1239 3732 1310 εὐρυσθενῆ

2149 1331 2348 1403 χρυσὸν
2381 1331 2476 1384 καὶ
2521 1333 2808 1402 τιμήεντα,
2856 1330 2994 1402 μετὰ
3033 1330 3142 1383 τῶν
3193 1331 3407 1400 σεμνῶν
3452 1330 3732 1400 ὀνομάτων

2151 1423 2544 1492 άτιμασθέντα,
2581 1423 2676 1475 καὶ
2711 1420 3093 1493 προτροπάδην
3130 1419 3348 1485 εἴξαντα
3379 1420 3505 1493 δίκῃ
3533 1423 3598 1491 τῇ
3627 1422 3691 1490 σῇ
3716 1437 3730 1450 °

2152 1516 2386 1584 πρᾶγμα
2417 1514 2577 1582 μόνον
2619 1511 2682 1582 δὴ
2733 1511 2949 1564 πάντων
2991 1511 3086 1564 καὶ
3137 1510 3306 1581 ἀκοῆς
3351 1510 3448 1562 καὶ
3499 1510 3734 1572 πίστεως

2151 1603 2501 1675 ὑψηλότερον.
2554 1603 2846 1672 Ποιητικδς
2887 1601 2942 1654 δέ
2969 1619 3056 1664 τις
3098 1601 3238 1672 ἀνὴρ
3277 1601 3374 1654 καὶ
3399 1601 3500 1671 τὴν
3543 1601 3736 1671 τέχνην

2147 1696 2346 1764 ἄφετος
2390 1695 2486 1748 καὶ
2535 1695 2856 1764 αὐτόνομος,
2908 1694 3003 1746 καὶ¹
3045 1693 3206 1763 μέλος
3263 1693 3520 1764 ἀγροικδν
3567 1709 3736 1763 προσ-

465 1779 610 1831 111οιΙὶ
646 1781 854 1835 scilit-et
895 1791 1026 1836 sunt
1063 1785 1282 1838 leonum
1323 1787 1514 1841 saltus.
1549 1786 1659 1840 Alii
1693 1788 1904 1842 viribus
1931 1788 2048 1856 pol-

2151 1786 2321 1856 ᾳδέτω
2350 1803 2433 1838 σοι
2460 1785 2595 1856 (81),
2614 1785 2868 1856 γηπόνων
2898 1785 3057 1856 χορὸν
3081 1785 3440 1854 στησάμενος,
3473 1785 3564 1835 καὶ
3593 1785 3737 1851 ἀμη-

469 1869 607 1931 lens,
643 1878 696 1924 et
726 1871 932 1928 honore
968 1875 1257 1944 prteditum
1282 1892 1503 1940 aurum,
1537 1892 1645 1931 una
1681 1892 1805 1931 cum
1837 1879 2048 1948 magni-

467 1958 584 2012 (iris
620 1962 938 2017 nominibus
982 1974 1377 2034 contemptum,
1414 1977 1578 2035 atque
1611 1969 1667 2020 in
1698 1966 1929 2020 eﬂ'usam
1964 1967 2044 2021 fn-

461 2064 584 2117 gam
631 2065 661 2102 a
689 2049 906 2118 justitia
955 2063 1048 2106 tua
1097 2070 1425 2110 conversum
1456 2073 1468 2108 :
1497 2072 1588 2114 res
1641 2073 1776 2112 sane
1830 2073 1939 2111 una
1982 2074 2050 2112 ex

461 2141 720 2194 omnibus
765 2143 1047 2200 auditione
1090 2161 1154 2200 ac
1205 2147 1308 2201 fide
1351 2149 1660 2205 sublimior.
1708 2148 1850 2215 Quin
1889 2157 2049 2220 poeta

463 2244 682 2296 quoque
725 2232 995 2300 quispiam
1043 2245 1209 2303 atque
1253 2245 1372 2289 arte
1423 2237 1652 2291 liberior
1688 2247 1751 2290 et
1793 2240 2046 2301 solutior,

463 2318 828 2385 agricolarum
853 2321 1041 2399 ichoro
1078 2331 1289 2383 coacto.
1325 2325 1588 2378 rusticum
1635 2340 1856 2378 carmen
1897 2328 2048 2379 acci-

464 2415 578 2468 nat,
629 2409 991 2478 tletncssaque
1035 2422 1247 2464 matura
1279 2413 1452 2480 spica,
1495 2428 1659 2482 quam
1702 2415 2049 2480 jucuudissi—

466 2511 606 2547 mam
649 2499 912 2550 cex-ollam
963 2507 1167 2563 nectat,
1223 2502 1531 2571 vitibusque
1579 2502 1780 2558 hedera
1830 2512 1882 2557 et
1927 2507 2047 2560 uvis

464 2585 776 2642 inici-textis
804 2597 969 2656 caput
1002 2590 1208 2660 cingat.
1242 2591 1609 2660 Agriculturae
1638 2594 1897 2648 nimirum
1932 2597 2048 2650 haec

464 2687 658 2730 tcsuva
699 2693 857 2732 sacra
898 2687 1047 2745 sunt,
1087 2691 1180 2735 tuo
1212 2681 1477 2737 beneﬁcio
1516 2700 1738 2738 rursum
1767 2685 1834 2739 ad
1867 2685 2046 2740 homi-

462 2786 562 2824 nes
609 2772 808 2825 allatae.
874 2771 1056 2841 Rupes
1102 2773 1267 2827 etiam
1316 2775 1399 2827 lac
1444 2773 1698 2840 fundant,
1760 2784 1813 2830 et
1865 2777 2045 2830 fontes

465 2863 603 2920 mel:
651 2878 714 2916 ac
744 2869 927 2932 planta
974 2865 1175 2930 omnis,
1225 2877 1333 2920 tam
1402 2868 1574 2934 culta,
1619 2884 1784 2938 quam
1857 2869 2114 2940 agrestis,

2155 1876 2388 1945 σάμενος
2420 1875 2620 1944 στάχυν
2667 1875 2890 1945 ὡραῖον,
2926 1873 3172 1926 πλεκέτω
3207 1873 3468 1940 στέφανον
3510 1873 3596 1924 ὅτι
3621 1871 3735 1941 ἣδι-

2155 1983 2299 2030 στον,
2332 1966 2596 2037 ἠμερίδας
2618 1982 2677 2018 τε
2707 1966 2836 2036 περ),
2870 1964 3113 2034 κεφαλῆς
3132 1963 3390 2033 ὲγειρέτω
3419 1961 3530 2033 (82)
3563 1960 3739 2029 κισσῷ

2152 2053 2475 2118 διαπλόκους
2524 2055 2618 2108 καὶ
2658 2053 2900 2126 βότρυσι.
2942 2052 3225 2125 Γεωργὶας
3264 2051 3432 2104 ταῦτα
3483 2050 3738 2114 θαλύσια,

2153 2145 2241 2198 διὰ
2268 2144 2361 2197 σοῦ
2393 2144 2554 2198 πάλιν
2589 2145 2895 2217 ἀνθρώποις
2924 2141 3324 2211 ἐπενεχθούστις
3360 2140 3501 2212 (85)·
3538 2137 3743 2208 πέτραι

2153 2253 2212 2287 τε
2243 2236 2386 2302 γάλα
2434 2237 2691 2297 ναὸντων,
2727 2235 2819 2286 καὶ
2857 2233 2978 2302 μέλι
3029 2233 3245 2301 κρῆναι,
3293 2232 3386 2282 καὶ
3432 2228 3598 2297 φυτὸν
3625 2227 3740 2297 (8ιί)

2155 2327 2301 2379 ἅπαν
2333 2327 2558 2396 ἡμέροις
2593 2325 2813 2393 κομάτω
2839 2324 3087 2392 καρποῖς,
3120 2320 3417 2390 σύντροφόν
3446 2334 3507 2370 τε
3536 2317 3744 2387 ὁμοίως

2154 2414 2248 2465 καὶ
2271 2413 2447 2484 ὄρειον
2477 2413 2611 2482 (85)·
2643 2407 2732 2465 οἷα
2760 2411 2825 2464 τὰ
2858 2411 2966 2464 τῶν
2990 2409 3229 2480 ποιητῶν
3264 2409 3579 2477 πλάσματα,
3613 2409 3746 2460 ὅταν

2152 2503 2275 2556 τινὰ
2307 2504 2498 2556 ποιῶσι
2542 2503 2907 2574 χαριζομένην
2938 2502 3036 2571 τὴν
3065 2502 3187 2571 γῆν.
3218 2500 3406 2555 Ταῦτα
3443 2499 3565 2570 μὲν,
3601 2500 3746 2570 ὅπερ

2152 2595 2309 2664 ἓιην,
2359 2593 2623 2662 λεγόντων
2659 2611 2717 2646 τε
2767 2594 2858 2645 καὶ
2897 2591 3238 2644 πλαττόντων
3284 2592 3482 2661 ἕτεροι.
3526 2589 3603 2642 Τὸ
3631 2589 3747 2659 γὰρ

2151 2685 2350 2738 οἰκεῖον
2402 2685 2568 2747 ἅπαν,
2611 2685 2672 2738 οὑ
2717 2685 2892 2748 πιέζει
2925 2685 3104 2754 μόνον,
3147 2684 3222 2745 ὡς
3274 2685 3341 2754 τῇ
3401 2681 3543 2753 λύρᾳ
3569 2680 3746 2743 δοκεῖ,

2151 2775 2287 2829 ἀλλὰ
2313 2777 2407 2828 καὶ
2435 2775 2748 2846 εὐφραίνειν
2779 2775 3014 2845 μάλιστα
3044 2775 3309 2843 πέφυκεν.

2152 2869 2378 2924 milibus
2424 2868 2695 2924 lructibus
2764 2867 3030 2922 redundet
3085 2884 3098 2920 :
3151 2863 3461 2934 cujnsmodi
3523 2861 3749 2918 scilicet

462 2961 740 3019 poetarum
798 2957 1052 3027 ﬁgmenta
1097 2966 1245 3025 sunt,
1300 2975 1425 3013 eum
1471 2967 1676 3014 terram
1726 2962 2065 3032 benignitate
2121 2963 2301 3031 aliqua
2353 2969 2598 3016 utentem
2650 2961 2937 3015 inducunt.
2987 2959 3132 3018 Heee,
3187 2960 3432 3026 inquam,
3491 2965 3554 3009 ut
3605 2955 3749 3008 dixi.

462 3048 550 3100 alii
583 3065 715 3103 sane
747 3050 931 3104 dicant
954 3058 1007 3106 et
1040 3051 1316 3121 elﬁngant.
1358 3052 1570 3105 Etenim
1591 3067 1753 3107 omne
1803 3053 1881 3115 id,
1928 3054 2076 3123 quod
2139 3068 2413 3124 quemque
2465 3054 2683 3124 proprie
2735 3052 2956 3122 attingit
3013 3066 3122 3104 non
3171 3050 3349 3104 solum
3413 3047 3642 3118 premit,
3691 3056 3754 3100 ut

460 3137 656 3208 Lyt-ico
700 3141 932 3206 videtur,
962 3143 1058 3197 sed
1086 3144 1251 3197 etiam
1297 3159 1459 3214 quam
1497 3146 1733 3200 maxime
1765 3145 2044 3202 oblectare
2083 3147 2244 3203 solet.

537 3254 644 3323 Ego
687 3262 891 3316 autem,
923 3256 1068 3325 quod
1115 3256 1170 3309 in
1216 3259 1323 3312 luis
1368 3258 1672 3312 virtutibus
1708 3259 2046 3329 singularem
2076 3265 2118 3322 C

461 3348 516 3401 in
552 3349 770 3402 modum
807 3348 1048 3403 admiror
1095 3357 1257 3418 atque
1303 3351 1624 3416 amplector,
1683 3350 1787 3404 hoc
1825 3351 2044 3410 dicam;

461 3441 718 3493 nimirum
751 3442 897 3509 quod
931 3443 1194 3511 temporis
1223 3421 1540 3495 dillicultate
1577 3458 1642 3495 ac
1671 3442 1921 3496 molestia
1953 3457 2048 3495 su-

461 3533 766 3586 blimiorem
801 3538 854 3584 te
885 3532 1149 3600 praebeas.
1179 3531 1314 3586 Nam
1364 3549 1491 3586 cum
1533 3534 1796 3602 religione
1824 3532 2044 3602 gentilis

460 3625 562 3684 sis,
611 3638 674 3676 ac
721 3623 977 3692 praesenti
1024 3625 1337 3693 imperatori
1378 3639 1441 3678 ea
1483 3640 1604 3692 qua:
1656 3633 1783 3678 sunt
1831 3624 2046 3693 imperii

459 3722 732 3782 przestes:
767 3729 872 3766 non
909 3721 1090 3767 tamen
1137 3716 1208 3768 ita
1248 3715 1350 3784 ipsi
1386 3715 1641 3777 inscrvis,
1679 3724 1736 3766 ut
1782 3714 2048 3783 temporis

461 3806 799 3867 adulatores,
839 3805 933 3860 sed
982 3814 1040 3860 ιιι
1073 3805 1130 3867 ii,
1176 3808 1267 3876 qui
1319 3805 1608 3875 probitatis
1652 3813 1706 3858 ct
1741 3806 2045 3862 honestatis

459 3897 626 3950 amici
664 3908 812 3957 sunt,
843 3897 1062 3966 altaque
1089 3906 1143 3950 et
1185 3897 1404 3952 excelsa
1438 3905 1619 3951 mente
1668 3897 1879 3966 przrditi
1913 3915 1928 3950 :
1962 3903 2044 3948 at-

459 4003 568 4055 que
603 3987 676 4039 ita
730 3987 1072 4042 adulatorum
1124 3989 1322 4042 servile
1370 3987 1696 4056 obsequium
1751 3988 2042 4050 abhorres,

461 4078 658 4146 patriae
706 4087 886 4132 autem
923 4080 1360 4131 benevolentirmt
1390 4095 1601 4141 servas,
1649 4078 2044 4131 immortalem-

457 4186 570 4238 que
611 4170 664 4221 in
699 4185 754 4221 re
784 4169 995 4220 mortali
1032 4169 1260 4235 gloriam
1307 4171 1684 4236 consequeris.
1732 4167 1874 4231 Quin
1915 4168 2045 4220 illud

459 4259 626 4313 ctiam
675 4257 728 4309 in
781 4267 996 4310 tuarum
1035 4257 1275 4308 laudum‘
1307 4271 1538 4309 numero
1589 4257 1902 4322 ponendum
1939 4262 2043 4317 est,

2234 3260 2374 3328 Ἐγὼ
2418 3258 2474 3311 δὲ
2505 3257 2532 3310 ὃ
2574 3257 2936 3326 διαφερόντως
2983 3254 3091 3309 τῶν
3135 3253 3240 3306 σῶν
3285 3253 3497 3322 ἄγαμαί
3548 3269 3611 3304 τε
3655 3253 3756 3305 καὶ

2149 3351 2487 3419 ἀσπάζομαι,
2511 3347 2668 3400 τοῦτο
2694 3348 2803 3418 ἐρῶ
2825 3363 2837 3376 ·
2867 3348 2948 3399 ὅτι
2974 3347 3075 3415 τῆς
3101 3343 3196 3397 τοῦ
3225 3343 3415 3411 καιροῦ
3445 3343 3757 3406 δυσκολίας

2149 3445 2437 3514 κρείττονα
2487 3440 2712 3494 σεαυτὸν
2780 3440 3059 3511 παρέχεις.
3104 3437 3302 3506 Ἕλλην
3353 3435 3451 3504 μὲν
3505 3434 3586 3487 ὢν
3647 3437 3755 3506 τὴν

2147 3531 2466 3603 θρησκείαν,
2503 3531 2596 3582 καὶ
2645 3528 2721 3599 τῷ
2755 3529 2982 3598 παρόντι
3018 3526 3210 3598 κράτει
3250 3525 3319 3578 τὰ
3358 3523 3450 3577 τοῦ
3498 3527 3757 3596 κράτους

2146 3622 2614 3693 ὑπηρετοόμενος·
2665 3618 3104 3691 ὑπηρετούμενος
3137 3618 3193 3670 δὲ
3230 3615 3366 3686 (86),
3399 3617 3496 3684 οὐχ
3543 3617 3653 3670 ὅσα
3695 3624 3751 3674 οξ

2142 3713 2237 3767 τοῦ
2271 3712 2464 3784 καιροῦ
2519 3712 2771 3776 κόλακες,
2822 3711 3069 3763 ἀλλ’-ὃσα
3118 3710 3174 3762 οἱ
3215 3708 3310 3760 τοῦ
3362 3705 3526 3759 καλοῦ
3562 3708 3748 3774 φίλοι,

2143 3803 2239 3856 καὶ
2274 3802 2673 3873 μεγαλόφρονες
2697 3817 2710 3830 ·
2749 3801 2845 3853 καὶ
2890 3799 2998 3852 τῶν
3033 3799 3129 3868 μὲν
3168 3797 3266 3867 τὴν
3299 3795 3596 3867 θεραπείαν
3629 3798 3749 3864 ἁφ-

2144 3891 2462 3962 οσιούμενος
2504 3888 2637 3962 (87),
2667 3889 2850 3961 τηρῶν
2888 3887 2947 3940 δὲ
2992 3889 3057 3957 τῇ
3095 3885 3312 3956 πατρίδι
3354 3886 3452 3953 τὴν
3493 3882 3747 3950 εὔνοιαν,

2147 3985 2241 4037 καί
2270 3983 2536 4036 ἀθάνατον
2559 3982 2616 4033 ὲν
2649 3979 2829 4051 θνητῷ
2859 3980 3144 4050 πράγματι
3173 3977 3271 4046 τὴν
3298 3973 3453 4038 δόξαν
3485 3976 3746 4044 καρπούς-

2151 4093 2331 4146 μενος.
2353 4075 2591 4126 Κὰκεῖνο
2616 4072 2670 4124 δέ
2695 4089 2786 4123 σου
2812 4069 2918 4122 τῶν
2939 4067 3261 4128 ἐπαινετῶν,
3285 4067 3366 4118 ὅτι
3392 4067 3486 4117 καὶ
3509 4065 3670 4134 φιλίᾳ
3691 4084 3750 4118 τι

2149 4163 2334 4230 νέμεις
2365 4161 2544 4220 αἰδοῦς
2566 4162 2622 4210 ἐν
2639 4157 2877 4224 τοσούτῳ
2893 4155 2990 4222 τῆς
3008 4156 3182 4222 ἀρχῆς
3211 4157 3388 4220 ὄγκῳ·
3412 4155 3504 4203 καὶ
3534 4154 3752 4221 σχολὴν

2151 4249 2303 4314 ἄγεις
2330 4248 2436 4299 ἀπὸ
2458 4245 2727 4297 τοσούτων
2750 4238 2824 4294 ὧν
2864 4242 3145 4310 πράττεις,
3180 4242 3256 4308 μὴ
3300 4236 3612 4308 μεμνῆσθαι.
3635 4240 3750 4308 μό-

456 4347 608 4417 quod
670 4348 722 4399 in
773 4353 925 4398 tanta
954 4347 1054 4413 12
1088 4345 1302 4414 imperii
1350 4344 1740 4412 amplitudine,
1790 4343 2046 4395 amicitia:

2151 4354 2261 4395 νον,
2297 4336 2431 4388 άλλά
2457 4336 2547 4388 καὶ
2575 4335 2738 4402 τιμᾷν
2755 4329 2846 4383 διὰ
2868 4329 3212 4400 γραμμάτων
3240 4329 3366 4390 τοὺς
3395 4328 3601 4394 φίλους.
3638 4331 3749 4384 κα)⁸

460 4453 682 4507 quoque
730 4437 934 4504 aliquid
992 4438 1311 4490 reverentiae
1361 4436 1604 4501 tribuis;
1659 4448 1723 4487 ac
1769 4434 1863 4487 tibi
1905 4449 1934 4485 a
1967 4441 2045 4487 tot

561 4673 649 4741 76)
675 4672 907 4740 Ῑιζρὶνεηο
928 4688 990 4723 τε
1019 4670 1223 4736 ἱκανὸς
1248 4671 1456 4739 λόγον.
1483 4667 1618 4725 Male
1641 4669 1804 4724 vortit
1826 4667 2038 4733 Billius,

459 4743 809 4816 judicium‘de
827 4742 1128 4816 rationibus
1154 4741 1486 4816 [errenpotes

537 4817 648 4885 (77)
680 4811 882 4883 Τὸμὲν
928 4807 1237 4865 αὑτοῦζιιξι
1283 4809 1448 4880 Regg.
1489 4811 1616 4863 duo.
1668 4809 1724 4863 lu
1764 4808 1850 4863 ed.
1888 4807 2044 4864 deest

465 4903 651 4939 αυτου.

539 4955 650 5023 (78)
686 4953 962 5022 Sta/iam»
1009 4951 1268 5023 ἐκείνην.
1321 4951 1396 5003 Ita
1441 4950 1572 5023 Reg.
1633 4964 1792 5023 unus.
1842 4949 1901 5001 lu
1951 4949 2040 5023 e_t_l.

465 5017 883 5092 ιιοὸειέκείνην.
910 5017 998 5075 De
1029 5021 1251 5076 Eumelii
1283 5024 1440 5092 equis
1471 5022 1615 5073 velut
1645 5019 1712 5071 ad
1749 5017 2042 5092 perpendi-

464 5095 648 5148 culum
698 5087 847 5161 ιρι-ει)
895 5093 1167 5146 similibus
1220 5087 1346 5146 vide
1390 5091 1704 5151 Homerum,
1760 5087 1917 5142 Hiad.
1977 5087 2039 5150 Β,

471 5181 519 5216 v.
557 5163 676 5216 765.

542 5233 590 5295 («7
598 5234 650 5295 9)
669 5233 869 5284 Ἄλλοι
885 5229 952 5282 τὸ
975 5230 1248 5296 στερῤὁν.
1263 5228 1339 5300 [ta
1355 5228 1526 5300 Regg.
1551 5229 1638 5297 plu
1649 5243 1754 5300 res.
1775 5226 1874 5300 Et],
1902 5227 2043 5300 male

467 5302 614 5354 ἄλλοι
639 5301 695 5353 δὲ
720 5301 780 5352 τὸ
805 5299 1096 5371 αὐστηρόν,
1129 5301 1272 5367 quod
1322 5297 1514 5355 Billiu's
1547 5298 1730 5362 vertit,
1769 5297 1870 5349 alii
1917 5297 2041 5350 item

467 5373 812 5425 severitatem.

540 5441 650 5507 (80)
684 5439 794 5491 Καὶ
829 5438 916 5490 τό.
953 5438 1027 5490 ῐιῖι
1077 5437 1241 5507 Begg.
1277 5437 1477 5506 plures,
1515 5446 1570 5492 et
1618 5437 1705 5491 ed.
1752 5435 1815 5490 ad
1863 5450 2036 5506 marg.

468 5509 603 5563 Male
633 5510 685 5562 iu
718 5516 865 5562 textu
899 5507 993 5560 καὶ
1025 5507 1122 5576 τῷ.

538 5580 649 5648 (81)
696 5577 998 5648 Ἀγροικρν
1027 5574 1372 5648 προσῇ-δέτω
1387 5593 1504 5628 σοι.
1525 5575 1602 5648 ita
1631 5574 1796 5648 liegg.
1833 5575 2037 5648 plures.

468 5647 568 5702 Ed.
595 5645 732 5703 nia'e
772 5645 997 5717 άγρικὸν
1034 5645 1468 5718 προσᾳδέτωσαν,
1501 5645 1596 5700 sed
1644 5645 2038 5713 adinarginem

2147 4423 2238 4475 τὸν
2272 4423 2435 4475 πόθον
2477 4421 2780 4492 ὁμολογεῖν,
2826 4419 2919 4473 καὶ
2949 4418 3084 4488 πρὸς
3115 4417 3304 4471 ἑαυτὸν
3354 4419 3534 4471 ἕλκειν
3568 4420 3751 4475 ἀπόν-

2146 4664 2351 4718 habent
2390 4663 2705 4734 προσᾳδέτω
2743 4680 2846 4734 σοι.

2219 4734 2340 4808 (Sitti
2369 4729 2505 4808 Περὶ
2546 4729 2818 4808 κεφαλῆς
2861 4731 3146 4801 ἑγειρέτω.
3202 4729 3333 4803 Reg.
3378 4748 3524 4789 uitus
3587 4735 3748 4808 ὑπὲρ

2147 4804 2386 4874 κεφαλῆς
2415 4804 2723 4874 ἀγειρέσω,
2745 4813 3086 4874 sitper‘caput
3113 4815 3402 4873 reiigreget.

2219 4872 2353 4944 (83)
2375 4872 2870 4942 Ἐπε--ι-ίεχθούσης.
2900 4872 2942 4924 R
2964 4874 3048 4942 -gii
3085 4879 3269 4942 p'ures
3296 4873 3743 4945 ἐπανελθούσης,

2146 4960 2385 4998 reversan
3367 4985 3372 4988 .

2219 5015 2328 5083 (84)
2357 5013 2465 5083 Kal
2517 5013 2725 5080 φυτόν.
2781 5011 2858 5064 lta
2899 5011 3089 5083 (Rrgg.
3144 5024 3402 5082 quatuor,
3443 5020 3497 5068 et
3530 5012 3616 5067 ed.
3656 5015 3739 5069 ad

2147 5081 2318 5147 marg.
2356 5081 2490 5135 Male
2525 5085 2578 5135 in
2608 5091 2779 5142 testu,
2812 5082 2905 5134 καί
2935 5098 3121 5151 φησιν.

2217 5154 2330 5224 (85)
2347 5151 2454 5206 Καὶ
2483 5152 2694 5224 epeia)».
2729 5150 3155 5224 ltaqlieggtrcs.
3191 5150 3288 5206 Ed.
3325 5154 3463 5208 male
3486 5153 3540 5206 in
3573 5160 3736 5207 textu

2141 5220 2381 5296 ὥριμρνε
2403 5220 2540 5296 tua“:
2565 5223 2744 5296 etiam.
2760 5221 2824 5272 ενι
2869 5220 3042 5296 "itte
3076 5220 3262 5296 ι’δριονο

2217 5290 2328 5361 (86)
2368 5290 2442 5344 Tt't
2486 5293 2592 5345 τοῦ
2627 5290 2889 5361 ,κράζους
2935 5291 3415 5358 ὺπηρετούμενος
3439 5308 3454 5321 ⁸
3506 5292 3736 5358 ὑπηρε-

2144 5358 2429 5433 tetigero;
2485 5361 2571 5414 δέ.
2624 5358 2698 5413 lta
2744 5358 2908 5429 chg.
2944 5361 3145 5428 plures.
3184 5363 3238 5414 ltt
3271 5361 3356 5415 ed.
3388 5361 3541 5414 deest
3569 5374 3732 5427 prius

2143 5431 2257 5501 ὐπη
2265 5431 2415 5508 ρετ-ού
2419 5448 2601 5508 μενος.

2217 5496 2328 5573 (87)
2504 5501 2621 5573 μὲν
2648 5499 2761 5565 τὴν
2777 5499 3093 5573 θεινςιπειίιζν
3112 5499 3568 5573 ἀφοσιούμενος.
3588 5496 3730 5573 Male

2141 5566 2550 5633 vertit-Dillius,
2593 5569 2900 5636 imperatori
2932 5567 3146 5636 quidam
3202 5568 3528 5635 defunctorie
3574 5566 3704 5619 obsc-

2141 5642 2358 5706 uueris;
2390 5656 2498 5694 non
2537 5641 2680 5694 enim
2712 5635 2854 5691 istud
2887 5635 3000 5692 viro
3041 5636 3185 5691 laudi
3216 5637 3448 5692 cederet.
