  <div class='ocr_page' id='page_1' title='image "/cluster/home/n/w/nwhite01/storage/ocr_20150623/37/hvd.32044069549996/026.png"; bbox 0 0 4066 6214; ppageno 0'>
   <div class='ocr_carea' id='block_1_1' title="bbox 322 315 1902 386">
    <p class='ocr_par' dir='ltr' id='par_1_1' title="bbox 322 316 1902 386">
     <span class='ocr_line' id='line_1_1' title="bbox 322 316 1902 386; baseline -0.008 -2"><span class='ocrx_word' id='word_1_1' title='bbox 322 328 386 386; x_wconf 75' lang='grc' dir='ltr'>ιι</span> <span class='ocrx_word' id='word_1_2' title='bbox 1711 316 1902 374; x_wconf 82' lang='lat' dir='ltr'><strong>EPIST</strong></span> 
     </span>
    </p>
   </div>
   <div class='ocr_carea' id='block_1_2' title="bbox 2005 315 3570 386">
    <p class='ocr_par' dir='ltr' id='par_1_2' title="bbox 2005 315 3570 372">
     <span class='ocr_line' id='line_1_2' title="bbox 2005 315 3570 372; baseline 0 -1"><span class='ocrx_word' id='word_1_3' title='bbox 2005 319 2046 371; x_wconf 79' lang='grc' dir='ltr'>Α</span> <span class='ocrx_word' id='word_1_4' title='bbox 2086 315 2176 372; x_wconf 72' lang='lat' dir='ltr'><strong>XI.</strong></span> <span class='ocrx_word' id='word_1_5' title='bbox 3099 332 3102 334; x_wconf 77' lang='lat'><strong>&#39;</strong></span> <span class='ocrx_word' id='word_1_6' title='bbox 3501 316 3570 372; x_wconf 60' lang='grc' dir='ltr'>Β</span> 
     </span>
    </p>
   </div>
   <div class='ocr_carea' id='block_1_3' title="bbox 319 429 1902 512">
    <p class='ocr_par' dir='ltr' id='par_1_3' title="bbox 319 429 1897 512">
     <span class='ocr_line' id='line_1_3' title="bbox 319 429 1897 512; baseline -0.008 -12"><span class='ocrx_word' id='word_1_7' title='bbox 319 462 416 507; x_wconf 85' lang='grc' dir='ltr'>τας</span> <span class='ocrx_word' id='word_1_8' title='bbox 445 441 579 512; x_wconf 86' lang='grc'>(88).</span> <span class='ocrx_word' id='word_1_9' title='bbox 627 437 772 492; x_wconf 78' lang='grc' dir='ltr'><strong>Ἀνθ’</strong></span> <span class='ocrx_word' id='word_1_10' title='bbox 805 429 882 490; x_wconf 77' lang='grc' dir='ltr'>ὢν</span> <span class='ocrx_word' id='word_1_11' title='bbox 911 434 1213 505; x_wconf 80' lang='grc' dir='ltr'>ὲπεύχομαί</span> <span class='ocrx_word' id='word_1_12' title='bbox 1245 451 1349 502; x_wconf 90' lang='grc' dir='ltr'>σοι,</span> <span class='ocrx_word' id='word_1_13' title='bbox 1375 434 1483 488; x_wconf 82' lang='grc' dir='ltr'>τῶν</span> <span class='ocrx_word' id='word_1_14' title='bbox 1523 435 1621 505; x_wconf 79' lang='grc' dir='ltr'>μὲν</span> <span class='ocrx_word' id='word_1_15' title='bbox 1648 435 1726 498; x_wconf 81' lang='grc' dir='ltr'><strong>είς</strong></span> <span class='ocrx_word' id='word_1_16' title='bbox 1755 434 1897 487; x_wconf 83' lang='grc' dir='ltr'>εὐδο-</span> 
     </span>
    </p>
   </div>
   <div class='ocr_carea' id='block_1_4' title="bbox 2005 429 3568 512">
    <p class='ocr_par' dir='ltr' id='par_1_4' title="bbox 2005 429 3568 502">
     <span class='ocr_line' id='line_1_4' title="bbox 2005 429 3568 502; baseline 0.002 -16"><span class='ocrx_word' id='word_1_17' title='bbox 2005 431 2285 501; x_wconf 87' lang='lat' dir='ltr'><strong>tantisque</strong></span> <span class='ocrx_word' id='word_1_18' title='bbox 2336 429 2522 492; x_wconf 89' lang='lat' dir='ltr'><strong>rebus,</strong></span> <span class='ocrx_word' id='word_1_19' title='bbox 2558 443 2698 499; x_wconf 88' lang='lat' dir='ltr'><strong>quas</strong></span> <span class='ocrx_word' id='word_1_20' title='bbox 2727 429 2892 500; x_wconf 85' lang='lat' dir='ltr'><strong>geris,</strong></span> <span class='ocrx_word' id='word_1_21' title='bbox 2923 429 3027 486; x_wconf 88' lang='lat' dir='ltr'><strong>hoc</strong></span> <span class='ocrx_word' id='word_1_22' title='bbox 3058 432 3154 486; x_wconf 82' lang='lat' dir='ltr'><strong>otii</strong></span> <span class='ocrx_word' id='word_1_23' title='bbox 3190 443 3460 502; x_wconf 89' lang='lat' dir='ltr'><strong>superest,</strong></span> <span class='ocrx_word' id='word_1_24' title='bbox 3507 445 3568 489; x_wconf 89' lang='lat' dir='ltr'><strong>ut</strong></span> 
     </span>
    </p>
   </div>
   <div class='ocr_carea' id='block_1_5' title="bbox 321 519 1902 602">
    <p class='ocr_par' dir='ltr' id='par_1_5' title="bbox 321 524 1893 602">
     <span class='ocr_line' id='line_1_5' title="bbox 321 524 1893 602; baseline -0.006 -16"><span class='ocrx_word' id='word_1_25' title='bbox 321 535 440 600; x_wconf 80' lang='grc' dir='ltr'>ξίαν</span> <span class='ocrx_word' id='word_1_26' title='bbox 473 532 585 602; x_wconf 85' lang='grc'>(89)</span> <span class='ocrx_word' id='word_1_27' title='bbox 622 528 808 601; x_wconf 76' lang='grc' dir='ltr'>μεῖζον</span> <span class='ocrx_word' id='word_1_28' title='bbox 838 527 987 580; x_wconf 77' lang='grc' dir='ltr'>οὐδὲν</span> <span class='ocrx_word' id='word_1_29' title='bbox 1016 524 1142 595; x_wconf 84' lang='grc' dir='ltr'>(κᾶν</span> <span class='ocrx_word' id='word_1_30' title='bbox 1184 524 1297 595; x_wconf 83' lang='grc' dir='ltr'>γὰρ</span> <span class='ocrx_word' id='word_1_31' title='bbox 1329 524 1649 596; x_wconf 68' lang='grc' dir='ltr'>προσθήκην</span> <span class='ocrx_word' id='word_1_32' title='bbox 1677 527 1711 594; x_wconf 79' lang='grc' dir='ltr'><strong>ὴ</strong></span> <span class='ocrx_word' id='word_1_33' title='bbox 1747 524 1893 596; x_wconf 80' lang='grc' dir='ltr'><strong>ἀρχὴ</strong></span> 
     </span>
    </p>
   </div>
   <div class='ocr_carea' id='block_1_6' title="bbox 2005 519 3572 602">
    <p class='ocr_par' dir='ltr' id='par_1_6' title="bbox 2005 519 3572 595">
     <span class='ocr_line' id='line_1_6' title="bbox 2005 519 3572 595; baseline 0.003 -19"><span class='ocrx_word' id='word_1_34' title='bbox 2005 537 2102 576; x_wconf 77' lang='lat' dir='ltr'><strong>non</strong></span> <span class='ocrx_word' id='word_1_35' title='bbox 2136 521 2296 575; x_wconf 90' lang='lat' dir='ltr'><strong>modo</strong></span> <span class='ocrx_word' id='word_1_36' title='bbox 2326 519 2626 574; x_wconf 89' lang='lat' dir='ltr'><strong>amicorum</strong></span> <span class='ocrx_word' id='word_1_37' title='bbox 2661 520 2998 586; x_wconf 86' lang='lat' dir='ltr'><strong>memineris,</strong></span> <span class='ocrx_word' id='word_1_38' title='bbox 3034 521 3128 576; x_wconf 89' lang='lat' dir='ltr'><strong>sed</strong></span> <span class='ocrx_word' id='word_1_39' title='bbox 3156 523 3318 577; x_wconf 87' lang='lat' dir='ltr'><strong>etiam</strong></span> <span class='ocrx_word' id='word_1_40' title='bbox 3357 538 3454 579; x_wconf 91' lang='lat' dir='ltr'><strong>eos</strong></span> <span class='ocrx_word' id='word_1_41' title='bbox 3475 541 3572 595; x_wconf 87' lang='lat' dir='ltr'><strong>per</strong></span> 
     </span>
    </p>
   </div>
   <div class='ocr_carea' id='block_1_7' title="bbox 318 606 1902 695">
    <p class='ocr_par' dir='ltr' id='par_1_7' title="bbox 318 606 1897 695">
     <span class='ocr_line' id='line_1_7' title="bbox 318 606 1897 695; baseline -0.008 -16"><span class='ocrx_word' id='word_1_42' title='bbox 318 625 482 695; x_wconf 66' lang='grc' dir='ltr'><strong>λάϐῃ,</strong></span> <span class='ocrx_word' id='word_1_43' title='bbox 512 624 612 692; x_wconf 77' lang='grc' dir='ltr'><strong>τήν</strong></span> <span class='ocrx_word' id='word_1_44' title='bbox 638 635 703 687; x_wconf 84' lang='grc' dir='ltr'>γε</span> <span class='ocrx_word' id='word_1_45' title='bbox 731 617 930 688; x_wconf 81' lang='grc' dir='ltr'>ἀρετὴν</span> <span class='ocrx_word' id='word_1_46' title='bbox 956 606 1145 669; x_wconf 76' lang='grc' dir='ltr'>λαϐεῖῦ</span> <span class='ocrx_word' id='word_1_47' title='bbox 1172 618 1274 670; x_wconf 79' lang='grc' dir='ltr'><strong>οὐκ</strong></span> <span class='ocrx_word' id='word_1_48' title='bbox 1311 614 1560 685; x_wconf 71' lang='grc' dir='ltr'>ἔνεστιν),</span> <span class='ocrx_word' id='word_1_49' title='bbox 1596 615 1654 667; x_wconf 83' lang='grc' dir='ltr'><strong>ἓν</strong></span> <span class='ocrx_word' id='word_1_50' title='bbox 1690 615 1747 668; x_wconf 80' lang='grc' dir='ltr'><strong>δὲ</strong></span> <span class='ocrx_word' id='word_1_51' title='bbox 1773 615 1897 668; x_wconf 74' lang='grc' dir='ltr'>ἀντὶ</span> 
     </span>
    </p>
   </div>
   <div class='ocr_carea' id='block_1_8' title="bbox 2005 606 3570 695">
    <p class='ocr_par' dir='ltr' id='par_1_8' title="bbox 2005 609 3570 681">
     <span class='ocr_line' id='line_1_8' title="bbox 2005 609 3570 681; baseline 0.003 -15"><span class='ocrx_word' id='word_1_52' title='bbox 2005 611 2206 668; x_wconf 70' lang='lat' dir='ltr'><strong>Litteras</strong></span> <span class='ocrx_word' id='word_1_53' title='bbox 2245 610 2452 665; x_wconf 84' lang='lat' dir='ltr'><strong>honore</strong></span> <span class='ocrx_word' id='word_1_54' title='bbox 2492 609 2716 672; x_wconf 80' lang='lat' dir='ltr'><strong>allicias,</strong></span> <span class='ocrx_word' id='word_1_55' title='bbox 2752 625 3101 681; x_wconf 83' lang='lat' dir='ltr'><strong>amoremque</strong></span> <span class='ocrx_word' id='word_1_56' title='bbox 3143 627 3208 667; x_wconf 91' lang='lat' dir='ltr'><strong>ac</strong></span> <span class='ocrx_word' id='word_1_57' title='bbox 3239 613 3570 671; x_wconf 71' lang='lat' dir='ltr'><strong>desiderium</strong></span> 
     </span>
    </p>
   </div>
   <div class='ocr_carea' id='block_1_9' title="bbox 319 700 1902 780">
    <p class='ocr_par' dir='ltr' id='par_1_9' title="bbox 319 705 1897 780">
     <span class='ocr_line' id='line_1_9' title="bbox 319 705 1897 780; baseline -0.008 -11"><span class='ocrx_word' id='word_1_58' title='bbox 319 715 539 770; x_wconf 83' lang='grc' dir='ltr'>πάντων</span> <span class='ocrx_word' id='word_1_59' title='bbox 565 711 661 764; x_wconf 71' lang='grc' dir='ltr'>καὶ</span> <span class='ocrx_word' id='word_1_60' title='bbox 709 709 981 780; x_wconf 84' lang='grc' dir='ltr'>μέγιστον,</span> <span class='ocrx_word' id='word_1_61' title='bbox 1011 706 1268 774; x_wconf 81' lang='grc' dir='ltr'>γενέσθαι</span> <span class='ocrx_word' id='word_1_62' title='bbox 1297 705 1412 774; x_wconf 84' lang='grc' dir='ltr'>μεθ’</span> <span class='ocrx_word' id='word_1_63' title='bbox 1443 705 1600 776; x_wconf 74' lang='grc' dir='ltr'>ἡμῶν</span> <span class='ocrx_word' id='word_1_64' title='bbox 1642 721 1774 758; x_wconf 88' lang='grc' dir='ltr'>ποτε</span> <span class='ocrx_word' id='word_1_65' title='bbox 1802 706 1897 758; x_wconf 74' lang='grc' dir='ltr'><strong>καὶ</strong></span> 
     </span>
    </p>
   </div>
   <div class='ocr_carea' id='block_1_10' title="bbox 2005 700 3575 780">
    <p class='ocr_par' dir='ltr' id='par_1_10' title="bbox 2005 700 3575 774">
     <span class='ocr_line' id='line_1_10' title="bbox 2005 700 3575 774; baseline 0.002 -19"><span class='ocrx_word' id='word_1_66' title='bbox 2005 701 2336 766; x_wconf 78' lang='lat' dir='ltr'><strong>conﬁtearis,</strong></span> <span class='ocrx_word' id='word_1_67' title='bbox 2383 700 2748 768; x_wconf 75' lang='lat' dir='ltr'><strong>absentesque</strong></span> <span class='ocrx_word' id='word_1_68' title='bbox 2787 701 2852 754; x_wconf 88' lang='lat' dir='ltr'><strong>ad</strong></span> <span class='ocrx_word' id='word_1_69' title='bbox 2895 712 2946 756; x_wconf 89' lang='lat' dir='ltr'><strong>te</strong></span> <span class='ocrx_word' id='word_1_70' title='bbox 2981 702 3286 770; x_wconf 89' lang='lat' dir='ltr'><strong>pertrabas.</strong></span> <span class='ocrx_word' id='word_1_71' title='bbox 3317 700 3422 758; x_wconf 84' lang='lat' dir='ltr'><strong>Pro</strong></span> <span class='ocrx_word' id='word_1_72' title='bbox 3450 706 3575 774; x_wconf 86' lang='lat' dir='ltr'><strong>qui-</strong></span> 
     </span>
    </p>
   </div>
   <div class='ocr_carea' id='block_1_11' title="bbox 319 787 1902 867">
    <p class='ocr_par' dir='ltr' id='par_1_11' title="bbox 319 787 1899 867">
     <span class='ocr_line' id='line_1_11' title="bbox 319 787 1899 867; baseline -0.006 -13"><span class='ocrx_word' id='word_1_73' title='bbox 319 800 480 856; x_wconf 78' lang='grc' dir='ltr'><strong>Θεοῦ.</strong></span> <span class='ocrx_word' id='word_1_74' title='bbox 513 799 608 852; x_wconf 73' lang='grc' dir='ltr'><strong>καὶ</strong></span> <span class='ocrx_word' id='word_1_75' title='bbox 645 798 742 867; x_wconf 83' lang='grc' dir='ltr'><strong>τῆς</strong></span> <span class='ocrx_word' id='word_1_76' title='bbox 790 794 900 848; x_wconf 87' lang='grc' dir='ltr'>τῶν</span> <span class='ocrx_word' id='word_1_77' title='bbox 941 792 1292 863; x_wconf 80' lang='grc' dir='ltr'><strong>διωκομένων</strong></span> <span class='ocrx_word' id='word_1_78' title='bbox 1334 787 1472 846; x_wconf 71' lang='grc' dir='ltr'>εἶναι</span> <span class='ocrx_word' id='word_1_79' title='bbox 1512 791 1749 863; x_wconf 79' lang='grc' dir='ltr'><strong>μερίδος,</strong></span> <span class='ocrx_word' id='word_1_80' title='bbox 1805 792 1899 844; x_wconf 74' lang='grc' dir='ltr'>καὶ</span> 
     </span>
    </p>
   </div>
   <div class='ocr_carea' id='block_1_12' title="bbox 2005 787 3576 867">
    <p class='ocr_par' dir='ltr' id='par_1_12' title="bbox 2005 789 3576 863">
     <span class='ocr_line' id='line_1_12' title="bbox 2005 789 3576 863; baseline 0.003 -19"><span class='ocrx_word' id='word_1_81' title='bbox 2005 790 2100 844; x_wconf 85' lang='lat' dir='ltr'><strong>bus</strong></span> <span class='ocrx_word' id='word_1_82' title='bbox 2138 790 2396 843; x_wconf 87' lang='lat' dir='ltr'><strong>omnibus</strong></span> <span class='ocrx_word' id='word_1_83' title='bbox 2439 789 2603 844; x_wconf 87' lang='lat' dir='ltr'><strong>rebus</strong></span> <span class='ocrx_word' id='word_1_84' title='bbox 2636 790 2740 844; x_wconf 89' lang='lat' dir='ltr'><strong>hoc</strong></span> <span class='ocrx_word' id='word_1_85' title='bbox 2777 791 2871 844; x_wconf 93' lang='lat' dir='ltr'><strong>tibi</strong></span> <span class='ocrx_word' id='word_1_86' title='bbox 2915 800 3064 861; x_wconf 91' lang='lat' dir='ltr'><strong>opto,</strong></span> <span class='ocrx_word' id='word_1_87' title='bbox 3106 808 3214 847; x_wconf 90' lang='lat' dir='ltr'><strong>non</strong></span> <span class='ocrx_word' id='word_1_88' title='bbox 3255 800 3314 847; x_wconf 96' lang='lat' dir='ltr'><strong>ut</strong></span> <span class='ocrx_word' id='word_1_89' title='bbox 3357 793 3422 847; x_wconf 89' lang='lat' dir='ltr'><strong>ad</strong></span> <span class='ocrx_word' id='word_1_90' title='bbox 3449 795 3576 863; x_wconf 82' lang='lat' dir='ltr'><strong>glo-</strong></span> 
     </span>
    </p>
   </div>
   <div class='ocr_carea' id='block_1_13' title="bbox 325 879 1902 970">
    <p class='ocr_par' dir='ltr' id='par_1_13' title="bbox 325 880 1900 962">
     <span class='ocr_line' id='line_1_13' title="bbox 325 880 1900 962; baseline -0.008 -18"><span class='ocrx_word' id='word_1_91' title='bbox 325 893 401 962; x_wconf 84' lang='grc' dir='ltr'>μὴ</span> <span class='ocrx_word' id='word_1_92' title='bbox 433 891 536 959; x_wconf 79' lang='grc' dir='ltr'><strong>τῆς</strong></span> <span class='ocrx_word' id='word_1_93' title='bbox 576 889 680 942; x_wconf 85' lang='grc' dir='ltr'>τῶν</span> <span class='ocrx_word' id='word_1_94' title='bbox 709 886 1046 940; x_wconf 77' lang='grc' dir='ltr'>διωκόντωνο</span> <span class='ocrx_word' id='word_1_95' title='bbox 1077 882 1266 954; x_wconf 71' lang='grc' dir='ltr'>ἐπειδὴ</span> <span class='ocrx_word' id='word_1_96' title='bbox 1293 882 1354 934; x_wconf 84' lang='grc' dir='ltr'>τὸ</span> <span class='ocrx_word' id='word_1_97' title='bbox 1385 883 1482 952; x_wconf 86' lang='grc' dir='ltr'>μὲν</span> <span class='ocrx_word' id='word_1_98' title='bbox 1520 880 1710 951; x_wconf 80' lang='grc' dir='ltr'><strong>καιροῦ</strong></span> <span class='ocrx_word' id='word_1_99' title='bbox 1759 883 1900 952; x_wconf 75' lang='grc' dir='ltr'>φορᾷ</span> 
     </span>
    </p>
   </div>
   <div class='ocr_carea' id='block_1_14' title="bbox 2005 879 3576 970">
    <p class='ocr_par' dir='ltr' id='par_1_14' title="bbox 2005 879 3576 970">
     <span class='ocr_line' id='line_1_14' title="bbox 2005 879 3576 970; baseline 0.005 -39"><span class='ocrx_word' id='word_1_100' title='bbox 2005 879 2134 932; x_wconf 89' lang='lat' dir='ltr'><strong>riam</strong></span> <span class='ocrx_word' id='word_1_101' title='bbox 2179 879 2432 934; x_wconf 85' lang='lat' dir='ltr'><strong>cumulus</strong></span> <span class='ocrx_word' id='word_1_102' title='bbox 2468 879 2668 948; x_wconf 80' lang='lat' dir='ltr'><strong>aliquis</strong></span> <span class='ocrx_word' id='word_1_103' title='bbox 2700 879 2922 934; x_wconf 89' lang='lat' dir='ltr'><strong>accedat</strong></span> <span class='ocrx_word' id='word_1_104' title='bbox 2969 881 3241 951; x_wconf 82' lang='lat' dir='ltr'><strong>(quamvis</strong></span> <span class='ocrx_word' id='word_1_105' title='bbox 3284 884 3432 970; x_wconf 65' lang='lat' dir='ltr'><strong>enim</strong></span> <span class='ocrx_word' id='word_1_106' title='bbox 3493 885 3576 939; x_wconf 84' lang='lat' dir='ltr'><strong>in-</strong></span> 
     </span>
    </p>
   </div>
   <div class='ocr_carea' id='block_1_15' title="bbox 323 969 1902 1052">
    <p class='ocr_par' dir='ltr' id='par_1_15' title="bbox 323 969 1793 1052">
     <span class='ocr_line' id='line_1_15' title="bbox 323 969 1793 1052; baseline -0.01 -17"><span class='ocrx_word' id='word_1_107' title='bbox 323 979 726 1052; x_wconf 82' lang='grc' dir='ltr'>παρασύρεται,</span> <span class='ocrx_word' id='word_1_108' title='bbox 758 975 822 1028; x_wconf 84' lang='grc' dir='ltr'>τὸ</span> <span class='ocrx_word' id='word_1_109' title='bbox 846 974 903 1027; x_wconf 80' lang='grc' dir='ltr'><strong>δὲ</strong></span> <span class='ocrx_word' id='word_1_110' title='bbox 933 972 1201 1026; x_wconf 83' lang='grc' dir='ltr'><strong>ἀθάνατον</strong></span> <span class='ocrx_word' id='word_1_111' title='bbox 1232 970 1346 1041; x_wconf 79' lang='grc' dir='ltr'>ἔχει</span> <span class='ocrx_word' id='word_1_112' title='bbox 1371 969 1469 1040; x_wconf 85' lang='grc' dir='ltr'><strong>τὴν</strong></span> <span class='ocrx_word' id='word_1_113' title='bbox 1501 969 1793 1039; x_wconf 79' lang='grc' dir='ltr'><strong>σωτηρίαν.</strong></span> 
     </span>
    </p>
   </div>
   <div class='ocr_carea' id='block_1_16' title="bbox 2005 969 3572 1052">
    <p class='ocr_par' dir='ltr' id='par_1_16' title="bbox 2005 969 3572 1042">
     <span class='ocr_line' id='line_1_16' title="bbox 2005 969 3572 1042; baseline 0.003 -19"><span class='ocrx_word' id='word_1_114' title='bbox 2005 978 2334 1042; x_wconf 68' lang='lat' dir='ltr'><strong>trementum</strong></span> <span class='ocrx_word' id='word_1_115' title='bbox 2368 969 2602 1038; x_wconf 89' lang='lat' dir='ltr'><strong>accipiat</strong></span> <span class='ocrx_word' id='word_1_116' title='bbox 2643 969 2956 1037; x_wconf 87' lang='lat' dir='ltr'><strong>imperium,</strong></span> <span class='ocrx_word' id='word_1_117' title='bbox 2993 980 3172 1026; x_wconf 82' lang='lat' dir='ltr'><strong>tamen</strong></span> <span class='ocrx_word' id='word_1_118' title='bbox 3218 973 3284 1027; x_wconf 89' lang='lat' dir='ltr'><strong>ad</strong></span> <span class='ocrx_word' id='word_1_119' title='bbox 3315 969 3572 1027; x_wconf 89' lang='lat' dir='ltr'><strong>virtutem</strong></span> 
     </span>
    </p>
   </div>
   <div class='ocr_carea' id='block_1_17' title="bbox 324 1060 3574 1137">
    <p class='ocr_par' dir='ltr' id='par_1_17' title="bbox 324 1060 3574 1137">
     <span class='ocr_line' id='line_1_17' title="bbox 324 1060 3574 1137; baseline -0.003 -11"><span class='ocrx_word' id='word_1_120' title='bbox 324 1073 464 1126; x_wconf 86' lang='lat' dir='ltr'><strong>nihil</strong></span> <span class='ocrx_word' id='word_1_121' title='bbox 493 1072 615 1126; x_wconf 83' lang='lat' dir='ltr'><strong>addi</strong></span> <span class='ocrx_word' id='word_1_122' title='bbox 645 1066 870 1137; x_wconf 89' lang='lat' dir='ltr'><strong>potest),</strong></span> <span class='ocrx_word' id='word_1_123' title='bbox 905 1081 1094 1120; x_wconf 85' lang='lat' dir='ltr'><strong>verum</strong></span> <span class='ocrx_word' id='word_1_124' title='bbox 1127 1079 1227 1134; x_wconf 81' lang='lat' dir='ltr'><strong>pro</strong></span> <span class='ocrx_word' id='word_1_125' title='bbox 1256 1063 1512 1118; x_wconf 85' lang='lat' dir='ltr'><strong>omnibus</strong></span> <span class='ocrx_word' id='word_1_126' title='bbox 1555 1061 1609 1115; x_wconf 90' lang='lat' dir='ltr'><strong>id</strong></span> <span class='ocrx_word' id='word_1_127' title='bbox 1639 1075 1808 1114; x_wconf 92' lang='lat' dir='ltr'><strong>unum</strong></span> <span class='ocrx_word' id='word_1_128' title='bbox 1849 1074 1914 1115; x_wconf 89' lang='lat' dir='ltr'><strong>ac</strong></span> <span class='ocrx_word' id='word_1_129' title='bbox 1963 1062 2282 1126; x_wconf 78' lang='lat' dir='ltr'><strong>maximum,</strong></span> <span class='ocrx_word' id='word_1_130' title='bbox 2341 1070 2401 1115; x_wconf 91' lang='lat' dir='ltr'><strong>ut</strong></span> <span class='ocrx_word' id='word_1_131' title='bbox 2439 1062 2506 1115; x_wconf 88' lang='lat' dir='ltr'><strong>ad</strong></span> <span class='ocrx_word' id='word_1_132' title='bbox 2549 1069 2767 1116; x_wconf 90' lang='lat' dir='ltr'><strong>nostras</strong></span> <span class='ocrx_word' id='word_1_133' title='bbox 2806 1060 3012 1132; x_wconf 85' lang='lat' dir='ltr'><strong>Deique</strong></span> <span class='ocrx_word' id='word_1_134' title='bbox 3056 1072 3241 1132; x_wconf 77' lang='lat' dir='ltr'><strong>partes</strong></span> <span class='ocrx_word' id='word_1_135' title='bbox 3282 1063 3574 1133; x_wconf 85' lang='lat' dir='ltr'><strong>aliquando</strong></span> 
     </span>
    </p>
   </div>
   <div class='ocr_carea' id='block_1_18' title="bbox 324 1153 3570 1229">
    <p class='ocr_par' dir='ltr' id='par_1_18' title="bbox 324 1153 3570 1229">
     <span class='ocr_line' id='line_1_18' title="bbox 324 1153 3570 1229; baseline -0.003 -11"><span class='ocrx_word' id='word_1_136' title='bbox 324 1175 380 1218; x_wconf 82' lang='lat' dir='ltr'><strong>te</strong></span> <span class='ocrx_word' id='word_1_137' title='bbox 418 1164 692 1225; x_wconf 82' lang='lat' dir='ltr'><strong>conferas,</strong></span> <span class='ocrx_word' id='word_1_138' title='bbox 741 1168 908 1229; x_wconf 86' lang='lat' dir='ltr'><strong>atque</strong></span> <span class='ocrx_word' id='word_1_139' title='bbox 953 1159 1020 1210; x_wconf 89' lang='lat' dir='ltr'><strong>ab</strong></span> <span class='ocrx_word' id='word_1_140' title='bbox 1061 1157 1130 1211; x_wconf 89' lang='lat' dir='ltr'><strong>iis</strong></span> <span class='ocrx_word' id='word_1_141' title='bbox 1161 1163 1295 1220; x_wconf 87' lang='lat' dir='ltr'><strong>stes,</strong></span> <span class='ocrx_word' id='word_1_142' title='bbox 1333 1155 1427 1224; x_wconf 91' lang='lat' dir='ltr'><strong>qui</strong></span> <span class='ocrx_word' id='word_1_143' title='bbox 1468 1153 1905 1224; x_wconf 83' lang='lat' dir='ltr'><strong>persecutionem</strong></span> <span class='ocrx_word' id='word_1_144' title='bbox 1944 1155 2250 1223; x_wconf 82' lang='lat' dir='ltr'><strong>patiuntur,</strong></span> <span class='ocrx_word' id='word_1_145' title='bbox 2316 1169 2427 1207; x_wconf 89' lang='lat' dir='ltr'><strong>non</strong></span> <span class='ocrx_word' id='word_1_146' title='bbox 2479 1160 2661 1207; x_wconf 89' lang='lat' dir='ltr'><strong>autem</strong></span> <span class='ocrx_word' id='word_1_147' title='bbox 2705 1153 2773 1206; x_wconf 88' lang='lat' dir='ltr'><strong>ab</strong></span> <span class='ocrx_word' id='word_1_148' title='bbox 2823 1153 2913 1218; x_wconf 91' lang='lat' dir='ltr'><strong>iis,</strong></span> <span class='ocrx_word' id='word_1_149' title='bbox 2957 1155 3051 1222; x_wconf 91' lang='lat' dir='ltr'><strong>qui</strong></span> <span class='ocrx_word' id='word_1_150' title='bbox 3113 1168 3233 1208; x_wconf 92' lang='lat' dir='ltr'><strong>eam</strong></span> <span class='ocrx_word' id='word_1_151' title='bbox 3283 1153 3570 1208; x_wconf 80' lang='lat' dir='ltr'><strong>inferunt:</strong></span> 
     </span>
    </p>
   </div>
   <div class='ocr_carea' id='block_1_19' title="bbox 322 1248 3302 1332">
    <p class='ocr_par' dir='ltr' id='par_1_19' title="bbox 322 1248 3302 1332">
     <span class='ocr_line' id='line_1_19' title="bbox 322 1248 3302 1332; baseline -0.004 -18"><span class='ocrx_word' id='word_1_152' title='bbox 322 1258 767 1332; x_wconf 84' lang='lat' dir='ltr'><strong>quandoquidem</strong></span> <span class='ocrx_word' id='word_1_153' title='bbox 801 1255 906 1310; x_wconf 87' lang='lat' dir='ltr'><strong>hoc</strong></span> <span class='ocrx_word' id='word_1_154' title='bbox 935 1252 1152 1324; x_wconf 89' lang='lat' dir='ltr'><strong>quidem</strong></span> <span class='ocrx_word' id='word_1_155' title='bbox 1198 1250 1464 1320; x_wconf 90' lang='lat' dir='ltr'><strong>temporis</strong></span> <span class='ocrx_word' id='word_1_156' title='bbox 1498 1265 1664 1305; x_wconf 86' lang='lat' dir='ltr'><strong>cursu</strong></span> <span class='ocrx_word' id='word_1_157' title='bbox 1697 1248 2045 1316; x_wconf 78' lang='lat' dir='ltr'><strong>distrahitur,</strong></span> <span class='ocrx_word' id='word_1_158' title='bbox 2076 1249 2209 1303; x_wconf 88' lang='lat' dir='ltr'><strong>illud</strong></span> <span class='ocrx_word' id='word_1_159' title='bbox 2245 1257 2428 1302; x_wconf 90' lang='lat' dir='ltr'><strong>autem</strong></span> <span class='ocrx_word' id='word_1_160' title='bbox 2463 1248 2828 1302; x_wconf 87' lang='lat' dir='ltr'><strong>immortalem</strong></span> <span class='ocrx_word' id='word_1_161' title='bbox 2857 1248 3087 1303; x_wconf 86' lang='lat' dir='ltr'><strong>salutem</strong></span> <span class='ocrx_word' id='word_1_162' title='bbox 3121 1248 3302 1303; x_wconf 86' lang='lat' dir='ltr'><strong>habet.</strong></span> 
     </span>
    </p>
   </div>
   <div class='ocr_carea' id='block_1_20' title="bbox 638 1363 1589 1437">
    <p class='ocr_par' dir='ltr' id='par_1_20' title="bbox 638 1363 1589 1437">
     <span class='ocr_line' id='line_1_20' title="bbox 638 1363 1589 1437; baseline -0.009 -12"><span class='ocrx_word' id='word_1_163' title='bbox 638 1372 740 1425; x_wconf 78' lang='lat' dir='ltr'><strong>IA&#39;.</strong></span> <span class='ocrx_word' id='word_1_164' title='bbox 781 1368 1116 1437; x_wconf 75' lang='lat' dir='ltr'><strong>rpnropm</strong></span> <span class='ocrx_word' id='word_1_165' title='bbox 1153 1365 1425 1419; x_wconf 75' lang='grc' dir='ltr'><strong>ΝΥΣΣΗΣ</strong></span> <span class='ocrx_word' id='word_1_166' title='bbox 1458 1363 1589 1434; x_wconf 85' lang='lat'><strong>(90).</strong></span> 
     </span>
    </p>
   </div>
   <div class='ocr_carea' id='block_1_21' title="bbox 2360 1359 3218 1415">
    <p class='ocr_par' dir='ltr' id='par_1_21' title="bbox 2360 1359 3218 1415">
     <span class='ocr_line' id='line_1_21' title="bbox 2360 1359 3218 1415; baseline 0 0"><span class='ocrx_word' id='word_1_167' title='bbox 2360 1359 2451 1415; x_wconf 80' lang='lat' dir='ltr'><strong>XI.</strong></span> <span class='ocrx_word' id='word_1_168' title='bbox 2491 1359 2842 1415; x_wconf 83' lang='lat' dir='ltr'><strong>GREGORIO</strong></span> <span class='ocrx_word' id='word_1_169' title='bbox 2878 1359 3218 1415; x_wconf 75' lang='lat' dir='ltr'><strong>NYSSENO.</strong></span> 
     </span>
    </p>
   </div>
   <div class='ocr_carea' id='block_1_22' title="bbox 399 1472 3570 1546">
    <p class='ocr_par' dir='ltr' id='par_1_22' title="bbox 399 1472 3570 1546">
     <span class='ocr_line' id='line_1_22' title="bbox 399 1472 3570 1546; baseline -0.004 -8"><span class='ocrx_word' id='word_1_170' title='bbox 399 1484 595 1538; x_wconf 85' lang='lat' dir='ltr'><strong>Eodem</strong></span> <span class='ocrx_word' id='word_1_171' title='bbox 619 1484 830 1536; x_wconf 80' lang='lat' dir='ltr'><strong>circiter</strong></span> <span class='ocrx_word' id='word_1_172' title='bbox 853 1490 1077 1546; x_wconf 83' lang='lat' dir='ltr'><strong>tempore</strong></span> <span class='ocrx_word' id='word_1_173' title='bbox 1107 1480 1302 1545; x_wconf 80' lang='lat' dir='ltr'><strong>scripta</strong></span> <span class='ocrx_word' id='word_1_174' title='bbox 1337 1475 1540 1531; x_wconf 83' lang='lat' dir='ltr'><strong>videtur</strong></span> <span class='ocrx_word' id='word_1_175' title='bbox 1567 1476 1792 1543; x_wconf 86' lang='lat' dir='ltr'><strong>epistola</strong></span> <span class='ocrx_word' id='word_1_176' title='bbox 1829 1474 1915 1546; x_wconf 10' lang='lat' dir='ltr'><strong>adi</strong></span> <span class='ocrx_word' id='word_1_177' title='bbox 1938 1473 2270 1546; x_wconf 69' lang='lat' dir='ltr'><strong>Gregorium,</strong></span> <span class='ocrx_word' id='word_1_178' title='bbox 2294 1473 2505 1546; x_wconf 76' lang='lat' dir='ltr'><strong>Basilii</strong></span> <span class='ocrx_word' id='word_1_179' title='bbox 2531 1474 2774 1546; x_wconf 74' lang='lat' dir='ltr'><strong>fratrem,</strong></span> <span class='ocrx_word' id='word_1_180' title='bbox 2804 1490 2954 1542; x_wconf 85' lang='lat' dir='ltr'><strong>quem</strong></span> <span class='ocrx_word' id='word_1_181' title='bbox 2989 1475 3183 1546; x_wconf 77' lang='lat' dir='ltr'><strong>acriter</strong></span> <span class='ocrx_word' id='word_1_182' title='bbox 3222 1472 3570 1546; x_wconf 65' lang='lat' dir='ltr'><strong>reprehendit,</strong></span> 
     </span>
    </p>
   </div>
   <div class='ocr_carea' id='block_1_23' title="bbox 323 1543 3578 1623">
    <p class='ocr_par' dir='ltr' id='par_1_23' title="bbox 323 1543 3578 1623">
     <span class='ocr_line' id='line_1_23' title="bbox 323 1543 3578 1623; baseline -0.004 -14"><span class='ocrx_word' id='word_1_183' title='bbox 323 1573 385 1609; x_wconf 85' lang='lat' dir='ltr'><strong>eo</strong></span> <span class='ocrx_word' id='word_1_184' title='bbox 413 1554 550 1623; x_wconf 84' lang='lat' dir='ltr'><strong>quod</strong></span> <span class='ocrx_word' id='word_1_185' title='bbox 577 1552 795 1623; x_wconf 86' lang='lat' dir='ltr'><strong>abjcctis</strong></span> <span class='ocrx_word' id='word_1_186' title='bbox 824 1543 993 1605; x_wconf 85' lang='lat' dir='ltr'><strong>sacris</strong></span> <span class='ocrx_word' id='word_1_187' title='bbox 1034 1543 1221 1623; x_wconf 62' lang='lat' dir='ltr'><strong>libris,</strong></span> <span class='ocrx_word' id='word_1_188' title='bbox 1241 1563 1372 1616; x_wconf 88' lang='lat' dir='ltr'><strong>quos</strong></span> <span class='ocrx_word' id='word_1_189' title='bbox 1401 1546 1538 1613; x_wconf 84' lang='lat' dir='ltr'><strong>plebi</strong></span> <span class='ocrx_word' id='word_1_190' title='bbox 1567 1547 1622 1599; x_wconf 84' lang='lat' dir='ltr'><strong>in</strong></span> <span class='ocrx_word' id='word_1_191' title='bbox 1650 1546 1870 1600; x_wconf 78' lang='lat' dir='ltr'><strong>ecclesia</strong></span> <span class='ocrx_word' id='word_1_192' title='bbox 1901 1545 2138 1598; x_wconf 84' lang='lat' dir='ltr'><strong>lectitare</strong></span> <span class='ocrx_word' id='word_1_193' title='bbox 2171 1544 2394 1609; x_wconf 79' lang='lat' dir='ltr'><strong>solebat,</strong></span> <span class='ocrx_word' id='word_1_194' title='bbox 2438 1543 2504 1596; x_wconf 89' lang='lat' dir='ltr'><strong>ad</strong></span> <span class='ocrx_word' id='word_1_195' title='bbox 2543 1544 2856 1597; x_wconf 78' lang='lat' dir='ltr'><strong>rhetoricam</strong></span> <span class='ocrx_word' id='word_1_196' title='bbox 2900 1544 3268 1611; x_wconf 77' lang='lat' dir='ltr'><strong>proﬁtendam,</strong></span> <span class='ocrx_word' id='word_1_197' title='bbox 3316 1559 3418 1595; x_wconf 83' lang='lat' dir='ltr'><strong>non</strong></span> <span class='ocrx_word' id='word_1_198' title='bbox 3461 1544 3578 1596; x_wconf 78' lang='lat' dir='ltr'><strong>sine</strong></span> 
     </span>
    </p>
   </div>
   <div class='ocr_carea' id='block_1_24' title="bbox 325 1618 1330 1694">
    <p class='ocr_par' dir='ltr' id='par_1_24' title="bbox 325 1618 1330 1694">
     <span class='ocr_line' id='line_1_24' title="bbox 325 1618 1330 1694; baseline -0.008 -16"><span class='ocrx_word' id='word_1_199' title='bbox 325 1618 530 1694; x_wconf 74' lang='lat' dir='ltr'><strong>piorum</strong></span> <span class='ocrx_word' id='word_1_200' title='bbox 568 1618 873 1691; x_wconf 54' lang='lat' dir='ltr'><strong>oﬁ’ensione,</strong></span> <span class='ocrx_word' id='word_1_201' title='bbox 915 1635 968 1672; x_wconf 84' lang='lat' dir='ltr'><strong>se</strong></span> <span class='ocrx_word' id='word_1_202' title='bbox 1001 1618 1330 1671; x_wconf 78' lang='lat' dir='ltr'><strong>contulisset.</strong></span> 
     </span>
    </p>
   </div>
   <div class='ocr_carea' id='block_1_25' title="bbox 403 1722 1902 1809">
    <p class='ocr_par' dir='ltr' id='par_1_25' title="bbox 403 1731 1902 1809">
     <span class='ocr_line' id='line_1_25' title="bbox 403 1731 1902 1809; baseline -0.005 -17"><span class='ocrx_word' id='word_1_203' title='bbox 403 1742 548 1809; x_wconf 80' lang='grc' dir='ltr'><strong>Ἐχω</strong></span> <span class='ocrx_word' id='word_1_204' title='bbox 573 1755 626 1791; x_wconf 89' lang='grc' dir='ltr'>τι</span> <span class='ocrx_word' id='word_1_205' title='bbox 654 1735 826 1800; x_wconf 81' lang='grc' dir='ltr'>δεξιὸν</span> <span class='ocrx_word' id='word_1_206' title='bbox 858 1737 917 1789; x_wconf 81' lang='grc' dir='ltr'>ὲν</span> <span class='ocrx_word' id='word_1_207' title='bbox 947 1736 1013 1805; x_wconf 82' lang='grc' dir='ltr'>τῇ</span> <span class='ocrx_word' id='word_1_208' title='bbox 1059 1734 1219 1802; x_wconf 83' lang='grc' dir='ltr'>φύσει</span> <span class='ocrx_word' id='word_1_209' title='bbox 1256 1732 1767 1804; x_wconf 85' lang='grc' dir='ltr'>(μεγαλαυχήσομαι</span> <span class='ocrx_word' id='word_1_210' title='bbox 1797 1731 1902 1802; x_wconf 84' lang='grc' dir='ltr'>γὰρ</span> 
     </span>
    </p>
   </div>
   <div class='ocr_carea' id='block_1_26' title="bbox 2005 1722 3577 1809">
    <p class='ocr_par' dir='ltr' id='par_1_26' title="bbox 2076 1722 3577 1794">
     <span class='ocr_line' id='line_1_26' title="bbox 2076 1722 3577 1794; baseline -0.004 -12"><span class='ocrx_word' id='word_1_211' title='bbox 2076 1727 2221 1783; x_wconf 84' lang='lat' dir='ltr'><strong>Inest</strong></span> <span class='ocrx_word' id='word_1_212' title='bbox 2248 1726 2381 1781; x_wconf 91' lang='lat' dir='ltr'><strong>mihi</strong></span> <span class='ocrx_word' id='word_1_213' title='bbox 2414 1734 2611 1780; x_wconf 88' lang='lat' dir='ltr'><strong>natura</strong></span> <span class='ocrx_word' id='word_1_214' title='bbox 2655 1726 2906 1780; x_wconf 76' lang='lat' dir='ltr'><strong>dextrum</strong></span> <span class='ocrx_word' id='word_1_215' title='bbox 2961 1724 3166 1793; x_wconf 89' lang='lat' dir='ltr'><strong>aliquid</strong></span> <span class='ocrx_word' id='word_1_216' title='bbox 3211 1723 3394 1794; x_wconf 88' lang='lat' dir='ltr'><strong>(liceat</strong></span> <span class='ocrx_word' id='word_1_217' title='bbox 3431 1722 3577 1776; x_wconf 88' lang='lat' dir='ltr'><strong>enim</strong></span> 
     </span>
    </p>
   </div>
   <div class='ocr_carea' id='block_1_27' title="bbox 325 1823 1896 1895">
    <p class='ocr_par' dir='ltr' id='par_1_27' title="bbox 325 1823 1896 1895">
     <span class='ocr_line' id='line_1_27' title="bbox 325 1823 1896 1895; baseline -0.004 -13"><span class='ocrx_word' id='word_1_218' title='bbox 325 1830 384 1883; x_wconf 79' lang='grc' dir='ltr'><strong>ἓν</strong></span> <span class='ocrx_word' id='word_1_219' title='bbox 411 1847 462 1882; x_wconf 91' lang='grc' dir='ltr'>τι</span> <span class='ocrx_word' id='word_1_220' title='bbox 489 1828 596 1880; x_wconf 85' lang='grc' dir='ltr'>τῶν</span> <span class='ocrx_word' id='word_1_221' title='bbox 619 1824 828 1880; x_wconf 83' lang='grc' dir='ltr'>πολλῶν</span> <span class='ocrx_word' id='word_1_222' title='bbox 861 1825 957 1878; x_wconf 69' lang='grc' dir='ltr'><strong>καὶ</strong></span> <span class='ocrx_word' id='word_1_223' title='bbox 981 1824 1185 1893; x_wconf 80' lang='grc' dir='ltr'>αὑτός)·</span> <span class='ocrx_word' id='word_1_224' title='bbox 1215 1824 1418 1893; x_wconf 82' lang='grc' dir='ltr'>ὁμοίως</span> <span class='ocrx_word' id='word_1_225' title='bbox 1443 1823 1665 1895; x_wconf 77' lang='grc' dir='ltr'>ἐμαυτῷ</span> <span class='ocrx_word' id='word_1_226' title='bbox 1680 1841 1740 1876; x_wconf 92' lang='grc' dir='ltr'>τε</span> <span class='ocrx_word' id='word_1_227' title='bbox 1767 1824 1896 1876; x_wconf 88' lang='grc' dir='ltr'>δυσ-</span> 
     </span>
    </p>
   </div>
   <div class='ocr_carea' id='block_1_28' title="bbox 327 1911 1897 1989">
    <p class='ocr_par' dir='ltr' id='par_1_28' title="bbox 327 1911 1897 1989">
     <span class='ocr_line' id='line_1_28' title="bbox 327 1911 1897 1989; baseline -0.005 -17"><span class='ocrx_word' id='word_1_228' title='bbox 327 1919 560 1989; x_wconf 76' lang='grc' dir='ltr'>χεραίνω</span> <span class='ocrx_word' id='word_1_229' title='bbox 584 1915 952 1986; x_wconf 71' lang='grc' dir='ltr'>βουλευομένῳ</span> <span class='ocrx_word' id='word_1_230' title='bbox 982 1914 1189 1979; x_wconf 81' lang='grc' dir='ltr'>κακῶς,</span> <span class='ocrx_word' id='word_1_231' title='bbox 1218 1915 1437 1975; x_wconf 78' lang='grc' dir='ltr'>καὶτοῖς</span> <span class='ocrx_word' id='word_1_232' title='bbox 1454 1911 1646 1981; x_wconf 81' lang='grc' dir='ltr'>φίλοις.</span> <span class='ocrx_word' id='word_1_233' title='bbox 1680 1912 1897 1983; x_wconf 76' lang='grc' dir='ltr'>Ἐπειδὴ</span> 
     </span>
    </p>
   </div>
   <div class='ocr_carea' id='block_1_29' title="bbox 327 2003 1901 2076">
    <p class='ocr_par' dir='ltr' id='par_1_29' title="bbox 327 2003 1901 2076">
     <span class='ocr_line' id='line_1_29' title="bbox 327 2003 1901 2076; baseline -0.004 -14"><span class='ocrx_word' id='word_1_234' title='bbox 327 2011 508 2062; x_wconf 80' lang='grc' dir='ltr'>τοίνυν</span> <span class='ocrx_word' id='word_1_235' title='bbox 535 2008 678 2076; x_wconf 65' lang='grc' dir='ltr'>φίλοι</span> <span class='ocrx_word' id='word_1_236' title='bbox 716 2005 914 2069; x_wconf 78' lang='grc' dir='ltr'>πάντες</span> <span class='ocrx_word' id='word_1_237' title='bbox 947 2004 1193 2074; x_wconf 85' lang='grc' dir='ltr'>ἀλλήλων</span> <span class='ocrx_word' id='word_1_238' title='bbox 1237 2005 1330 2057; x_wconf 76' lang='grc' dir='ltr'><strong>καὶ</strong></span> <span class='ocrx_word' id='word_1_239' title='bbox 1360 2007 1638 2072; x_wconf 84' lang='grc' dir='ltr'><strong>συγγενεῖς</strong></span> <span class='ocrx_word' id='word_1_240' title='bbox 1678 2005 1727 2056; x_wconf 90' lang='grc' dir='ltr'>οἱ</span> <span class='ocrx_word' id='word_1_241' title='bbox 1759 2003 1901 2056; x_wconf 78' lang='grc' dir='ltr'>κατὰ</span> 
     </span>
    </p>
   </div>
   <div class='ocr_carea' id='block_1_30' title="bbox 334 2091 1897 2165">
    <p class='ocr_par' dir='ltr' id='par_1_30' title="bbox 334 2091 1897 2165">
     <span class='ocr_line' id='line_1_30' title="bbox 334 2091 1897 2165; baseline -0.004 -14"><span class='ocrx_word' id='word_1_242' title='bbox 334 2099 469 2151; x_wconf 83' lang='grc' dir='ltr'><strong>Θεδν</strong></span> <span class='ocrx_word' id='word_1_243' title='bbox 498 2096 714 2159; x_wconf 82' lang='grc' dir='ltr'>ζῶντες,</span> <span class='ocrx_word' id='word_1_244' title='bbox 749 2096 842 2148; x_wconf 72' lang='grc' dir='ltr'><strong>καὶ</strong></span> <span class='ocrx_word' id='word_1_245' title='bbox 881 2095 958 2165; x_wconf 81' lang='grc' dir='ltr'><strong>τῷ</strong></span> <span class='ocrx_word' id='word_1_246' title='bbox 998 2093 1150 2164; x_wconf 80' lang='grc' dir='ltr'>αὐτῷ</span> <span class='ocrx_word' id='word_1_247' title='bbox 1182 2093 1499 2163; x_wconf 74' lang='grc' dir='ltr'>Εὑαγγελίῳ</span> <span class='ocrx_word' id='word_1_248' title='bbox 1541 2091 1897 2162; x_wconf 82' lang='grc' dir='ltr'>στοιχοῢντες,</span> 
     </span>
    </p>
   </div>
   <div class='ocr_carea' id='block_1_31' title="bbox 332 2183 1901 2255">
    <p class='ocr_par' dir='ltr' id='par_1_31' title="bbox 332 2183 1901 2255">
     <span class='ocr_line' id='line_1_31' title="bbox 332 2183 1901 2255; baseline -0.003 -13"><span class='ocrx_word' id='word_1_249' title='bbox 332 2189 390 2242; x_wconf 84' lang='grc' dir='ltr'>τί</span> <span class='ocrx_word' id='word_1_250' title='bbox 419 2191 520 2241; x_wconf 79' lang='grc' dir='ltr'>οὐκ</span> <span class='ocrx_word' id='word_1_251' title='bbox 558 2185 774 2248; x_wconf 82' lang='grc' dir='ltr'><strong>ἀκούεις</strong></span> <span class='ocrx_word' id='word_1_252' title='bbox 819 2185 927 2254; x_wconf 76' lang='grc'>(91)</span> <span class='ocrx_word' id='word_1_253' title='bbox 958 2185 1088 2255; x_wconf 87' lang='grc' dir='ltr'>παρ’</span> <span class='ocrx_word' id='word_1_254' title='bbox 1118 2183 1275 2253; x_wconf 79' lang='grc' dir='ltr'>ἡμῶν</span> <span class='ocrx_word' id='word_1_255' title='bbox 1325 2184 1464 2254; x_wconf 82' lang='grc' dir='ltr'>μετὰ</span> <span class='ocrx_word' id='word_1_256' title='bbox 1509 2183 1841 2255; x_wconf 64' lang='grc' dir='ltr'>παρρησίας,</span> <span class='ocrx_word' id='word_1_257' title='bbox 1864 2184 1901 2238; x_wconf 74' lang='grc' dir='ltr'><strong>ἃ</strong></span> 
     </span>
    </p>
   </div>
   <div class='ocr_carea' id='block_1_32' title="bbox 329 2273 1901 2347">
    <p class='ocr_par' dir='ltr' id='par_1_32' title="bbox 329 2273 1901 2347">
     <span class='ocr_line' id='line_1_32' title="bbox 329 2273 1901 2347; baseline -0.003 -17"><span class='ocrx_word' id='word_1_258' title='bbox 329 2278 533 2339; x_wconf 82' lang='grc' dir='ltr'>πάντες</span> <span class='ocrx_word' id='word_1_259' title='bbox 587 2275 1090 2347; x_wconf 68' lang='grc' dir='ltr'>ὑποψιθυρίζουσιν;</span> <span class='ocrx_word' id='word_1_260' title='bbox 1147 2274 1262 2327; x_wconf 85' lang='grc' dir='ltr'>Οὐκ</span> <span class='ocrx_word' id='word_1_261' title='bbox 1321 2273 1603 2327; x_wconf 73' lang='grc' dir='ltr'>ἐπαινοῦσι</span> <span class='ocrx_word' id='word_1_262' title='bbox 1659 2291 1752 2326; x_wconf 92' lang='grc' dir='ltr'>σου</span> <span class='ocrx_word' id='word_1_263' title='bbox 1803 2273 1901 2345; x_wconf 82' lang='grc' dir='ltr'><strong>τὴν</strong></span> 
     </span>
    </p>
   </div>
   <div class='ocr_carea' id='block_1_33' title="bbox 325 2362 1899 2434">
    <p class='ocr_par' dir='ltr' id='par_1_33' title="bbox 325 2362 1899 2434">
     <span class='ocr_line' id='line_1_33' title="bbox 325 2362 1899 2434; baseline -0.002 -13"><span class='ocrx_word' id='word_1_264' title='bbox 325 2367 511 2432; x_wconf 81' lang='grc' dir='ltr'>ἄδοξον</span> <span class='ocrx_word' id='word_1_265' title='bbox 563 2365 825 2432; x_wconf 78' lang='grc' dir='ltr'><strong>εὐδοξίαν,</strong></span> <span class='ocrx_word' id='word_1_266' title='bbox 879 2365 945 2418; x_wconf 83' lang='grc' dir='ltr'><strong>ἶν’</strong></span> <span class='ocrx_word' id='word_1_267' title='bbox 968 2364 1106 2417; x_wconf 78' lang='grc' dir='ltr'>εἴπω</span> <span class='ocrx_word' id='word_1_268' title='bbox 1136 2379 1189 2415; x_wconf 88' lang='grc' dir='ltr'>τι</span> <span class='ocrx_word' id='word_1_269' title='bbox 1234 2362 1391 2431; x_wconf 76' lang='grc' dir='ltr'><strong>κάγὼ</strong></span> <span class='ocrx_word' id='word_1_270' title='bbox 1436 2364 1557 2417; x_wconf 82' lang='grc' dir='ltr'>καθ’</span> <span class='ocrx_word' id='word_1_271' title='bbox 1586 2364 1728 2434; x_wconf 78' lang='grc' dir='ltr'>ὑμᾶς</span> <span class='ocrx_word' id='word_1_272' title='bbox 1765 2363 1899 2434; x_wconf 66' lang='grc'>(92),</span> 
     </span>
    </p>
   </div>
   <div class='ocr_carea' id='block_1_34' title="bbox 325 2452 1902 2526">
    <p class='ocr_par' dir='ltr' id='par_1_34' title="bbox 325 2452 1902 2526">
     <span class='ocr_line' id='line_1_34' title="bbox 325 2452 1902 2526; baseline -0.002 -17"><span class='ocrx_word' id='word_1_273' title='bbox 325 2457 423 2510; x_wconf 77' lang='grc' dir='ltr'>καὶ</span> <span class='ocrx_word' id='word_1_274' title='bbox 450 2455 546 2526; x_wconf 81' lang='grc' dir='ltr'>τὴν</span> <span class='ocrx_word' id='word_1_275' title='bbox 573 2456 714 2510; x_wconf 83' lang='grc' dir='ltr'>κατὰ</span> <span class='ocrx_word' id='word_1_276' title='bbox 761 2454 954 2524; x_wconf 78' lang='grc' dir='ltr'>μικρὸν</span> <span class='ocrx_word' id='word_1_277' title='bbox 989 2453 1101 2524; x_wconf 78' lang='grc'>(95)</span> <span class='ocrx_word' id='word_1_278' title='bbox 1123 2452 1216 2506; x_wconf 70' lang='grc' dir='ltr'>ἐπὶ</span> <span class='ocrx_word' id='word_1_279' title='bbox 1247 2453 1314 2507; x_wconf 75' lang='grc' dir='ltr'>τὰ</span> <span class='ocrx_word' id='word_1_280' title='bbox 1351 2452 1517 2523; x_wconf 89' lang='grc' dir='ltr'>χείρω</span> <span class='ocrx_word' id='word_1_281' title='bbox 1564 2454 1758 2524; x_wconf 77' lang='grc' dir='ltr'>ῥοπὴν,</span> <span class='ocrx_word' id='word_1_282' title='bbox 1807 2453 1902 2507; x_wconf 77' lang='grc' dir='ltr'>καὶ</span> 
     </span>
    </p>
   </div>
   <div class='ocr_carea' id='block_1_35' title="bbox 325 2544 1898 2617">
    <p class='ocr_par' dir='ltr' id='par_1_35' title="bbox 325 2544 1898 2617">
     <span class='ocr_line' id='line_1_35' title="bbox 325 2544 1898 2617; baseline -0.003 -14"><span class='ocrx_word' id='word_1_283' title='bbox 325 2549 426 2616; x_wconf 79' lang='grc' dir='ltr'><strong>τὴν</strong></span> <span class='ocrx_word' id='word_1_284' title='bbox 457 2548 722 2617; x_wconf 83' lang='grc' dir='ltr'><strong>κακίστην</strong></span> <span class='ocrx_word' id='word_1_285' title='bbox 770 2544 1060 2616; x_wconf 78' lang='grc' dir='ltr'>δαιμόνων,</span> <span class='ocrx_word' id='word_1_286' title='bbox 1095 2545 1164 2615; x_wconf 76' lang='grc' dir='ltr'><strong>ἦν</strong></span> <span class='ocrx_word' id='word_1_287' title='bbox 1207 2562 1370 2615; x_wconf 82' lang='grc' dir='ltr'>φησιν</span> <span class='ocrx_word' id='word_1_288' title='bbox 1417 2544 1716 2616; x_wconf 85' lang='grc' dir='ltr'>Εὐριπίδης</span> <span class='ocrx_word' id='word_1_289' title='bbox 1763 2544 1898 2615; x_wconf 69' lang='grc'>(94),</span> 
     </span>
    </p>
   </div>
   <div class='ocr_carea' id='block_1_36' title="bbox 327 2626 1902 2704">
    <p class='ocr_par' dir='ltr' id='par_1_36' title="bbox 327 2626 1902 2704">
     <span class='ocr_line' id='line_1_36' title="bbox 327 2626 1902 2704; baseline -0.001 -16"><span class='ocrx_word' id='word_1_290' title='bbox 327 2634 662 2704; x_wconf 75' lang='grc' dir='ltr'>φιλοτιμίαν.</span> <span class='ocrx_word' id='word_1_291' title='bbox 688 2633 754 2685; x_wconf 90' lang='grc' dir='ltr'>Τί</span> <span class='ocrx_word' id='word_1_292' title='bbox 783 2632 890 2703; x_wconf 79' lang='grc' dir='ltr'>γὰρ</span> <span class='ocrx_word' id='word_1_293' title='bbox 913 2631 1121 2694; x_wconf 78' lang='grc' dir='ltr'>παθὼν,</span> <span class='ocrx_word' id='word_1_294' title='bbox 1150 2626 1194 2685; x_wconf 82' lang='grc' dir='ltr'>ὧ</span> <span class='ocrx_word' id='word_1_295' title='bbox 1226 2632 1526 2700; x_wconf 68' lang='grc' dir='ltr'>σοφώτατε,</span> <span class='ocrx_word' id='word_1_296' title='bbox 1550 2632 1646 2686; x_wconf 74' lang='grc' dir='ltr'><strong>καὶ</strong></span> <span class='ocrx_word' id='word_1_297' title='bbox 1670 2632 1722 2686; x_wconf 88' lang='grc' dir='ltr'>τί</span> <span class='ocrx_word' id='word_1_298' title='bbox 1748 2650 1902 2686; x_wconf 81' lang='grc' dir='ltr'>σεαυ-</span> 
     </span>
    </p>
   </div>
   <div class='ocr_carea' id='block_1_37' title="bbox 325 2719 1902 2791">
    <p class='ocr_par' dir='ltr' id='par_1_37' title="bbox 325 2719 1902 2791">
     <span class='ocr_line' id='line_1_37' title="bbox 325 2719 1902 2791; baseline -0.004 -13"><span class='ocrx_word' id='word_1_299' title='bbox 325 2725 420 2778; x_wconf 81' lang='grc' dir='ltr'>τὸν</span> <span class='ocrx_word' id='word_1_300' title='bbox 452 2723 770 2790; x_wconf 78' lang='grc' dir='ltr'>καταγνοὺς,</span> <span class='ocrx_word' id='word_1_301' title='bbox 805 2720 906 2784; x_wconf 77' lang='grc' dir='ltr'>τὰς</span> <span class='ocrx_word' id='word_1_302' title='bbox 942 2720 1039 2791; x_wconf 85' lang='grc' dir='ltr'>μὲν</span> <span class='ocrx_word' id='word_1_303' title='bbox 1075 2720 1225 2790; x_wconf 78' lang='grc' dir='ltr'>ἱερὰς</span> <span class='ocrx_word' id='word_1_304' title='bbox 1254 2721 1346 2774; x_wconf 74' lang='grc' dir='ltr'><strong>κα)⁵</strong></span> <span class='ocrx_word' id='word_1_305' title='bbox 1391 2721 1651 2790; x_wconf 79' lang='grc' dir='ltr'><strong>ποτίμους</strong></span> <span class='ocrx_word' id='word_1_306' title='bbox 1686 2719 1902 2791; x_wconf 77' lang='grc' dir='ltr'>βίϐλους</span> 
     </span>
    </p>
   </div>
   <div class='ocr_carea' id='block_1_38' title="bbox 328 2807 1902 2884">
    <p class='ocr_par' dir='ltr' id='par_1_38' title="bbox 328 2807 1902 2884">
     <span class='ocr_line' id='line_1_38' title="bbox 328 2807 1902 2884; baseline -0.004 -17"><span class='ocrx_word' id='word_1_307' title='bbox 328 2811 662 2884; x_wconf 73' lang='grc' dir='ltr'><strong>ἀπέρριψας,</strong></span> <span class='ocrx_word' id='word_1_308' title='bbox 696 2810 763 2872; x_wconf 78' lang='grc' dir='ltr'><strong>ἂς</strong></span> <span class='ocrx_word' id='word_1_309' title='bbox 786 2810 1225 2877; x_wconf 82' lang='grc' dir='ltr'>ὑπανεγίνωσκές</span> <span class='ocrx_word' id='word_1_310' title='bbox 1257 2827 1386 2863; x_wconf 87' lang='grc' dir='ltr'>ποτε</span> <span class='ocrx_word' id='word_1_311' title='bbox 1410 2811 1488 2880; x_wconf 81' lang='grc' dir='ltr'>τῷ</span> <span class='ocrx_word' id='word_1_312' title='bbox 1514 2807 1628 2880; x_wconf 85' lang='grc' dir='ltr'><strong>λαῷ</strong></span> <span class='ocrx_word' id='word_1_313' title='bbox 1659 2809 1758 2881; x_wconf 79' lang='grc' dir='ltr'><strong>(μὴ</strong></span> <span class='ocrx_word' id='word_1_314' title='bbox 1793 2808 1902 2880; x_wconf 69' lang='grc' dir='ltr'><strong>γὰρ</strong></span> 
     </span>
    </p>
   </div>
   <div class='ocr_carea' id='block_1_39' title="bbox 328 2900 1898 2973">
    <p class='ocr_par' dir='ltr' id='par_1_39' title="bbox 328 2900 1898 2973">
     <span class='ocr_line' id='line_1_39' title="bbox 328 2900 1898 2973; baseline -0.003 -15"><span class='ocrx_word' id='word_1_315' title='bbox 328 2903 624 2973; x_wconf 78' lang='grc' dir='ltr'>αἰσχυνθῇς</span> <span class='ocrx_word' id='word_1_316' title='bbox 670 2900 781 2970; x_wconf 82' lang='lat'><strong>(95)</strong></span> <span class='ocrx_word' id='word_1_317' title='bbox 812 2900 1070 2970; x_wconf 82' lang='grc' dir='ltr'>ἀκούων),</span> <span class='ocrx_word' id='word_1_318' title='bbox 1118 2901 1151 2971; x_wconf 82' lang='grc' dir='ltr'>ἢ</span> <span class='ocrx_word' id='word_1_319' title='bbox 1204 2901 1344 2971; x_wconf 82' lang='grc' dir='ltr'>ὑπὲρ</span> <span class='ocrx_word' id='word_1_320' title='bbox 1375 2901 1583 2954; x_wconf 79' lang='grc' dir='ltr'>καπνοῦ</span> <span class='ocrx_word' id='word_1_321' title='bbox 1628 2901 1898 2968; x_wconf 81' lang='grc' dir='ltr'><strong>τέθεικας,</strong></span> 
     </span>
    </p>
   </div>
   <div class='ocr_carea' id='block_1_40' title="bbox 327 2988 1899 3060">
    <p class='ocr_par' dir='ltr' id='par_1_40' title="bbox 327 2988 1899 3060">
     <span class='ocr_line' id='line_1_40' title="bbox 327 2988 1899 3060; baseline 0.001 -18"><span class='ocrx_word' id='word_1_322' title='bbox 327 2992 407 3054; x_wconf 73' lang='grc' dir='ltr'>ὡς</span> <span class='ocrx_word' id='word_1_323' title='bbox 428 2990 499 3043; x_wconf 81' lang='grc' dir='ltr'><strong>τὰ</strong></span> <span class='ocrx_word' id='word_1_324' title='bbox 523 2988 756 3060; x_wconf 85' lang='grc' dir='ltr'><strong>πηδάλια</strong></span> <span class='ocrx_word' id='word_1_325' title='bbox 783 2989 893 3060; x_wconf 85' lang='grc'>(96)</span> <span class='ocrx_word' id='word_1_326' title='bbox 926 2989 1189 3058; x_wconf 84' lang='grc' dir='ltr'>χειμῶνος</span> <span class='ocrx_word' id='word_1_327' title='bbox 1213 2989 1332 3060; x_wconf 82' lang='grc' dir='ltr'><strong>ὥρᾳ</strong></span> <span class='ocrx_word' id='word_1_328' title='bbox 1354 2990 1448 3043; x_wconf 76' lang='grc' dir='ltr'><strong>καὶ</strong></span> <span class='ocrx_word' id='word_1_329' title='bbox 1474 2989 1572 3054; x_wconf 79' lang='grc' dir='ltr'>τὰς</span> <span class='ocrx_word' id='word_1_330' title='bbox 1594 2991 1899 3057; x_wconf 81' lang='grc' dir='ltr'>σκαπάνας,</span> 
     </span>
    </p>
   </div>
   <div class='ocr_carea' id='block_1_41' title="bbox 2001 1815 3575 1886">
    <p class='ocr_par' dir='ltr' id='par_1_41' title="bbox 2001 1815 3575 1886">
     <span class='ocr_line' id='line_1_41' title="bbox 2001 1815 3575 1886; baseline -0.003 -15"><span class='ocrx_word' id='word_1_331' title='bbox 2001 1817 2134 1872; x_wconf 90' lang='lat' dir='ltr'><strong>mihi</strong></span> <span class='ocrx_word' id='word_1_332' title='bbox 2169 1833 2337 1871; x_wconf 91' lang='lat' dir='ltr'><strong>unum</strong></span> <span class='ocrx_word' id='word_1_333' title='bbox 2367 1816 2498 1886; x_wconf 91' lang='lat' dir='ltr'><strong>quid</strong></span> <span class='ocrx_word' id='word_1_334' title='bbox 2527 1832 2592 1871; x_wconf 78' lang='lat' dir='ltr'><strong>ex</strong></span> <span class='ocrx_word' id='word_1_335' title='bbox 2623 1817 2809 1871; x_wconf 92' lang='lat' dir='ltr'><strong>multis</strong></span> <span class='ocrx_word' id='word_1_336' title='bbox 2836 1816 2902 1869; x_wconf 93' lang='lat' dir='ltr'><strong>de</strong></span> <span class='ocrx_word' id='word_1_337' title='bbox 2939 1830 3027 1869; x_wconf 92' lang='lat' dir='ltr'><strong>me</strong></span> <span class='ocrx_word' id='word_1_338' title='bbox 3053 1815 3400 1883; x_wconf 78' lang='lat' dir='ltr'><strong>arrogantius</strong></span> <span class='ocrx_word' id='word_1_339' title='bbox 3434 1828 3575 1883; x_wconf 76' lang='lat' dir='ltr'><strong>pra:-</strong></span> 
     </span>
    </p>
   </div>
   <div class='ocr_carea' id='block_1_42' title="bbox 2000 1902 3576 1978">
    <p class='ocr_par' dir='ltr' id='par_1_42' title="bbox 2000 1902 3576 1978">
     <span class='ocr_line' id='line_1_42' title="bbox 2000 1902 3576 1978; baseline -0.005 -16"><span class='ocrx_word' id='word_1_340' title='bbox 2000 1908 2208 1976; x_wconf 88' lang='lat' dir='ltr'><strong>dicare)</strong></span> <span class='ocrx_word' id='word_1_341' title='bbox 2238 1927 2250 1962; x_wconf 92' lang='lat'><strong>:</strong></span> <span class='ocrx_word' id='word_1_342' title='bbox 2295 1924 2547 1978; x_wconf 56' lang='lat' dir='ltr'><strong>pera’que</strong></span> <span class='ocrx_word' id='word_1_343' title='bbox 2573 1916 2627 1962; x_wconf 92' lang='lat' dir='ltr'><strong>et</strong></span> <span class='ocrx_word' id='word_1_344' title='bbox 2655 1907 2784 1959; x_wconf 88' lang='lat' dir='ltr'><strong>mihi</strong></span> <span class='ocrx_word' id='word_1_345' title='bbox 2819 1905 3020 1959; x_wconf 87' lang='lat' dir='ltr'><strong>malum</strong></span> <span class='ocrx_word' id='word_1_346' title='bbox 3054 1905 3340 1958; x_wconf 88' lang='lat' dir='ltr'><strong>consilium</strong></span> <span class='ocrx_word' id='word_1_347' title='bbox 3367 1902 3576 1958; x_wconf 89' lang='lat' dir='ltr'><strong>ineunti</strong></span> 
     </span>
    </p>
   </div>
   <div class='ocr_carea' id='block_1_43' title="bbox 2001 1997 3577 2065">
    <p class='ocr_par' dir='ltr' id='par_1_43' title="bbox 2001 1997 3577 2065">
     <span class='ocr_line' id='line_1_43' title="bbox 2001 1997 3577 2065; baseline -0.004 -11"><span class='ocrx_word' id='word_1_348' title='bbox 2001 2015 2322 2064; x_wconf 75' lang='lat' dir='ltr'><strong>succenseo,</strong></span> <span class='ocrx_word' id='word_1_349' title='bbox 2367 2008 2420 2054; x_wconf 92' lang='lat' dir='ltr'><strong>et</strong></span> <span class='ocrx_word' id='word_1_350' title='bbox 2448 2000 2664 2054; x_wconf 88' lang='lat' dir='ltr'><strong>amicis.</strong></span> <span class='ocrx_word' id='word_1_351' title='bbox 2705 1999 2976 2063; x_wconf 69' lang='lat' dir='ltr'><strong>Quoniam</strong></span> <span class='ocrx_word' id='word_1_352' title='bbox 3009 1998 3193 2065; x_wconf 84' lang='lat' dir='ltr'><strong>itaque</strong></span> <span class='ocrx_word' id='word_1_353' title='bbox 3237 2011 3449 2061; x_wconf 90' lang='lat' dir='ltr'><strong>omnes,</strong></span> <span class='ocrx_word' id='word_1_354' title='bbox 3481 1997 3577 2065; x_wconf 91' lang='lat' dir='ltr'><strong>qui</strong></span> 
     </span>
    </p>
   </div>
   <div class='ocr_carea' id='block_1_44' title="bbox 2002 2084 3578 2155">
    <p class='ocr_par' dir='ltr' id='par_1_44' title="bbox 2002 2084 3578 2155">
     <span class='ocr_line' id='line_1_44' title="bbox 2002 2084 3578 2155; baseline -0.004 -10"><span class='ocrx_word' id='word_1_355' title='bbox 2002 2089 2304 2145; x_wconf 86' lang='lat' dir='ltr'><strong>secundum</strong></span> <span class='ocrx_word' id='word_1_356' title='bbox 2351 2089 2518 2143; x_wconf 90' lang='lat' dir='ltr'><strong>Deum</strong></span> <span class='ocrx_word' id='word_1_357' title='bbox 2567 2088 2801 2151; x_wconf 83' lang='lat' dir='ltr'><strong>vivunt,</strong></span> <span class='ocrx_word' id='word_1_358' title='bbox 2851 2095 3014 2155; x_wconf 88' lang='lat' dir='ltr'><strong>atque</strong></span> <span class='ocrx_word' id='word_1_359' title='bbox 3057 2087 3247 2139; x_wconf 87' lang='lat' dir='ltr'><strong>eodem</strong></span> <span class='ocrx_word' id='word_1_360' title='bbox 3302 2084 3578 2155; x_wconf 78' lang='lat' dir='ltr'><strong>Evangelii</strong></span> 
     </span>
    </p>
   </div>
   <div class='ocr_carea' id='block_1_45' title="bbox 2002 2176 3581 2248">
    <p class='ocr_par' dir='ltr' id='par_1_45' title="bbox 2002 2176 3581 2248">
     <span class='ocr_line' id='line_1_45' title="bbox 2002 2176 3581 2248; baseline -0.004 -12"><span class='ocrx_word' id='word_1_361' title='bbox 2002 2180 2223 2236; x_wconf 87' lang='lat' dir='ltr'><strong>tramite</strong></span> <span class='ocrx_word' id='word_1_362' title='bbox 2255 2180 2540 2243; x_wconf 90' lang='lat' dir='ltr'><strong>incedunt,</strong></span> <span class='ocrx_word' id='word_1_363' title='bbox 2574 2179 2814 2234; x_wconf 87' lang='lat' dir='ltr'><strong>amicitia</strong></span> <span class='ocrx_word' id='word_1_364' title='bbox 2867 2186 2922 2232; x_wconf 91' lang='lat' dir='ltr'><strong>et</strong></span> <span class='ocrx_word' id='word_1_365' title='bbox 2953 2176 3299 2248; x_wconf 80' lang='lat' dir='ltr'><strong>cognationis</strong></span> <span class='ocrx_word' id='word_1_366' title='bbox 3326 2177 3451 2243; x_wconf 89' lang='lat' dir='ltr'><strong>jure</strong></span> <span class='ocrx_word' id='word_1_367' title='bbox 3493 2177 3581 2230; x_wconf 87' lang='lat' dir='ltr'><strong>in-</strong></span> 
     </span>
    </p>
   </div>
   <div class='ocr_carea' id='block_1_46' title="bbox 2004 2268 3580 2338">
    <p class='ocr_par' dir='ltr' id='par_1_46' title="bbox 2004 2268 3580 2338">
     <span class='ocr_line' id='line_1_46' title="bbox 2004 2268 3580 2338; baseline -0.001 -14"><span class='ocrx_word' id='word_1_368' title='bbox 2004 2279 2088 2326; x_wconf 91' lang='lat' dir='ltr'><strong>ter</strong></span> <span class='ocrx_word' id='word_1_369' title='bbox 2129 2285 2190 2326; x_wconf 87' lang='lat' dir='ltr'><strong>se</strong></span> <span class='ocrx_word' id='word_1_370' title='bbox 2219 2270 2461 2325; x_wconf 86' lang='lat' dir='ltr'><strong>devincti</strong></span> <span class='ocrx_word' id='word_1_371' title='bbox 2503 2276 2654 2333; x_wconf 90' lang='lat' dir='ltr'><strong>sunt,</strong></span> <span class='ocrx_word' id='word_1_372' title='bbox 2699 2269 2830 2338; x_wconf 90' lang='lat' dir='ltr'><strong>quid</strong></span> <span class='ocrx_word' id='word_1_373' title='bbox 2874 2283 2983 2322; x_wconf 92' lang='lat' dir='ltr'><strong>non</strong></span> <span class='ocrx_word' id='word_1_374' title='bbox 3023 2284 3053 2322; x_wconf 90' lang='lat' dir='ltr'><strong>a</strong></span> <span class='ocrx_word' id='word_1_375' title='bbox 3087 2268 3246 2322; x_wconf 88' lang='lat' dir='ltr'><strong>nobis</strong></span> <span class='ocrx_word' id='word_1_376' title='bbox 3283 2268 3452 2322; x_wconf 85' lang='lat' dir='ltr'><strong>libere</strong></span> <span class='ocrx_word' id='word_1_377' title='bbox 3481 2283 3580 2322; x_wconf 77' lang='lat' dir='ltr'><strong>au-</strong></span> 
     </span>
    </p>
   </div>
   <div class='ocr_carea' id='block_1_47' title="bbox 2003 2357 3579 2428">
    <p class='ocr_par' dir='ltr' id='par_1_47' title="bbox 2003 2357 3579 2428">
     <span class='ocr_line' id='line_1_47' title="bbox 2003 2357 3579 2428; baseline -0.001 -16"><span class='ocrx_word' id='word_1_378' title='bbox 2003 2359 2143 2424; x_wconf 85' lang='lat' dir='ltr'><strong>dias,</strong></span> <span class='ocrx_word' id='word_1_379' title='bbox 2180 2373 2300 2428; x_wconf 69' lang='lat' dir='ltr'><strong>quze</strong></span> <span class='ocrx_word' id='word_1_380' title='bbox 2346 2372 2539 2413; x_wconf 91' lang='lat' dir='ltr'><strong>omnes</strong></span> <span class='ocrx_word' id='word_1_381' title='bbox 2581 2357 3072 2412; x_wconf 81' lang='lat' dir='ltr'><strong>submurmurant?</strong></span> <span class='ocrx_word' id='word_1_382' title='bbox 3099 2357 3391 2426; x_wconf 83' lang='lat' dir='ltr'><strong>lngioriam</strong></span> <span class='ocrx_word' id='word_1_383' title='bbox 3427 2365 3579 2412; x_wconf 89' lang='lat' dir='ltr'><strong>tuam</strong></span> 
     </span>
    </p>
   </div>
   <div class='ocr_carea' id='block_1_48' title="bbox 2003 2445 3575 2518">
    <p class='ocr_par' dir='ltr' id='par_1_48' title="bbox 2003 2445 3575 2518">
     <span class='ocr_line' id='line_1_48' title="bbox 2003 2445 3575 2518; baseline -0.003 -15"><span class='ocrx_word' id='word_1_384' title='bbox 2003 2448 2254 2518; x_wconf 81' lang='lat' dir='ltr'><strong>gloriam,</strong></span> <span class='ocrx_word' id='word_1_385' title='bbox 2302 2454 2361 2502; x_wconf 92' lang='lat' dir='ltr'><strong>ut</strong></span> <span class='ocrx_word' id='word_1_386' title='bbox 2411 2454 2466 2501; x_wconf 91' lang='lat' dir='ltr'><strong>et</strong></span> <span class='ocrx_word' id='word_1_387' title='bbox 2497 2462 2598 2517; x_wconf 82' lang='lat' dir='ltr'><strong>ego</strong></span> <span class='ocrx_word' id='word_1_388' title='bbox 2626 2445 2922 2515; x_wconf 87' lang='lat' dir='ltr'><strong>quidquam</strong></span> <span class='ocrx_word' id='word_1_389' title='bbox 2965 2460 3118 2500; x_wconf 91' lang='lat' dir='ltr'><strong>more</strong></span> <span class='ocrx_word' id='word_1_390' title='bbox 3153 2453 3333 2500; x_wconf 85' lang='lat' dir='ltr'><strong>vestro</strong></span> <span class='ocrx_word' id='word_1_391' title='bbox 3365 2446 3575 2514; x_wconf 88' lang='lat' dir='ltr'><strong>loquar,</strong></span> 
     </span>
    </p>
   </div>
   <div class='ocr_carea' id='block_1_49' title="bbox 2004 2535 3580 2606">
    <p class='ocr_par' dir='ltr' id='par_1_49' title="bbox 2004 2535 3580 2606">
     <span class='ocr_line' id='line_1_49' title="bbox 2004 2535 3580 2606; baseline -0.002 -14"><span class='ocrx_word' id='word_1_392' title='bbox 2004 2536 2230 2592; x_wconf 91' lang='lat' dir='ltr'><strong>minime</strong></span> <span class='ocrx_word' id='word_1_393' title='bbox 2261 2535 2507 2600; x_wconf 85' lang='lat' dir='ltr'><strong>laudant,</strong></span> <span class='ocrx_word' id='word_1_394' title='bbox 2538 2537 2872 2605; x_wconf 76' lang='lat' dir='ltr'><strong>tacitumque</strong></span> <span class='ocrx_word' id='word_1_395' title='bbox 2912 2536 2966 2588; x_wconf 92' lang='lat' dir='ltr'><strong>in</strong></span> <span class='ocrx_word' id='word_1_396' title='bbox 2998 2535 3241 2590; x_wconf 87' lang='lat' dir='ltr'><strong>deterius</strong></span> <span class='ocrx_word' id='word_1_397' title='bbox 3273 2537 3580 2606; x_wconf 81' lang='lat' dir='ltr'><strong>prolapsio-</strong></span> 
     </span>
    </p>
   </div>
   <div class='ocr_carea' id='block_1_50' title="bbox 2003 2625 3576 2695">
    <p class='ocr_par' dir='ltr' id='par_1_50' title="bbox 2003 2625 3576 2695">
     <span class='ocr_line' id='line_1_50' title="bbox 2003 2625 3576 2695; baseline 0 -14"><span class='ocrx_word' id='word_1_398' title='bbox 2003 2641 2152 2692; x_wconf 90' lang='lat' dir='ltr'><strong>nem,</strong></span> <span class='ocrx_word' id='word_1_399' title='bbox 2201 2641 2266 2680; x_wconf 86' lang='lat' dir='ltr'><strong>ac</strong></span> <span class='ocrx_word' id='word_1_400' title='bbox 2311 2626 2618 2681; x_wconf 60' lang='lat' dir='ltr'><strong>daemonum</strong></span> <span class='ocrx_word' id='word_1_401' title='bbox 2668 2627 2981 2695; x_wconf 82' lang='lat' dir='ltr'><strong>pessimam,</strong></span> <span class='ocrx_word' id='word_1_402' title='bbox 3028 2633 3088 2679; x_wconf 92' lang='lat' dir='ltr'><strong>ut</strong></span> <span class='ocrx_word' id='word_1_403' title='bbox 3137 2626 3214 2678; x_wconf 91' lang='lat' dir='ltr'><strong>ait</strong></span> <span class='ocrx_word' id='word_1_404' title='bbox 3269 2625 3576 2694; x_wconf 85' lang='lat' dir='ltr'><strong>Euripides,</strong></span> 
     </span>
    </p>
   </div>
   <div class='ocr_carea' id='block_1_51' title="bbox 2002 2715 3576 2785">
    <p class='ocr_par' dir='ltr' id='par_1_51' title="bbox 2002 2715 3576 2785">
     <span class='ocr_line' id='line_1_51' title="bbox 2002 2715 3576 2785; baseline -0.002 -13"><span class='ocrx_word' id='word_1_405' title='bbox 2002 2716 2378 2772; x_wconf 81' lang='lat' dir='ltr'><strong>ambitionem.</strong></span> <span class='ocrx_word' id='word_1_406' title='bbox 2412 2715 2556 2781; x_wconf 82' lang='lat' dir='ltr'><strong>Quid</strong></span> <span class='ocrx_word' id='word_1_407' title='bbox 2584 2715 2729 2770; x_wconf 91' lang='lat' dir='ltr'><strong>enim</strong></span> <span class='ocrx_word' id='word_1_408' title='bbox 2757 2715 2853 2769; x_wconf 92' lang='lat' dir='ltr'><strong>tibi</strong></span> <span class='ocrx_word' id='word_1_409' title='bbox 2900 2715 3126 2778; x_wconf 89' lang='lat' dir='ltr'><strong>accidit,</strong></span> <span class='ocrx_word' id='word_1_410' title='bbox 3155 2715 3240 2768; x_wconf 88' lang='lat' dir='ltr'><strong>vir</strong></span> <span class='ocrx_word' id='word_1_411' title='bbox 3281 2716 3576 2785; x_wconf 84' lang='lat' dir='ltr'><strong>sapientis-</strong></span> 
     </span>
    </p>
   </div>
   <div class='ocr_carea' id='block_1_52' title="bbox 2003 2805 3666 2877">
    <p class='ocr_par' dir='ltr' id='par_1_52' title="bbox 2003 2805 3666 2877">
     <span class='ocr_line' id='line_1_52' title="bbox 2003 2805 3666 2877; baseline 0 -15"><span class='ocrx_word' id='word_1_412' title='bbox 2003 2807 2179 2872; x_wconf 89' lang='lat' dir='ltr'><strong>sime,</strong></span> <span class='ocrx_word' id='word_1_413' title='bbox 2241 2807 2485 2877; x_wconf 87' lang='lat' dir='ltr'><strong>quidque</strong></span> <span class='ocrx_word' id='word_1_414' title='bbox 2516 2805 2616 2860; x_wconf 91' lang='lat' dir='ltr'><strong>tibi</strong></span> <span class='ocrx_word' id='word_1_415' title='bbox 2655 2806 2708 2860; x_wconf 90' lang='lat' dir='ltr'><strong>in</strong></span> <span class='ocrx_word' id='word_1_416' title='bbox 2753 2806 2927 2876; x_wconf 86' lang='lat' dir='ltr'><strong>teipso</strong></span> <span class='ocrx_word' id='word_1_417' title='bbox 2962 2806 3261 2876; x_wconf 88' lang='lat' dir='ltr'><strong>displicuit,</strong></span> <span class='ocrx_word' id='word_1_418' title='bbox 3300 2815 3358 2861; x_wconf 89' lang='lat' dir='ltr'><strong>ut</strong></span> <span class='ocrx_word' id='word_1_419' title='bbox 3405 2809 3579 2862; x_wconf 85' lang='lat' dir='ltr'><strong>sacris</strong></span> <span class='ocrx_word' id='word_1_420' title='bbox 3654 2809 3666 2820; x_wconf 80' lang='lat'><strong><em>‘</em></strong></span> 
     </span>
    </p>
   </div>
   <div class='ocr_carea' id='block_1_53' title="bbox 2003 2897 3580 2969">
    <p class='ocr_par' dir='ltr' id='par_1_53' title="bbox 2003 2897 3580 2969">
     <span class='ocr_line' id='line_1_53' title="bbox 2003 2897 3580 2969; baseline 0.001 -18"><span class='ocrx_word' id='word_1_421' title='bbox 2003 2897 2115 2953; x_wconf 90' lang='lat' dir='ltr'><strong>illis</strong></span> <span class='ocrx_word' id='word_1_422' title='bbox 2152 2897 2606 2966; x_wconf 85' lang='lat' dir='ltr'><strong>suavissimisque</strong></span> <span class='ocrx_word' id='word_1_423' title='bbox 2651 2897 2826 2958; x_wconf 80' lang='lat' dir='ltr'><strong>libris,</strong></span> <span class='ocrx_word' id='word_1_424' title='bbox 2871 2913 3010 2966; x_wconf 87' lang='lat' dir='ltr'><strong>quos</strong></span> <span class='ocrx_word' id='word_1_425' title='bbox 3054 2897 3328 2968; x_wconf 91' lang='lat' dir='ltr'><strong>quondam</strong></span> <span class='ocrx_word' id='word_1_426' title='bbox 3378 2899 3580 2969; x_wconf 88' lang='lat' dir='ltr'><strong>popqu</strong></span> 
     </span>
    </p>
   </div>
   <div class='ocr_carea' id='block_1_54' title="bbox 2003 2987 3580 3058">
    <p class='ocr_par' dir='ltr' id='par_1_54' title="bbox 2003 2987 3580 3058">
     <span class='ocr_line' id='line_1_54' title="bbox 2003 2987 3580 3058; baseline 0.001 -15"><span class='ocrx_word' id='word_1_427' title='bbox 2003 2988 2291 3043; x_wconf 87' lang='lat' dir='ltr'><strong>Iectitabas</strong></span> <span class='ocrx_word' id='word_1_428' title='bbox 2326 2994 2458 3057; x_wconf 92' lang='lat' dir='ltr'><strong>(non</strong></span> <span class='ocrx_word' id='word_1_429' title='bbox 2493 2988 2638 3042; x_wconf 91' lang='lat' dir='ltr'><strong>enim</strong></span> <span class='ocrx_word' id='word_1_430' title='bbox 2688 2987 2802 3041; x_wconf 65' lang='lat' dir='ltr'><strong>haec</strong></span> <span class='ocrx_word' id='word_1_431' title='bbox 2832 2988 3062 3042; x_wconf 87' lang='lat' dir='ltr'><strong>audiens</strong></span> <span class='ocrx_word' id='word_1_432' title='bbox 3091 2988 3435 3058; x_wconf 83' lang='lat' dir='ltr'><strong>erubescas),</strong></span> <span class='ocrx_word' id='word_1_433' title='bbox 3464 2991 3580 3044; x_wconf 88' lang='lat' dir='ltr'><strong>cal-</strong></span> 
     </span>
    </p>
   </div>
   <div class='ocr_carea' id='block_1_55' title="bbox 328 3074 1902 3153">
    <p class='ocr_par' dir='ltr' id='par_1_55' title="bbox 328 3079 1902 3153">
     <span class='ocr_line' id='line_1_55' title="bbox 328 3079 1902 3153; baseline 0.001 -20"><span class='ocrx_word' id='word_1_434' title='bbox 328 3082 430 3143; x_wconf 77' lang='grc' dir='ltr'><strong>τὰς</strong></span> <span class='ocrx_word' id='word_1_435' title='bbox 469 3082 526 3133; x_wconf 77' lang='grc' dir='ltr'><strong>δὲ</strong></span> <span class='ocrx_word' id='word_1_436' title='bbox 555 3080 800 3152; x_wconf 80' lang='grc' dir='ltr'>ἁλμυρὰς</span> <span class='ocrx_word' id='word_1_437' title='bbox 835 3081 927 3133; x_wconf 74' lang='grc' dir='ltr'>καὶ</span> <span class='ocrx_word' id='word_1_438' title='bbox 966 3079 1200 3143; x_wconf 82' lang='grc' dir='ltr'>ἁπὸτους</span> <span class='ocrx_word' id='word_1_439' title='bbox 1240 3082 1614 3151; x_wconf 88' lang='grc' dir='ltr'>μετεχειρίσω,</span> <span class='ocrx_word' id='word_1_440' title='bbox 1668 3083 1764 3135; x_wconf 70' lang='grc' dir='ltr'><strong>καὶ</strong></span> <span class='ocrx_word' id='word_1_441' title='bbox 1805 3084 1902 3153; x_wconf 81' lang='grc' dir='ltr'><strong>ρή-</strong></span> 
     </span>
    </p>
   </div>
   <div class='ocr_carea' id='block_1_56' title="bbox 2005 3074 3580 3153">
    <p class='ocr_par' dir='ltr' id='par_1_56' title="bbox 2005 3078 3580 3150">
     <span class='ocr_line' id='line_1_56' title="bbox 2005 3078 3580 3150; baseline 0 -15"><span class='ocrx_word' id='word_1_442' title='bbox 2005 3082 2145 3135; x_wconf 89' lang='lat' dir='ltr'><strong>catis</strong></span> <span class='ocrx_word' id='word_1_443' title='bbox 2177 3089 2341 3150; x_wconf 92' lang='lat' dir='ltr'><strong>atque</strong></span> <span class='ocrx_word' id='word_1_444' title='bbox 2371 3079 2652 3149; x_wconf 88' lang='lat' dir='ltr'><strong>projectis,</strong></span> <span class='ocrx_word' id='word_1_445' title='bbox 2689 3086 2782 3132; x_wconf 89' lang='lat' dir='ltr'><strong>aut</strong></span> <span class='ocrx_word' id='word_1_446' title='bbox 2806 3079 2969 3133; x_wconf 89' lang='lat' dir='ltr'><strong>etiam</strong></span> <span class='ocrx_word' id='word_1_447' title='bbox 3001 3079 3069 3131; x_wconf 87' lang='lat' dir='ltr'><strong>ad</strong></span> <span class='ocrx_word' id='word_1_448' title='bbox 3109 3078 3316 3133; x_wconf 76' lang='lat' dir='ltr'><strong>fumum</strong></span> <span class='ocrx_word' id='word_1_449' title='bbox 3349 3096 3580 3149; x_wconf 88' lang='lat' dir='ltr'><strong>suspen-</strong></span> 
     </span>
    </p>
   </div>
   <div class='ocr_carea' id='block_1_57' title="bbox 333 3169 1901 3242">
    <p class='ocr_par' dir='ltr' id='par_1_57' title="bbox 333 3169 1901 3242">
     <span class='ocr_line' id='line_1_57' title="bbox 333 3169 1901 3242; baseline 0.001 -19"><span class='ocrx_word' id='word_1_450' title='bbox 333 3189 449 3242; x_wconf 82' lang='grc' dir='ltr'><strong>τωρ</strong></span> <span class='ocrx_word' id='word_1_451' title='bbox 473 3171 686 3223; x_wconf 76' lang='grc' dir='ltr'>ἀκούειν</span> <span class='ocrx_word' id='word_1_452' title='bbox 717 3169 934 3240; x_wconf 79' lang='grc' dir='ltr'>μᾶλλον,</span> <span class='ocrx_word' id='word_1_453' title='bbox 960 3169 993 3240; x_wconf 82' lang='grc' dir='ltr'>ἢ</span> <span class='ocrx_word' id='word_1_454' title='bbox 1025 3171 1348 3240; x_wconf 82' lang='grc' dir='ltr'>Χριστιανὸς</span> <span class='ocrx_word' id='word_1_455' title='bbox 1374 3171 1674 3240; x_wconf 75' lang='grc' dir='ltr'><strong>ὴΘὲλησαςς</strong></span> <span class='ocrx_word' id='word_1_456' title='bbox 1710 3172 1901 3242; x_wconf 81' lang='grc' dir='ltr'>Ἡμεῖς</span> 
     </span>
    </p>
   </div>
   <div class='ocr_carea' id='block_1_58' title="bbox 328 3261 1900 3332">
    <p class='ocr_par' dir='ltr' id='par_1_58' title="bbox 328 3261 1900 3332">
     <span class='ocr_line' id='line_1_58' title="bbox 328 3261 1900 3332; baseline 0.003 -21"><span class='ocrx_word' id='word_1_457' title='bbox 328 3261 387 3315; x_wconf 84' lang='grc' dir='ltr'><strong>δὲ</strong></span> <span class='ocrx_word' id='word_1_458' title='bbox 416 3262 573 3314; x_wconf 78' lang='grc' dir='ltr'>τοῦτο</span> <span class='ocrx_word' id='word_1_459' title='bbox 627 3262 848 3331; x_wconf 80' lang='grc' dir='ltr'>μᾶλλον,</span> <span class='ocrx_word' id='word_1_460' title='bbox 892 3261 1036 3331; x_wconf 69' lang='grc' dir='ltr'>ἢπερ</span> <span class='ocrx_word' id='word_1_461' title='bbox 1083 3263 1279 3324; x_wconf 82' lang='grc' dir='ltr'>ἐκεῖνο,</span> <span class='ocrx_word' id='word_1_462' title='bbox 1319 3262 1414 3314; x_wconf 81' lang='grc' dir='ltr'>καὶ</span> <span class='ocrx_word' id='word_1_463' title='bbox 1461 3264 1611 3316; x_wconf 77' lang='grc' dir='ltr'>πᾶσα</span> <span class='ocrx_word' id='word_1_464' title='bbox 1659 3262 1737 3332; x_wconf 82' lang='grc' dir='ltr'><strong>τῷ</strong></span> <span class='ocrx_word' id='word_1_465' title='bbox 1780 3263 1900 3332; x_wconf 83' lang='grc' dir='ltr'><strong>Θεῷ</strong></span> 
     </span>
    </p>
   </div>
   <div class='ocr_carea' id='block_1_59' title="bbox 329 3345 1900 3424">
    <p class='ocr_par' dir='ltr' id='par_1_59' title="bbox 329 3345 1900 3424">
     <span class='ocr_line' id='line_1_59' title="bbox 329 3345 1900 3424; baseline 0 -18"><span class='ocrx_word' id='word_1_466' title='bbox 329 3353 506 3424; x_wconf 77' lang='grc' dir='ltr'>χάρις.</span> <span class='ocrx_word' id='word_1_467' title='bbox 540 3353 633 3423; x_wconf 81' lang='grc' dir='ltr'><strong>Μὴ</strong></span> <span class='ocrx_word' id='word_1_468' title='bbox 665 3351 730 3404; x_wconf 80' lang='grc' dir='ltr'>σύ</span> <span class='ocrx_word' id='word_1_469' title='bbox 757 3369 840 3420; x_wconf 87' lang='grc' dir='ltr'>γε,</span> <span class='ocrx_word' id='word_1_470' title='bbox 883 3345 928 3404; x_wconf 79' lang='grc' dir='ltr'>ὦ</span> <span class='ocrx_word' id='word_1_471' title='bbox 965 3351 1179 3420; x_wconf 79' lang='grc' dir='ltr'><strong>ἄριστε,</strong></span> <span class='ocrx_word' id='word_1_472' title='bbox 1211 3350 1286 3421; x_wconf 80' lang='grc' dir='ltr'><strong>μὴ</strong></span> <span class='ocrx_word' id='word_1_473' title='bbox 1315 3352 1406 3405; x_wconf 79' lang='grc' dir='ltr'>ἐπὶ</span> <span class='ocrx_word' id='word_1_474' title='bbox 1446 3352 1579 3404; x_wconf 77' lang='grc' dir='ltr'>πολὺ</span> <span class='ocrx_word' id='word_1_475' title='bbox 1607 3352 1718 3423; x_wconf 88' lang='lat'><strong>(97)</strong></span> <span class='ocrx_word' id='word_1_476' title='bbox 1742 3353 1900 3406; x_wconf 77' lang='grc' dir='ltr'>τοῦτο</span> 
     </span>
    </p>
   </div>
   <div class='ocr_carea' id='block_1_60' title="bbox 331 3441 1898 3514">
    <p class='ocr_par' dir='ltr' id='par_1_60' title="bbox 331 3441 1898 3514">
     <span class='ocr_line' id='line_1_60' title="bbox 331 3441 1898 3514; baseline 0.001 -19"><span class='ocrx_word' id='word_1_477' title='bbox 331 3442 532 3514; x_wconf 76' lang='grc' dir='ltr'>πάθῃς,</span> <span class='ocrx_word' id='word_1_478' title='bbox 589 3442 704 3495; x_wconf 83' lang='grc' dir='ltr'>ἀλλ’</span> <span class='ocrx_word' id='word_1_479' title='bbox 743 3441 974 3512; x_wconf 75' lang='grc' dir='ltr'>ἐκνηψον</span> <span class='ocrx_word' id='word_1_480' title='bbox 1023 3441 1119 3510; x_wconf 66' lang='grc' dir='ltr'><strong>ὀψὲ</strong></span> <span class='ocrx_word' id='word_1_481' title='bbox 1171 3441 1322 3508; x_wconf 79' lang='grc' dir='ltr'>γοῦν,</span> <span class='ocrx_word' id='word_1_482' title='bbox 1364 3443 1458 3495; x_wconf 77' lang='grc' dir='ltr'><strong>κα)⁸</strong></span> <span class='ocrx_word' id='word_1_483' title='bbox 1502 3443 1637 3512; x_wconf 75' lang='grc' dir='ltr'>πρὸς</span> <span class='ocrx_word' id='word_1_484' title='bbox 1674 3443 1898 3496; x_wconf 74' lang='grc' dir='ltr'>σεαυτὸν</span> 
     </span>
    </p>
   </div>
   <div class='ocr_carea' id='block_1_61' title="bbox 331 3532 1899 3604">
    <p class='ocr_par' dir='ltr' id='par_1_61' title="bbox 331 3532 1899 3604">
     <span class='ocr_line' id='line_1_61' title="bbox 331 3532 1899 3604; baseline -0.001 -17"><span class='ocrx_word' id='word_1_485' title='bbox 331 3534 612 3600; x_wconf 76' lang='grc' dir='ltr'>ἐπάνελθε,</span> <span class='ocrx_word' id='word_1_486' title='bbox 656 3535 754 3587; x_wconf 78' lang='grc' dir='ltr'><strong>καὶ</strong></span> <span class='ocrx_word' id='word_1_487' title='bbox 792 3533 1128 3603; x_wconf 77' lang='grc' dir='ltr'>ἀπολόγησαι</span> <span class='ocrx_word' id='word_1_488' title='bbox 1157 3533 1256 3602; x_wconf 82' lang='grc' dir='ltr'>μὲν</span> <span class='ocrx_word' id='word_1_489' title='bbox 1299 3535 1530 3596; x_wconf 85' lang='grc' dir='ltr'>πιστοῖς,</span> <span class='ocrx_word' id='word_1_490' title='bbox 1562 3532 1899 3604; x_wconf 81' lang='grc' dir='ltr'>ἀπολόγησαι</span> 
     </span>
    </p>
   </div>
   <div class='ocr_carea' id='block_1_62' title="bbox 327 3614 1900 3692">
    <p class='ocr_par' dir='ltr' id='par_1_62' title="bbox 327 3614 1900 3692">
     <span class='ocr_line' id='line_1_62' title="bbox 327 3614 1900 3692; baseline -0.002 -16"><span class='ocrx_word' id='word_1_491' title='bbox 327 3623 386 3676; x_wconf 78' lang='grc' dir='ltr'><strong>δὲ</strong></span> <span class='ocrx_word' id='word_1_492' title='bbox 411 3622 552 3692; x_wconf 81' lang='grc' dir='ltr'>Θεῷ,</span> <span class='ocrx_word' id='word_1_493' title='bbox 589 3624 682 3677; x_wconf 76' lang='grc' dir='ltr'>καὶ</span> <span class='ocrx_word' id='word_1_494' title='bbox 725 3622 1147 3692; x_wconf 83' lang='grc' dir='ltr'>Θυσιαστηρίοις,</span> <span class='ocrx_word' id='word_1_495' title='bbox 1187 3622 1280 3674; x_wconf 75' lang='grc' dir='ltr'><strong>καὶ</strong></span> <span class='ocrx_word' id='word_1_496' title='bbox 1329 3621 1667 3692; x_wconf 76' lang='grc' dir='ltr'>μυστηρίοις,</span> <span class='ocrx_word' id='word_1_497' title='bbox 1706 3621 1797 3688; x_wconf 80' lang='grc' dir='ltr'><strong>ἀφ’</strong></span> <span class='ocrx_word' id='word_1_498' title='bbox 1825 3614 1900 3673; x_wconf 81' lang='grc' dir='ltr'><strong>ὧν</strong></span> 
     </span>
    </p>
   </div>
   <div class='ocr_carea' id='block_1_63' title="bbox 331 3715 666 3785">
    <p class='ocr_par' dir='ltr' id='par_1_63' title="bbox 331 3715 666 3785">
     <span class='ocr_line' id='line_1_63' title="bbox 331 3715 666 3785; baseline 0.003 -20"><span class='ocrx_word' id='word_1_499' title='bbox 331 3715 666 3785; x_wconf 75' lang='grc' dir='ltr'>ὲμὰκρυνας.</span> 
     </span>
    </p>
   </div>
   <div class='ocr_carea' id='block_1_64' title="bbox 2009 3169 3582 3240">
    <p class='ocr_par' dir='ltr' id='par_1_64' title="bbox 2009 3169 3582 3240">
     <span class='ocr_line' id='line_1_64' title="bbox 2009 3169 3582 3240; baseline 0.001 -16"><span class='ocrx_word' id='word_1_500' title='bbox 2009 3173 2111 3236; x_wconf 80' lang='lat' dir='ltr'><strong>sis,</strong></span> <span class='ocrx_word' id='word_1_501' title='bbox 2131 3187 2238 3225; x_wconf 89' lang='lat' dir='ltr'><strong>non</strong></span> <span class='ocrx_word' id='word_1_502' title='bbox 2264 3186 2424 3226; x_wconf 88' lang='lat' dir='ltr'><strong>secus</strong></span> <span class='ocrx_word' id='word_1_503' title='bbox 2449 3179 2614 3240; x_wconf 89' lang='lat' dir='ltr'><strong>atque</strong></span> <span class='ocrx_word' id='word_1_504' title='bbox 2644 3169 2865 3223; x_wconf 90' lang='lat' dir='ltr'><strong>navium</strong></span> <span class='ocrx_word' id='word_1_505' title='bbox 2893 3169 3277 3240; x_wconf 78' lang='lat' dir='ltr'><strong>gubernaculis</strong></span> <span class='ocrx_word' id='word_1_506' title='bbox 3305 3180 3359 3225; x_wconf 90' lang='lat' dir='ltr'><strong>et</strong></span> <span class='ocrx_word' id='word_1_507' title='bbox 3387 3171 3582 3240; x_wconf 88' lang='lat' dir='ltr'><strong>ligoni-</strong></span> 
     </span>
    </p>
   </div>
   <div class='ocr_carea' id='block_1_65' title="bbox 2007 3261 3584 3330">
    <p class='ocr_par' dir='ltr' id='par_1_65' title="bbox 2007 3261 3584 3330">
     <span class='ocr_line' id='line_1_65' title="bbox 2007 3261 3584 3330; baseline 0.001 -15"><span class='ocrx_word' id='word_1_508' title='bbox 2007 3262 2110 3316; x_wconf 89' lang='lat' dir='ltr'><strong>bus</strong></span> <span class='ocrx_word' id='word_1_509' title='bbox 2145 3261 2340 3316; x_wconf 89' lang='lat' dir='ltr'><strong>hiemis</strong></span> <span class='ocrx_word' id='word_1_510' title='bbox 2369 3269 2634 3330; x_wconf 84' lang='lat' dir='ltr'><strong>temporc,</strong></span> <span class='ocrx_word' id='word_1_511' title='bbox 2677 3261 2855 3316; x_wconf 86' lang='lat' dir='ltr'><strong>salsos</strong></span> <span class='ocrx_word' id='word_1_512' title='bbox 2889 3270 2943 3316; x_wconf 92' lang='lat' dir='ltr'><strong>ct</strong></span> <span class='ocrx_word' id='word_1_513' title='bbox 2971 3262 3344 3317; x_wconf 79' lang='lat' dir='ltr'><strong>amarulentus</strong></span> <span class='ocrx_word' id='word_1_514' title='bbox 3387 3263 3440 3316; x_wconf 93' lang='lat' dir='ltr'><strong>iu</strong></span> <span class='ocrx_word' id='word_1_515' title='bbox 3475 3280 3584 3318; x_wconf 81' lang='lat' dir='ltr'><strong>ma-</strong></span> 
     </span>
    </p>
   </div>
   <div class='ocr_carea' id='block_1_66' title="bbox 2006 3351 3581 3424">
    <p class='ocr_par' dir='ltr' id='par_1_66' title="bbox 2006 3351 3581 3424">
     <span class='ocr_line' id='line_1_66' title="bbox 2006 3351 3581 3424; baseline 0.001 -17"><span class='ocrx_word' id='word_1_516' title='bbox 2006 3369 2111 3408; x_wconf 90' lang='lat' dir='ltr'><strong>nus</strong></span> <span class='ocrx_word' id='word_1_517' title='bbox 2139 3354 2465 3424; x_wconf 84' lang='lat' dir='ltr'><strong>sumpseris,</strong></span> <span class='ocrx_word' id='word_1_518' title='bbox 2502 3366 2567 3406; x_wconf 92' lang='lat' dir='ltr'><strong>ac</strong></span> <span class='ocrx_word' id='word_1_519' title='bbox 2595 3351 2780 3406; x_wconf 87' lang='lat' dir='ltr'><strong>rhetor</strong></span> <span class='ocrx_word' id='word_1_520' title='bbox 2811 3352 3018 3416; x_wconf 84' lang='lat' dir='ltr'><strong>vocari,</strong></span> <span class='ocrx_word' id='word_1_521' title='bbox 3051 3367 3213 3422; x_wconf 90' lang='lat' dir='ltr'><strong>quam</strong></span> <span class='ocrx_word' id='word_1_522' title='bbox 3237 3353 3581 3409; x_wconf 84' lang='lat' dir='ltr'><strong>Christianus</strong></span> 
     </span>
    </p>
   </div>
   <div class='ocr_carea' id='block_1_67' title="bbox 2005 3441 3582 3512">
    <p class='ocr_par' dir='ltr' id='par_1_67' title="bbox 2005 3441 3582 3512">
     <span class='ocr_line' id='line_1_67' title="bbox 2005 3441 3582 3512; baseline 0.003 -17"><span class='ocrx_word' id='word_1_523' title='bbox 2005 3443 2306 3498; x_wconf 85' lang='lat' dir='ltr'><strong>malueris?</strong></span> <span class='ocrx_word' id='word_1_524' title='bbox 2344 3441 2456 3497; x_wconf 90' lang='lat' dir='ltr'><strong>Nos</strong></span> <span class='ocrx_word' id='word_1_525' title='bbox 2482 3452 2674 3496; x_wconf 87' lang='lat' dir='ltr'><strong>contra</strong></span> <span class='ocrx_word' id='word_1_526' title='bbox 2718 3442 2820 3496; x_wconf 90' lang='lat' dir='ltr'><strong>hoc</strong></span> <span class='ocrx_word' id='word_1_527' title='bbox 2853 3443 3056 3512; x_wconf 86' lang='lat' dir='ltr'><strong>potius,</strong></span> <span class='ocrx_word' id='word_1_528' title='bbox 3089 3458 3254 3512; x_wconf 89' lang='lat' dir='ltr'><strong>quam</strong></span> <span class='ocrx_word' id='word_1_529' title='bbox 3287 3444 3443 3507; x_wconf 89' lang='lat' dir='ltr'><strong>illud,</strong></span> <span class='ocrx_word' id='word_1_530' title='bbox 3487 3463 3582 3499; x_wconf 88' lang='lat' dir='ltr'><strong>eo-</strong></span> 
     </span>
    </p>
   </div>
   <div class='ocr_carea' id='block_1_68' title="bbox 2005 3533 3582 3607">
    <p class='ocr_par' dir='ltr' id='par_1_68' title="bbox 2005 3533 3582 3607">
     <span class='ocr_line' id='line_1_68' title="bbox 2005 3533 3582 3607; baseline 0.003 -21"><span class='ocrx_word' id='word_1_531' title='bbox 2005 3549 2112 3603; x_wconf 85' lang='lat' dir='ltr'><strong>que</strong></span> <span class='ocrx_word' id='word_1_532' title='bbox 2142 3533 2364 3589; x_wconf 87' lang='lat' dir='ltr'><strong>nomine</strong></span> <span class='ocrx_word' id='word_1_533' title='bbox 2391 3535 2683 3589; x_wconf 82' lang='lat' dir='ltr'><strong>maximam</strong></span> <span class='ocrx_word' id='word_1_534' title='bbox 2718 3533 2830 3588; x_wconf 89' lang='lat' dir='ltr'><strong>Deo</strong></span> <span class='ocrx_word' id='word_1_535' title='bbox 2865 3537 3097 3604; x_wconf 83' lang='lat' dir='ltr'><strong>gratiam</strong></span> <span class='ocrx_word' id='word_1_536' title='bbox 3139 3535 3334 3591; x_wconf 86' lang='lat' dir='ltr'><strong>habeo.</strong></span> <span class='ocrx_word' id='word_1_537' title='bbox 3368 3535 3582 3607; x_wconf 87' lang='lat' dir='ltr'><strong>Nequa-</strong></span> 
     </span>
    </p>
   </div>
   <div class='ocr_carea' id='block_1_69' title="bbox 2006 3625 3581 3693">
    <p class='ocr_par' dir='ltr' id='par_1_69' title="bbox 2006 3625 3581 3693">
     <span class='ocr_line' id='line_1_69' title="bbox 2006 3625 3581 3693; baseline 0.004 -17"><span class='ocrx_word' id='word_1_538' title='bbox 2006 3639 2170 3692; x_wconf 90' lang='lat' dir='ltr'><strong>quam</strong></span> <span class='ocrx_word' id='word_1_539' title='bbox 2201 3639 2408 3693; x_wconf 68' lang='lat' dir='ltr'><strong>qumso,</strong></span> <span class='ocrx_word' id='word_1_540' title='bbox 2449 3639 2482 3678; x_wconf 91' lang='grc' dir='ltr'>ο</span> <span class='ocrx_word' id='word_1_541' title='bbox 2525 3627 2750 3693; x_wconf 90' lang='lat' dir='ltr'><strong>optime,</strong></span> <span class='ocrx_word' id='word_1_542' title='bbox 2791 3639 2861 3679; x_wconf 89' lang='lat' dir='ltr'><strong>ne</strong></span> <span class='ocrx_word' id='word_1_543' title='bbox 2894 3625 3101 3680; x_wconf 90' lang='lat' dir='ltr'><strong>diutius</strong></span> <span class='ocrx_word' id='word_1_544' title='bbox 3135 3629 3318 3682; x_wconf 89' lang='lat' dir='ltr'><strong>animo</strong></span> <span class='ocrx_word' id='word_1_545' title='bbox 3344 3628 3417 3681; x_wconf 90' lang='lat' dir='ltr'><strong>ita</strong></span> <span class='ocrx_word' id='word_1_546' title='bbox 3449 3627 3581 3682; x_wconf 85' lang='lat' dir='ltr'><strong>all‘e-</strong></span> 
     </span>
    </p>
   </div>
   <div class='ocr_carea' id='block_1_70' title="bbox 2009 3714 3583 3785">
    <p class='ocr_par' dir='ltr' id='par_1_70' title="bbox 2009 3714 3583 3785">
     <span class='ocr_line' id='line_1_70' title="bbox 2009 3714 3583 3785; baseline 0.006 -19"><span class='ocrx_word' id='word_1_547' title='bbox 2009 3722 2132 3768; x_wconf 86' lang='lat' dir='ltr'><strong>ctus</strong></span> <span class='ocrx_word' id='word_1_548' title='bbox 2168 3714 2281 3778; x_wconf 87' lang='lat' dir='ltr'><strong>sis;</strong></span> <span class='ocrx_word' id='word_1_549' title='bbox 2326 3730 2537 3779; x_wconf 88' lang='lat' dir='ltr'><strong>verum,</strong></span> <span class='ocrx_word' id='word_1_550' title='bbox 2585 3716 2764 3771; x_wconf 88' lang='lat' dir='ltr'><strong>serius</strong></span> <span class='ocrx_word' id='word_1_551' title='bbox 2814 3715 3057 3785; x_wconf 90' lang='lat' dir='ltr'><strong>quidem,</strong></span> <span class='ocrx_word' id='word_1_552' title='bbox 3103 3720 3198 3774; x_wconf 89' lang='lat' dir='ltr'><strong>sed</strong></span> <span class='ocrx_word' id='word_1_553' title='bbox 3240 3728 3444 3784; x_wconf 90' lang='lat' dir='ltr'><strong>tamen,</strong></span> <span class='ocrx_word' id='word_1_554' title='bbox 3490 3722 3583 3776; x_wconf 90' lang='lat' dir='ltr'><strong>ali-</strong></span> 
     </span>
    </p>
   </div>
   <div class='ocr_carea' id='block_1_71' title="bbox 332 3801 3582 3886">
    <p class='ocr_par' dir='ltr' id='par_1_71' title="bbox 332 3801 3582 3886">
     <span class='ocr_line' id='line_1_71' title="bbox 332 3801 3582 3886; baseline 0.004 -28"><span class='ocrx_word' id='word_1_555' title='bbox 332 3805 550 3875; x_wconf 87' lang='lat' dir='ltr'><strong>quando</strong></span> <span class='ocrx_word' id='word_1_556' title='bbox 582 3807 867 3875; x_wconf 82' lang='lat' dir='ltr'><strong>resipisce,</strong></span> <span class='ocrx_word' id='word_1_557' title='bbox 897 3813 1062 3874; x_wconf 89' lang='lat' dir='ltr'><strong>atque</strong></span> <span class='ocrx_word' id='word_1_558' title='bbox 1113 3804 1180 3857; x_wconf 89' lang='lat' dir='ltr'><strong>ad</strong></span> <span class='ocrx_word' id='word_1_559' title='bbox 1232 3811 1287 3858; x_wconf 90' lang='lat' dir='ltr'><strong>te</strong></span> <span class='ocrx_word' id='word_1_560' title='bbox 1341 3804 1479 3868; x_wconf 91' lang='lat' dir='ltr'><strong>redi,</strong></span> <span class='ocrx_word' id='word_1_561' title='bbox 1514 3811 1676 3874; x_wconf 90' lang='lat' dir='ltr'><strong>teque</strong></span> <span class='ocrx_word' id='word_1_562' title='bbox 1717 3811 1770 3859; x_wconf 86' lang='lat' dir='ltr'><strong>et</strong></span> <span class='ocrx_word' id='word_1_563' title='bbox 1821 3805 1927 3874; x_wconf 90' lang='lat' dir='ltr'><strong>piis</strong></span> <span class='ocrx_word' id='word_1_564' title='bbox 1989 3807 2305 3863; x_wconf 91' lang='lat' dir='ltr'><strong>hominibus</strong></span> <span class='ocrx_word' id='word_1_565' title='bbox 2359 3809 2572 3878; x_wconf 89' lang='lat' dir='ltr'><strong>lideque</strong></span> <span class='ocrx_word' id='word_1_566' title='bbox 2611 3801 2871 3880; x_wconf 70' lang='lat' dir='ltr'><strong>praeditis</strong></span> <span class='ocrx_word' id='word_1_567' title='bbox 2902 3827 3094 3882; x_wconf 85' lang='lat' dir='ltr'><strong>purga,</strong></span> <span class='ocrx_word' id='word_1_568' title='bbox 3135 3821 3190 3868; x_wconf 92' lang='lat' dir='ltr'><strong>et</strong></span> <span class='ocrx_word' id='word_1_569' title='bbox 3237 3813 3367 3880; x_wconf 88' lang='lat' dir='ltr'><strong>Deo,</strong></span> <span class='ocrx_word' id='word_1_570' title='bbox 3417 3824 3582 3886; x_wconf 87' lang='lat' dir='ltr'><strong>atque</strong></span> 
     </span>
    </p>
   </div>
   <div class='ocr_carea' id='block_1_72' title="bbox 331 3895 2033 3964">
    <p class='ocr_par' dir='ltr' id='par_1_72' title="bbox 331 3895 2033 3964">
     <span class='ocr_line' id='line_1_72' title="bbox 331 3895 2033 3964; baseline 0.001 -16"><span class='ocrx_word' id='word_1_571' title='bbox 331 3897 618 3959; x_wconf 87' lang='lat' dir='ltr'><strong>altaribus,</strong></span> <span class='ocrx_word' id='word_1_572' title='bbox 646 3905 700 3949; x_wconf 91' lang='lat' dir='ltr'><strong>et</strong></span> <span class='ocrx_word' id='word_1_573' title='bbox 738 3897 1035 3964; x_wconf 78' lang='lat' dir='ltr'><strong>mysteriis,</strong></span> <span class='ocrx_word' id='word_1_574' title='bbox 1070 3909 1100 3948; x_wconf 91' lang='lat' dir='ltr'><strong>a</strong></span> <span class='ocrx_word' id='word_1_575' title='bbox 1137 3895 1337 3964; x_wconf 90' lang='lat' dir='ltr'><strong>quibus</strong></span> <span class='ocrx_word' id='word_1_576' title='bbox 1367 3903 1420 3950; x_wconf 90' lang='lat' dir='ltr'><strong>te</strong></span> <span class='ocrx_word' id='word_1_577' title='bbox 1462 3897 1650 3964; x_wconf 84' lang='lat' dir='ltr'><strong>procul</strong></span> <span class='ocrx_word' id='word_1_578' title='bbox 1684 3896 2033 3951; x_wconf 85' lang='lat' dir='ltr'><strong>submovisti.</strong></span> 
     </span>
    </p>
   </div>
   <div class='ocr_carea' id='block_1_73' title="bbox 406 3985 1905 4057">
    <p class='ocr_par' dir='ltr' id='par_1_73' title="bbox 406 3985 1905 4057">
     <span class='ocr_line' id='line_1_73' title="bbox 406 3985 1905 4057; baseline -0.001 -18"><span class='ocrx_word' id='word_1_579' title='bbox 406 3988 516 4039; x_wconf 69' lang='grc' dir='ltr'><strong>Καὶ</strong></span> <span class='ocrx_word' id='word_1_580' title='bbox 545 3989 617 4055; x_wconf 85' lang='grc' dir='ltr'>μή</span> <span class='ocrx_word' id='word_1_581' title='bbox 649 4003 734 4056; x_wconf 89' lang='grc' dir='ltr'><strong>μοι</strong></span> <span class='ocrx_word' id='word_1_582' title='bbox 765 3987 833 4038; x_wconf 81' lang='grc' dir='ltr'>τὰ</span> <span class='ocrx_word' id='word_1_583' title='bbox 862 3985 1048 4055; x_wconf 78' lang='grc' dir='ltr'>κομψὰ</span> <span class='ocrx_word' id='word_1_584' title='bbox 1072 3985 1244 4038; x_wconf 81' lang='grc' dir='ltr'>ταῦτα</span> <span class='ocrx_word' id='word_1_585' title='bbox 1273 3986 1366 4038; x_wconf 77' lang='grc' dir='ltr'>καὶ</span> <span class='ocrx_word' id='word_1_586' title='bbox 1394 3986 1657 4057; x_wconf 79' lang='grc' dir='ltr'>ῥητορικά</span> <span class='ocrx_word' id='word_1_587' title='bbox 1687 3986 1905 4056; x_wconf 75' lang='grc' dir='ltr'>ῥήματα</span> 
     </span>
    </p>
   </div>
   <div class='ocr_carea' id='block_1_74' title="bbox 338 4074 1901 4147">
    <p class='ocr_par' dir='ltr' id='par_1_74' title="bbox 338 4074 1901 4147">
     <span class='ocr_line' id='line_1_74' title="bbox 338 4074 1901 4147; baseline 0 -19"><span class='ocrx_word' id='word_1_588' title='bbox 338 4076 533 4138; x_wconf 70' lang='grc' dir='ltr'>εἴποις</span> <span class='ocrx_word' id='word_1_589' title='bbox 558 4105 625 4115; x_wconf 90' lang='grc'><strong>-</strong></span> <span class='ocrx_word' id='word_1_590' title='bbox 647 4077 709 4128; x_wconf 86' lang='grc' dir='ltr'><strong>Τί</strong></span> <span class='ocrx_word' id='word_1_591' title='bbox 736 4076 826 4139; x_wconf 64' lang='lat' dir='ltr'><strong>es;</strong></span> <span class='ocrx_word' id='word_1_592' title='bbox 856 4077 956 4127; x_wconf 79' lang='grc' dir='ltr'>οὐκ</span> <span class='ocrx_word' id='word_1_593' title='bbox 981 4074 1372 4145; x_wconf 74' lang='grc' dir='ltr'>ὲχριστιάνιζον</span> <span class='ocrx_word' id='word_1_594' title='bbox 1407 4076 1749 4147; x_wconf 78' lang='grc' dir='ltr'>ῥητορεύων;</span> <span class='ocrx_word' id='word_1_595' title='bbox 1776 4075 1901 4128; x_wconf 73' lang='grc' dir='ltr'>οὔτε</span> 
     </span>
    </p>
   </div>
   <div class='ocr_carea' id='block_1_75' title="bbox 334 4167 1899 4238">
    <p class='ocr_par' dir='ltr' id='par_1_75' title="bbox 334 4167 1899 4238">
     <span class='ocr_line' id='line_1_75' title="bbox 334 4167 1899 4238; baseline 0 -18"><span class='ocrx_word' id='word_1_596' title='bbox 334 4167 392 4220; x_wconf 78' lang='grc' dir='ltr'><strong>δὲ</strong></span> <span class='ocrx_word' id='word_1_597' title='bbox 437 4168 580 4236; x_wconf 69' lang='grc' dir='ltr'>ήμην</span> <span class='ocrx_word' id='word_1_598' title='bbox 619 4167 806 4228; x_wconf 80' lang='grc' dir='ltr'>πιστὸς</span> <span class='ocrx_word' id='word_1_599' title='bbox 844 4169 900 4219; x_wconf 77' lang='grc' dir='ltr'><strong>ὲν</strong></span> <span class='ocrx_word' id='word_1_600' title='bbox 934 4169 1046 4228; x_wconf 84' lang='grc' dir='ltr'>τοῖς</span> <span class='ocrx_word' id='word_1_601' title='bbox 1089 4167 1467 4237; x_wconf 82' lang='grc' dir='ltr'>μειρακίσκοις</span> <span class='ocrx_word' id='word_1_602' title='bbox 1508 4167 1899 4238; x_wconf 74' lang='grc' dir='ltr'>στρεφόμενοςς</span> 
     </span>
    </p>
   </div>
   <div class='ocr_carea' id='block_1_76' title="bbox 329 4253 1900 4329">
    <p class='ocr_par' dir='ltr' id='par_1_76' title="bbox 329 4253 1900 4329">
     <span class='ocr_line' id='line_1_76' title="bbox 329 4253 1900 4329; baseline 0.001 -20"><span class='ocrx_word' id='word_1_603' title='bbox 329 4287 405 4300; x_wconf 93' lang='grc'><strong><em>-</em></strong></span> <span class='ocrx_word' id='word_1_604' title='bbox 431 4258 524 4309; x_wconf 76' lang='grc' dir='ltr'>καὶ</span> <span class='ocrx_word' id='word_1_605' title='bbox 559 4257 687 4319; x_wconf 85' lang='grc' dir='ltr'>ἴσως</span> <span class='ocrx_word' id='word_1_606' title='bbox 719 4259 1067 4329; x_wconf 80' lang='grc' dir='ltr'>ἐπιμαρτυρῇ</span> <span class='ocrx_word' id='word_1_607' title='bbox 1099 4257 1251 4312; x_wconf 87' lang='grc' dir='ltr'><strong>Θεόν.</strong></span> <span class='ocrx_word' id='word_1_608' title='bbox 1295 4257 1581 4327; x_wconf 72' lang='grc' dir='ltr'>Οὐδαμῶς,</span> <span class='ocrx_word' id='word_1_609' title='bbox 1613 4253 1659 4311; x_wconf 81' lang='grc' dir='ltr'><strong>ὦ</strong></span> <span class='ocrx_word' id='word_1_610' title='bbox 1687 4257 1900 4328; x_wconf 81' lang='grc' dir='ltr'>Θαυμά-</span> 
     </span>
    </p>
   </div>
   <div class='ocr_carea' id='block_1_77' title="bbox 333 4347 1981 4440">
    <p class='ocr_par' dir='ltr' id='par_1_77' title="bbox 333 4347 1981 4440">
     <span class='ocr_line' id='line_1_77' title="bbox 333 4347 1981 4440; baseline 0.001 -40"><span class='ocrx_word' id='word_1_611' title='bbox 333 4365 438 4409; x_wconf 86' lang='grc' dir='ltr'>σιε,</span> <span class='ocrx_word' id='word_1_612' title='bbox 464 4347 658 4400; x_wconf 73' lang='grc' dir='ltr'>οὔκουν</span> <span class='ocrx_word' id='word_1_613' title='bbox 685 4349 808 4400; x_wconf 79' lang='grc' dir='ltr'>ὅσον</span> <span class='ocrx_word' id='word_1_614' title='bbox 845 4348 1011 4411; x_wconf 76' lang='grc' dir='ltr'>εἰκὸς,</span> <span class='ocrx_word' id='word_1_615' title='bbox 1044 4349 1090 4401; x_wconf 88' lang='grc' dir='ltr'><strong>εί</strong></span> <span class='ocrx_word' id='word_1_616' title='bbox 1118 4349 1212 4402; x_wconf 80' lang='grc' dir='ltr'><strong>καὶ</strong></span> <span class='ocrx_word' id='word_1_617' title='bbox 1249 4349 1414 4418; x_wconf 79' lang='grc' dir='ltr'>μέρος</span> <span class='ocrx_word' id='word_1_618' title='bbox 1446 4367 1498 4401; x_wconf 89' lang='grc' dir='ltr'>τι</span> <span class='ocrx_word' id='word_1_619' title='bbox 1525 4347 1763 4418; x_wconf 86' lang='grc' dir='ltr'>δοίημεν.</span> <span class='ocrx_word' id='word_1_620' title='bbox 1792 4347 1901 4401; x_wconf 83' lang='grc' dir='ltr'><strong>Ποῦ</strong></span> <span class='ocrx_word' id='word_1_621' title='bbox 1933 4382 1981 4440; x_wconf 80' lang='lat' dir='ltr'><strong>D</strong></span> 
     </span>
    </p>
   </div>
   <div class='ocr_carea' id='block_1_78' title="bbox 326 4435 1898 4510">
    <p class='ocr_par' dir='ltr' id='par_1_78' title="bbox 326 4435 1898 4510">
     <span class='ocr_line' id='line_1_78' title="bbox 326 4435 1898 4510; baseline 0 -18"><span class='ocrx_word' id='word_1_622' title='bbox 326 4439 386 4492; x_wconf 77' lang='grc' dir='ltr'><strong>δὲ</strong></span> <span class='ocrx_word' id='word_1_623' title='bbox 421 4439 481 4490; x_wconf 78' lang='grc' dir='ltr'><strong>τὸ</strong></span> <span class='ocrx_word' id='word_1_624' title='bbox 512 4439 771 4508; x_wconf 81' lang='grc' dir='ltr'>πλήσσειν</span> <span class='ocrx_word' id='word_1_625' title='bbox 805 4438 994 4500; x_wconf 82' lang='grc' dir='ltr'>ἄλλους</span> <span class='ocrx_word' id='word_1_626' title='bbox 1033 4438 1092 4502; x_wconf 81' lang='grc' dir='ltr'><strong>ὲξ</strong></span> <span class='ocrx_word' id='word_1_627' title='bbox 1120 4435 1194 4491; x_wconf 82' lang='grc' dir='ltr'><strong>ὧν</strong></span> <span class='ocrx_word' id='word_1_628' title='bbox 1226 4439 1321 4492; x_wconf 81' lang='grc' dir='ltr'><strong>νῦν</strong></span> <span class='ocrx_word' id='word_1_629' title='bbox 1347 4440 1624 4510; x_wconf 82' lang='grc' dir='ltr'>πράττεις,</span> <span class='ocrx_word' id='word_1_630' title='bbox 1656 4440 1898 4510; x_wconf 82' lang='grc' dir='ltr'>φυσικῶς</span> 
     </span>
    </p>
   </div>
   <div class='ocr_carea' id='block_1_79' title="bbox 330 4529 1904 4600">
    <p class='ocr_par' dir='ltr' id='par_1_79' title="bbox 330 4529 1904 4600">
     <span class='ocr_line' id='line_1_79' title="bbox 330 4529 1904 4600; baseline 0.001 -19"><span class='ocrx_word' id='word_1_631' title='bbox 330 4529 470 4599; x_wconf 73' lang='grc' dir='ltr'>πρὸς</span> <span class='ocrx_word' id='word_1_632' title='bbox 502 4529 562 4581; x_wconf 75' lang='grc' dir='ltr'>τὸ</span> <span class='ocrx_word' id='word_1_633' title='bbox 590 4529 758 4582; x_wconf 82' lang='grc' dir='ltr'>κακὸν</span> <span class='ocrx_word' id='word_1_634' title='bbox 784 4529 943 4591; x_wconf 70' lang='grc' dir='ltr'>ὄντας</span> <span class='ocrx_word' id='word_1_635' title='bbox 982 4529 1378 4600; x_wconf 78' lang='grc' dir='ltr'>ἑτοιμοτέρους,</span> <span class='ocrx_word' id='word_1_636' title='bbox 1419 4529 1603 4582; x_wconf 79' lang='grc' dir='ltr'>καὶτὰ</span> <span class='ocrx_word' id='word_1_637' title='bbox 1634 4529 1801 4600; x_wconf 89' lang='grc' dir='ltr'>χείρω</span> <span class='ocrx_word' id='word_1_638' title='bbox 1826 4531 1904 4583; x_wconf 90' lang='grc' dir='ltr'><strong>δι-</strong></span> 
     </span>
    </p>
   </div>
   <div class='ocr_carea' id='block_1_80' title="bbox 327 4619 1904 4691">
    <p class='ocr_par' dir='ltr' id='par_1_80' title="bbox 327 4619 1904 4691">
     <span class='ocr_line' id='line_1_80' title="bbox 327 4619 1904 4691; baseline -0.001 -17"><span class='ocrx_word' id='word_1_639' title='bbox 327 4622 477 4674; x_wconf 75' lang='grc' dir='ltr'>δόναι</span> <span class='ocrx_word' id='word_1_640' title='bbox 516 4621 644 4691; x_wconf 74' lang='grc' dir='ltr'>περὶ</span> <span class='ocrx_word' id='word_1_641' title='bbox 682 4622 776 4672; x_wconf 83' lang='grc' dir='ltr'><strong>σοῦ</strong></span> <span class='ocrx_word' id='word_1_642' title='bbox 803 4621 896 4673; x_wconf 83' lang='grc' dir='ltr'><strong>καὶ</strong></span> <span class='ocrx_word' id='word_1_643' title='bbox 935 4621 1180 4673; x_wconf 84' lang='grc' dir='ltr'>ὑπονοεῖν</span> <span class='ocrx_word' id='word_1_644' title='bbox 1202 4621 1314 4690; x_wconf 87' lang='grc'>(98)</span> <span class='ocrx_word' id='word_1_645' title='bbox 1344 4620 1438 4673; x_wconf 75' lang='grc' dir='ltr'><strong>καὶ</strong></span> <span class='ocrx_word' id='word_1_646' title='bbox 1467 4619 1686 4688; x_wconf 84' lang='grc' dir='ltr'>λέγειν;</span> <span class='ocrx_word' id='word_1_647' title='bbox 1721 4619 1904 4673; x_wconf 79' lang='grc' dir='ltr'>Ἔστω</span> 
     </span>
    </p>
   </div>
   <div class='ocr_carea' id='block_1_81' title="bbox 407 4751 1901 4823">
    <p class='ocr_par' dir='ltr' id='par_1_81' title="bbox 407 4751 1901 4823">
     <span class='ocr_line' id='line_1_81' title="bbox 407 4751 1901 4823; baseline -0.001 -16"><span class='ocrx_word' id='word_1_648' title='bbox 407 4753 520 4820; x_wconf 83' lang='grc'>(88)</span> <span class='ocrx_word' id='word_1_649' title='bbox 565 4753 873 4818; x_wconf 75' lang='grc' dir='ltr'><strong>Ἀπόντας.</strong></span> <span class='ocrx_word' id='word_1_650' title='bbox 910 4753 986 4806; x_wconf 91' lang='lat' dir='ltr'><strong>Ita</strong></span> <span class='ocrx_word' id='word_1_651' title='bbox 1031 4751 1164 4823; x_wconf 79' lang='lat' dir='ltr'><strong>Reg.</strong></span> <span class='ocrx_word' id='word_1_652' title='bbox 1198 4767 1360 4806; x_wconf 90' lang='lat' dir='ltr'><strong>unus.</strong></span> <span class='ocrx_word' id='word_1_653' title='bbox 1401 4751 1498 4806; x_wconf 85' lang='lat' dir='ltr'><strong>Ed.</strong></span> <span class='ocrx_word' id='word_1_654' title='bbox 1538 4753 1680 4807; x_wconf 89' lang='lat' dir='ltr'><strong>male</strong></span> <span class='ocrx_word' id='word_1_655' title='bbox 1725 4753 1901 4807; x_wconf 76' lang='grc' dir='ltr'>ἃπαν-</span> 
     </span>
    </p>
   </div>
   <div class='ocr_carea' id='block_1_82' title="bbox 326 4838 674 4882">
    <p class='ocr_par' dir='ltr' id='par_1_82' title="bbox 326 4838 674 4882">
     <span class='ocr_line' id='line_1_82' title="bbox 326 4838 674 4882; baseline 0 -6"><span class='ocrx_word' id='word_1_656' title='bbox 326 4839 450 4882; x_wconf 82' lang='grc' dir='ltr'>τας.</span> <span class='ocrx_word' id='word_1_657' title='bbox 479 4838 674 4876; x_wconf 83' lang='lat' dir='ltr'><strong>omnes.</strong></span> 
     </span>
    </p>
   </div>
   <div class='ocr_carea' id='block_1_83' title="bbox 400 4889 1902 4975">
    <p class='ocr_par' dir='ltr' id='par_1_83' title="bbox 400 4889 1902 4975">
     <span class='ocr_line' id='line_1_83' title="bbox 400 4889 1902 4975; baseline 0.003 -32"><span class='ocrx_word' id='word_1_658' title='bbox 400 4891 515 4975; x_wconf 73' lang='lat'><strong>(89)</strong></span> <span class='ocrx_word' id='word_1_659' title='bbox 547 4891 862 4975; x_wconf 54' lang='grc' dir='ltr'><strong>ξὺδοξίᾳξς.</strong></span> <span class='ocrx_word' id='word_1_660' title='bbox 894 4890 981 4975; x_wconf 34' lang='lat' dir='ltr'><strong>Ita.</strong></span> <span class='ocrx_word' id='word_1_661' title='bbox 1003 4889 1171 4959; x_wconf 82' lang='lat' dir='ltr'><strong>Regg.</strong></span> <span class='ocrx_word' id='word_1_662' title='bbox 1203 4890 1405 4960; x_wconf 90' lang='lat' dir='ltr'><strong>plures.</strong></span> <span class='ocrx_word' id='word_1_663' title='bbox 1435 4889 1535 4944; x_wconf 85' lang='lat' dir='ltr'><strong>Ed.</strong></span> <span class='ocrx_word' id='word_1_664' title='bbox 1556 4892 1735 4945; x_wconf 89' lang='lat' dir='ltr'><strong>minus</strong></span> <span class='ocrx_word' id='word_1_665' title='bbox 1766 4891 1902 4947; x_wconf 76' lang='lat' dir='ltr'><strong>bene</strong></span> 
     </span>
    </p>
   </div>
   <div class='ocr_carea' id='block_1_84' title="bbox 327 4961 1154 5030">
    <p class='ocr_par' dir='ltr' id='par_1_84' title="bbox 327 4961 1154 5030">
     <span class='ocr_line' id='line_1_84' title="bbox 327 4961 1154 5030; baseline -0.005 -16"><span class='ocrx_word' id='word_1_666' title='bbox 327 4961 665 5030; x_wconf 74' lang='grc' dir='ltr'>εὐδοκιμίαν,</span> <span class='ocrx_word' id='word_1_667' title='bbox 691 4961 1154 5030; x_wconf 59' lang='lat' dir='ltr'><strong>existimationem.</strong></span> 
     </span>
    </p>
   </div>
   <div class='ocr_carea' id='block_1_85' title="bbox 405 5027 1538 5097">
    <p class='ocr_par' dir='ltr' id='par_1_85' title="bbox 405 5027 1538 5097">
     <span class='ocr_line' id='line_1_85' title="bbox 405 5027 1538 5097; baseline -0.002 -14"><span class='ocrx_word' id='word_1_668' title='bbox 405 5027 695 5097; x_wconf 56' lang='lat' dir='ltr'><strong>(90)&#39;Alias</strong></span> <span class='ocrx_word' id='word_1_669' title='bbox 735 5028 912 5084; x_wconf 71' lang='lat' dir='ltr'><strong>XLIII.</strong></span> <span class='ocrx_word' id='word_1_670' title='bbox 943 5029 1103 5082; x_wconf 87' lang='lat' dir='ltr'><strong>Circa</strong></span> <span class='ocrx_word' id='word_1_671' title='bbox 1131 5027 1274 5097; x_wconf 86' lang='lat' dir='ltr'><strong>idem</strong></span> <span class='ocrx_word' id='word_1_672' title='bbox 1305 5037 1538 5096; x_wconf 89' lang='lat' dir='ltr'><strong>tempus.</strong></span> 
     </span>
    </p>
   </div>
   <div class='ocr_carea' id='block_1_86' title="bbox 404 5096 1900 5170">
    <p class='ocr_par' dir='ltr' id='par_1_86' title="bbox 404 5096 1900 5170">
     <span class='ocr_line' id='line_1_86' title="bbox 404 5096 1900 5170; baseline -0.002 -18"><span class='ocrx_word' id='word_1_673' title='bbox 404 5096 516 5170; x_wconf 82' lang='lat'><strong>(9|)</strong></span> <span class='ocrx_word' id='word_1_674' title='bbox 552 5101 613 5170; x_wconf 78' lang='lat' dir='ltr'><strong>Ti</strong></span> <span class='ocrx_word' id='word_1_675' title='bbox 656 5103 768 5152; x_wconf 83' lang='grc' dir='ltr'>οὐκ</span> <span class='ocrx_word' id='word_1_676' title='bbox 800 5100 1060 5170; x_wconf 77' lang='grc' dir='ltr'>ἀκούεις.</span> <span class='ocrx_word' id='word_1_677' title='bbox 1101 5096 1369 5170; x_wconf 78' lang='lat' dir='ltr'><strong>ItaRegg.</strong></span> <span class='ocrx_word' id='word_1_678' title='bbox 1394 5097 1522 5152; x_wconf 90' lang='lat' dir='ltr'><strong>duo.</strong></span> <span class='ocrx_word' id='word_1_679' title='bbox 1560 5096 1658 5151; x_wconf 88' lang='lat' dir='ltr'><strong>Ed.</strong></span> <span class='ocrx_word' id='word_1_680' title='bbox 1689 5097 1828 5153; x_wconf 86' lang='lat' dir='ltr'><strong>male</strong></span> <span class='ocrx_word' id='word_1_681' title='bbox 1847 5097 1900 5150; x_wconf 86' lang='grc' dir='ltr'><strong>τί</strong></span> 
     </span>
    </p>
   </div>
   <div class='ocr_carea' id='block_1_87' title="bbox 325 5167 1340 5239">
    <p class='ocr_par' dir='ltr' id='par_1_87' title="bbox 325 5167 1340 5239">
     <span class='ocr_line' id='line_1_87' title="bbox 325 5167 1340 5239; baseline -0.006 -13"><span class='ocrx_word' id='word_1_682' title='bbox 325 5167 432 5226; x_wconf 74' lang='grc' dir='ltr'><strong>οὐκ</strong></span> <span class='ocrx_word' id='word_1_683' title='bbox 461 5167 736 5231; x_wconf 79' lang='grc' dir='ltr'>ἀκούουσι,</span> <span class='ocrx_word' id='word_1_684' title='bbox 775 5168 900 5239; x_wconf 85' lang='lat' dir='ltr'><strong>quid</strong></span> <span class='ocrx_word' id='word_1_685' title='bbox 930 5184 1033 5239; x_wconf 83' lang='lat' dir='ltr'><strong>non</strong></span> <span class='ocrx_word' id='word_1_686' title='bbox 1055 5167 1340 5239; x_wconf 66' lang='lat' dir='ltr'><strong>audiunt?</strong></span> 
     </span>
    </p>
   </div>
   <div class='ocr_carea' id='block_1_88' title="bbox 349 5235 1898 5309">
    <p class='ocr_par' dir='ltr' id='par_1_88' title="bbox 349 5235 1898 5309">
     <span class='ocr_line' id='line_1_88' title="bbox 349 5235 1898 5309; baseline -0.003 -16"><span class='ocrx_word' id='word_1_687' title='bbox 349 5258 357 5264; x_wconf 75' lang='lat'>&#39;</span> <span class='ocrx_word' id='word_1_688' title='bbox 403 5239 516 5309; x_wconf 77' lang='grc'>(92)</span> <span class='ocrx_word' id='word_1_689' title='bbox 545 5239 653 5309; x_wconf 71' lang='grc' dir='ltr'><strong>Ἰν*</strong></span> <span class='ocrx_word' id='word_1_690' title='bbox 681 5235 828 5291; x_wconf 70' lang='grc' dir='ltr'>εἴπω</span> <span class='ocrx_word' id='word_1_691' title='bbox 848 5255 901 5309; x_wconf 77' lang='grc' dir='ltr'>τι</span> <span class='ocrx_word' id='word_1_692' title='bbox 929 5236 1090 5309; x_wconf 69' lang='grc' dir='ltr'><strong>κάγὼ</strong></span> <span class='ocrx_word' id='word_1_693' title='bbox 1109 5238 1238 5290; x_wconf 80' lang='grc' dir='ltr'>καθ’</span> <span class='ocrx_word' id='word_1_694' title='bbox 1260 5235 1433 5305; x_wconf 82' lang='grc' dir='ltr'>ὑμᾶς.</span> <span class='ocrx_word' id='word_1_695' title='bbox 1465 5237 1544 5289; x_wconf 90' lang='lat' dir='ltr'><strong>Ita</strong></span> <span class='ocrx_word' id='word_1_696' title='bbox 1575 5235 1708 5305; x_wconf 80' lang='lat' dir='ltr'><strong>Reg.</strong></span> <span class='ocrx_word' id='word_1_697' title='bbox 1735 5251 1898 5291; x_wconf 88' lang='lat' dir='ltr'><strong>unus.</strong></span> 
     </span>
    </p>
   </div>
   <div class='ocr_carea' id='block_1_89' title="bbox 323 5306 984 5372">
    <p class='ocr_par' dir='ltr' id='par_1_89' title="bbox 323 5306 984 5372">
     <span class='ocr_line' id='line_1_89' title="bbox 323 5306 984 5372; baseline -0.005 -10"><span class='ocrx_word' id='word_1_698' title='bbox 323 5309 384 5362; x_wconf 86' lang='lat' dir='ltr'><strong>lu</strong></span> <span class='ocrx_word' id='word_1_699' title='bbox 417 5306 505 5361; x_wconf 71' lang='lat' dir='ltr'><strong>ed.</strong></span> <span class='ocrx_word' id='word_1_700' title='bbox 540 5307 694 5363; x_wconf 81' lang='lat' dir='ltr'><strong>deest</strong></span> <span class='ocrx_word' id='word_1_701' title='bbox 722 5326 773 5360; x_wconf 88' lang='grc' dir='ltr'>τι</span> <span class='ocrx_word' id='word_1_702' title='bbox 806 5306 984 5372; x_wconf 84' lang='grc' dir='ltr'><strong>κάγώ.</strong></span> 
     </span>
    </p>
   </div>
   <div class='ocr_carea' id='block_1_90' title="bbox 401 5374 1902 5448">
    <p class='ocr_par' dir='ltr' id='par_1_90' title="bbox 401 5374 1902 5448">
     <span class='ocr_line' id='line_1_90' title="bbox 401 5374 1902 5448; baseline -0.002 -18"><span class='ocrx_word' id='word_1_703' title='bbox 401 5378 515 5448; x_wconf 59' lang='lat'><strong>(9:1)</strong></span> <span class='ocrx_word' id='word_1_704' title='bbox 541 5377 703 5448; x_wconf 59' lang='grc' dir='ltr'><strong>Κατᾲ</strong></span> <span class='ocrx_word' id='word_1_705' title='bbox 724 5379 960 5448; x_wconf 68' lang='grc' dir='ltr'>μικρόν,</span> <span class='ocrx_word' id='word_1_706' title='bbox 1008 5375 1304 5448; x_wconf 75' lang='lat' dir='ltr'><strong>paululum.</strong></span> <span class='ocrx_word' id='word_1_707' title='bbox 1337 5375 1479 5448; x_wconf 76' lang='lat' dir='ltr'><strong>Mox,</strong></span> <span class='ocrx_word' id='word_1_708' title='bbox 1507 5375 1598 5448; x_wconf 78' lang='grc' dir='ltr'><strong>ἐπὶ</strong></span> <span class='ocrx_word' id='word_1_709' title='bbox 1638 5374 1707 5427; x_wconf 82' lang='grc' dir='ltr'>τὰ</span> <span class='ocrx_word' id='word_1_710' title='bbox 1735 5375 1902 5448; x_wconf 72' lang='grc' dir='ltr'>χείρω</span> 
     </span>
    </p>
   </div>
   <div class='ocr_carea' id='block_1_91' title="bbox 319 5443 1898 5570">
    <p class='ocr_par' dir='ltr' id='par_1_91' title="bbox 319 5443 1898 5570">
     <span class='ocr_line' id='line_1_91' title="bbox 324 5443 1898 5526; baseline -0.003 -26"><span class='ocrx_word' id='word_1_711' title='bbox 324 5443 528 5526; x_wconf 68' lang='grc' dir='ltr'>ῥοπήν.</span> <span class='ocrx_word' id='word_1_712' title='bbox 566 5445 639 5499; x_wconf 88' lang='lat' dir='ltr'><strong>Ita</strong></span> <span class='ocrx_word' id='word_1_713' title='bbox 661 5443 976 5516; x_wconf 80' lang='lat' dir='ltr'><strong>Regg.duo.</strong></span> <span class='ocrx_word' id='word_1_714' title='bbox 1004 5443 1103 5500; x_wconf 76' lang='lat' dir='ltr'><strong>Ed.</strong></span> <span class='ocrx_word' id='word_1_715' title='bbox 1138 5445 1319 5501; x_wconf 88' lang='lat' dir='ltr'><strong>minus</strong></span> <span class='ocrx_word' id='word_1_716' title='bbox 1349 5446 1486 5500; x_wconf 89' lang='lat' dir='ltr'><strong>bene</strong></span> <span class='ocrx_word' id='word_1_717' title='bbox 1512 5443 1743 5515; x_wconf 82' lang='grc' dir='ltr'>κλοπήν,</span> <span class='ocrx_word' id='word_1_718' title='bbox 1771 5443 1898 5498; x_wconf 82' lang='lat' dir='ltr'><strong>sub-</strong></span> 
     </span>
     <span class='ocr_line' id='line_1_92' title="bbox 319 5519 646 5570; baseline 0 0"><span class='ocrx_word' id='word_1_719' title='bbox 319 5519 646 5570; x_wconf 78' lang='lat' dir='ltr'><strong>ductionem.</strong></span> 
     </span>
    </p>
   </div>
   <div class='ocr_carea' id='block_1_92' title="bbox 362 5529 646 5570">
    <p class='ocr_par' dir='ltr' id='par_1_92' title="bbox 362 5529 646 5570">
     <span class='ocr_line' id='line_1_93' title="bbox 362 5529 646 5570; baseline 0.004 -1"><span class='ocrx_word' id='word_1_720' title='bbox 362 5529 646 5570; x_wconf 73' lang='lat' dir='ltr'><strong>actionem.</strong></span> 
     </span>
    </p>
   </div>
   <div class='ocr_carea' id='block_1_93' title="bbox 399 5581 1896 5655">
    <p class='ocr_par' dir='ltr' id='par_1_93' title="bbox 399 5581 1896 5655">
     <span class='ocr_line' id='line_1_94' title="bbox 399 5581 1896 5655; baseline -0.002 -16"><span class='ocrx_word' id='word_1_721' title='bbox 399 5586 513 5655; x_wconf 56' lang='lat'><strong>(94)</strong></span> <span class='ocrx_word' id='word_1_722' title='bbox 543 5586 662 5655; x_wconf 69' lang='grc' dir='ltr'><strong>’ῌν</strong></span> <span class='ocrx_word' id='word_1_723' title='bbox 710 5583 1298 5655; x_wconf 22' lang='grc' dir='ltr'><strong>φησινηΕὐριπίδης.</strong></span> <span class='ocrx_word' id='word_1_724' title='bbox 1351 5582 1508 5655; x_wconf 86' lang='lat' dir='ltr'><strong>Apud</strong></span> <span class='ocrx_word' id='word_1_725' title='bbox 1563 5581 1896 5655; x_wconf 78' lang='lat' dir='ltr'><strong>Euripidem,</strong></span> 
     </span>
    </p>
   </div>
   <div class='ocr_carea' id='block_1_94' title="bbox 318 5650 1899 5724">
    <p class='ocr_par' dir='ltr' id='par_1_94' title="bbox 318 5650 1899 5724">
     <span class='ocr_line' id='line_1_95' title="bbox 318 5650 1899 5724; baseline -0.006 -10"><span class='ocrx_word' id='word_1_726' title='bbox 318 5650 548 5714; x_wconf 64' lang='lat' dir='ltr'><strong>locasta</strong></span> <span class='ocrx_word' id='word_1_727' title='bbox 578 5650 847 5710; x_wconf 65' lang='lat' dir='ltr'><strong>Eteoclen]</strong></span> <span class='ocrx_word' id='word_1_728' title='bbox 873 5654 1041 5707; x_wconf 90' lang='lat' dir='ltr'><strong>lilium</strong></span> <span class='ocrx_word' id='word_1_729' title='bbox 1072 5650 1378 5724; x_wconf 76' lang='lat' dir='ltr'><strong>alloquens,</strong></span> <span class='ocrx_word' id='word_1_730' title='bbox 1401 5650 1745 5718; x_wconf 55' lang='grc' dir='ltr'>πλεονεξίαν,</span> <span class='ocrx_word' id='word_1_731' title='bbox 1771 5669 1899 5707; x_wconf 81' lang='lat' dir='ltr'><strong>ava-</strong></span> 
     </span>
    </p>
   </div>
   <div class='ocr_carea' id='block_1_95' title="bbox 648 5746 1414 5809">
    <p class='ocr_par' dir='ltr' id='par_1_95' title="bbox 648 5746 1414 5809">
     <span class='ocr_line' id='line_1_96' title="bbox 648 5746 1414 5809; baseline 0.004 -3"><span class='ocrx_word' id='word_1_732' title='bbox 648 5748 914 5807; x_wconf 76' lang='grc' dir='ltr'><strong>ΡΑτιιοι.</strong></span> <span class='ocrx_word' id='word_1_733' title='bbox 947 5746 1062 5807; x_wconf 87' lang='lat' dir='ltr'><strong>Gn.</strong></span> <span class='ocrx_word' id='word_1_734' title='bbox 1093 5747 1414 5809; x_wconf 74' lang='lat' dir='ltr'><strong>XXXVII.</strong></span> 
     </span>
    </p>
   </div>
   <div class='ocr_carea' id='block_1_96' title="bbox 2088 3988 3575 4064">
    <p class='ocr_par' dir='ltr' id='par_1_96' title="bbox 2088 3988 3575 4064">
     <span class='ocr_line' id='line_1_97' title="bbox 2088 3988 3575 4064; baseline 0.006 -25"><span class='ocrx_word' id='word_1_735' title='bbox 2088 3989 2188 4058; x_wconf 79' lang='lat'><strong>13</strong></span> <span class='ocrx_word' id='word_1_736' title='bbox 2217 3988 2296 4041; x_wconf 84' lang='lat' dir='ltr'><strong>Ac</strong></span> <span class='ocrx_word' id='word_1_737' title='bbox 2324 4004 2391 4042; x_wconf 92' lang='lat' dir='ltr'><strong>ne</strong></span> <span class='ocrx_word' id='word_1_738' title='bbox 2419 3989 2548 4042; x_wconf 87' lang='lat' dir='ltr'><strong>mihi</strong></span> <span class='ocrx_word' id='word_1_739' title='bbox 2584 3991 2719 4043; x_wconf 82' lang='lat' dir='ltr'><strong>scita</strong></span> <span class='ocrx_word' id='word_1_740' title='bbox 2755 3991 2871 4044; x_wconf 81' lang='lat' dir='ltr'><strong>haec</strong></span> <span class='ocrx_word' id='word_1_741' title='bbox 2898 3999 2952 4044; x_wconf 89' lang='lat' dir='ltr'><strong>et</strong></span> <span class='ocrx_word' id='word_1_742' title='bbox 2985 3992 3258 4047; x_wconf 88' lang='lat' dir='ltr'><strong>rhetorica</strong></span> <span class='ocrx_word' id='word_1_743' title='bbox 3290 3995 3536 4064; x_wconf 83' lang='lat' dir='ltr'><strong>proferas</strong></span> <span class='ocrx_word' id='word_1_744' title='bbox 3562 4012 3575 4048; x_wconf 92' lang='lat'><strong>:</strong></span> 
     </span>
    </p>
   </div>
   <div class='ocr_carea' id='block_1_97' title="bbox 2007 4079 3575 4148">
    <p class='ocr_par' dir='ltr' id='par_1_97' title="bbox 2007 4079 3575 4148">
     <span class='ocr_line' id='line_1_98' title="bbox 2007 4079 3575 4148; baseline 0.006 -18"><span class='ocrx_word' id='word_1_745' title='bbox 2007 4108 2078 4119; x_wconf 90' lang='lat'><strong>—-</strong></span> <span class='ocrx_word' id='word_1_746' title='bbox 2100 4079 2239 4143; x_wconf 83' lang='lat' dir='ltr'><strong>Quid</strong></span> <span class='ocrx_word' id='word_1_747' title='bbox 2279 4079 2446 4132; x_wconf 90' lang='lat' dir='ltr'><strong>vero?</strong></span> <span class='ocrx_word' id='word_1_748' title='bbox 2475 4095 2659 4135; x_wconf 88' lang='lat' dir='ltr'><strong>annon</strong></span> <span class='ocrx_word' id='word_1_749' title='bbox 2693 4079 3045 4136; x_wconf 88' lang='lat' dir='ltr'><strong>Christianus</strong></span> <span class='ocrx_word' id='word_1_750' title='bbox 3085 4098 3233 4137; x_wconf 86' lang='lat' dir='ltr'><strong>eram</strong></span> <span class='ocrx_word' id='word_1_751' title='bbox 3255 4123 3271 4148; x_wconf 96' lang='lat'><strong>,</strong></span> <span class='ocrx_word' id='word_1_752' title='bbox 3303 4099 3427 4138; x_wconf 87' lang='lat' dir='ltr'><strong>cum</strong></span> <span class='ocrx_word' id='word_1_753' title='bbox 3459 4087 3575 4141; x_wconf 82' lang='lat' dir='ltr'><strong>elo-</strong></span> 
     </span>
    </p>
   </div>
   <div class='ocr_carea' id='block_1_98' title="bbox 2009 4173 3574 4245">
    <p class='ocr_par' dir='ltr' id='par_1_98' title="bbox 2009 4173 3574 4245">
     <span class='ocr_line' id='line_1_99' title="bbox 2009 4173 3574 4245; baseline 0.004 -19"><span class='ocrx_word' id='word_1_754' title='bbox 2009 4173 2248 4241; x_wconf 66' lang='lat' dir='ltr'><strong>quentiae</strong></span> <span class='ocrx_word' id='word_1_755' title='bbox 2297 4180 2470 4226; x_wconf 91' lang='lat' dir='ltr'><strong>artem</strong></span> <span class='ocrx_word' id='word_1_756' title='bbox 2521 4173 2848 4242; x_wconf 74' lang='lat' dir='ltr'><strong>profiterer?</strong></span> <span class='ocrx_word' id='word_1_757' title='bbox 2877 4190 3057 4228; x_wconf 90' lang='lat' dir='ltr'><strong>annon</strong></span> <span class='ocrx_word' id='word_1_758' title='bbox 3109 4177 3232 4245; x_wconf 90' lang='lat' dir='ltr'><strong>pius</strong></span> <span class='ocrx_word' id='word_1_759' title='bbox 3267 4193 3331 4231; x_wconf 90' lang='lat' dir='ltr'><strong>ac</strong></span> <span class='ocrx_word' id='word_1_760' title='bbox 3382 4177 3574 4245; x_wconf 80' lang='lat' dir='ltr'><strong>ﬁdelis,</strong></span> 
     </span>
    </p>
   </div>
   <div class='ocr_carea' id='block_1_99' title="bbox 2008 4262 3580 4324">
    <p class='ocr_par' dir='ltr' id='par_1_99' title="bbox 2008 4262 3580 4324">
     <span class='ocr_line' id='line_1_100' title="bbox 2008 4262 3580 4324; baseline 0.006 -9"><span class='ocrx_word' id='word_1_761' title='bbox 2008 4277 2133 4315; x_wconf 91' lang='lat' dir='ltr'><strong>cum</strong></span> <span class='ocrx_word' id='word_1_762' title='bbox 2165 4262 2311 4316; x_wconf 92' lang='lat' dir='ltr'><strong>inter</strong></span> <span class='ocrx_word' id='word_1_763' title='bbox 2348 4262 2790 4318; x_wconf 76' lang='lat' dir='ltr'><strong>adolescrntulos</strong></span> <span class='ocrx_word' id='word_1_764' title='bbox 2827 4267 3119 4319; x_wconf 83' lang='lat' dir='ltr'><strong>versarer?</strong></span> <span class='ocrx_word' id='word_1_765' title='bbox 3147 4296 3216 4305; x_wconf 94' lang='lat'><strong>—</strong></span> <span class='ocrx_word' id='word_1_766' title='bbox 3245 4282 3307 4321; x_wconf 83' lang='lat' dir='ltr'><strong>ac</strong></span> <span class='ocrx_word' id='word_1_767' title='bbox 3349 4266 3580 4324; x_wconf 82' lang='lat' dir='ltr'><strong>fortasse</strong></span> 
     </span>
    </p>
   </div>
   <div class='ocr_carea' id='block_1_100' title="bbox 2007 4353 3652 4424">
    <p class='ocr_par' dir='ltr' id='par_1_100' title="bbox 2007 4353 3652 4424">
     <span class='ocr_line' id='line_1_101' title="bbox 2007 4353 3652 4424; baseline 0.005 -16"><span class='ocrx_word' id='word_1_768' title='bbox 2007 4353 2171 4408; x_wconf 87' lang='lat' dir='ltr'><strong>etiam</strong></span> <span class='ocrx_word' id='word_1_769' title='bbox 2201 4353 2292 4409; x_wconf 90' lang='lat' dir='ltr'><strong>Dei</strong></span> <span class='ocrx_word' id='word_1_770' title='bbox 2342 4353 2500 4410; x_wconf 85' lang='lat' dir='ltr'><strong>ﬁdem</strong></span> <span class='ocrx_word' id='word_1_771' title='bbox 2553 4355 2896 4424; x_wconf 86' lang='lat' dir='ltr'><strong>implorabis.</strong></span> <span class='ocrx_word' id='word_1_772' title='bbox 2945 4355 3196 4422; x_wconf 83' lang='lat' dir='ltr'><strong>Minime,</strong></span> <span class='ocrx_word' id='word_1_773' title='bbox 3228 4360 3310 4413; x_wconf 83' lang='lat' dir='ltr'><strong>vir</strong></span> <span class='ocrx_word' id='word_1_774' title='bbox 3355 4359 3575 4421; x_wconf 86' lang='lat' dir='ltr'><strong>eximie.</strong></span> <span class='ocrx_word' id='word_1_775' title='bbox 3650 4401 3652 4405; x_wconf 52' lang='grc' dir='ltr'><strong>ν</strong></span> 
     </span>
    </p>
   </div>
   <div class='ocr_carea' id='block_1_101' title="bbox 2009 4443 3576 4517">
    <p class='ocr_par' dir='ltr' id='par_1_101' title="bbox 2009 4443 3576 4517">
     <span class='ocr_line' id='line_1_102' title="bbox 2009 4443 3576 4517; baseline 0.003 -20"><span class='ocrx_word' id='word_1_776' title='bbox 2009 4443 2202 4497; x_wconf 87' lang='lat' dir='ltr'><strong>saltem</strong></span> <span class='ocrx_word' id='word_1_777' title='bbox 2239 4450 2508 4513; x_wconf 89' lang='lat' dir='ltr'><strong>quantum</strong></span> <span class='ocrx_word' id='word_1_778' title='bbox 2546 4459 2643 4512; x_wconf 87' lang='lat' dir='ltr'><strong>par</strong></span> <span class='ocrx_word' id='word_1_779' title='bbox 2676 4453 2815 4508; x_wconf 90' lang='lat' dir='ltr'><strong>erat,</strong></span> <span class='ocrx_word' id='word_1_780' title='bbox 2848 4445 3061 4499; x_wconf 89' lang='lat' dir='ltr'><strong>etiamsi</strong></span> <span class='ocrx_word' id='word_1_781' title='bbox 3098 4454 3304 4515; x_wconf 86' lang='lat' dir='ltr'><strong>partem</strong></span> <span class='ocrx_word' id='word_1_782' title='bbox 3337 4448 3576 4517; x_wconf 89' lang='lat' dir='ltr'><strong>aliquam</strong></span> 
     </span>
    </p>
   </div>
   <div class='ocr_carea' id='block_1_102' title="bbox 2008 4533 3577 4606">
    <p class='ocr_par' dir='ltr' id='par_1_102' title="bbox 2008 4533 3577 4606">
     <span class='ocr_line' id='line_1_103' title="bbox 2008 4533 3577 4606; baseline 0.004 -19"><span class='ocrx_word' id='word_1_783' title='bbox 2008 4533 2396 4590; x_wconf 76' lang='lat' dir='ltr'><strong>cOncedamus.</strong></span> <span class='ocrx_word' id='word_1_784' title='bbox 2447 4534 2547 4589; x_wconf 91' lang='lat' dir='ltr'><strong>Ubi</strong></span> <span class='ocrx_word' id='word_1_785' title='bbox 2597 4543 2779 4589; x_wconf 90' lang='lat' dir='ltr'><strong>autem</strong></span> <span class='ocrx_word' id='word_1_786' title='bbox 2821 4534 2953 4588; x_wconf 91' lang='lat' dir='ltr'><strong>illud</strong></span> <span class='ocrx_word' id='word_1_787' title='bbox 2988 4551 3275 4605; x_wconf 82' lang='lat' dir='ltr'><strong>ponemus,</strong></span> <span class='ocrx_word' id='word_1_788' title='bbox 3315 4537 3462 4606; x_wconf 92' lang='lat' dir='ltr'><strong>quod</strong></span> <span class='ocrx_word' id='word_1_789' title='bbox 3508 4555 3577 4593; x_wconf 75' lang='lat' dir='ltr'><strong>ex</strong></span> 
     </span>
    </p>
   </div>
   <div class='ocr_carea' id='block_1_103' title="bbox 2008 4624 3574 4695">
    <p class='ocr_par' dir='ltr' id='par_1_103' title="bbox 2008 4624 3574 4695">
     <span class='ocr_line' id='line_1_104' title="bbox 2008 4624 3574 4695; baseline 0.004 -18"><span class='ocrx_word' id='word_1_790' title='bbox 2008 4624 2115 4689; x_wconf 92' lang='lat' dir='ltr'><strong>his,</strong></span> <span class='ocrx_word' id='word_1_791' title='bbox 2148 4640 2268 4694; x_wconf 66' lang='lat' dir='ltr'><strong>quae</strong></span> <span class='ocrx_word' id='word_1_792' title='bbox 2303 4640 2453 4679; x_wconf 90' lang='lat' dir='ltr'><strong>nunc</strong></span> <span class='ocrx_word' id='word_1_793' title='bbox 2482 4625 2652 4690; x_wconf 78' lang='lat' dir='ltr'><strong>facis,</strong></span> <span class='ocrx_word' id='word_1_794' title='bbox 2688 4626 2827 4681; x_wconf 90' lang='lat' dir='ltr'><strong>alios</strong></span> <span class='ocrx_word' id='word_1_795' title='bbox 2853 4626 3084 4680; x_wconf 72' lang='lat' dir='ltr'><strong>olfendis</strong></span> <span class='ocrx_word' id='word_1_796' title='bbox 3105 4666 3120 4690; x_wconf 93' lang='lat'><strong>,</strong></span> <span class='ocrx_word' id='word_1_797' title='bbox 3154 4628 3257 4681; x_wconf 89' lang='lat' dir='ltr'><strong>hoc</strong></span> <span class='ocrx_word' id='word_1_798' title='bbox 3293 4638 3411 4692; x_wconf 90' lang='lat' dir='ltr'><strong>est,</strong></span> <span class='ocrx_word' id='word_1_799' title='bbox 3446 4643 3574 4695; x_wconf 90' lang='lat' dir='ltr'><strong>eos,</strong></span> 
     </span>
    </p>
   </div>
   <div class='ocr_carea' id='block_1_104' title="bbox 2009 4752 3578 4823">
    <p class='ocr_par' dir='ltr' id='par_1_104' title="bbox 2009 4752 3578 4823">
     <span class='ocr_line' id='line_1_105' title="bbox 2009 4752 3578 4823; baseline 0.001 -18"><span class='ocrx_word' id='word_1_800' title='bbox 2009 4753 2208 4814; x_wconf 82' lang='lat' dir='ltr'><strong>ritiam,</strong></span> <span class='ocrx_word' id='word_1_801' title='bbox 2250 4762 2408 4806; x_wconf 81' lang='lat' dir='ltr'><strong>vocat</strong></span> <span class='ocrx_word' id='word_1_802' title='bbox 2442 4753 2710 4822; x_wconf 77' lang='grc' dir='ltr'><strong>δαιμόνων</strong></span> <span class='ocrx_word' id='word_1_803' title='bbox 2741 4752 3026 4823; x_wconf 76' lang='grc' dir='ltr'>κακίστην,</span> <span class='ocrx_word' id='word_1_804' title='bbox 3079 4755 3376 4808; x_wconf 72' lang='grc' dir='ltr'><strong>άαιηιοηωη</strong></span> <span class='ocrx_word' id='word_1_805' title='bbox 3409 4757 3578 4821; x_wconf 66' lang='lat' dir='ltr'><strong>pessi~</strong></span> 
     </span>
    </p>
   </div>
   <div class='ocr_carea' id='block_1_105' title="bbox 2009 4822 3573 4888">
    <p class='ocr_par' dir='ltr' id='par_1_105' title="bbox 2009 4822 3573 4888">
     <span class='ocr_line' id='line_1_106' title="bbox 2009 4822 3573 4888; baseline 0.001 -14"><span class='ocrx_word' id='word_1_806' title='bbox 2009 4839 2170 4874; x_wconf 90' lang='lat' dir='ltr'><strong>mam.</strong></span> <span class='ocrx_word' id='word_1_807' title='bbox 2203 4822 2355 4887; x_wconf 84' lang='lat' dir='ltr'><strong>Quod</strong></span> <span class='ocrx_word' id='word_1_808' title='bbox 2387 4830 2565 4874; x_wconf 83' lang='lat' dir='ltr'><strong>autem</strong></span> <span class='ocrx_word' id='word_1_809' title='bbox 2597 4823 2685 4875; x_wconf 88' lang='lat' dir='ltr'><strong>ille</strong></span> <span class='ocrx_word' id='word_1_810' title='bbox 2716 4822 2975 4888; x_wconf 68' lang='lat' dir='ltr'><strong>avaritiae,</strong></span> <span class='ocrx_word' id='word_1_811' title='bbox 3021 4824 3122 4876; x_wconf 90' lang='lat' dir='ltr'><strong>hoc</strong></span> <span class='ocrx_word' id='word_1_812' title='bbox 3161 4824 3444 4877; x_wconf 87' lang='lat' dir='ltr'><strong>ambitioni</strong></span> <span class='ocrx_word' id='word_1_813' title='bbox 3471 4825 3573 4876; x_wconf 65' lang='lat' dir='ltr'><strong>tri.</strong></span> 
     </span>
    </p>
   </div>
   <div class='ocr_carea' id='block_1_106' title="bbox 2008 4889 2832 4959">
    <p class='ocr_par' dir='ltr' id='par_1_106' title="bbox 2008 4889 2832 4959">
     <span class='ocr_line' id='line_1_107' title="bbox 2008 4889 2832 4959; baseline -0.002 -12"><span class='ocrx_word' id='word_1_814' title='bbox 2008 4892 2124 4947; x_wconf 88' lang='lat' dir='ltr'><strong>buit</strong></span> <span class='ocrx_word' id='word_1_815' title='bbox 2153 4889 2466 4959; x_wconf 82' lang='lat' dir='ltr'><strong>Gregorius.</strong></span> <span class='ocrx_word' id='word_1_816' title='bbox 2502 4890 2737 4945; x_wconf 74' lang='lat' dir='ltr'><strong>BILIJUS.</strong></span> <span class='ocrx_word' id='word_1_817' title='bbox 2827 4927 2832 4931; x_wconf 92' lang='lat'><strong><em>-</em></strong></span> 
     </span>
    </p>
   </div>
   <div class='ocr_carea' id='block_1_107' title="bbox 2008 4959 3574 5082">
    <p class='ocr_par' dir='ltr' id='par_1_107' title="bbox 2008 4959 3574 5082">
     <span class='ocr_line' id='line_1_108' title="bbox 2008 4959 3574 5082; baseline 0.001 -68"><span class='ocrx_word' id='word_1_818' title='bbox 2008 5028 2036 5082; x_wconf 71' lang='grc' dir='ltr'>θ</span> <span class='ocrx_word' id='word_1_819' title='bbox 2074 4960 2564 5080; x_wconf 55' lang='grc' dir='ltr'><strong>ἑ95)Αισχυνθῇς.</strong></span> <span class='ocrx_word' id='word_1_820' title='bbox 2602 4961 2679 5014; x_wconf 89' lang='lat' dir='ltr'><strong>Ita</strong></span> <span class='ocrx_word' id='word_1_821' title='bbox 2706 4959 2837 5030; x_wconf 80' lang='lat' dir='ltr'><strong>Reg.</strong></span> <span class='ocrx_word' id='word_1_822' title='bbox 2865 4976 3029 5015; x_wconf 89' lang='lat' dir='ltr'><strong>unus.</strong></span> <span class='ocrx_word' id='word_1_823' title='bbox 3055 4959 3152 5016; x_wconf 83' lang='lat' dir='ltr'><strong>Ed.</strong></span> <span class='ocrx_word' id='word_1_824' title='bbox 3188 4961 3326 5015; x_wconf 86' lang='lat' dir='ltr'><strong>male</strong></span> <span class='ocrx_word' id='word_1_825' title='bbox 3348 4963 3574 5032; x_wconf 86' lang='grc' dir='ltr'>αἰσχυν-</span> 
     </span>
     <span class='ocr_line' id='line_1_109' title="bbox 2041 5046 2138 5082; baseline 0.01 -1"><span class='ocrx_word' id='word_1_826' title='bbox 2041 5046 2065 5081; x_wconf 90' lang='grc' dir='ltr'><strong>ε</strong></span> <span class='ocrx_word' id='word_1_827' title='bbox 2095 5047 2138 5082; x_wconf 79' lang='grc' dir='ltr'><strong>ς.</strong></span> 
     </span>
    </p>
   </div>
   <div class='ocr_carea' id='block_1_108' title="bbox 2041 5046 2138 5082">
    <p class='ocr_par' dir='ltr' id='par_1_108' title="bbox 2041 5046 2138 5082">
     <span class='ocr_line' id='line_1_110' title="bbox 2041 5046 2138 5082; baseline 0.01 -1"><span class='ocrx_word' id='word_1_828' title='bbox 2041 5046 2138 5082; x_wconf 79' lang='grc' dir='ltr'>εις.</span> 
     </span>
    </p>
   </div>
   <div class='ocr_carea' id='block_1_109' title="bbox 2079 5098 3570 5168">
    <p class='ocr_par' dir='ltr' id='par_1_109' title="bbox 2079 5098 3570 5168">
     <span class='ocr_line' id='line_1_111' title="bbox 2079 5098 3570 5168; baseline 0.002 -16"><span class='ocrx_word' id='word_1_829' title='bbox 2079 5098 2188 5168; x_wconf 83' lang='grc'>(96)</span> <span class='ocrx_word' id='word_1_830' title='bbox 2231 5099 2326 5164; x_wconf 86' lang='grc' dir='ltr'><strong>Ὧς</strong></span> <span class='ocrx_word' id='word_1_831' title='bbox 2363 5099 2436 5152; x_wconf 84' lang='grc' dir='ltr'>τὰ</span> <span class='ocrx_word' id='word_1_832' title='bbox 2479 5098 2758 5164; x_wconf 74' lang='grc' dir='ltr'><strong>πηδάλια.</strong></span> <span class='ocrx_word' id='word_1_833' title='bbox 2793 5099 2999 5168; x_wconf 18' lang='grc' dir='ltr'><strong>ΑΙνΙιιιίίι</strong></span> <span class='ocrx_word' id='word_1_834' title='bbox 3048 5099 3114 5153; x_wconf 86' lang='lat' dir='ltr'><strong>ad</strong></span> <span class='ocrx_word' id='word_1_835' title='bbox 3156 5099 3284 5153; x_wconf 87' lang='lat' dir='ltr'><strong>illud</strong></span> <span class='ocrx_word' id='word_1_836' title='bbox 3331 5099 3570 5162; x_wconf 82' lang='lat' dir='ltr'><strong>Hesiodi.</strong></span> 
     </span>
    </p>
   </div>
   <div class='ocr_carea' id='block_1_110' title="bbox 2005 5167 3572 5289">
    <p class='ocr_par' dir='ltr' id='par_1_110' title="bbox 2005 5167 3572 5289">
     <span class='ocr_line' id='line_1_112' title="bbox 2008 5167 3572 5241; baseline 0.003 -21"><span class='ocrx_word' id='word_1_837' title='bbox 2008 5168 2061 5220; x_wconf 88' lang='lat' dir='ltr'><strong>in</strong></span> <span class='ocrx_word' id='word_1_838' title='bbox 2099 5167 2348 5236; x_wconf 84' lang='lat' dir='ltr'><strong>poemate</strong></span> <span class='ocrx_word' id='word_1_839' title='bbox 2376 5168 2461 5221; x_wconf 89' lang='lat' dir='ltr'><strong>cui</strong></span> <span class='ocrx_word' id='word_1_840' title='bbox 2485 5169 2678 5222; x_wconf 90' lang='lat' dir='ltr'><strong>titulus</strong></span> <span class='ocrx_word' id='word_1_841' title='bbox 2699 5176 2802 5232; x_wconf 88' lang='lat' dir='ltr'><strong>est,</strong></span> <span class='ocrx_word' id='word_1_842' title='bbox 2831 5167 3001 5237; x_wconf 84' lang='lat' dir='ltr'><strong>Opera</strong></span> <span class='ocrx_word' id='word_1_843' title='bbox 3045 5179 3094 5222; x_wconf 88' lang='lat' dir='ltr'><strong>et</strong></span> <span class='ocrx_word' id='word_1_844' title='bbox 3122 5171 3233 5223; x_wconf 80' lang='lat' dir='ltr'><strong>dies</strong></span> <span class='ocrx_word' id='word_1_845' title='bbox 3269 5189 3281 5222; x_wconf 91' lang='lat'>:</span> <span class='ocrx_word' id='word_1_846' title='bbox 3308 5171 3572 5241; x_wconf 73' lang='grc' dir='ltr'><strong>Πηδάλιον</strong></span> 
     </span>
     <span class='ocr_line' id='line_1_113' title="bbox 2005 5237 3572 5289; baseline 0.001 -1"><span class='ocrx_word' id='word_1_847' title='bbox 2005 5237 2050 5289; x_wconf 76' lang='grc' dir='ltr'><strong>δ’</strong></span> <span class='ocrx_word' id='word_1_848' title='bbox 2088 5238 2311 5289; x_wconf 76' lang='grc' dir='ltr'>εὐεργὲς</span> <span class='ocrx_word' id='word_1_849' title='bbox 2341 5237 2482 5289; x_wconf 73' lang='grc' dir='ltr'>ὑπὲρ</span> <span class='ocrx_word' id='word_1_850' title='bbox 2515 5237 2721 5288; x_wconf 80' lang='grc' dir='ltr'>καπνοῦ</span> <span class='ocrx_word' id='word_1_851' title='bbox 2764 5240 3172 5289; x_wconf 78' lang='grc' dir='ltr'>κοειιάσασθαιο</span> <span class='ocrx_word' id='word_1_852' title='bbox 3204 5240 3420 5289; x_wconf 72' lang='lat' dir='ltr'><strong>Clavum</strong></span> <span class='ocrx_word' id='word_1_853' title='bbox 3455 5257 3572 5289; x_wconf 76' lang='lat' dir='ltr'><strong>nem</strong></span> 
     </span>
    </p>
   </div>
   <div class='ocr_carea' id='block_1_111' title="bbox 2008 5241 3572 5377">
    <p class='ocr_par' dir='ltr' id='par_1_111' title="bbox 2008 5241 3572 5377">
     <span class='ocr_line' id='line_1_114' title="bbox 2008 5241 3572 5308; baseline 0.004 -20"><span class='ocrx_word' id='word_1_854' title='bbox 2008 5241 2050 5289; x_wconf 79' lang='grc' dir='ltr'><strong>δ’</strong></span> <span class='ocrx_word' id='word_1_855' title='bbox 2088 5241 2311 5307; x_wconf 80' lang='grc' dir='ltr'>εὐεργὲς</span> <span class='ocrx_word' id='word_1_856' title='bbox 2341 5241 2482 5306; x_wconf 84' lang='grc' dir='ltr'>ὑπὲρ</span> <span class='ocrx_word' id='word_1_857' title='bbox 2515 5241 2721 5288; x_wconf 82' lang='grc' dir='ltr'>καπνοῦ</span> <span class='ocrx_word' id='word_1_858' title='bbox 2764 5241 3172 5308; x_wconf 77' lang='grc' dir='ltr'>κρεμάσασθαι·</span> <span class='ocrx_word' id='word_1_859' title='bbox 3204 5241 3420 5294; x_wconf 81' lang='lat' dir='ltr'><strong>(.‘lavum</strong></span> <span class='ocrx_word' id='word_1_860' title='bbox 3455 5257 3572 5295; x_wconf 81' lang='lat' dir='ltr'><strong>vero</strong></span> 
     </span>
     <span class='ocr_line' id='line_1_115' title="bbox 2008 5305 3276 5377; baseline 0.004 -20"><span class='ocrx_word' id='word_1_861' title='bbox 2008 5305 2130 5359; x_wconf 82' lang='lat' dir='ltr'><strong>bene</strong></span> <span class='ocrx_word' id='word_1_862' title='bbox 2154 5307 2504 5377; x_wconf 74' lang='lat' dir='ltr'><strong>fabrefactum</strong></span> <span class='ocrx_word' id='word_1_863' title='bbox 2533 5321 2696 5377; x_wconf 77' lang='lat' dir='ltr'><strong>super</strong></span> <span class='ocrx_word' id='word_1_864' title='bbox 2717 5306 2918 5372; x_wconf 73' lang='lat' dir='ltr'><strong>[trinum</strong></span> <span class='ocrx_word' id='word_1_865' title='bbox 2955 5309 3276 5377; x_wconf 77' lang='lat' dir='ltr'><strong>suspendito.</strong></span> 
     </span>
    </p>
   </div>
   <div class='ocr_carea' id='block_1_112' title="bbox 2078 5372 3568 5450">
    <p class='ocr_par' dir='ltr' id='par_1_112' title="bbox 2078 5372 3568 5450">
     <span class='ocr_line' id='line_1_116' title="bbox 2078 5372 3568 5450; baseline 0.004 -22"><span class='ocrx_word' id='word_1_866' title='bbox 2078 5372 2646 5450; x_wconf 47' lang='grc' dir='ltr'><strong>(97)-Ὦςᾶριστειμὴ</strong></span> <span class='ocrx_word' id='word_1_867' title='bbox 2673 5375 2770 5429; x_wconf 76' lang='grc' dir='ltr'><strong>ἐπὶ</strong></span> <span class='ocrx_word' id='word_1_868' title='bbox 2803 5380 2977 5450; x_wconf 60' lang='grc' dir='ltr'>πολύ,</span> <span class='ocrx_word' id='word_1_869' title='bbox 3006 5372 3274 5450; x_wconf 73' lang='lat' dir='ltr'><strong>ItaRegg.</strong></span> <span class='ocrx_word' id='word_1_870' title='bbox 3309 5379 3436 5450; x_wconf 87' lang='lat' dir='ltr'><strong>duo.</strong></span> <span class='ocrx_word' id='word_1_871' title='bbox 3468 5380 3568 5434; x_wconf 85' lang='lat' dir='ltr'><strong>Ed.</strong></span> 
     </span>
    </p>
   </div>
   <div class='ocr_carea' id='block_1_113' title="bbox 2010 5440 3571 5518">
    <p class='ocr_par' dir='ltr' id='par_1_113' title="bbox 2010 5440 3571 5518">
     <span class='ocr_line' id='line_1_117' title="bbox 2010 5440 3571 5518; baseline 0.004 -21"><span class='ocrx_word' id='word_1_872' title='bbox 2010 5440 2224 5518; x_wconf 55' lang='lat' dir='ltr'><strong>manu</strong></span> <span class='ocrx_word' id='word_1_873' title='bbox 2269 5440 2478 5518; x_wconf 75' lang='grc' dir='ltr'>ἄριστε,</span> <span class='ocrx_word' id='word_1_874' title='bbox 2522 5440 2591 5516; x_wconf 75' lang='grc' dir='ltr'><strong>ἦν</strong></span> <span class='ocrx_word' id='word_1_875' title='bbox 2617 5440 2726 5518; x_wconf 77' lang='grc' dir='ltr'>ὅτε,</span> <span class='ocrx_word' id='word_1_876' title='bbox 2771 5447 2844 5516; x_wconf 83' lang='grc' dir='ltr'>μὴ</span> <span class='ocrx_word' id='word_1_877' title='bbox 2891 5449 2982 5518; x_wconf 76' lang='grc' dir='ltr'><strong>ἐπὶ</strong></span> <span class='ocrx_word' id='word_1_878' title='bbox 3015 5440 3346 5518; x_wconf 75' lang='grc' dir='ltr'>πολύ,ἶιύοι1</span> <span class='ocrx_word' id='word_1_879' title='bbox 3379 5449 3571 5504; x_wconf 79' lang='lat' dir='ltr'><strong>Billius</strong></span> 
     </span>
    </p>
   </div>
   <div class='ocr_carea' id='block_1_114' title="bbox 2009 5514 3115 5583">
    <p class='ocr_par' dir='ltr' id='par_1_114' title="bbox 2009 5514 3115 5583">
     <span class='ocr_line' id='line_1_118' title="bbox 2009 5514 3115 5583; baseline 0.003 -17"><span class='ocrx_word' id='word_1_880' title='bbox 2009 5515 2190 5576; x_wconf 84' lang='lat' dir='ltr'><strong>vertit.</strong></span> <span class='ocrx_word' id='word_1_881' title='bbox 2218 5532 2247 5568; x_wconf 89' lang='grc' dir='ltr'>ο</span> <span class='ocrx_word' id='word_1_882' title='bbox 2269 5514 2781 5583; x_wconf 73' lang='grc' dir='ltr'><strong>ᾳέιοηάαηιοριὶηιε,</strong></span> <span class='ocrx_word' id='word_1_883' title='bbox 2804 5514 2864 5568; x_wconf 78' lang='lat' dir='ltr'><strong>ne</strong></span> <span class='ocrx_word' id='word_1_884' title='bbox 2894 5517 3115 5572; x_wconf 85' lang='lat' dir='ltr'><strong>diutius.</strong></span> 
     </span>
    </p>
   </div>
   <div class='ocr_carea' id='block_1_115' title="bbox 2081 5583 3567 5661">
    <p class='ocr_par' dir='ltr' id='par_1_115' title="bbox 2081 5583 3567 5661">
     <span class='ocr_line' id='line_1_119' title="bbox 2081 5583 3567 5661; baseline 0.004 -25"><span class='ocrx_word' id='word_1_885' title='bbox 2081 5583 2189 5661; x_wconf 83' lang='lat'><strong>(98)</strong></span> <span class='ocrx_word' id='word_1_886' title='bbox 2231 5584 2371 5661; x_wconf 63' lang='grc' dir='ltr'><strong>Περὶ</strong></span> <span class='ocrx_word' id='word_1_887' title='bbox 2403 5584 2519 5661; x_wconf 67' lang='grc' dir='ltr'>σοῦ</span> <span class='ocrx_word' id='word_1_888' title='bbox 2550 5585 2979 5661; x_wconf 55' lang='grc' dir='ltr'><strong>καὶ-ὑπονοεῖν.</strong></span> <span class='ocrx_word' id='word_1_889' title='bbox 3016 5588 3090 5641; x_wconf 86' lang='lat' dir='ltr'><strong>Ita</strong></span> <span class='ocrx_word' id='word_1_890' title='bbox 3121 5587 3254 5661; x_wconf 85' lang='lat' dir='ltr'><strong>Reg.</strong></span> <span class='ocrx_word' id='word_1_891' title='bbox 3275 5605 3440 5646; x_wconf 89' lang='lat' dir='ltr'><strong>unus.</strong></span> <span class='ocrx_word' id='word_1_892' title='bbox 3469 5587 3567 5642; x_wconf 87' lang='lat' dir='ltr'><strong>Ed.</strong></span> 
     </span>
    </p>
   </div>
   <div class='ocr_carea' id='block_1_116' title="bbox 2007 5654 2735 5726">
    <p class='ocr_par' dir='ltr' id='par_1_116' title="bbox 2007 5654 2735 5726">
     <span class='ocr_line' id='line_1_120' title="bbox 2007 5654 2735 5726; baseline -0.003 -17"><span class='ocrx_word' id='word_1_893' title='bbox 2007 5654 2146 5709; x_wconf 82' lang='lat' dir='ltr'><strong>male</strong></span> <span class='ocrx_word' id='word_1_894' title='bbox 2186 5655 2310 5726; x_wconf 62' lang='lat' dir='ltr'><strong>napi.</strong></span> <span class='ocrx_word' id='word_1_895' title='bbox 2341 5654 2431 5707; x_wconf 76' lang='grc' dir='ltr'>τοῦ</span> <span class='ocrx_word' id='word_1_896' title='bbox 2469 5655 2735 5707; x_wconf 75' lang='grc' dir='ltr'>ὑπονοεῖν.</span> 
     </span>
    </p>
   </div>
  </div>
