4066 6214
479 286 554 342 ιτ
1683 287 1740 341 S.
1781 284 2071 342 GllEGOR‘

2170 283 2495 344 FHEOLOGI
3196 298 3201 302 ‘
3662 285 3735 343 ιε

483 403 628 473 quod
661 405 784 457 vita:
836 401 970 472 ipsis
1014 401 1197 458 afferri
1247 409 1469 473 posset,
1507 411 1864 469 coemcrunt;
1907 411 2056 474 post-

2170 405 2460 476 ὤνήσαντο,
2517 401 2724 457 πλείοσι
2769 400 3221 474 περι-πεπτώκασι
3267 400 3625 474 δυσχερείαις,
3664 404 3735 458 τὰ

483 507 645 560 quam
694 503 873 548 autem
927 500 1281 557 coemerunt,
1328 493 1384 547 in
1429 493 1631 548 multas
1677 493 1960 548 molestias
2003 500 2058 548 et

483 584 836 639 «lillicultates
887 583 1231 649 inciderunt,
1267 593 1326 638 ut
1363 587 1456 654 qui
1485 585 1694 641 scilicet
1726 585 1924 655 partim
1960 585 2060 640 im-

487 675 688 744 probos
736 675 1052 731 venditores
1094 676 1473 747 experiantur,
1522 678 1719 746 partim
1774 691 1806 730 a
1863 676 2060 732 vicinis

485 766 793 834 spolientur
831 779 896 820 ac
922 765 1255 833 diripiantr
1285 784 1302 822 :
1339 767 1478 822 adeo
1510 775 1568 821 ut
1599 768 1753 823 lucro
1782 767 1889 823 illis
1918 766 2063 822 futu-

487 872 609 909 rum
638 858 727 920 sit,
762 864 981 926 recepto
1025 858 1221 926 pretio,
1267 857 1420 928 quod
1465 857 1756 923 dederunt,
1801 873 1908 912 una
1937 873 2060 913 cum
2089 873 2116 893 ι

489 948 555 1000 iis
587 948 918 1016 sumptibus,
951 962 1099 1016 quos
1133 957 1394 1017 praeterea
1434 948 1702 1013 fecerunt,
1741 959 1794 1003 et
1821 949 1918 1018 qui
1953 965 2060 1004 non

486 1037 668 1106 exigui
705 1047 853 1100 sunt,
885 1037 1070 1106 praedii
1093 1039 1445 1107 possessione
1473 1039 1686 1094 cedere.
1723 1037 1868 1094 Sane
1891 1039 1937 1094 si
1966 1040 2063 1094 tibi

491 1128 636 1181 litem
671 1128 813 1181 hanc
842 1128 908 1182 ad
945 1129 1182 1197 teipsum
1205 1127 1510 1184 transferre
1537 1129 1692 1182 cordi
1723 1130 1820 1195 sit,
1843 1137 2064 1198 postea-

489 1233 687 1286 quam,
735 1228 791 1272 ut
838 1226 1154 1275 contractus
1202 1220 1504 1274 bellissime
1546 1235 1611 1276 ae
1660 1219 1973 1275 firmissime
2007 1235 2066 1275 se

492 1310 710 1372 habeat,
757 1309 1096 1378 dispexeris,
1137 1310 1240 1364 hoc
1290 1311 1481 1379 utique
1526 1317 1586 1378 et.
1623 1309 1756 1378 ipsis
1805 1317 1860 1364 et
1907 1311 2066 1366 nobis

489 1400 698 1467 gratius
741 1399 1154 1468 jucundiusque
1209 1400 1393 1456 fuerit.
1440 1399 1553 1454 -Sin
1607 1415 1800 1464 secus,
1845 1400 1951 1454 hoc
1982 1415 2068 1454 se-

490 1489 674 1543 cundo
709 1491 828 1544 loco
873 1505 903 1543 a
953 1498 1004 1545 te
1037 1504 1198 1562 peto,
1248 1500 1307 1546 ut
1359 1491 1598 1546 hominis
1632 1491 1793 1546 anxie
1835 1490 2067 1545 nocendi

492 1581 769 1636 sedulitati
807 1590 970 1649 atque
1023 1582 1356 1652 improbitati
1409 1582 1649 1651 teipsum
1686 1596 1970 1651 opponas;
2011 1592 2070 1635 ut

493 1688 560 1728 ne
599 1673 672 1726 ob
698 1689 888 1727 eorum
922 1673 1091 1727 vitam
1146 1688 1176 1726 a
1220 1673 1456 1741 negotiis
1505 1681 1771 1727 remotam
1794 1711 1808 1734 ,
1846 1671 1980 1740 ipsis
2015 1671 2068 1723 in

2163 497 2260 566 μὲν
2284 497 2392 550 τῶν
2425 495 2786 566 πεπραχότων
2823 493 3156 564 ἀγνωμόνων
3191 493 3546 563 πειρώμενοι,
3575 493 3645 548 τὰ
3675 495 3734 548 δὲ

2160 587 2265 640 ὑπὸ
2292 587 2401 640 τῶν
2429 587 2817 656 γειτονούντων
2859 584 3320 656 περικοπτόμενοι
3364 585 3460 638 κα)⁵
3501 584 3736 656 πορθού-

2164 694 2315 746 μενοι
2339 678 2473 746 (20),
2515 678 2657 732 ὥστε
2719 676 2908 748 κέρδος
2945 671 3084 729 εἶναι
3124 675 3332 738 αὐτοῖς,
3368 675 3430 728 τὸ
3457 676 3675 746 τίμημα
3705 675 3737 728 δ

2161 765 2425 819 δεδώκασι
2449 766 2560 838 (2i)
2601 764 3013 836 κομισαμένοις,
3052 763 3170 834 μεθ’
3203 757 3278 817 ὧν
3310 764 3737 836 προσανηλὼκα-

2164 871 2248 908 σιν
2272 894 2288 919 ,
2348 855 2516 909 ὄντων
2563 857 2665 909 οὐκ
2726 855 2941 923 ὀλίγων.
3008 853 3388 925 ἀπαλλαγῆναι
3444 856 3545 925 τῆς
3604 857 3738 924 κτή-

2164 961 2303 1008 σεως
2329 945 2462 1015 (22).
2504 947 2568 998 Εί
2619 947 2716 1016 μὲν
2758 942 2853 998 οὖν
2898 963 2980 998 σοι
3021 945 3176 1012 φίλον
3206 946 3286 1008 είς
3326 945 3553 998 σεαυτὸν
3578 961 3736 1016 περυ-

2165 1035 2361 1105 στῆσαι
2409 1035 2508 1105 τὴν
2559 1037 2962 1106 πραγματείαν,
3016 1035 3163 1097 ὅπως
3214 1035 3282 1088 ἂν
3334 1034 3593 1089 κάλλιστα
3641 1033 3738 1087 καὶ⁵

2165 1126 2548 1194 ἀσφαλέστατα
2580 1126 2681 1198 ἔχῃ
2710 1143 2790 1179 σοι
2819 1127 2881 1179 τὺ
2912 1124 3264 1194 συνάλλαγμα
3295 1123 3738 1193 διασκεψαμένῳ,

2164 1217 2326 1269 τοῦτο
2355 1218 2419 1287 δὴ
2449 1218 2542 1270 καὶ
2572 1219 2752 1280 αὐτοῖς
2781 1217 2875 1270 καὶ
2904 1217 3032 1287 ἡμῖν
3060 1215 3228 1285 ἥδιον.
3264 1213 3326 1268 Ei
3349 1215 3408 1268 δὲ
3448 1213 3544 1284 μὴ,
3579 1213 3642 1266 τό
3673 1229 3740 1280 γε

2166 1306 2438 1376 δεύτερον,
2491 1310 2558 1378 τῇ
2611 1307 2900 1378 περιεργίᾳ
2930 1303 3041 1375 (23)
3087 1308 3181 1359 καὶ
3228 1305 3592 1376 ἀγνωμοσύνῃ
3641 1301 3740 1356 τοῦ

2168 1398 2358 1468 ἀνδρὸς
2389 1397 2602 1460 ἀντίθες
2643 1397 2890 1460 σεαυτὸν,
2927 1397 3013 1449 ἵνα
3049 1395 3123 1466 μὴ
3152 1396 3369 1457 πάντως
3397 1395 3454 1446 ’ἐν
3480 1393 3543 1461 γέ
3571 1411 3622 1446 τι
3651 1392 3741 1444 διὰ.

2168 1487 2266 1557 τὴν
2296 1485 2728 1558 ἀπραγμοσύνην
2768 1485 2947 1538 αὐτῶν
2981 1484 3084 1554 ἔχῃ
3121 1484 3302 1548 πλέον,
3345 1483 3383 1552 ἢ
3411 1482 3743 1550 κατέχοντας

2170 1577 2391 1640 ἀδικῶν,
2429 1577 2462 1646 ἢ
2499 1576 2714 1647 ζημιῶν
2750 1574 3284 1645 ἀπαλλαττομένους.
3329 1571 3470 1640 Ἐγὼ
3516 1571 3614 1642 μὲν
3646 1566 3743 1623 οὖν

2171 1667 2266 1720 καὶ
2292 1667 2604 1737 ἠρυθρίασα
2629 1667 2756 1738 περὶ
2781 1666 2985 1719 τούτων
3018 1664 3368 1717 ἐπιστέλλων.
3423 1661 3636 1732 Ἐπειδὴ
3676 1676 3742 1728 γε

491 1761 675 1829 aliquo
698 1761 1007 1830 praavaleat,
1035 1775 1233 1830 nempe
1263 1737 1324 1814 ut
1350 1761 1433 1815 vel
1465 1759 1729 1829 praedium
1759 1737 2069 1816 deti—nentes

2170 1756 2370 1825 ὁμοίως
2400 1756 2582 1818 αὐτοῖς
2611 1737 2962 1825 ὀφειλόμεθα,
2983 1755 3078 1808 καὶ
3101 1753 3190 1806 διὰ
3216 1753 3391 1822 γένος,
3419 1751 3510 1804 καὶ
3537 1751 3622 1802 διὰ
3643 1751 3745 1819 τὴν

491 1850 682 1913 laedat,
728 1850 813 1904 vel
848 1849 1195 1904 discedentes
1242 1849 1574 1927 detrimento
1630 1847 1850 1902 alliciat.
1902 1847 2069 1918 Equi-

489 1944 610 1998 dem
637 1944 753 2013 ipse
781 1943 993 2013 pudore
1018 1943 1264 1998 suﬂ‘usus
1296 1959 1451 2006 sum,
1497 1942 1567 1998 de
1594 1943 1682 1999 his
1712 1942 1878 1996 rebus
1922 1944 1987 1995 ad
2017 1951 2070 1997 te

491 2034 759 2098 scribens.
808 2033 1015 2088 Tamen
1059 2021 1322 2102 quoniam
1374 2033 1537 2103 ipsis,
1583 2043 1695 2088 tum
1751 2031 1825 2086 ob
1853 2033 2071 2101 generis

495 2122 990 2193 propinquitatem,
1046 2133 1159 2177 tum
1209 2123 1280 2177 ob
1325 2123 1450 2178 vita:
1505 2122 1853 2185 institutum,
1905 2135 2071 2190 opera

491 2221 682 2269 nostra
736 2214 991 2276 debetur,
1033 2213 1364 2283 (eujosnam
1409 2213 1554 2268 enim
1634 2215 1852 2282 potius,
1903 2228 2068 2282 quam

489 2303 759 2371 ejusmodi
811 2305 1093 2366 virorum,
1133 2317 1264 2357 cura
1314 2302 1590 2372 quispiam
1639 2302 1936 2370 tangatur?
1975 2311 2071 2356 aut

2168 1846 2264 1898 τοῦ
2307 1845 2421 1915 βίου
2457 1846 2774 1916 προαίρεσιν
2814 1845 2974 1916 (τίνος
3007 1845 3116 1915 γὰρ
3156 1844 3220 1896 ἄν
3252 1860 3336 1905 τις
3363 1841 3576 1912 κήδοιτο
3607 1839 3744 1909 μᾶλ-

2170 1937 2282 1999 λον,
2314 1939 2348 2006 ἢ
2372 1935 2480 1990 τῶν
2509 1935 2768 1990 τοιούτων
2792 1954 2808 1999 ς
2837 1937 2930 1990 ἐπὶ
2954 1935 3030 2005 τῷ
3051 1935 3108 1988 δὲ
3130 1934 3199 1988 ἂν
3227 1933 3531 2004 αἰσχύνοιτο
3557 1930 3744 1992 πλέον,

2171 2029 2204 2098 ἢ
2237 2027 2306 2081 τὰ
2337 2027 2560 2080 τοιαῦτα
2599 2028 2910 2098 εὐεργετεῖν
2948 2028 3007 2080 ού
3049 2025 3564 2099 προθυμούμενος);
3593 2024 3657 2076 σὺ
3684 2022 3742 2074 δὲ

2171 2118 2206 2188 ἢ
2227 2117 2314 2171 διὰ
2345 2117 2646 2189 σεαυτὸν,ἢ
2677 2118 2745 2170 δι’
2778 2119 2946 2188 ἡμᾶς,
2981 2117 3014 2188 ἢ
3054 2117 3144 2170 διὰ
3162 2118 3288 2180 τοὺς
3305 2117 3504 2187 ἄνδρας
3524 2113 3744 2178 αὐτοὺς,

2174 2209 2214 2282 ἢ,
2245 2208 2335 2263 διὰ
2368 2210 2543 2264 πάντα
2573 2207 2749 2262 ταῦτα
2791 2206 2949 2276 ὁμοῦ,
2994 2205 3131 2260 ἀλλὰ
3168 2205 3386 2267 πάντως
3444 2219 3509 2270 γε
3547 2199 3748 2260 αὐτοὺς

2175 2303 2559 2374 εύεργέτησον.

489 2407 598 2460 qua
629 2407 690 2447 re
716 2393 893 2462 magis
952 2392 1272 2456 erubescat,
1321 2404 1485 2460 quam
1543 2390 1589 2444 si
1623 2390 1940 2459 hujusmodi
1997 2391 2260 2447 beneficia
2309 2394 2561 2448 conferre
2604 2392 2830 2446 minime
2876 2389 3152 2461 studeat?)
3218 2398 3272 2444 te
3337 2401 3502 2458 rogo,
3550 2392 3611 2438 ut
3657 2384 3746 2436 vel

487 2571 714 2640 quidem
739 2579 888 2628 certe
915 2573 982 2627 de
1005 2573 1076 2628 iis
1105 2574 1242 2628 bene
1264 2573 1553 2628 merearis.

951 2723 1057 2794 ιθ
1094 2721 1212 2777 xv.
1249 2721 1618 2778 LOLLIANO.
1667 2722 1671 2727 ·

389 2498 394 2503 ·
489 2489 585 2534 tua
637 2481 844 2550 ipsius,
898 2480 984 2535 vel
1035 2487 1260 2546 nostra,
1292 2481 1381 2535 vel
1406 2481 1680 2549 ,ipsorum
1731 2494 1935 2547 causa,
1973 2481 2060 2536 vel
2082 2483 2248 2537 etiam
2279 2495 2499 2555 propter
2527 2484 2642 2541 haec
2688 2483 2876 2538 omnia
2912 2483 2969 2537 in
3014 2497 3186 2538 unum
3241 2488 3452 2547 coacta,
3519 2474 3750 2535 omnino

2542 2699 2550 2706 ’
2639 2720 2740 2774 ιε’.
2783 2720 3132 2791 ΛυΛΛΙΔΝῼ
3154 2720 3290 2792 (ει).

493 2878 637 2933 Data
670 2879 743 2933 ad
768 2877 1079 2934 Loliianum
1108 2881 1356 2953 epistola,
1387 2898 1506 2952 qua:
1523 2883 1782 2953 sequitur,
1813 2881 1993 2953 eodem
2026 2897 2188 2953 anno,
2219 2890 2282 2953 et
2301 2877 2481 2953 eod_em
2510 2888 2736 2953 tempore
2758 2882 3059 2953 conscripta
3097 2889 3198 2947 est,
3225 2881 3413 2952 quippe
3441 2897 3563 2953 qua:
3584 2879 3648 2936 de
3687 2897 3748 2938 re

1079 2948 1284 3016 eadem,
1312 2960 1362 3005 et
1389 2948 1485 3020 pro
1513 2948 1702 3005 iisdem
1737 2951 1987 3006 Helladio
2017 2962 2068 3006 et
2099 2951 2342 3015 Eulalia,
2374 2948 2611 3020 Gregorii
2641 2948 2989 3016 consobrinis,
3021 2953 3153 3021 agit.

565 3108 786 3180 Optime
809 3125 934 3164 vero
969 3108 1128 3174 facis,
1160 3109 1307 3179 quod
1339 3109 1408 3164 ad
1446 3124 1548 3164 nos
1573 3116 1625 3164 te
1655 3109 1878 3180 recipis,
1904 3109 2067 3180 longo

2241 3101 2318 3162 Εὖ
2353 3124 2418 3176 γε
2451 3107 2535 3160 ὅτι
2574 3107 2871 3177 ἐπανήκεις
2907 3109 3060 3178 ἡμῖν,
3099 3106 3188 3161 διὰ
3231 3107 3448 3178 μακροῦ
3476 3107 3598 3178 μὲν,
3630 3106 3747 3161 ἀλλ’

493 3198 711 3268 quidem
760 3197 1068 3260 intervallo,
1101 3198 1196 3251 sed
1232 3199 1305 3250 ita
1365 3205 1544 3251 tamen
1578 3197 1759 3268 (quod
1783 3197 1888 3251 hoc
1932 3213 2070 3268 prte-

494 3290 730 3343 stantius
756 3289 886 3357 est),
923 3296 984 3341 ut
1011 3303 1100 3343 res
1138 3296 1244 3341 tua:
1300 3302 1360 3342 se
1399 3287 1635 3342 habeant
1664 3303 1730 3343 ex
1757 3288 1925 3341 animi
1955 3303 2074 3342 sen-

493 3381 671 3435 tentia
700 3399 716 3434 :
745 3387 799 3434 et
829 3379 958 3449 quia
993 3393 1097 3433 nos
1132 3379 1199 3432 iis
1225 3380 1400 3439 curis,
1437 3378 1492 3432 in
1535 3377 1736 3448 quibus
1771 3386 1863 3431 tua
1904 3392 2070 3433 causa

457 3525 459 3527 ,
494 3469 876 3532 versabantur,
907 3467 1179 3523 liberasti.
1213 3466 1492 3537 Siquidem
1515 3469 1697 3520 omnia
1727 3467 1892 3521 nobis
1921 3482 2073 3520 com-

497 3562 683 3614 munia
711 3569 888 3614 tecum
919 3574 1044 3615 esse
1067 3558 1341 3626 ducimus,
1377 3566 1485 3611 tam
1514 3557 1718 3621 tristia,
1747 3571 1910 3628 quam
1951 3557 2073 3610 lazta

495 3658 550 3706 et
573 3649 851 3719 jucunda;
883 3665 949 3704 ea
980 3651 1124 3704 enim
1153 3649 1407 3704 amicitia:
1437 3657 1631 3703 natura
1663 3661 1767 3704 est.
1803 3648 2071 3714 Quoniam

498 3747 678 3790 autem
709 3735 776 3788 ad
810 3751 912 3790 nos
953 3736 1282 3800 reverteris,
1315 3735 1402 3790 fac
1442 3735 1759 3791 felicitatem
1800 3745 1969 3800 tuam,
2016 3743 2075 3789 ut

498 3826 786 3896 cujusdam
812 3827 992 3882 verbis
1022 3835 1166 3890 utar,
1204 3827 1395 3882 amicis
1420 3827 1527 3882 tuis
1555 3828 1856 3898 impertias.
1880 3828 2079 3896 Imper-

499 3919 604 3972 ties
634 3925 814 3971 autem
841 3956 854 3978 ,
894 3916 941 3971 si
969 3916 1222 3970 dominos
1255 3917 1618 3973 consobrinos
1663 3933 1846 3984 meos,
1895 3917 2075 3972 Hella-

501 4007 652 4060 dium
701 4013 754 4061 et
811 4005 1120 4072 Eulalium',
1179 4021 1304 4060 cum
1363 4007 1415 4061 in
1473 4008 1685 4062 caeteris
1733 4009 1896 4063 rebus
1929 4009 2077 4062 velut

499 4098 798 4152 familiares
847 4097 1049 4151 intueri
1106 4098 1347 4151 animum
1417 4098 1700 4154 induxeris
1743 4098 2076 4168 (familiares

500 4196 684 4241 autem
715 4187 860 4247 dico,
893 4187 1000 4240 nisi
1031 4195 1089 4238 tu
1133 4202 1236 4239 nos
1280 4202 1378 4254 pro
1405 4189 1600 4242 alienis
1634 4189 1858 4250 habeas,
1901 4204 2077 4257 neque

499 4279 644 4332 enim
696 4277 874 4344 majus
905 4275 1204 4344 quidquam
1239 4275 1434 4340 habeo,
1466 4277 1609 4343 quod
1659 4275 1908 4344 dicam),
1961 4284 2074 4327 tum

501 4367 686 4430 etiam,
725 4373 782 4417 ut
809 4365 899 4417 alii
927 4366 1060 4433 ipsis
1091 4365 1307 4434 patroni
1344 4364 1658 4433 requirendi
1690 4365 1820 4428 sint,
1853 4366 2077 4417 minime

2173 3196 2321 3266 ὅμως
2350 3196 2465 3264 (καί⁸
2493 3195 2526 3247 δ
2547 3194 2735 3248 τούτου
2769 3194 3059 3265 κρεῖττον),
3104 3197 3186 3250 ὅτι
3230 3197 3373 3250 κατὰ
3413 3196 3538 3250 νοῦν
3573 3198 3748 3268 πράτ-

2171 3301 2301 3346 των,
2333 3284 2432 3336 καὶ
2457 3282 2568 3336 τῶν
2592 3284 2684 3336 ἐπὶ
2715 3285 2795 3336 σοὶ
2829 3285 3126 3355 φροντίδων
3165 3287 3314 3355 ἡμᾶς
3341 3285 3744 3356 ἡλευθέρωσας.

2172 3374 2358 3428 Πάντα
2385 3374 2495 3445 γὰρ
2523 3374 2678 3428 κοινὰ
2708 3374 3007 3445 ποιούμεθα
3039 3375 3175 3445 πρὸς
3210 3375 3294 3434 σὲ,
3327 3378 3420 3429 καὶ
3453 3375 3627 3440 λύπας
3653 3378 3747 3430 καὶ

2174 3465 2526 3536 εὐφροσύναςο
2558 3465 2795 3533 τοιοῦτον
2822 3465 2932 3536 γὰρ
2961 3467 3000 3536 ἠ
3037 3465 3207 3533 φιλία.
3257 3467 3475 3537 Ἐπείδὴ
3497 3467 3554 3519 δὲ
3577 3469 3751 3519 επαν-

2175 3557 2348 3624 ήκεις,
2387 3553 2611 3621 μετάδος
2643 3554 2844 3622 φίλοισι
2873 3559 3012 3608 σοῖσι
3044 3557 3142 3627 σῆς
3181 3558 3498 3628 εὐπραξίας,
3526 3559 3690 3629 φησιν
3718 3561 3751 3612 ὁ

2174 3644 2340 3698 εἰπών
2365 3645 2496 3715 (95)·
2530 3645 2860 3715 μεταδώσεις
2895 3647 2971 3710 δὲ,
3004 3648 3053 3699 εί
3074 3649 3200 3712 τοὺς
3231 3651 3456 3720 κυρίους
3481 3666 3583 3720 μου
3621 3651 3751 3712 τοὺς

2174 3734 2425 3804 ἀνεψιοὺς
2452 3734 2718 3788 Ἐλλάδιον
2751 3736 2842 3788 καὶ
2873 3736 3151 3802 Εύλάλιον,
3193 3741 3287 3792 καὶ
3330 3741 3497 3794 τᾶλλα
3517 3742 3752 3804 οίκείους

2173 3825 2305 3894 ὁρᾷν
2345 3824 2641 3895 προθυμοίο
2673 3825 2926 3894 (οἰκείους
2956 3826 3067 3896 (26)
3094 3828 3150 3880 δὲ
3177 3827 3340 3896 λέγω,
3375 3831 3419 3882 εί
3460 3831 3533 3900 μὴ
3556 3829 3749 3894 ἄλλους

2176 3917 2322 3985 ἡμᾶς
2364 3915 2498 3986 πρὸς
2529 3917 2716 3970 ἑαυτὸν
2739 3916 3002 3988 νομίζοις,
3030 3919 3090 3970 ού
3125 3919 3234 3989 γὰρ
3270 3915 3366 3972 οἷδ’
3404 3921 3432 3972 ὃ
3453 3937 3506 3972 τι
3533 3921 3600 3973 ἂν
3627 3921 3747 3990 μεί-

2177 4005 2306 4070 ζονα
2332 4007 2443 4078 (2.7)
2469 4007 2726 4078 εἴποιμι),
2755 4009 2849 4062 καὶ
2884 4009 2958 4078 μὴ
2999 4009 3199 4080 ἑτέρων
3224 4011 3478 4081 δεηθῆναι
3508 4027 3751 4083 προστα-

2175 4098 2282 4150 τῶν
2313 4098 2587 4167 ἀνάσχοιο.
2647 4099 2808 4150 Ἀλλὰ
2838 4099 3013 4150 πάντα
3042 4098 3268 4150 σεαυτὸν
3305 4101 3624 4168 παράσχοιο,
3659 4100 3750 4166 φί·

2177 4187 2266 4240 λον
2297 4188 2552 4256 χρηστὸν,
2583 4187 2797 4253 γείτονα
2836 4185 3027 4248 δεξιὸν,
3083 4188 3440 4256 παραστάτην
3479 4190 3746 4253 γενναῖον.

2179 4277 2264 4327 ἵνα
2295 4277 2370 4345 μὴ
2393 4275 2513 4327 καθ’
2540 4275 2768 4327 ἕκαστον
2794 4275 2956 4342 λέγω,
2989 4276 3080 4328 τὸν
3109 4277 3301 4346 εὐγενῆ
3325 4277 3630 4340 Λολλιανὸν,
3653 4277 3749 4329 τὸν

2178 4365 2270 4417 ἐπὶ
2298 4363 2671 4434 καλοκαγαθίᾳ
2697 4365 2807 4433 (28)
2835 4365 3127 4435 γνώριμον.
3167 4367 3559 4437 Ύπισχνοῦμαι
3585 4368 3661 4433 δὲ,
3697 4368 3750 4419 εί

505 4455 748 4524 patiaris.
787 4453 986 4508 Verum
1040 4457 1121 4508 eis
1156 4452 1372 4522 quidvis
1423 4461 1476 4506 te
1528 4453 1797 4522 prazbeas,
1845 4455 2071 4522 probum

2182 4455 2274 4506 ἐπὶ
2303 4454 2482 4518 πλεῖον
2515 4454 2695 4516 αὐτοῖς
2727 4454 3036 4524 ὁμιλήσαις,
3068 4457 3160 4509 καὶ
3196 4458 3295 4527 τῆς
3321 4458 3634 4527 φιλοσοφίας
3654 4460 3750 4512 αύ-

503 4549 762 4610 amicum,
789 4547 1137 4600 commodum
1161 4546 1424 4609 vicinum,
1454 4545 1645 4599 fortem
1673 4545 1998 4612 adjutorem,
2025 4553 2078 4599 et

503 4656 572 4694 ne
617 4638 828 4708 singula
873 4651 1218 4699 enumerem,
1255 4651 1578 4706 generosum
1626 4635 1976 4696 Lollianum,
2011 4650 2077 4689 ac

575 4838 684 4923 (20)
717 4832 1251 4923 Hopqoopsrotilta
1286 4831 1455 4904 Regg.
1483 4834 1615 4887 duo.
1655 4831 1756 4888 Ed.
1803 4832 1943 4888 male
1981 4850 2080 4885 πο-

505 4905 805 4983 θούμενοιη-
829 4905 1232 4983 desiderentur;
1752 4972 1763 4983 ο

575 4927 598 4960 U
647 4925 773 4972 ενοι,
799 4939 805 4948 -
829 4925 1206 4960 aeotaeremur.

575 4925 687 5046 (ξι)
734 4979 800 5028 Ὃ
832 4971 1298 5046 δεδώκασι-1138
1350 4987 1532 5046 voces,
1576 4986 1696 5040 quae
1750 4972 1805 5026 in
1859 4971 1948 5025 ed.
1982 4971 2079 5026 de-

503 5042 680 5121 erunt,
707 5047 1078 5121 supplevinms
1095 5060 1123 5097 e
1145 5042 1317 5121 ᾕρεε.
1344 5042 1687 5121 ιΙυυὺυεινω
1993 5109 2006 5121 ο

577 5111 687 5184 (22)
716 5109 1014 5184 Κιλῆονεωςτ
1051 5113 1124 5166 Ita
1144 5109 1310 5182 Regi.
1342 5123 1472 5184 tres,
1495 5119 1548 5165 et
1573 5109 1764 5165 Billius
1791 5125 1845 5164 tn
1869 5109 2075 5165 versio-

504 5182 595 5239 ne.
622 5182 718 5237 Ed.
760 5184 898 5236 male
927 5182 1173 5246 κτίσεως,
1213 5183 1494 5235 creatione.

574 5253 686 5300 (Ἧι
734 5249 812 5300 Τῆ
849 5252 1166 5300 ﬂamma-la.
1204 5251 1417 5300 Billius.
1447 5249 1776 5300 icuriost'tali.
1808 5247 1930 5300 Mox
1976 5247 2068 5300 τοῦ

574 5253 686 5322 (23)
734 5249 812 5318 Τῇ
849 5252 1166 5320 περιεργίᾳ.
1204 5251 1417 5314 Billius,
1447 5249 1776 5317 (carissima.
1808 5248 1930 5302 Mox
1976 5248 2070 5300 τοῦ

502 5322 713 5392 ἀνδρὸς.
753 5321 867 5392 illoc
911 5322 1188 5392 singulare
1217 5336 1338 5392 ‘pro
1385 5319 1590 5392 plurali
1639 5319 1872 5392 positum
1911 5319 2075 5392 (lotu-

503 5388 697 5472 beﬁsio
720 5390 933 5446 videtur
969 5404 1091 5445 esse
1121 5388 1392 5456 Atticum,
1410 5393 1536 5459 quia
1561 5389 1625 5444 de
1655 5389 1904 5459 pluribus
1937 5388 2073 5443 vici-

501 5469 588 5515 nis
616 5469 815 5540 agitur.
1145 5479 1148 5483 ·
1251 5526 1261 5537 _
1621 5530 1634 5544 .

575 5530 684 5607 (ἓξ)
724 5529 876 5607 Alias.
903 5524 1359 5607 CXCV-ﬁcum
1385 5541 1531 5607 anno
1565 5527 1688 5607 565:

575 5595 685 5670 I25)
728 5599 920 5668 Φησὶν
946 5601 978 5652 ό
1008 5595 1209 5651 εἰπών.
1233 5595 1543 5666 Euripides,
1574 5598 1626 5650 in
1665 5596 1860 5651 Oreste.

2177 4545 2285 4597 τῶν
2308 4544 2418 4615 (29)
2441 4544 2502 4596 τὸ
2528 4543 2660 4612 ὕψος
2689 4545 2947 4608 κατίδοις,
2971 4547 3052 4600 ὅτι
3085 4548 3222 4620 πρὸς
3251 4549 3444 4612 ἄλλους
3468 4551 3580 4620 (50)
3609 4551 3751 4621 ὑπὲρ

2179 4635 2356 4690 αὐτῶν
2396 4634 2776 4706 πρεσϐεύσεις.
2804 4634 3067 4691 Τοσοῦτον
3102 4638 3287 4710 θαρρῶ
3325 4639 3403 4710 τῷ
3439 4639 3516 4710 σῷ
3540 4641 3748 4712 τρόπῳ,

2249 4833 2359 4904 (2G)
2426 4835 2760 4904 οἰκείους...
2803 4835 3078 4900 οἰκείους.
3117 4836 3192 4889 Ita
3230 4835 3387 4902 Regii
3429 4836 3554 4890 duo.
3605 4835 3751 4890 Editi

2178 4905 2326 5024 gnate:
2355 4903 2554 4957 habent
2589 4904 2672 4957 bis
2725 4905 2958 4969 οἰκείως,
2984 4907 3128 4974 quod
3163 4906 3352 4960 Billius
3380 4908 3559 4969 vertit,
3584 4906 3749 4973 [aitai-

2203 4989 2300 5024 iari
2331 4988 2406 5025 er.

2250 5042 2375 5115 (27)Δ
2399 5042 2464 5093 ’Ό
2488 5041 2641 5115 τιμᾶν
2661 5041 2920 5112 μείζονα.
2951 5042 3028 5096 lta
3061 5041 3226 5115 Regg.
3266 5053 3396 5100 tres.
3431 5043 3527 5097 Ed.
3571 5044 3753 5098 minus

2177 5110 2326 5181 bene
2351 5113 2434 5164 ὅτι
2461 5110 2700 5181 μείζονα.

2249 5180 2357 5252 (28)
2383 5179 2814 5252 Καλοκαγᾳθίᾳ.
2844 5179 3106 5252 ItaRegg.
3125 5182 3256 5247 duo,
3285 5190 3339 5236 et
3369 5181 3460 5236 ed.
3487 5181 3552 5236 ad
3574 5196 3754 5248 marg.

2177 5245 2314 5318 Male
2340 5245 2397 5302 in
2429 5257 2575 5303 textu
2610 5245 3027 5318 καλοκαγαθίανζ

2254 5317 2363 5392 (29)
2412 5318 2838 5392 ΔΑὐτῶν-..Πελίης
2886 5335 3102 5392 vocem,
3134 5337 3254 5392 qua:
3309 5321 3364 5375 in
3408 5321 3494 5376 ed.
3541 5319 3751 5383 deerat,

2179 5388 2551 5458 supplevimus
2579 5405 2609 5442 e
2641 5387 2832 5458 Reggt
2850 5389 3115 5457 pluribus.

2251 5457 2360 5526 (50)
2380 5458 2660 5528 Ἄλλους.
2695 5456 2774 5528 ita
2805 5456 2972 5528 Begg.
3004 5460 3215 5528 plures,
3252 5467 3304 5514 et
3338 5459 3525 5514 Billius
3549 5457 3604 5511 in
3630 5467 3755 5510 ver-

2178 5525 2352 5581 sione.
2378 5525 2477 5581 Ed.
2514 5528 2654 5582 male
2687 5525 2967 5590 ἀλλήλους.
