4080 6206
417 337 487 394 ιο
1778 339 1996 396 EPlSTl

2099 364 2112 396 ι
2155 340 2288 395 XVI.
3597 343 3662 397 50

417 453 508 505 καὶ
548 450 692 504 οὕτω
743 450 945 517 πολλὰς
986 455 1206 519 ἐλπίδας
1247 455 1355 527 ἔχω
1405 455 1483 529 μὴ
1524 457 1992 529 διαμαρτήσεσθαί

2099 460 2382 530 probitatis
2413 459 2631 514 nomine
2655 459 2923 530 insignem
2947 467 3002 515 et
3034 458 3291 514 nobilem.
3319 458 3451 515 Illud
3482 468 3660 512 autem

415 558 510 595 σου
535 543 645 612 (51)
679 543 811 615 περὶ
837 537 911 596 ὧν
939 545 1098 607 αὐτὸς
1128 547 1493 617 ἐπρέσὸευσα.

2102 551 2199 605 tibi
2229 552 2507 620 polliceor,
2544 553 2588 607 si
2616 551 2824 606 diutius
2845 567 2968 606 cum
2994 552 3074 608 eis
3106 552 3358 614 versetis,
3389 551 3659 619 ac-philo-

413 637 622 707 sophia:
677 638 920 706 ipsorum
975 640 1366 696 sublimitatem
1403 643 1739 712 perspicias,
1785 643 1902 698 fore
1932 651 1991 696 ut
2029 644 2141 713 ipse
2171 661 2269 714 pro
2301 646 2412 699 illis
2441 647 2580 700 alios
2632 644 2960 716 depreceris.
2989 643 3174 714 Usque
3229 643 3362 698 adeo
3413 642 3660 696 moribus

379 729 526 783 rtuis
557 730 800 793 confido,
835 746 898 785 ac
941 739 1051 784 tam
1085 731 1358 802 ingentem
1395 749 1546 803 spem
1581 735 1774 797 habeo,
1806 750 1891 789 me
1923 735 1990 789 de
2025 735 2092 788 iis
2119 736 2306 800 rebus,
2353 738 2421 791 de
2457 737 2655 806 quibus
2688 744 2864 790 tecum
2895 751 3016 805 ago,
3052 736 3320 806 repulsam
3355 752 3384 788 a
3441 743 3494 788 te
3558 732 3662 784 mi-

413 821 563 874 nime
591 821 855 876 laturum.

484 953 606 1018 ΠΤ.
641 950 924 1023 ΕΥΣΕΒῙῼ
952 954 1304 1025 ΕΠΙΣΚΟΠῼ
1336 957 1746 1010 ΚΑΙΣΑΡΕῙΑΣ
1775 956 1910 1014 (59).

2233 953 2374 1008 XVI.
2416 953 2715 1010 EUSEBIO
2758 953 3091 1010 EPISCOPU
3130 953 3517 1010 CESAREE.

487 1081 621 1136 Hcce
641 1084 857 1148 epistola
888 1093 938 1138 et
959 1097 1227 1148 sequentes
1259 1097 1535 1142 versantur
1562 1091 1705 1143 circa
1733 1090 2111 1144 dissensionem
2153 1087 2292 1138 inter
2334 1083 2616 1137 Eusebium
2647 1083 3027 1136 thsariensem
3070 1094 3120 1136 et
3167 1084 3447 1138 Basilium.
3499 1085 3662 1150 Cuius

411 1151 758 1224 dissensionis
786 1169 1006 1224 causam
1029 1155 1150 1208 licet
1185 1154 1470 1224 Gregorius
1504 1169 1696 1222 taceat,
1727 1177 1831 1213 non
1857 1161 1970 1212 alia
2001 1174 2111 1213 esse
2138 1156 2361 1216 videtur,
2392 1169 2549 1224 quam
2578 1156 2715 1218 quod
2740 1153 2934 1224 Basilii
2957 1154 3101 1220 fama
3125 1169 3188 1206 ac
3219 1169 3451 1206 summus
3473 1155 3664 1224 ingenii

412 1231 465 1294 e_t
497 1219 750 1294 doctrina:
779 1222 1027 1291 splendor
1061 1225 1239 1278 oculos
1274 1219 1486 1280 Eusebii
1517 1219 1746 1282 (mserat.
1779 1229 2065 1291 Basiliam,
2096 1226 2184 1294 qui
2217 1240 2275 1277 eo
2305 1219 2413 1292 ipsi
2435 1222 2647 1294 c/tarior
2671 1238 2783 1294 esse
2815 1221 3099 1294 debuisset,
3130 1237 3232 1294 quo
3267 1224 3433 1291 magis
3460 1219 3572 1275 eum
3611 1226 3663 1276 in

415 1291 629 1360 ferendo
653 1292 984 1358 episcopatus
1009 1310 1163 1347 onere
1191 1295 1416 1358 levabat.
1449 1296 1513 1348 ab
1544 1297 1792 1352 Ecclesia:
1822 1291 2288 1350 administratione
2320 1291 2422 1344 non
2448 1293 2559 1344 sine
2588 1292 2878 1360 ignominia
2903 1293 3138 1344 removit.
3170 1291 3363 1344 Ducem
3395 1309 3549 1344 suum
3585 1296 3665 1345 sic

413 1358 618 1434 injuria
655 1361 903 1434 affectum
933 1365 1175 1415 monachi
1204 1363 1558 1419 Ctesarienses
1590 1366 1728 1434 ferre
1755 1384 1856 1420 non
1880 1375 2184 1434 potuerunt,
2217 1361 2306 1416 sed
2337 1363 2519 1415 statim
2549 1358 2747 1413 audaci
2781 1361 3019 1434 facinore
3047 1361 3120 1434 ab_
3155 1362 3384 1434 episcopi
3423 1377 3662 1434 commu-

412 1430 570 1504 nione
599 1430 836 1504 recedere
871 1440 1134 1504 statuunt,
1173 1429 1685 1504 secumquepariem
1714 1429 1889 1504 plebis
1919 1446 1968 1490 et
2008 1435 2386 1487 honoratorum
2402 1441 2616 1504 partem
2659 1446 2759 1482 non
2789 1431 3034 1498 exiguam
3065 1429 3400 1482 abstrahunt.
3438 1429 3663 1484 Eusebio

409 1498 622 1575 cedens,
664 1516 727 1575 ne
749 1501 834 1575 s_ui
863 1515 1028 1555 causa
1063 1498 1394 1575 laceraretur
1425 1498 1694 1575 Ecclesiae
1711 1498 1931 1575 corpus.
1956 1504 2193 1575 Basilius
2227 1518 2376 1575 cum_
2390 1499 2640 1575 Gregorio
2674 1515 2792 1560 suo,
2837 1515 2996 1575 eoque
3037 1515 3265 1575 secessus
3299 1508 3664 1575 auctoratum
3743 1501 3760 1519 '

407 1567 643 1636 profugit
668 1569 721 1621 in
751 1567 1004 1633 Pontum,
1038 1587 1176 1624 anno
1205 1570 1330 1633 565,
1363 1583 1419 1625 ut
1453 1583 1622 1627 censet
1656 1567 2044 1635 Tillemontins,
2081 1574 2160 1627 vel
2180 1587 2318 1624 anno
2345 1569 2448 1623 564
2478 1567 2713 1629 excutite,
2749 1579 2837 1620 aut
2864 1570 3022 1621 etiam
3051 1571 3260 1621 ineunte
3299 1569 3422 1629 565,
3452 1579 3508 1620 ut
3535 1571 3664 1620 con-

413 1635 579 1711 tendit
617 1647 798 1691 noster
830 1637 1152 1711 Prudentius
1182 1637 1461 1695 Mdranus.
1499 1643 1629 1697 Inde
1659 1661 1893 1698 reversus
1923 1643 2204 1711 Gregorius
2238 1641 2302 1692 ad
2335 1647 2635 1694 conventus
2665 1638 2977 1706 spirituales
2999 1646 3051 1711 et
3080 1637 3311 1711 concilia
3341 1639 3405 1711 ab
3439 1637 3663 1711 Eusebio

411 1707 738 1780 vocabatur;
772 1708 994 1780 negabat
1044 1723 1216 1764 autem
1266 1727 1320 1764 se
1381 1711 1573 1780 absque
1622 1715 1831 1768 Basilio
1884 1705 2180 1774 venturum,
2242 1719 2394 1778 atque
2449 1719 2506 1761 ut
2567 1705 2899 1762 revoCaretur
2928 1707 3020 1780 ab
3077 1705 3323 1780 Eusebio_
3356 1707 3659 1780 ﬂagitabat.

409 1773 976 1874 ﬂmulquevpollicitus
1041 1780 1153 1847 fore
1213 1788 1271 1832 ut
1306 1773 1573 1835 Basiliam
1623 1784 1755 1852 ipse,
1816 1783 1953 1837 velut
1984 1773 2196 1852 umbro:
2246 1773 2484 1844 corpora|
2542 1787 2856 1847 sequeretur.
2904 1777 3074 1845 Atque
3125 1776 3235 1829 Ita’c
3281 1773 3563 1847 Gregorius
3608 1777 3662 1829 in

407 1852 638 1909 epistota
663 1860 774 1900 xw.

500 1977 721 2048 Ἐπειδὴ
765 1981 897 2050 πρὸς
944 1982 1110 2053 ἄνδρα
1145 1985 1408 2056 ποιοῦμαι
1450 1988 1577 2052 τοὺς
1613 1990 1829 2058 λόγους,
1870 1989 1994 2043 οὔτε

2167 1989 2437 2054 Quoniam
2473 1988 2610 2042 mihi
2659 2002 2781 2040 cum
2813 2002 2878 2041 eo
2924 1985 3043 2040 viro
3091 1979 3402 2048 sermoest,
3443 1986 3537 2054 qui
3568 2002 3669 2041 nec

427 2063 728 2130 ἀγαπῶντα.
759 2067 819 2118 τὸ
840 2069 1050 2136 ψεῦδος,
1080 2073 1176 2124 καὶ
1201 2074 1262 2125 τδ
1293 2075 1351 2126 ἐν
1388 2077 1564 2146 ἐτὲρῳ
1590 2081 1840 2148 φωρᾶσαι
1865 2080 1996 2131 πάν-

2102 2081 2220 2150 ipse
2247 2081 2592 2133 mendacium
2629 2087 2789 2139 amet,
2811 2085 2866 2130 et
2903 2077 2968 2129 ad
3000 2076 3147 2131 istud
3195 2077 3251 2128 in
3282 2077 3453 2130 altero
3481 2078 3673 2144 depre-

429 2168 541 2203 των
565 2152 836 2218 ὀξύτατον,
871 2157 972 2209 κᾶν
1001 2159 1082 2210 ὅτι
1112 2159 1350 2228 μάλιστα
1381 2165 1567 2230 σοφοῖς
1597 2164 1860 2233 πλέκηται
1891 2165 1996 2233 (55)

2104 2167 2450 2221 hendendum
2522 2165 2769 2219 homines
2835 2177 3027 2217 omnes
3097 2163 3350 2218 acumine
3417 2172 3672 2233 superet,

421 2241 521 2292 καὶ
567 2243 832 2308 ποικίλοις
875 2249 988 2308 τοῖς
1026 2247 1387 2318 λαϐυρίνθοις·
1430 2252 1568 2322 πρὸς
1599 2253 1675 2316 δὲ,
1711 2254 1828 2306 οὐδὲ
1857 2254 1996 2324 αὐτῷ

2105 2256 2452 2327 quantumvis
2475 2255 2633 2310 scitis
2653 2262 2707 2309 et
2743 2253 2908 2307 variis
2940 2253 3266 2323 labyrinthis
3292 2253 3619 2308 obvolvatur
3653 2271 3668 2286 ο

419 2348 514 2400 μοι
549 2333 702 2400 φίλον
741 2335 802 2386 τὸ
838 2340 1086 2406 τεχνικὸν
1126 2340 1426 2410 (εἰρήσεται
1467 2341 1576 2412 γὰρ
1615 2343 1723 2395 κᾶν
1819 2360 1996 2414 φορτι-

2101 2353 2267 2416 atque
2296 2346 2520 2412 insuper
2545 2359 2647 2399 nec
2677 2344 2806 2396 mihi
2836 2344 3052 2414 quidem
3088 2343 3249 2398 fucus
3285 2351 3340 2398 et
3372 2345 3665 2399 artificium

414 2421 705 2494 κώτερον),
753 2428 1019 2494 πεφυκότι
1051 2447 1110 2482 τε
1144 2431 1289 2484 οὕτω
1335 2433 1427 2484 καὶ
1466 2433 1796 2502 τυπουμένῳ
1843 2433 1994 2502 παρά

2099 2437 2272 2505 placet
2337 2434 2560 2504 (dicam
2633 2434 2814 2496 enim,
2869 2434 2974 2488 etsi
3027 2433 3315 2488 molestius
3363 2435 3494 2501 sit),
3553 2441 3666 2487 tum

415 2518 511 2569 τοῦ
552 2515 730 2584 λόγου,
777 2517 864 2570 διὰ
902 2518 1061 2571 τοῦτο
1102 2521 1301 2591 γράφω
1332 2523 1402 2575 τὰ
1446 2523 1846 2594 παριστάμενα.
1885 2524 1993 2576 Καί

2099 2541 2122 2581 a
2174 2535 2367 2580 natura
2411 2525 2487 2578 ita
2535 2533 2884 2594 comparato,
2929 2531 3043 2576 tum
3094 2537 3126 2576 a
3165 2521 3448 2594 Scriptura
3497 2524 3670 2578 infor-

418 2621 520 2674 μου
548 2605 695 2670 δέξαι
721 2606 818 2677 τὴν
852 2608 1188 2679 παρρησίαν·
1219 2611 1254 2680 ἢ
1301 2611 1584 2683 ἀδικήσεις
1609 2629 1675 2681 γε
1717 2613 1815 2682 τῆς
1855 2613 1990 2682 ἀλη-

416 2695 587 2760 θείας,
626 2697 696 2750 τά
721 2699 820 2768 τῆς
849 2699 1162 2772 ἐλευθερίας
1193 2701 1304 2772 (54)
1333 2703 1673 2774 ἀποστερῶν,
1706 2703 1800 2756 καὶ
1828 2705 1992 2772 ἀναγ-

417 2788 600 2854 κάζων
644 2792 702 2842 ἐν
745 2791 968 2862 ἐμαυτῷ
1010 2791 1264 2861 κατέχειν
1314 2793 1412 2865 τὴν
1449 2794 1615 2848 ὠδῖνα
1650 2794 1750 2864 τῆς
1791 2794 1989 2865 λύπης,

417 2877 607 2948 ὥσπερ
629 2895 684 2932 τι
706 2880 919 2951 νόσημα
942 2879 1178 2934 ὓπουλον
1205 2882 1302 2936 καὶ
1327 2882 1618 2952 κακόηθες.
1653 2883 1796 2950 Ἐγὼ
1817 2882 1992 2954 χαίρω

419 2968 521 3038 μὲν
553 2969 664 3021 ὑπὸ
700 2968 794 3022 σοῦ
830 2969 1141 3041 τιμώμενος
1183 2971 1363 3043 (εἴπερ
1396 2971 1679 3043 ἄνθρωπός
1728 2974 1866 3043 εἰμι,
1901 2973 1994 3027 τοῦ

417 3060 813 3129 προειρηκότος
841 3060 954 3130 (55)
987 3063 1016 3114 ὁ
1046 3061 1247 3131 λόγος),
1295 3062 1390 3115 καὶ¹
1434 3062 1767 3133 καλούμενος
1811 3062 1904 3117 ἐπί
1937 3080 1996 3116 τε

422 3146 676 3211 συνόδους
706 3148 801 3200 καὶ
829 3147 1120 3215 συλλόγους
1145 3151 1548 3214 πνευματικαῖς
1570 3151 1704 3221 (56).
1740 3150 1813 3204 Οὐ
1846 3150 1998 3221 φέρω

415 3235 476 3290 δὲ
507 3237 606 3308 τὴν
637 3239 1010 3309 γεγενημένην
1035 3237 1193 3310 ὕϐριν
1213 3239 1292 3310 τῷ
1319 3240 1634 3311 τιμιωτάτῳ
1651 3240 1864 3311 ἀδελφῷ
1891 3241 1996 3295 Βα-

2093 2624 2282 2670 muto:
2327 2614 2537 2669 idcirco
2583 2630 2704 2684 qua:
2743 2613 2928 2669 animo
2967 2613 3069 2683 17
3113 2622 3413 2669 occurrunt
3463 2617 3668 2669 scribo.

2091 2707 2171 2762 Ac
2224 2715 2282 2762 tu
2335 2706 2589 2761 fiduciam
2650 2721 2826 2760 meam
2883 2706 2939 2759 in
2999 2706 3197 2760 bonam
3254 2716 3464 2776 partem
3521 2706 3670 2760 acci-

2093 2798 2212 2868 pias
2256 2798 2456 2852 velim:
2489 2804 2584 2850 aut
2631 2796 2866 2864 injurius
2916 2797 2972 2850 in
3019 2795 3304 2849 veritatem
3347 2796 3554 2860 fueris,
3605 2795 3672 2848 li-

2096 2886 2360 2940 bertatem
2421 2884 2556 2938 mihi
2608 2883 2858 2938 adimens
2886 2922 2903 2947 ,
2953 2897 3268 2952 cogensque
3319 2899 3408 2938 me
3469 2898 3672 2938 conce-

2100 2985 2252 3046 ptum
2312 2989 2645 3040 maerorem,
2701 2975 2852 3028 velut
2905 2973 3156 3026 morbum
3214 2973 3499 3041 quemdam
3557 2988 3666 3027 ma-

2097 3064 2304 3134 lignum
2341 3071 2395 3119 et
2451 3061 2878 3131 supputridum,
2935 3061 3044 3113 imo
3099 3069 3320 3129 pectore
3371 3061 3670 3116 continere.

2100 3153 2317 3210 Honore
2363 3149 2584 3221 quidem
2640 3165 2727 3204 me
2773 3163 2805 3202 a
2860 3155 2915 3202 te
2973 3147 3111 3202 allici
3164 3147 3318 3202 laetor
3363 3146 3672 3216 (siquidem

2099 3245 2263 3300 homo
2297 3225 2532 3307 sum,‘ut
2562 3240 2720 3310 prius
2744 3240 2881 3295 dixit
2910 3239 3228 3310 quispiam),
3247 3247 3410 3311 atque
3437 3240 3502 3295 ad
3537 3255 3671 3294 con-

419 3326 624 3396 σιλείῳ,
647 3327 744 3380 καὶ
771 3327 1062 3398 γινομένην
1092 3327 1172 3380 ἐτι
1193 3329 1347 3400 παρά
1367 3331 1466 3399 τῆς
1487 3331 1586 3401 σῆς
1612 3330 1918 3398 εὐλαϐείας,
1938 3331 1996 3384 ὃν

2099 3336 2222 3394 cilia
2248 3342 2302 3390 et
2327 3339 2632 3388 conventus
2659 3330 2974 3401 spirituales
3005 3331 3210 3386 vacari.
3253 3329 3452 3386 Verum
3478 3341 3670 3385 contu-

420 3416 518 3467 καὶ
542 3413 658 3487 βίου
687 3416 782 3468 καὶ
811 3415 969 3484 λόγου
995 3415 1270 3481 κοινωνὸν,
1298 3417 1512 3489 καὶτῆς
1533 3417 1875 3490 ὑψηλοτάτης
1904 3437 1997 3488 φι-

419 3505 678 3573 λοσοφίας
714 3505 939 3575 εἱλόμην
966 3523 1024 3558 τε
1054 3506 1328 3578 ἀπαρχῆς,
1360 3509 1454 3560 καὶ
1489 3507 1583 3561 νῦν
1612 3509 1740 3579 ἔχω’
1781 3510 1876 3564 καὶ
1903 3511 1997 3564 οὒ-

420 3598 512 3650 δέν
551 3597 775 3667 ἐμαυτῷ
821 3597 1104 3669 μέμφομαι
1134 3600 1234 3669 τῆς
1259 3602 1345 3653 ἐπ’
1374 3600 1523 3671 αὐτῷ
1556 3602 1810 3672 κρίσεως.
1843 3601 1998 3656 Οὕτω

422 3687 532 3756 γὰρ
570 3690 744 3740 εἰπεῖν
786 3687 1169 3759 μετριώτερον,
1217 3690 1304 3743 ἵνα
1351 3691 1424 3761 μὴ
1467 3693 1706 3762 ἐμαυτὸν
1751 3694 1996 3747 ἐπαινεῖν

321 3798 326 3802 ’
421 3777 578 3842 δόξω,
613 3779 683 3830 τὰ
713 3780 922 3832 ἐκείνου
958 3780 1270 3850 θαυμάζων.
1312 3782 1385 3833 Σὺ
1411 3781 1468 3834 δέ
1501 3799 1589 3852 μοι
1615 3783 1791 3845 δοκεῖς
1827 3786 1998 3836 ποιεῖν

425 3869 825 3940 παραπλήσιον,
873 3870 964 3922 τὸν
1017 3871 1117 3940 μὲν
1165 3872 1468 3941 ἀτιμάζων,
1517 3873 1694 3942 τιμῶν
1741 3873 1799 3926 δὲ
1831 3875 2000 3944 ἡμᾶς,

425 3955 614 4028 ὥσπερ
642 3957 707 4013 ἂν
730 3959 783 4010 εί
821 3959 906 4022 τὶς
937 3959 1056 4021 ἐνὸς
1083 3961 1275 4031 ἀνδρὸς
1313 3965 1378 4031 τῇ
1415 3962 1512 4030 μὲν
1537 3962 1648 4014 τῶν
1676 3963 1873 4032 χειρῶν
1904 3981 2003 4015 κα-

425 4043 657 4114 ταψήχοι
686 4046 794 4115 (57)
829 4047 928 4114 τὴν
968 4048 1233 4118 κεφαλὴν,
1257 4051 1324 4118 τῇ
1347 4049 1402 4100 δὲ
1434 4049 1582 4101 παίοι
1616 4049 1716 4119 τὴν
1743 4051 2000 4119 παρειάν’

427 4133 461 4204 ἧ
499 4136 596 4187 καὶ
626 4135 908 4206 θεμελίους
931 4138 1192 4190 ὑποσπῶν
1217 4140 1414 4204 οίκίας,
1447 4139 1848 4210 διαζωγραφοίη
1880 4142 2006 4204 τοὺς

427 4227 660 4296 τοίχους,
687 4229 782 4281 καὶ
809 4229 1146 4294 καλλωπίζοι
1189 4232 1256 4284 τὰ
1301 4231 1521 4296 ἔξωθεν.
1571 4232 1641 4284 El
1673 4249 1725 4284 τι
1759 4226 1852 4284 οὖν
1881 4232 2002 4303 ἐμοὶ

425 4317 610 4392 πείθῃ,
641 4318 801 4371 τοῦτο
838 4322 1101 4391 ποιήσεις.
1139 4321 1432 4393 Πεισθῆναι
1467 4323 1525 4376 δὲ
1563 4321 1718 4387 ἀξιῶ·
1759 4323 1854 4376 καὶ
1891 4323 2000 4395 γὰρ

424 4408 648 4462 δίκαιον.
693 4409 756 4462 Εἰ
798 4412 1003 4465 ἐκεῖνον
1033 4410 1392 4482 θεραπεύσεις
1415 4413 1483 4466 τά
1511 4413 1718 4477 είκότα,
1744 4414 1839 4467 καὶ
1869 4416 1998 4484 παρ’

427 4499 634 4552 ἐκείνου
660 4500 1070 4576 θεραπευθήσῃ.
1097 4503 1169 4557 To
1196 4505 1252 4557 δὲ
1277 4504 1398 4558 καθ’
1421 4507 1568 4576 ἡμᾶς
1594 4505 1780 4575 ἕψεται
1810 4505 1997 4574 ὥσπερ

424 4594 535 4654 τοῖς
569 4591 816 4660 σώμασιν
855 4594 912 4667 ai
957 4594 1126 4658 σκιαὶ,
1167 4595 1396 4665 μικρούς
1427 4613 1486 4647 τε
1525 4595 1706 4658 ὄντας,
1740 4596 1998 4667 καὶπρὸς

425 4684 649 4753 εἰρήνην
679 4666 1072 4754 ἑτοιμοτέρους.
1101 4685 1232 4738 Οὐδὲ
1265 4685 1372 4755 γὰρ
1399 4685 1571 4748 οὕτως
1601 4687 1801 4748 ἀθλίως
1823 4687 1998 4756 πράτ-

427 4789 616 4842 τομεν,
650 4773 790 4826 ὥστε
812 4774 858 4825 τ’
885 4774 1018 4827 ἄλλα
1049 4775 1147 4845 μὲν
1174 4773 1380 4825 ἐθέλειν
1411 4775 1739 4845 φιλοσοφεῖν,
1781 4775 1877 4828 καὶ
1901 4776 2000 4846 τῆς

425 4863 734 4937 κρείττονος
780 4861 916 4917 εἶναι
961 4865 1197 4935 μερίδος·
1233 4865 1507 4935 ὑπερορᾷν
1548 4865 1605 4918 δέ
1651 4864 1997 4936 πράγματος,

501 5018 611 5086 (δι)
649 5017 1162 5087 Διαμαρτήσεσθαί
1219 5033 1358 5087 σου.
1404 5016 1482 5071 lta
1525 5014 1692 5086 Regg.
1722 5025 1853 5072 tres.
1893 5015 1991 5070 Ed.

427 5086 1103 5159 ιηειίεδιαμαρτήσᾳσθαι,
1137 5095 1191 5141 et
1227 5087 1280 5141 in
1310 5086 1392 5141 eis
1410 5087 1562 5159 deest
1595 5102 1712 5143 σου.

499 5157 610 5226 (52)
650 5154 799 5213 Alias
841 5154 957 5212 XX.
988 5157 1204 5226 Scripta
1242 5171 1386 5210 anno
1419 5154 1544 5211 565.

499 5173 610 5226 (οι)
650 5173 799 5213 Alias
844 5173 957 5212 λλ.
993 5173 1204 5278 δονὶριξι
1242 5173 1386 5210 anno
1419 5173 1544 5211 ouo.

499 5227 610 5295 (55)
643 5227 957 5294 Πλέκητιιι.
983 5225 1060 5278 lta
1119 5232 1229 5295 teg.
1273 5241 1436 5290 unus,
1483 5233 1537 5280 et
1569 5221 1762 5278 Billius
1789 5222 1844 5277 in
1871 5240 1993 5280 vcr-

349 5310 354 5314 '
428 5294 601 5350 sione.
637 5295 780 5348 Edit.
821 5297 959 5350 male
980 5294 1296 5364 πλέκτηται.

499 5364 610 5432 (54)
671 5367 740 5418 Ἦ
783 5364 1090 5430 ἀδικήσεις
1259 5362 1368 5432 τῆς
1418 5362 1722 5433 ἀληθείας,
1755 5361 1848 5433 ,τὰ
1883 5361 1992 5430 τῆς

426 5431 785 5502 ἐλευθερίας.
810 5435 887 5487 lta
920 5436 1082 5502 llegg.
1109 5431 1236 5486 duo.
1259 5433 1354 5487 Ed.
1386 5432 1524 5485 male
1550 5431 1584 5502 ἢ
1615 5432 1887 5502 ἀδικήσεις
1907 5449 1991 5501 γε,

427 5501 525 5572 τῆς
562 5502 895 5572 ἐλευθερίας,
923 5501 1067 5572 quOd
1112 5502 1297 5558 Billius
1343 5503 1523 5566 vertit,
1558 5501 1649 5554 aut
1685 5503 1912 5570 injurias
1940 5503 1994 5555 in

431 5587 511 5624 me
540 5572 724 5640 fueris,
753 5572 1064 5633 libertatem,
1094 5580 1198 5626 etc.

501 5638 615 5711 (35)
655 5643 764 5698 Τοῦ
798 5640 1215 5711 προειρηκότος
1241 5643 1274 5696 ὁ
1302 5641 1503 5712 λόγος.
1529 5639 1673 5697 inter
1699 5638 1996 5697 sententias

2099 3427 2313 3482 meliam
2343 3422 2670 3479 charissimo
2701 3421 2854 3475 fratri
2887 3421 3098 3486 Basilio
3131 3436 3161 3475 a
3188 3430 3280 3474 tua
3317 3423 3515 3491 pietate
3551 3422 3672 3474 illa-

2097 3519 2208 3567 tam
2252 3526 2408 3574 esse,
2460 3515 2623 3579 atque
2661 3508 2958 3563 etiamnum
3009 3509 3198 3564 inferri
3244 3510 3471 3565 moleste
3523 3509 3669 3570 fero,

2099 3608 2285 3672 utpote
2324 3614 2522 3670 quem,
2557 3605 2672 3652 tum
2700 3597 2827 3652 vitae
2847 3640 2862 3664 ,
2895 3606 3008 3651 tum
3049 3596 3380 3659 studiorum.
3403 3612 3467 3650 ac
3497 3597 3672 3651 subli-

2099 3693 2356 3748 missimae
2409 3688 2766 3760 philosophia:
2804 3689 3046 3752 socium,
3095 3698 3147 3742 et
3195 3688 3264 3742 ab
3307 3688 3464 3740 initio
3510 3687 3670 3756 elegi,

2098 3792 2151 3837 et
2181 3795 2324 3836 nunc
2377 3779 2555 3833 habeo
2588 3795 2602 3832 :
2639 3793 2739 3832 nec
2788 3778 3086 3846 quicquam
3136 3778 3267 3831 mihi
3303 3778 3374 3832 ob
3403 3777 3670 3846 judicium

2099 3871 2166 3926 de
2218 3887 2284 3926 eo
2332 3885 2514 3924 meum
2568 3882 2895 3923 succenseo.
2947 3867 3041 3920 Sic
3075 3867 3219 3920 enim
3264 3868 3485 3936 parcius
3524 3867 3672 3936 loqui

2103 3966 2323 4028 prastat
2357 3974 2372 4010 :
2403 3972 2473 4009 ne
2506 3956 2711 4022 alioqui
2743 3955 2917 4021 ipsius
2955 3954 3184 4005 virtutes
3216 3955 3519 4021 praedicans
3542 3993 3556 4017 ,
3590 3970 3676 4007 me

2106 4049 2282 4116 ipsum
2311 4046 2537 4097 laudare
2571 4044 2778 4095 videar.
2804 4040 2888 4094 Tu
2919 4056 3071 4102 vero,
3103 4041 3232 4094 dum
3266 4057 3330 4096 eo
3361 4050 3675 4112 contempto

2105 4151 2206 4190 nos
2233 4135 2442 4188 honore
2472 4131 2664 4194 aﬂicis,
2699 4130 2924 4201 perinde
2952 4130 3082 4184 mihi
3129 4129 3306 4186 facere
3343 4129 3544 4188 videris
3564 4172 3579 4196 ,
3611 4149 3674 4186 ac

2103 4226 2150 4282 si
2197 4226 2322 4296 quis
2366 4224 2527 4279 unius
2559 4223 2659 4278 viri
2708 4233 2869 4293 caput
2903 4223 3070 4277 altera
3119 4237 3282 4278 manu
3327 4223 3666 4288 demulceat,

2102 4319 2270 4373 altera
2320 4317 2516 4369 malam
2566 4315 2759 4380 feriat;
2795 4323 2888 4368 aut
2934 4315 3093 4369 etiam
3135 4315 3446 4370 convellens
3476 4315 3671 4371 domus

2102 4409 2450 4464 fundamenta
2495 4408 2731 4478 parietes
2763 4408 2984 4478 pingat,
3015 4415 3178 4476 atque
3205 4418 3460 4463 externas
3487 4420 3670 4479 parles
3777 4452 3790 4464 κ

2101 4506 2342 4555 exornet.
2370 4497 2606 4553 Proinde
2639 4499 2686 4554 si
2726 4499 2856 4567 quid
2889 4499 3020 4552 mihi
3052 4498 3533 4568 obtemperantium
3567 4515 3668 4568 pu-

2104 4591 2240 4646 tabis
2262 4631 2276 4655 ,
2310 4591 2414 4646 hoc
2447 4591 2635 4645 facies.
2667 4589 2736 4644 Ut
2771 4601 2949 4644 autem
2985 4590 3361 4659 obtemperes,
3406 4605 3434 4642 a
3467 4599 3518 4644 te
3549 4597 3672 4658 pcto

2104 4691 2158 4738 et
2179 4685 2450 4738 contendo
2476 4704 2488 4739 :
2512 4697 2727 4754 aequum
2752 4690 2836 4736 est
2861 4683 3026 4736 enim.
3067 4679 3122 4734 Si
3153 4682 3325 4743 illum,
3358 4691 3414 4734 ut
3444 4696 3541 4750 par
3565 4689 3670 4743 est,

2104 4775 2367 4836 colueris,
2396 4776 2513 4843 ipse
2545 4789 2764 4845 quoque
2796 4773 2864 4826 ab
2899 4787 2964 4826 eo
2996 4771 3236 4828 vicissim
3267 4771 3667 4826 observabcris.

2104 4861 2214 4920 Nos
2243 4871 2425 4918 autem
2468 4880 2779 4934 sequemur,
2811 4861 3268 4934 quemadmodum
3317 4861 3523 4915 umbrae
3549 4876 3674 4914 cor—

2098 5016 2166 5069 ab
2198 5014 2366 5072 llenr.
2397 5014 2674 5083 Stephano
2706 5017 2880 5071 editas
2914 5017 3029 5070 hmo
3056 5012 3292 5068 habetur
3321 5031 3335 5070 :
3361 5013 3683 5084 Τιμὼμενοιι

2090 5086 2198 5156 γὰρ
2221 5087 2422 5158 πάντες
2440 5086 2659 5158 ἥδονται
2696 5085 2893 5158 βροτοίο
2933 5085 3147 5138 Honore
3181 5085 3528 5153 citima/fecti
3553 5103 3667 5137 om-

2095 5154 2183 5208 nes
2211 5154 2734 5209 lrctantur'ltomines.

2164 5223 2274 5293 (56)
2325 5223 2532 5293 Ἐπί-τε
2559 5223 2858 5288 συνόδους
2890 5221 2986 5293 καί
3025 5223 3370 5292 συλλόγους
3407 5236 3665 5291 πνευμα-

2092 5291 2315 5358 τικούς.
2343 5293 2418 5346 Ila
2452 5291 2621 5410 Βοςᾶ
2683 5293 2810 5354 duo,
2847 5300 2900 5344 et
2965 5292 3152 5347 Billius
3180 5291 3535 5347 inversione.
3569 5293 3664 5346 κει.

2093 5360 2231 5411 male
2261 5361 2351 5411 ἐπί
2391 5377 2451 5411 τε
2484 5377 2547 5411 συ
2614 5359 2772 5411 όγους
2803 5362 2896 5411 καὶ
2939 5362 3186 5411 συνόδους
3234 5360 3664 5411 πνευματικοὺε.

2093 5362 2231 5414 male
2261 5362 2351 5412 ἐπί
2391 5377 2451 5412 τε
2484 5362 2772 5424 συλλόγους
2803 5362 2896 5414 καὶ
2939 5362 3186 5424 συνόδους
3234 5362 3666 5432 πνευματικοὺς,

2098 5430 2420 5508 esset‘enim
2453 5427 3150 5508 legenduninviuuacmdc.
3257 5499 3371 5508 _____
3470 5497 3481 5508 ο

2174 5498 2284 5565 (57)
2302 5495 2689 5569 *καταψήχοα
2721 5498 2802 5569 Ita
2830 5495 2956 5569 Reg.
2982 5517 3142 5566 unus,
3175 5508 3226 5556 et
3257 5499 3445 5553 Billius
3470 5497 3522 5549 in
3547 5510 3670 5550 vero

2100 5568 2273 5625 sione.
2301 5566 2396 5622 Ed.
2435 5566 2915 5638 ωειεκαταψέχοι.
