4066 6214
343 667 361 673 -
474 621 696 690 quidem
730 621 784 674 in
833 622 996 675 rebus
1029 620 1432 690 philosOphari,
1479 620 1866 688 melioremque
1909 635 2039 688 par-

478 328 540 381 5i
1451 280 1470 294 ”
1667 321 1723 375 s.
1767 320 2094 377 GltEGORIl
2133 313 2479 378 TIIEOLOGI
3643 323 3712 379 se

479 458 632 512 pora,
659 450 844 512 utpote
890 441 1063 511 parvi,
1089 450 1143 496 et
1169 439 1236 495 ad
1266 453 1453 510 pacem
1493 441 1893 509 prepensiores.
1926 439 2027 495 Nor

2147 442 2176 494 ὃ
2205 439 2296 493 τοῦ
2329 441 2450 494 καθ’
2481 439 2630 510 ἡμᾶς
2657 439 2817 508 λόγου
2846 437 3137 506 κεφάλαιόν
3166 439 3303 503 ἐστι,
3331 439 3430 508 τῆς
3467 438 3709 511 nam.

474 532 617 585 enim
673 531 747 583 ita
784 531 986 584 misero
1026 538 1170 585 statu
1223 545 1312 584 res
1365 536 1567 584 nostra:
1617 536 1765 594 sunt,
1815 539 1873 583 ιιι
1917 531 2027 585 aliis

2144 529 2319 592 ἄλλως
2354 546 2413 581 τε
2453 530 2546 581 καὶ
2580 528 2714 599 πρὸς
2752 525 2923 598 ἄνδρα
2963 527 3112 596 ίερέα
3139 543 3199 579 τε
3232 526 3326 581 καί
3356 528 3628 594 τοσοῦτον,
3651 529 3710 582 ὃν

2146 618 2240 671 καὶ
2258 616 2377 687 βίῳ,
2403 616 2494 668 καὶ
2511 616 2675 686 λόγῳ,
2702 615 2798 668 καὶ
2820 615 3063 684 πολιτείᾳ
3083 615 3194 685 (58)
3225 615 3442 668 πάντων
3467 616 3707 686 ἄριστον,

474 719 582 763 tem
609 710 763 779 sequi
818 711 1083 771 velimus;
1116 711 1462 765 dilectionem
1494 718 1694 776 autem,
1722 724 1843 778 quae
1874 712 2027 763 totius

2146 702 2221 762 ὧν
2250 707 2428 776 ίσμεν,
2463 705 2824 776 γινώσκομεν.
2867 705 2942 760 Οὐ
2987 707 3096 777 γὰρ
3141 707 3494 778 ἐπισκοτήσει
3532 707 3592 760 τδ
3619 707 3710 759 λυ-

471 800 734 854 doctrinar
785 809 986 856 nostra:
1024 810 1188 870 caput
1224 808 1341 863 est,
1386 808 1800 853 contemnamus
1843 810 1898 852 ct
1945 812 2027 866 ρι’(

2147 796 2362 850 πεῖσθαι
2390 799 2456 867 τῇ
2491 795 2736 866 ἀληθείᾳ.

475 889 645 943 nihilo
668 890 969 958 ducamus;
999 906 1062 945 ac
1089 891 1392 959 praesertim
1421 905 1546 962 erga
1573 890 1747 944 virum
1779 889 2141 952 sacerdotem,
2179 897 2397 957 tamque
2428 887 2717 957 insignem,
2748 900 2908 954 quem
2962 894 3015 939 et
3073 884 3204 948 vita,
3240 894 3295 938 et
3327 899 3579 938 sermone
3601 925 3616 953 ,
3655 893 3710 938 et

471 982 737 1045 instituto,
765 983 1032 1048 omnium,
1059 997 1198 1052 quos
1235 983 1508 1046 novimus,
1536 981 2041 1051 praestantissimum
2079 996 2203 1036 esse
2270 979 2640 1049 agnoscimus.
2699 975 2882 1047 Neque
2924 975 3068 1029 enim
3110 989 3330 1040 maeror,
3387 990 3497 1045 quo
3535 973 3710 1029 aiIecti

471 1072 695 1138 fuimus,
729 1076 942 1129 veritati
980 1076 1235 1130 tenebras
1259 1073 1529 1128 infundet.
1597 1104 1605 1110 -

1027 1185 1189 1240 xvu.
1239 1185 1470 1240 EIDEM.
2615 1181 2712 1231 1Ζό
2756 1178 2842 1248 τῼ
2879 1175 3061 1245 ATT!)
3101 1176 3232 1246 (39-)-

471 1270 592 1326 Non
626 1277 738 1329 sine
784 1279 1068 1345 o/fensione
1099 1279 1298 1330 monita
1330 1276 1566 1347 Gregorii
1596 1279 1792 1345 accepit
1825 1276 2198 1347 Caesariensis
2217 1273 2509 1347 episcopus.
2540 1270 2692 1347 idque
2717 1271 2858 1347 dalis
2898 1271 2966 1323 ad
2995 1287 3114 1347 eum
3146 1271 3335 1328 litteris
3364 1273 3705 1342 signiﬁcavit,

1116 1347 1303 1415 quibus
1331 1341 1452 1400 non'
1463 1348 1658 1401 minori
1695 1341 1935 1402 libertate
1964 1343 2225 1414 respondit
2249 1342 2527 1410 Gregorius
2554 1341 2778 1407 epistola
2801 1343 3050 1408 sequenti.

535 1437 651 1491 Non
671 1441 1064 1494 contumeliose
1081 1441 1260 1509 potius
1291 1448 1454 1510 atque
1478 1440 1798 1508 insolenter,
1825 1457 2012 1511 quem-

466 1527 757 1580 adnmdmn
817 1537 872 1582 tu
929 1528 997 1583 de
1055 1531 1282 1599 epistola
1328 1541 1518 1586 nostra
1573 1540 1909 1600 conquestus
1943 1547 2022 1596 es,

465 1633 629 1685 quam
669 1619 1028 1687 spiritualiter
1055 1636 1118 1674 ac
1157 1621 1554 1691 philosophice,
1590 1631 1774 1691 atque,
1801 1631 1859 1676 ut
1895 1637 2026 1677 con-

467 1714 787 1760 sentaneum
816 1718 951 1769 erat,
995 1709 1212 1777 scripsi,
1247 1709 1354 1764 nisi
1393 1710 1496 1765 hoc
1525 1727 1744 1780 quoque
1778 1712 2030 1766 disertis-

465 1795 666 1850 simum
701 1794 1023 1867 Gregorium
1066 1800 1205 1854 male
1251 1799 1467 1854 habeat.
1505 1799 1619 1855 Etsi
1667 1801 1812 1854 enim
1849 1800 2028 1869 digni-

465 1886 594 1940 tatis
621 1886 792 1955 gradu
841 1902 1095 1968 superas,
1150 1899 1205 1942 at
1250 1890 1410 1944 nobis
1447 1899 1628 1944 tamen
1671 1889 1875 1958 aliquid
1927 1890 2034 1968 18

458 1972 621 2063 iusta:
662 1963 961 2063 libertatis.
985 1990 1059 2063 ac,
1092 1976 1336 2063 licentiae
1379 1977 1558 2032 dabis.
1611 1977 1691 2031 Ac
1746 1963 2032 2046 propterea
2063 2010 2106 2063 Β

465 2058 837 2128 benigniorem
880 2070 931 2114 te
973 2062 1135 2116 nobis
1173 2063 1372 2130 praebe.
1407 2063 1465 2116 Si
1509 2073 1568 2117 tu
1602 2063 1888 2131 epistolam
1932 2078 2032 2117 uo-

463 2157 634 2202 stnam
673 2150 1052 2219 reprehendis,
1094 2159 1352 2221 tanquam
1402 2152 1613 2219 famuli,
1660 2161 1824 2223 atque
1854 2154 2031 2209 homi-

463 2237 550 2290 nis
585 2238 680 2307 qui
724 2249 777 2293 te
827 2255 895 2293 ne
940 2240 1155 2293 obtueri
1205 2239 1425 2308 quidem
1479 2239 1694 2304 debeat,
1736 2243 1819 2294 sic
1863 2243 2027 2296 etiam

464 2327 652 2396 plagas
687 2328 1047 2397 accipiemus,
1097 2343 1161 2382 ac
1206 2345 1273 2384 ne
1318 2329 1587 2398 lacrymas
1621 2330 1838 2398 quidem
1866 2332 2028 2383 emit-

462 2426 658 2470 temus.
695 2417 780 2471 An
823 2418 926 2474 huc
961 2432 1182 2487 quoque
1211 2418 1372 2480 nobis
1409 2418 1628 2472 crimini
1675 2419 1940 2472 dabitur?
1971 2417 2027 2472 Id

2202 1437 2314 1505 Οὐχ
2345 1433 2676 1505 ὑϐριστικῶς
2703 1433 2986 1485 ἐπέστειλα
3013 1433 3232 1502 μᾶλλον,
3258 1433 3446 1506 ὥσπερ
3477 1435 3708 1506 ἐμέμψω

2131 1526 2229 1596 τῆς
2263 1523 2580 1594 ἐπιστολῆς,
2622 1522 2658 1592 ἢ
2695 1520 3080 1591 πνευματικῶς
3124 1537 3184 1573 τε
3229 1522 3325 1572 καὶ
3369 1520 3669 1590 φιλοσόφως
3689 1566 3705 1589 ,

2132 1616 2226 1667 καὶ
2255 1613 2330 1677 ὡς
2363 1614 2509 1676 είκὺς
2540 1608 2629 1682 ἦν,
2657 1599 2705 1664 εί
2733 1611 2808 1682 μὴ
2843 1612 2936 1664 καὶ⁹
2967 1611 3128 1670 τοῦτο
3155 1611 3315 1665 λυπεῖ
3333 1610 3704 1680 τὸνιλογιώτα-

2135 1721 2225 1756 τον
2258 1704 2554 1774 Γρηγόριον
2589 1701 2719 1772 (40).
2758 1701 2861 1756 Καὶ
2897 1700 3009 1772 γὰρ
3046 1703 3096 1754 εί
3130 1701 3207 1771 τῷ
3241 1700 3432 1772 βαθμῷ
3466 1706 3704 1773 κρατεῖς,

2137 1794 2272 1846 ἀλλὰ
2312 1792 2503 1857 δώσεις
2533 1809 2586 1845 τι
2627 1793 2721 1846 καὶ
2750 1794 2880 1862 ἡμῖν
2911 1792 3222 1864 ἐλευθερίας
3259 1794 3352 1846 καὶ
3396 1796 3705 1865 παρρησίας

2135 1883 2369 1946 δικαίας.
2399 1884 2510 1936 Καὶ
2545 1882 2633 1936 διὰ
2671 1881 2828 1935 τοῦτο
2861 1881 2953 1934 ἔσο
2989 1883 3120 1952 ἡμῖν
3151 1882 3528 1953 χρηστότερος,
3560 1883 3705 1954 Πλὴν

2135 1975 2184 2026 εί
2205 1974 2410 2043 κρίνεις
2433 1972 2531 2044 τὴν
2557 1972 2841 2044 ἐπιστολὴν
2861 1972 2936 2036 ὡς
2957 1973 3184 2034 οἰκέτου,
3211 1974 3305 2026 καὶ
3329 1974 3436 2026 οὐδ’
3459 1975 3703 2027 ἀντιϐλέ-

2136 2079 2259 2116 πειν
2285 2063 2394 2131 (41)
2421 2063 2752 2130 ὀφείλοντος,
2779 2063 2922 2116 οὕτω
2949 2062 3013 2130 δὴ
3037 2064 3129 2116 κα)⁸
3163 2062 3376 2134 πληγὰς
3401 2064 3702 2135 ληψόμεθα,

2134 2154 2227 2206 καὶ
2254 2154 2374 2206 οὐδὲ
2401 2153 2761 2224 δακρύσομεν.
2801 2155 2872 2206 ’Ἡ
2904 2154 2999 2206 καὶ
3028 2152 3186 2207 τοῦτο
3217 2154 3700 2224 ἐγκληθησόμεθα;

2132 2244 2162 2296 ὃ
2205 2245 2410 2306 πάντας
2473 2245 2701 2313 μᾶλλον,
2754 2244 2786 2312 ἢ
2848 2243 2947 2311 τὴν
3011 2243 3110 2312 σὴν
3175 2242 3457 2295 εὐλάϐειαν
3511 2242 3702 2295 παθεῖν

2133 2333 2301 2399 ἄξιον.
2342 2336 2497 2387 Ἐστι
2531 2334 2640 2402 γὰρ
2679 2332 2872 2402 ἀνδρὸς
2922 2331 3320 2401 μεγαλόφρονος
3366 2332 3534 2400 φίλων
3569 2333 3702 2384 ἀπο-

2131 2422 2379 2493 δέχεσθαι
2408 2422 2605 2492 μᾶλλον
2633 2420 2963 2490 ἐλευθερίαν,
2987 2420 3019 2489 ἢ
3044 2420 3252 2490 ἐχθρῶν
3273 2420 3579 2474 κολακείαν.

460 2519 607 2563 certe
652 2509 828 2564 cuivis
868 2511 1093 2579 potius,
1152 2524 1316 2580 quam
1368 2511 1556 2580 pietati
1610 2519 1735 2572 tuae.
1792 2512 2041 2568 accidere
2096 2514 2372 2568 convenit.
2444 2511 2542 2567 Est
2599 2513 2751 2569 enim
2804 2512 3042 2566 hominis
3109 2511 3278 2565 animi
3327 2511 3700 2582 magnitudine

463 2599 694 2667 prazditi,
724 2601 1025 2655 amicorum
1059 2601 1244 2670 potius
1285 2601 1611 2666 libertatem,
1644 2617 1811 2672 quam
1841 2602 2186 2656 inimicorum
2219 2601 2512 2657 blanditias
2535 2603 2808 2672 amplecti.

1016 2709 1200 2764 XVHI.
1240 2708 1468 2764 EIDEM.

2601 2712 2708 2767 ur.
2751 2711 2846 2782 TQ-
2872 2711 3058 2783 arra
3095 2710 3227 2780 (se).

535 2801 706 2854 Tertio
733 2801 842 2855 Iuee
870 2810 947 2854 est
973 2798 1218 2872 Gregorii
1239 2803 1307 2856 ad
1337 2801 1622 2857 Eusebium
1666 2800 2048 2857 Caesariensem
2083 2803 2330 2871 epistola,
2366 2803 2422 2856 in
2445 2819 2551 2873 quo
2584 2802 2944 2858 moderatione
2989 2815 3039 2858 et
3082 2803 3300 2858 lenitate
3329 2804 3514 2858 statim
3541 2819 3694 2870 usus,

460 2879 735 2924 venturum
763 2887 816 2924 se
842 2874 1129 2937 respondit,
1164 2883 1444 2995 utEpreces
1475 2886 1600 2926 cum
1633 2874 1887 2941 precibus
1903 2874 2176 2942 iungeret,
2205 2888 2421 2942 unaque
2447 2888 2517 2941 pu
2561 2881 2736 2937 naret,
2765 2880 2822 2927 et
2846 2887 2953 2942 qua
2983 2888 3138 2934 voce,
3165 2888 3278 2942 qua.
3301 2888 3472 2942 opera
3493 2877 3696 2944 pugiles

460 2956 518 2993 eo
548 2947 803 3008 tempore,
825 2954 935 3008 quo
979 2942 1102 2995 fere
1125 2943 1181 2996 in
1263 2942 1516 2997 cclesiam
1547 2941 1810 3008 impetum
1855 2944 2115 3002 fecerant,
2155 2941 2450 3008 adjuverat.
2505 2889 2708 3008 auibus
2753 2943 2920 2996 verbis
2951 2941 3196 3001 ostendit,
3225 2959 3331 3008 qua
3360 2942 3425 2996 de
3453 2959 3619 2996 causa
3647 2955 3696 2998 et

458 2956 518 2993 eo
548 2947 803 3008 tempore,
825 2954 935 3008 quo
979 2942 1102 2995 fera:
1125 2943 1181 2996 in

1263 2942 1516 2997 cclesiam
1547 2941 1810 3010 impetum
1855 2941 2115 3002 fecerant,
2155 2941 2450 3009 adjuverat.

2557 2941 2708 2996 uibus
2753 2941 2920 2996 verbis
2951 2941 3196 3001 ostendit,
3225 2941 3425 3001 qua’de
3453 2941 3619 2996 causa
3647 2955 3700 2998 et

458 3025 558 3077 quo
588 3003 726 3080 anno
756 3003 819 3060 ab
842 3003 1076 3080 Eusebio
1102 3019 1409 3073 vocaretur;
1440 3025 1500 3063 eo
1523 3003 1795 3072 nimirum,
1824 3027 1923 3080 quo
1955 3011 2118 3064 veluti
2148 3003 2319 3066 nubes
2346 3003 2629 3078 grandinis
2661 3011 2817 3080 plena
2842 3017 2897 3080 et
2923 3012 3179 3071 stridens,
3205 3003 3408 3066 ChriSti
3436 3013 3698 3068 inimicis-

453 3081 633 3150 simus
670 3079 967 3151 imperator
1001 3078 1198 3135 Valens
1227 3080 1488 3151 Caesareae
1517 3093 1640 3151 cum
1673 3078 1936 3151 improbis
1974 3084 2091 3151 suis
2122 3081 2469 3151 praesulibus
2489 3078 2814 3151 imminebat.
2853 3079 3127 3149 Magnum,
3159 3081 3326 3148 inquit
3356 3080 3489 3151 (45),
3515 3091 3696 3135 certa-

464 3162 585 3199 men
617 3148 955 3220 propositum
979 3157 1130 3213 erat;
1159 3164 1265 3202 non
1298 3147 1677 3220 ignavaetiam
1702 3147 1997 3220 multorum
2022 3149 2300 3220 alacritas,
2330 3148 2426 3220 sed
2458 3148 2646 3220 inlima
2663 3149 2830 3213 acies,
2860 3147 3044 3217 utpote
3067 3147 3264 3220 carens
3287 3147 3688 3220 propugnatore

459 3229 523 3267 ac
548 3219 724 3289 perito
751 3215 1076 3289 defensore;
1105 3232 1255 3286 quem
1293 3215 1349 3270 in
1377 3215 1605 3279 Basilio,
1638 3217 1744 3269 imo
1775 3227 1826 3272 et
1859 3219 1913 3271 in
1951 3217 2224 3289 Gregorio,
2267 3219 2362 3288 qui
2399 3219 2522 3272 lldei
2567 3215 2999 3289 propugnatores
3029 3217 3183 3272 ambo
3215 3215 3486 3288 designati
3521 3230 3696 3284 erant,

459 3297 583 3335 mea:
609 3283 812 3336 habuit.

527 3372 606 3428 Ne
657 3373 772 3444 ipse
816 3374 1036 3445 quidem
1076 3376 1280 3447 alioqui
1333 3379 1600 3434 malevolo
1657 3380 1711 3434 in
1761 3379 2016 3450 pietatem

2189 3375 2349 3450 Εἶχον
2391 3380 2491 3450 μέν
2534 3379 2642 3433 οὐδ’
2687 3379 2862 3443 ἄλλως
2915 3380 3052 3451 πρὸς
3107 3379 3204 3450 τὴν
3261 3379 3359 3451 σὴν
3413 3381 3699 3439 εὐλάὁειαν

471 3469 618 3515 tuam
649 3465 832 3517 animo
871 3478 1043 3527 eram,
1072 3480 1248 3534 neque
1277 3466 1382 3520 hoc
1414 3469 1634 3522 nomine
1659 3484 1746 3523 me
1771 3467 2029 3522 crimine-

466 3554 563 3609 ris.
599 3552 799 3608 Verum
847 3564 1200 3625 posteaquam
1251 3556 1511 3616 nonnulla
1555 3571 1681 3610 cum
1719 3556 1915 3616 ﬁducia
1943 3555 2026 3607 lo-

463 3644 665 3714 quendi
721 3645 1028 3700 libertatem
1083 3647 1342 3716 usurpavi
1395 3647 1548 3717 (quo
1593 3647 1844 3702 videlicet
1897 3661 2029 3700 con-

460 3744 677 3805 ceptum
743 3738 926 3791 animo
978 3751 1270 3794 maerorem
1334 3737 1559 3794 lenirem
1613 3752 1678 3793 ac
1727 3740 2023 3804 curarem),

459 3827 643 3880 statim
682 3829 824 3883 cessi
866 3842 930 3881 ac
977 3828 1264 3892 succubui,
1305 3842 1500 3898 meque
1545 3828 1746 3896 regulae
1796 3828 2026 3882 libenter

456 3917 685 3985 subjeci.
725 3917 927 3985 Quidni
975 3919 1124 3974 enim
1163 3917 1219 3972 id
1257 3917 1514 3982 facerem,
1567 3934 1692 3972 eum
1737 3927 1792 3973 et
1844 3926 1936 3984 te,
1968 3927 2025 3974 et

457 4007 684 4074 spiritus
747 4008 892 4078 leges
951 4010 1201 4082 cognitas
1258 4008 1563 4064 haberem?
1620 4007 1778 4063 Nunc
1841 4020 2021 4063 autem

453 4099 670 4152 etiamsi
709 4100 973 4156 malevolo
1011 4108 1066 4152 et
1114 4099 1306 4169 ignavo
1366 4099 1547 4158 animo
1593 4113 1796 4163 essent,
1839 4107 2020 4155 tamen

457 4187 634 4256 ipsum
683 4195 900 4258 tempus
943 4203 1029 4242 me
1078 4188 1183 4240 hoc
1217 4187 1412 4243 aﬂ‘ectu
1457 4189 1708 4242 laborare
1736 4203 1845 4241 non
1884 4191 2024 4254 pati-

456 4287 567 4339 tur,
616 4292 717 4331 nec
764 4276 911 4340 ferae,
963 4293 1086 4346 quae
1139 4277 1396 4342 impetum
1443 4276 1497 4328 in
1543 4275 1842 4330 Ecclesiant
1877 4277 2021 4330 fece-

454 4374 604 4428 runt,
639 4379 739 4420 nec
763 4365 1001 4434 denique
1030 4379 1329 4436 generosus
1358 4372 1486 4418 tuus
1516 4373 1881 4434 strenuusque
1901 4365 2018 4431 ani-

456 4472 576 4510 mus
609 4457 686 4511 ita
717 4457 930 4512 sincere
960 4473 1023 4510 ac
1050 4457 1171 4511 sine
1201 4455 1326 4508 fuco
1353 4470 1451 4524 pro
1478 4453 1719 4508 Ecclesia
1745 4471 2014 4524 pugnans.

459 4546 746 4602 Venicmus
784 4548 969 4617 igitur,
1007 4549 1053 4603 si
1102 4547 1174 4599 ita
1212 4546 1452 4611 videtur,
1488 4552 1546 4598 ut
1590 4554 1644 4600 et
1687 4561 1878 4616 preces
1915 4562 2015 4600 no-

454 4647 598 4691 stras
623 4651 747 4690 cum
775 4637 975 4692 vestris
1004 4637 1426 4706 conjungamus,
1454 4643 1506 4690 et
1547 4650 1652 4689 una
1688 4651 2011 4706 pugnemus,

2131 3471 2500 3542 μικροψύχως,
2543 3471 2618 3542 μὴ
2649 3471 2806 3524 τοῦτο
2845 3487 2947 3542 μου
2983 3470 3289 3543 καταγνῷςο
3323 3471 3459 3525 ἀλλὰ
3504 3474 3698 3544 μικρὸν

2127 3562 2507 3630 ἐλευθεριάσας
2534 3561 2645 3631 (44)
2676 3579 2736 3613 τε
2767 3564 2860 3618 καὶ
2895 3563 3177 3633 θαρρήσας
3209 3562 3352 3634 (ὅσον
3387 3563 3448 3615 τὸ
3492 3563 3707 3617 λυποῦν-

2124 3655 2383 3725 ἐπιψύξαι
2444 3657 2537 3708 καὶ
2593 3640 3004 3726 θεραπεῦσαι),
3058 3655 3257 3709 αὐτίκα
3305 3653 3544 3726 ἡττήθην
3602 3657 3698 3711 καὶ

2125 3745 2449 3816 ὑπεκλίθην,
2483 3747 2575 3798 καὶ
2612 3745 2691 3815 τῷ
2719 3745 2902 3798 κανόνι
2938 3745 3117 3815 φέρων
3155 3745 3389 3815 ἐμαυτὸν
3421 3745 3690 3817 ὑπέθηκα.

2123 3836 2188 3888 Τί
2212 3837 2270 3889 δὲ
2295 3838 2396 3890 οὐκ
2421 3837 2643 3908 ἔμελλόν
2681 3837 2740 3890 σέ
2769 3855 2828 3890 τε
2851 3837 3154 3905 γινώσκων,
3183 3837 3275 3890 καὶ
3305 3837 3502 3907 νόμους
3529 3839 3693 3890 πνεύ-

2127 3943 2320 3995 ματος;
2364 3925 2478 3979 Νῦν
2529 3926 2586 3979 δὲ
2630 3928 2725 3987 καὶ
2769 3927 2818 3979 εί
2861 3927 2979 3982 λίαν
3027 3925 3376 3998 μικροψύχως
3417 3923 3558 3996 εἶχον
3600 3928 3694 3980 καὶ

2123 4015 2381 4083 ἀγεννῶς,
2411 4015 2526 4072 ἁλλῗ
2563 4017 2592 4071 ὅ
2620 4034 2684 4085 γε
2713 4016 2902 4087 καιρὸς
2927 4018 3025 4070 οὐκ
3057 4018 3122 4088 ἐᾷ
3143 4016 3298 4071 τοῦτο
3329 4018 3576 4088 πάσχειν,
3598 4019 3695 4070 καὶ

2121 4105 2170 4165 oi
2197 4104 2634 4175 καταδραμόντες
2655 4106 2817 4174 θῆρες
2846 4108 2911 4174 τῇ
2947 4105 3240 4175 Ἐκκλησία⁵
3267 4105 3402 4175 (45),
3435 4106 3498 4157 τό
3523 4123 3581 4158 τε
3603 4107 3695 4158 σὺν

2123 4196 2364 4258 γενναῖον
2399 4194 2494 4245 καὶ
2521 4193 2803 4262 ἀνδρικὸν,
2854 4192 2996 4244 οὕτω
3033 4192 3286 4261 καθαρῶς
3326 4194 3419 4246 καὶ
3455 4194 3692 4260 γνησίως

2119 4281 2495 4350 προπολεμοῦν
2529 4282 2630 4344 τῆς
2671 4282 2995 4349 Ἐκκλησίας
3025 4281 3159 4350 (46).
3197 4282 3436 4350 Ἥξομεν
3475 4278 3600 4344 οὖν,
3639 4285 3689 4336 εί

2118 4369 2283 4432 δοκεῖ,
2325 4378 2416 4424 και
2465 4372 2585 4433 ταῖς
2622 4369 2809 4439 εὐχαῖς
2852 4371 2979 4439 ὑμῖν
3021 4369 3543 4439 ωλλαμόανόμενοι,
3595 4374 3688 4424 καὶ

2120 4458 2629 4530 συναγωνιούμενοι,
2661 4460 2755 4512 καὶ
2775 4459 3262 4530 ὑπηρετησόμενοι,
3293 4462 3386 4516 καὶ
3411 4461 3487 4526 ὡς
3517 4461 3686 4533 ἀθλη⁴

2116 4548 2215 4617 τὴν
2237 4548 2455 4620 ἄριστον
2472 4551 2760 4604 κελευσταὶ
2781 4550 2988 4615 παῖδες,
3004 4553 3125 4613 ταῖς
3144 4551 3556 4622 ὑποφωνήσεσιν
3577 4553 3686 4623 (47)

2119 4625 2518 4708 ἐπαλείφοντες.

451 4737 507 4782 et
555 4742 776 4797 operam
817 4728 972 4782 vobis
1036 4742 1320 4790 navemus,
1367 4735 1569 4795 atque,
1623 4735 1679 4780 ut
1727 4728 2239 4797 praestantissimum
2283 4733 2520 4802 pugilem
2565 4731 2874 4788 hortatores
2923 4731 3099 4800 pueri,
3160 4731 3686 4790 succlamationibus

453 4818 762 4873 incitemus.

521 4932 634 5004 (58)
675 4933 971 5000 Πολιτείᾳ.
1001 4933 1191 5004 Billius
1215 4931 1375 4986 vertit
1427 4932 1648 5004 canitie;
1674 4933 1830 5002 quasi
1870 4934 2016 5003 lege—
2052 4941 2094 4995 ι)

453 5002 731 5072 ι-ἱιπολιᾷ,
787 5007 933 5070 quod
987 5006 1039 5056 in
1081 5003 1406 5072 quibusdam
1431 5002 1590 5072 codd.
1625 5003 1872 5072 habetur.
1907 5002 2013 5058 Sed

453 5071 732 5124 retinenda
756 5082 839 5125 est
860 5074 1018 5126 lectio
1044 5071 1288 5141 πολιτείᾳ
1307 5087 1320 5100 ·
1354 5085 1461 5141 non
1486 5071 1632 5141 enim
1659 5071 1857 5125 Basilio
1885 5082 2012 5126 tunc

451 5149 568 5193 erat
591 5147 722 5193 aetas
755 5141 836 5193 sic
870 5150 1146 5209 provecta,
1179 5150 1236 5194 ut
1265 5140 1471 5194 Canitie
1503 5140 1644 5193 foret
1673 5155 1780 5209 prae
1799 5143 2013 5196 caeteris

450 5215 736 5263 verendus.

521 5279 631 5347 (59)
671 5278 819 5347 Alias
845 5275 1072 5332 CLXIX.
1113 5275 1325 5347 Scripta
1365 5294 1509 5332 anno
1534 5278 1658 5334 565.

521 5346 631 5418 (40)
673 5346 784 5401 Τὸν
803 5348 1160 5418 λογιώτατον
1181 5346 1527 5418 Γρηγόριον.
1557 5349 1858 5404 Censcmus
1883 5349 2015 5404 Grc-

450 5416 660 5482 goriuin
722 5418 802 5471 sic
863 5417 1034 5471 fuisse
1077 5416 1147 5470 ab
1195 5416 1432 5472 Eusebio
1482 5418 1690 5472 ironice
1733 5433 2015 5488 nuncupa-

451 5497 630 5625 sua‘l)
681 5555 788 5609 Καὶ
821 5553 948 5608 οὐδ’
1000 5554 1394 5625 ἀφςτιόλέπειν.
1428 5553 1526 5625 ΔΙιιι
1557 5554 1722 5625 Ragg.
1770 5563 1913 5618 tres,
1959 5563 2014 5608 et

459 5622 644 5679 Dillius
675 5627 727 5678 in
761 5627 1025 5679 versione.
1051 5622 1149 5676 Ed.
1189 5625 1324 5677 male
1358 5623 1448 5675 καὶ
1474 5622 1832 5676 ἀντιϐλέπειν.

2191 4932 2301 4999 (42)
2337 4932 2485 4987 Alias
2508 4929 2712 4985 CLXX.
2745 4929 2958 4998 Scripta
2983 4928 3168 4999 eodem
3202 4941 3367 4982 anno.

2193 4997 2303 5072 (45)
2343 5001 2504 5072 Greg.
2537 5013 2684 5072 orat._
2705 5001 2795 5062 45.
2819 4997 2878 5072 tt.
2905 5000 3056 5072 ὄρει
3078 4997 3166 5051 51.

2191 5064 2301 5154 (4:1)
2354 5064 2824 5154 ’ξλὲυθεριάσαᾳ
2855 5070 2931 5123 ita
2961 5066 3092 5136 lieg.
3120 5081 3284 5129 unus,
3315 5074 3369 5120 et
3399 5064 3553 5122 Pass.
3586 5067 3683 5124 Ειι.

2120 5141 2526 5210 ἐλευθεριῲσας.

2153 5207 2824 5298 ημᾷζῖςξξζξξκκλησιᾳ.
2884 5204 2961 5259 lta
2992 5203 3148 5259 Pass.
3200 5200 3299 5257 Ed.
3337 5205 3520 5260 minus
3555 5208 3687 5259 bene

2118 5277 2214 5351 τῆς
2257 5277 2596 5348 Ἐκκλησίας.
3198 5341 3222 5350 _

2193 5347 2304 5418 (46)
2344 5348 2450 5406 Καὶ
2471 5344 2948 5419 ᾲὰνδρέκύγᾼοῦτω
2997 5341 3392 5419 καθαρῶς-ικαὶ
3426 5344 3688 5419 γνησίως

2119 5409 2538 5495 προπολεμοῦν
2581 5409 3247 5495 ὲῆ.ς-⁹Εκκλησίας.θιιει”
3268 5409 3447 5494 Pass”
3485 5425 3535 5464 et
3582 5411 3688 5495 l‘iil-

2119 5479 2225 5538 lius
2259 5489 2312 5538 in
2341 5479 2608 5549 versione.
2639 5479 2742 5538 Ed.
2771 5484 2910 5535 male
2943 5482 3036 5534 καὶ
3064 5479 3318 5551 ἀνδρεῖον.
3347 5479 3488 5531 οὕτω
3520 5483 3687 5532 καθα-

2121 5554 2228 5598 οῶε
2251 5553 2622 5598 προπολεμοῦν
2655 5553 2750 5598 καὶ
2785 5551 3019 5598 γνησίως
3049 5549 3149 5598 τῆς
3183 5546 3504 5598 ἐλευθερίας.

2121 5554 2228 5623 ρῶς
2251 5553 2622 5624 προπολεμοῦν
2655 5553 2750 5606 καὶ
2785 5551 3019 5620 γνησίως
3049 5548 3504 5624 τῆς’ἐλευθερίας.
3575 5614 3585 5625 _
3718 5599 3726 5622 ι

2192 5624 2302 5688 (47)
2351 5623 2480 5688 Ταῖς
2527 5621 3012 5688 ὑπορωνήσεσιν.
3066 5618 3201 5670 Male
3259 5625 3415 5670 vertit
3471 5615 3677 5676 Billtus.
