4080 6206
497 271 572 325 5‘3
1700 293 1759 348 S.
1795 293 2124 354 GREGORII
2163 299 2507 362 THEOLOGI
3670 311 3740 370 56

492 388 604 440 lum
643 387 848 460 emtgit,
897 397 1106 452 arctius
1145 399 1193 452 ei
1233 399 1573 472 adjungitur,
1606 419 1637 459 a
1682 423 1792 477 quo
1833 411 2051 466 salutem

2169 437 2355 476 σαντα.
2381 425 2472 493 Μὴ
2510 417 2602 476 οῦν
2640 423 2742 476 ὄτι-
2761 425 3174 495 μετεσχήκαμεν
3205 424 3299 476 τοῦ
3327 421 3519 490 κακοῦ,
3550 425 3740 497 δυσχε-

491 487 577 531 cst
603 493 957 542 consecutus.
989 486 1227 545 Proinde
1264 506 1396 556 non,
1432 495 1561 562 quia
1596 499 1728 552 mali
1761 503 2051 572 participes

2168 486 2596 584 paivaewdk?
2624 515 2705 568 ὅτι
2739 486 3204 585 διαπεφεόγαμεν,
3234 486 3736 588 εὐχαριστησωμεν.

490 573 820 637 exstitimus,
863 576 1211 648 indignemur
1243 602 1258 638 :
1292 584 1388 639 sed
1426 587 1555 655 quia
1574 588 1886 660 effugimus,
1921 597 2051 666 grati

2163 573 2315 671 Μηδὲ
2339 573 2499 656 ’ἄλλοι
2535 603 2792 673 φανῶμεν
2823 573 3048 674 τῷιθεῷ
3084 573 3249 674 ’παρὰ
3284 573 3385 658 ὧν.
3408 573 3598 677 καιρὸν
3617 573 3739 660 ⁵τῶν

490 661 656 715 animi
698 665 873 720 cilicio
921 669 1235 741 fungamur.
1287 674 1398 729 Nec
1453 677 1592 732 alios
1633 695 1736 736 nos
1776 682 1886 738 Deo
1923 661 2051 741 inte:

2163 661 2442 756 κινδύνων,
2585 661 2732 748 ἄλλοι
2757 661 2894 764 μετά
2913 661 3040 758 τοὺς
3058 661 3356 758 κινδῦνουςο
3387 661 3523 747 ἀλλά
3547 695 3738 768 βουλη-

490 753 738 819 pericula
761 795 776 817 ,
810 767 865 810 et
900 761 1041 816 alios
1078 772 1203 831 post
1238 767 1482 833 pericula
1526 771 1883 828 exhibeamus
1920 794 1934 830 :
1971 793 2063 832 ve-

487 856 609 896 rum
658 846 772 901 sive
811 848 956 904 domi
1005 863 1320 921 manentes,
1377 859 1492 913 sive
1541 877 1768 933 peregre
1816 874 2060 935 agentes,

486 934 604 990 sive
654 939 919 1006 privatam
964 947 1129 997 vitam
1170 947 1455 1006 ducentes.
1490 951 1606 1006 sive
1643 934 1866 1021 publica,
1892 972 2060 1027 nego-

484 1027 560 1078 tia
605 1037 856 1095 gerentes
910 1031 1013 1100 (sic
1066 1034 1212 1087 enim
1258 1037 1590 1106 loquendum
1623 1051 1727 1107 est,
1775 1059 1876 1099 nec
1920 1062 2059 1116 pra:-

485 1118 936 1191 termittemlum),
969 1138 1093 1177 eum
1140 1141 1457 1195 sequamur,
1495 1146 1522 1183 a
1551 1148 1660 1201 quo
1704 1135 1935 1190 salutem
1962 1153 2058 1192 ac-

482 1209 752 1275 cepimus,
796 1220 960 1280 atque
993 1214 1058 1267 ad
1117 1217 1263 1272 illius
1308 1229 1494 1288 partes
1543 1233 1758 1278 nosmet
1799 1225 2060 1298 adjunga—

493 1310 639 1361 mus,
675 1315 843 1368 parva
879 1310 933 1355 et
968 1303 1116 1359 bumi
1150 1309 1389 1374 repenlia
1423 1325 1613 1380 parum
1646 1314 1755 1383 2ο
1775 1326 2054 1374 curantes.

481 1385 660 1454 Atque
680 1389 966 1445 historiam
992 1397 1284 1464 quamdam
1308 1401 1547 1468 posteris
1577 1402 1793 1466 demus,
1834 1414 1948 1461 tum
1987 1411 2056 1465 ad

481 1472 716 1545 gloriam
759 1489 1028 1548 nostram,
1071 1493 1185 1539 tum
1229 1489 1296 1564 ad
1346 1491 1541 1544 anima:
1593 1494 1908 1562 utilitatem,
1940 1513 2056 1552 am-

481 1566 627 1635 plam
661 1575 715 1623 et
741 1574 1057 1639 przeclaram
1095 1593 1108 1628 :
1141 1592 1262 1644 qua:
1286 1579 1448 1632 etiam
1480 1581 1597 1649 ipsa
1629 1583 1926 1639 utilissimo
1955 1585 2055 1641 do-

481 1666 746 1710 cumento
783 1661 1057 1731 plerisque
1100 1665 1194 1728 sit,
1237 1667 1497 1720 nimirum
1546 1669 1848 1738 periculum
1891 1687 2051 1728 secu-

2163 779 2344 850 θῶμεν
2381 781 2490 833 εἴτε
2523 781 2902 851 ἐνδημοῦντες,
2935 781 3042 832 εἴτε
3074 780 3436 852 ἐκδημοῦντες
3466 780 3600 852 (60),
3627 785 3736 835 εἴτε

2164 871 2543 934 ἰδιωτεύοντες,
2571 873 2680 924 εἴτε
2699 871 2768 924 τὰ
2797 860 2952 925 κοινὰ
2978 872 3309 942 πράττοντες
3339 872 3440 939 (δεῖ
3462 871 3570 942 γάρ
3595 872 3735 925 οὕτω

2159 961 2362 1028 λέγειν,
2404 963 2497 1014 καὶ
2525 963 2598 1032 μὴ
2633 962 2885 1034 λείπειν),
2920 962 2998 1033 τῷ
3028 963 3260 1015 σώσαντι
3298 963 3732 1030 κατακολουθεῖν,

2160 1054 2254 1107 καὶ
2279 1054 2525 1121 γίνεσθαι
2554 1056 2652 1125 τῆς
2686 1055 2894 1108 ἐκείνου
2925 1056 3138 1127 μοίρας,
3176 1055 3347 1125 μικρὰ
3383 1055 3491 1109 τῶν
3524 1057 3733 1128 μικρῶν

2159 1143 2252 1195 καὶ
2295 1145 2466 1213 χαμαὶ
2507 1145 2820 1214 ἐρχομένων
2862 1145 3266 1216 φροντίσαντες.
3318 1147 3428 1198 Καὶ
3467 1147 3647 1218 δῶμεν
3677 1164 3732 1202 τι

2156 1227 2398 1299 διήγημα
2423 1233 2534 1293 τοῖς
2559 1234 2638 1294 εἰς
2669 1231 2916 1304 ὕστερον,
2951 1234 3091 1304 μέγα
3129 1235 3227 1305 μὲν
3255 1236 3333 1299 είς
3365 1236 3522 1302 δόξαν
3553 1238 3731 1307 ἡμῶν,

2160 1319 2301 1390 μέγα
2322 1320 2377 1372 δέ
2411 1323 2488 1385 εἰς
2511 1321 2777 1392 ὠφέλειαν
2799 1323 2995 1395 ψυχῆς⁸
3022 1325 3083 1376 τὸ
3103 1324 3158 1376 δὲ
3182 1325 3311 1377 αὐτὸ
3341 1326 3434 1379 καὶ
3459 1327 3731 1396 παίδευμα

2155 1413 2267 1473 τοῖς
2297 1411 2507 1475 πολλοῖς
2548 1413 2985 1484 χρησιμώτατον,
3019 1416 3101 1469 ὅτι
3143 1417 3402 1486 κρείττων
3432 1419 3730 1487 ἀσφαλείας

2157 1501 2416 1564 κίνδυνος,
2463 1505 2556 1556 καὶ
2598 1505 2852 1576 συμφορὰ
2882 1507 3181 1577 εὐημερίας
3215 1509 3572 1578 αἱρετωτέραο
3595 1512 3648 1564 εἴ
3665 1528 3729 1580 γε

2157 1593 2262 1662 πρὸ
2299 1593 2398 1660 μὲν
2429 1595 2538 1648 τῶν
2571 1597 2752 1663 φόϐων
2793 1593 2934 1668 ἦμεν
2968 1597 3061 1651 τοῦ
3095 1599 3323 1668 κόσμου,
3358 1601 3492 1668 μετὰ
3519 1601 3574 1653 δὲ
3606 1604 3730 1666 τοὺς

2157 1684 2354 1752 φόϐους
2397 1685 2491 1738 τοῦ
2541 1686 2674 1739 Θεοῦ
2720 1689 3084 1759 γεγενήμεθα.
3146 1690 3304 1753 Ἴσως
3350 1707 3430 1742 σοι
3484 1695 3730 1762 φορτικοὶ

482 1749 645 1802 ritate
689 1752 882 1819 potius
906 1770 1050 1821 esse,
1087 1767 1139 1810 et
1183 1759 1554 1814 calamitatem
1590 1763 1850 1839 secundis
1885 1766 2049 1822 rebus

2153 1749 2306 1824 δοκοῦ
2315 1789 2432 1842 μεν,
2457 1773 2714 1838 πολλάκις
2732 1749 2818 1828 σοι
2840 1749 2968 1847 περὶ
2986 1777 3094 1831 τῶν
3110 1749 3726 1844 αὐτῶννέπιστέλλοντες,

476 1840 653 1910 magis
677 1845 1033 1911 expetendam
1065 1864 1079 1913 ;
1117 1847 1163 1901 si
1196 1848 1416 1916 quidem
1443 1859 1568 1905 ante
1599 1853 1823 1908 timores
1851 1857 2051 1911 mundo

2153 1861 2245 1935 καὶ
2277 1840 2338 1913 οῦ
2373 1863 2712 1933 παραίνεσιν,
2751 1865 2864 1918 ἀλλ’
2902 1840 3158 1933 ἐπίδειξιν
3195 1869 3437 1938 νομίζεις
3463 1871 3572 1940 (61)

476 1931 681 1986 addicti
729 1949 977 1998 eramus,
1022 1947 1145 2005 post
1177 1939 1406 1994 timores
1454 1948 1634 1996 autem
1679 1944 1789 2000 Deo
1820 1961 1922 2001 nos
1957 1947 2051 2000 ad-

2153 1933 2358 2019 λόγους.
2381 1931 2473 2005 Διδ
2493 1953 2697 2006 τούτων
2730 1957 2827 2024 μὲν
2859 1955 2999 2020 ἃλις
3028 1931 3174 2028 ἡμᾶς
3200 1931 3386 2012 δεῖσθι
3418 1931 3728 2032 ὲτῤούμουζ

476 2023 739 2078 diximus.
769 2025 1030 2082 Fortasse
1055 2045 1248 2098 graves
1282 2031 1381 2085 tibi
1411 2047 1476 2085 ac
1504 2035 1719 2088 molesti
1752 2052 1875 2091 esse
1898 2038 2050 2093 vide-

2153 2040 2344 2109 μένους
2381 2044 2474 2094 καὶ
2519 2023 2843 2113 εὐχομένους
2893 2023 3127 2115 μάλιστα
3163 2049 3260 2118 μὲν
3288 2023 3538 2116 γενέσθαι
3566 2023 3726 2124 μέχρι

475 2127 618 2178 mur,
659 2115 752 2183 qui
805 2116 872 2170 de
917 2116 1002 2170 his
1049 2119 1214 2172 rebus
1261 2121 1463 2189 saepius
1511 2122 1579 2175 ad
1622 2133 1673 2176 te
1716 2125 2048 2194 scribamus,

2153 2143 2265 2190 σου,
2301 2130 2810 2202 συνησθησομένους
2836 2133 2945 2203 (62)
2969 2137 3036 2204 τῇ
3068 2115 3312 2209 σωτηρία
3340 2155 3457 2203 σου,
3486 2115 3578 2192 καί
3600 2115 3730 2212 περὶ

475 2215 542 2256 ac
611 2218 896 2258 sermones
954 2213 1214 2273 nostros,
1272 2224 1384 2262 non
1439 2210 1902 2277 admonitionem,
1953 2216 2047 2270 sed

2153 2217 2356 2272 τούτων
2384 2219 2708 2294 τελεώτερον
2740 2223 3167 2296 διαλεξομένους.
3203 2229 3268 2281 Et
3304 2229 3349 2281 δ’
3386 2228 3471 2292 οὒ,
3504 2230 3616 2283 ἀλλ’
3642 2210 3726 2286 ἐνο

472 2295 901 2349 ostentationem
942 2311 1064 2351 esse
1092 2299 1400 2354 existimas.
1439 2299 1622 2365 Quare
1656 2303 1722 2357 de
1761 2305 1846 2358 his
1886 2306 2049 2362 rebus

2153 2309 2330 2362 ταῦθά
2367 2328 2427 2364 σε
2479 2311 2796 2384 δεξομένους
2847 2316 2922 2380 ὡς
2959 2295 3220 2388 τάχιστα,
3264 2322 3618 2391 συνεορτάσαι
3657 2323 3726 2377 τά

471 2384 766 2438 verborum
803 2387 984 2453 satis;
1038 2403 1139 2442 nos
1173 2405 1303 2443 vero
1351 2390 1518 2454 scias,
1565 2393 1746 2454 velim,
1798 2405 2051 2466 prompto

2155 2401 2504 2471 χαριστήρια.

473 2473 658 2528 animo
679 2490 800 2530 esse
833 2485 996 2546 atque
1020 2486 1280 2549 exaptare
1305 2483 1652 2550 potissimum
1681 2486 1750 2540 ad
1789 2494 1842 2541 te
1876 2502 2054 2556 usque
2099 2491 2394 2559 proﬁcisci,
2458 2500 2520 2546 ut
2561 2492 2630 2549 de
2662 2495 2838 2552 salute
2879 2505 2972 2553 tua
3006 2499 3103 2554 tibi
3154 2500 3492 2570 gratulemur
3531 2517 3596 2556 ac
3660 2504 3728 2560 de

473 2561 560 2619 bis
608 2565 776 2621 rebus
827 2567 1126 2636 perfectius
1168 2570 1506 2628 disseramus

1561 2592 1574 2628 :
1619 2575 1705 2629 sin
1756 2578 1959 2639 minus,
2005 2585 2060 2631 at
2084 2588 2256 2644 certe,
2310 2591 2366 2636 ιιι
2409 2591 2461 2637 te
2510 2583 2600 2638 hic
2669 2588 2848 2656 primo
2898 2605 3121 2660 quoque
3169 2597 3417 2661 tempore
3473 2592 3727 2649 reducem

469 2659 779 2728 videamus,
809 2671 972 2732 atque
1017 2680 1126 2717 una
1169 2675 1348 2719 tecum
1380 2666 1432 2722 in
1471 2669 1612 2739 grati
1643 2672 1812 2725 animi
1843 2673 2534 2742 significationem-festum
2564 2678 2708 2736 diem
2732 2684 3094 2757 celebremus.

753 2813 896 2870 XXI.
930 2815 1321 2878 SOPHRONIO
1350 2819 1760 2877 PRIEFECTO.

2442 2832 2573 2885 KA'.
2611 2835 2946 2908 merome
2983 2839 3262 2912 rman
3301 2841 3434 2914 (65).

548 2951 706 3008 Urbis
738 2954 1340 3044 Constantinopolim”
1365 2960 1737 3043 praefecturam
1757 2961 1968 3044 gerebat
1999 2961 2328 3044 §opltronius
2353 2983 2495 3044 anno
2511 2968 2637 3030 369,
2661 2985 2762 3044 quo
2788 2971 2930 3044 datis
2960 2971 3028 3044 (td
3055 2989 3173 3026 eum
3205 2975 3416 3038 litteris,
3445 2972 3725 3044 Gregorius

468 3036 714 3105 generum
742 3027 940 3112 sororis
968 3045 1080 3081 sum
1111 3027 1430 3111 Nicobulum
1462 3027 1511 3112 ei
1531 3027 1952 3112 commendabat.
1990 3027 2211 3112 Caetera
2249 3053 2426 3112 omnes
2451 3027 2700 3112 Gregorii
2729 3039 2798 3091 ad
2822 3040 3062 3112 eumdem
3088 3027 3325 3112 epistola:
3353 3027 3597 3112 hiemi:

471 3093 690 3174 tentiam
710 3095 1025 3174 promicant,
1060 3100 1147 3152 cui
1181 3101 1388 3174 negotia
1410 3109 1458 3174 et
1487 3100 1724 3174 homines
1752 3105 2208 3174 commendantur,
2237 3117 2285 3159 et
2309 3107 2460 3174 cujus
2483 3093 2791 3172 prtirsidium
2815 3093 3150 3174 imploratur.
3177 3093 3379 3166 Prwire
3407 3093 3582 3167 au'tem
3611 3093 3725 3166 orm-

471 3162 627 3248 nibus.
648 3180 710 3244 ea
731 3163 927 3223 debuit.
949 3167 1140 3248 inqu
1150 3162 1382 3248 recentis
1403 3170 1680 3248 dignitatis
1706 3170 1908 3248 indicio
1929 3174 2178 3248 qu_(eda_m
2197 3162 2493 3248 'appar'ent,’
2515 3187 2572 3229 ut
2597 3179 2654 3230 in
2685 3177 2767 3231 his
2799 3162 2968 3232 verbis
2991 3162 3723 3248 depié/téhdiaiuﬁ'iéiiaiﬁsi

470 3229 539 3283 ad
578 3233 801 3321 altiores
833 3229 1086 3321 quotidie
1110 3237 1438 3321 dignitatum
1459 3229 1679 3321 'gradus
1719 3229 2059 3310 provebaris.
2095 3241 2219 3298 lam
2241 3229 2387 3299 'e'nim
2419 3229 2689 3312 notarius,
2725 3229 2846 3301 ciunt.
2864 3229 3427 3320 ἀί

467 3313 586 3353 ram
617 3300 1265 3373 Constantinopolitan'am
1294 3300 1521 3378 gradum
1547 3310 1693 3377 fecit.

537 3436 745 3490 Aurum
797 3438 934 3492 alias
983 3438 1204 3507 quidem
1253 3439 1360 3494 alio
1411 3441 1574 3496 modo
1626 3440 1948 3495 immutatur
1987 3450 2110 3506 etc

466 3526 764 3598 ciﬁngitur,
816 3527 874 3582 iu
922 3531 1129 3584 multos
1179 3538 1409 3584 ornatus
1462 3530 1838 3592 informatum,
1882 3539 2047 3602 atque

467 3618 538 3671 ad
581 3618 784 3674 multas
831 3634 921 3673 res
967 3619 1036 3672 ab
1063 3628 1178 3673 arte
1203 3621 1514 3675 traductum
1553 3638 1567 3675 :
1614 3637 1810 3676 aurum
1841 3633 2044 3689 tamen,

467 3715 528 3762 ut
557 3716 662 3771 est,
697 3717 901 3770 manet,
936 3726 1039 3765 nec
1068 3712 1320 3772 materia.
1357 3711 1450 3767 sed
1482 3711 1655 3766 forma
1690 3715 2046 3767 mutationem

467 3800 720 3870 suscipit.
767 3799 970 3856 Eodem
1017 3803 1178 3856 modo
1219 3811 1371 3856 tuam
1415 3801 1652 3874 quoque
1715 3805 2045 3872 probitatem

466 3893 716 3948 eamdem
778 3909 908 3965 erga
965 3903 1092 3950 tuos
1136 3897 1345 3952 amicos
1377 3911 1600 3950 manere
1641 3896 2044 3962 existimantes,

468 3984 688 4041 etiamsi
747 3987 815 4041 ad
881 3988 1110 4043 altiores
1161 3989 1406 4056 quotidie
1450 3989 1783 4059 dignitatum
1841 3988 2046 4058 gradus

467 4077 814 4144 proveltaris,
860 4079 1004 4134 hanc
1047 4080 1146 4134 tibi
1198 4080 1639 4150 deprecationem
1689 4079 1887 4134 offerre
1943 4081 2048 4133 mi-

470 4165 621 4221 nime
654 4167 1068 4235 dubitavimus;
1104 4169 1248 4238 quod
1287 4171 1496 4226 scilicet
1543 4170 1864 4240 dignitatem
1895 4177 2045 4224 tuam

466 4271 577 4309 non
617 4259 791 4326 magis
827 4251 1214 4325 metueremus,
1245 4276 1408 4328 quam
1447 4263 1696 4315 moribus
1725 4260 1835 4314 tuis
1871 4263 2047 4315 conli-

465 4348 744 4402 deremus.
780 4349 1114 4417 Cumprimis
1166 4352 1481 4406 venerando
1527 4353 1636 4406 filio
1668 4364 1862 4410 nostro
1886 4343 2048 4410 Nico-

467 4437 621 4498 bulo.
656 4452 895 4506 quocum
946 4438 1074 4491 mihi
1115 4441 1548 4503 necessitudines
1589 4457 1780 4496 omnes
1809 4444 2046 4497 interce-

465 4527 626 4590 dunt,
662 4539 774 4582 tum
801 4529 872 4582 ob
905 4529 1122 4599 generis
1171 4532 1656 4601 propinquitatem,
1691 4543 1806 4588 tum
1850 4535 1921 4589 ob
1969 4533 2049 4587 fa-

465 4619 865 4680 miliaritatem.
898 4630 1036 4687 tum,
1077 4622 1222 4691 quod
1268 4622 1354 4676 bis
1387 4623 1562 4692 pluris
1593 4624 1906 4680 ducendum
1940 4635 2044 4688 est,

463 4711 536 4766 ob
577 4727 790 4766 morum
837 4711 1186 4782 elegantiam,
1229 4713 1576 4768 commodum
1631 4731 1697 4769 ac
1731 4715 1946 4769 facilem
1994 4726 2047 4771 te

2220 3446 2280 3499 '0
2329 3446 2530 3516 χρυσὸς
2581 3445 2771 3499 ἄλλοτε
2821 3446 2920 3517 μὲν
2969 3447 3144 3512 ἄλλως
3201 3451 3576 3520 μεταποιεῖται
3629 3451 3726 3505 καὶ

2148 3535 2541 3605 σχηματίζεται
2580 3538 2660 3600 εἰς
2700 3536 2928 3602 πολλοὺς
2965 3538 3205 3610 κόσμους
3233 3541 3594 3609 τυπούμενος,
3633 3543 3725 3594 καὶ

2148 3625 2284 3696 πρὸς
2309 3625 2480 3679 πολλὰ
2518 3626 2625 3679 ὑπὸ
2657 3625 2758 3696 τῆς
2789 3628 2985 3700 τέχνης
3015 3630 3284 3700 ἀγόμενος
3321 3631 3454 3700 (66)·
3493 3629 3644 3702 μένει
3667 3629 3725 3684 δι

2147 3717 2284 3788 ὅπερ
2311 3717 2427 3770 ἐστὶ
2454 3719 2676 3788 χρυσὸς,
2712 3720 2807 3772 κα)⁸
2837 3721 2936 3791 οὐχ
2965 3723 2998 3791 ἡ
3029 3721 3128 3792 ῦλη
3154 3721 3476 3793 μεταϐολὴν,
3501 3723 3638 3776 ἀλλὰ
3663 3722 3726 3775 τὸ

2150 3809 2336 3876 σχῆμα
2383 3806 2665 3878 λαμϐάνει.
2711 3807 2867 3861 Οὖτω
2908 3810 3002 3862 καί
3043 3808 3142 3880 τὴν
3188 3808 3284 3879 σὴν
3321 3809 3725 3878 καλοκαγαθίαν

2149 3897 2441 3968 ἡγούμενοι
2489 3899 2585 3969 τὴν
2637 3899 2804 3968 αὐτὴν
2857 3899 3036 3968 μένειν
3083 3902 3196 3963 τοῖς
3245 3900 3440 3968 φίλοις,
3489 3899 3592 3953 κᾶν
3635 3899 3726 3952 ἀεὶ

2150 3988 2346 4059 προῒῃς
2384 3988 2476 4040 ἐπὶ
2503 3987 2568 4041 τὰ
2601 3987 2942 4058 ἔμπροσθεν,
2973 3989 3176 4058 ταύτην
3209 3989 3723 4061 ἐθαρῤήσαμεψιτὴν

2151 4078 2445 4148 πρεσϐείαν
2486 4081 2875 4148 προσαγαγεῖν,
2916 4079 2976 4130 οὐ
3015 4078 3212 4149 μᾶλλον
3245 4080 3344 4148 τὴν
3377 4079 3534 4146 ἀξίαν
3566 4081 3724 4133 εὐλα-

2150 4167 2430 4239 ϐηθέντες,
2462 4169 2495 4238 ἢ
2540 4168 2616 4237 τῷ
2652 4169 2837 4237 τρόπῳ
2871 4167 3276 4231 πιστεύσαντες.
3310 4167 3399 4237 Τῷ
3430 4168 3724 4236 αίδεσιμω-

2149 4259 2296 4328 τάτῳ
2340 4259 2438 4328 υἱῷ
2479 4258 2637 4327 ήμῶν
2684 4258 3000 4330 Νικοϐούλῳ
3046 4259 3113 4312 τὰ
3149 4259 3327 4312 πάντα
3370 4258 3544 4327 ἔχοντι
3587 4256 3723 4328 πρὸς

2149 4351 2299 4419 ἡμᾶς
2339 4349 2679 4419 ἐπιτηδείως,
2723 4349 2816 4401 καὶ
2855 4349 2944 4402 διὰ
2987 4350 3328 4418 συγγένειαν,
3369 4350 3462 4402 καὶ
3503 4348 3592 4401 διὰ
3623 4347 3724 4419 τὴν

2149 4440 2476 4511 οἰκειότητα,
2496 4441 2610 4503 καὶ,
2631 4441 2659 4493 ὃ
2682 4439 2886 4492 τούτων
2915 4440 3095 4510 μεῖζόν
3120 4442 3257 4503 ἐστι,
3278 4439 3364 4492 διὰ
3393 4439 3482 4492 τὸν
3502 4439 3722 4510 τρόπον,

2149 4531 2306 4598 γενοῦ
2351 4531 2540 4594 δεξιός.
2598 4531 2686 4583 Ἐν
2738 4531 2867 4594 τίσι,
2920 4531 3014 4584 κα)⁵
3060 4531 3255 4597 πόσον;
3306 4532 3394 4587 Ἐν
3438 4525 3520 4594 οἷς
3563 4529 3725 4592 αὐτὸς

2152 4621 2246 4675 σοῦ
2271 4622 2620 4692 δεηθήσεται,
2661 4622 2755 4675 καὶ
2788 4623 2910 4675 ὅσον
2939 4625 3007 4694 τῇ
3037 4625 3102 4693 σῇ
3141 4621 3465 4692 μεγαλονοίᾳ
3493 4619 3725 4692 πρέπειν

2151 4710 2571 4780 ὑπολαμϐάνεις.
2617 4710 3006 4780 Ἀντιδώσομεν
3032 4710 3089 4763 δὲ
3115 4709 3209 4763 καὶ
3237 4711 3398 4779 ἡμεῖς
3430 4701 3504 4760 ὧν
3532 4706 3726 4776 ἔχομεν

463 4804 664 4874 prtebe.
710 4803 923 4872 Quibus
970 4806 1026 4859 in
1063 4805 1247 4871 rebus,
1301 4812 1354 4859 et
1402 4807 1714 4875 quantum?
1752 4806 1809 4859 lu
1853 4806 1923 4860 iis
1962 4821 2047 4861 re-

2153 4803 2209 4857 τὺ
2241 4803 2541 4856 κάλλιστον.
2566 4803 2803 4872 Ἔχομεν
2827 4802 2885 4854 δέ
2909 4803 3036 4864 τοὺς
3065 4801 3256 4868 λόγους
3278 4840 3293 4863 ,
3328 4800 3422 4852 καὶ
3459 4798 3518 4850 τὸ
3555 4798 3726 4868 κήρυ-

462 4901 568 4958 bus
601 4903 656 4957 in
691 4903 893 4972 quibus
927 4911 1019 4957 tua
1048 4916 1150 4972 ope
1192 4900 1479 4971 indigebit,
1532 4908 1588 4954 et
1628 4907 1896 4970 quantum
1933 4907 2040 4952 tuze

465 4989 632 5042 animi
675 4990 1044 5060 magnitudini
1100 4989 1396 5044 convenire
1430 4988 1797 5044 existimabis.
1840 4987 1950 5044 Nos
1983 4988 2037 5042 id

2147 4911 2240 4957 κες
2265 4891 2404 4948 εἶναι
2425 4894 2523 4962 τῆς
2550 4893 2648 4964 σῆς
2677 4893 2897 4964 ἀρετῆς,
2926 4894 2974 4946 εἰ
2999 4892 3094 4944 καὶ
3127 4891 3201 4960 μὴ
3225 4890 3326 4960 τῆς
3354 4889 3510 4956 ἀξίας
3534 4889 3722 4956 ἐγγὺς.

2147 4984 2283 5038 ἀλλά
2301 5001 2364 5051 γε
2388 4983 2529 5037 κατὰ
2557 4982 2656 5054 τὴν
2678 4983 2953 5054 ἡμετέραν
2983 4981 3232 5052 δύναμιν.

464 5081 610 5151 quod
662 5083 1086 5152 pulcherrimum
1145 5083 1430 5149 habemus,
1495 5082 1594 5137 tibi
1651 5082 2040 5152 rependemus.
2073 5079 2350 5134 “abemus
2390 5092 2554 5147 porro
2599 5092 2903 5139 sermones,
2936 5083 3101 5144 atque
3153 5076 3297 5144 quod
3352 5074 3574 5130 virtutis
3618 5081 3730 5126 tua:

467 5188 745 5245 praecones
772 5191 983 5240 sumus,
1007 5188 1057 5231 et
1099 5177 1144 5232 si
1183 5177 1340 5248 longe
1382 5175 1525 5230 infra
1569 5175 1917 5246 dignitatem,
1961 5182 2146 5228 tamen
2173 5177 2443 5242 quantum
2475 5177 2668 5225 nostra
2705 5169 2813 5224 fert
2845 5168 3102 5232 facultas.

537 5349 647 5418 (60)
691 5351 829 5403 Εἴτε
855 5348 1273 5428 ἐξιοδῃμοῦντ-ες.
1305 5349 1414 5404 llas
1467 5364 1662 5428 vocis,
1691 5363 1813 5419 qua:
1859 5347 1914 5402 in
1949 5346 2036 5428 ed.

465 5417 712 5481 deerant,
736 5419 1106 5488 supplevimus
1128 5435 1157 5488 ε
1185 5419 1314 5488 Reg.
1345 5434 1455 5472 uno
1481 5427 1535 5474 et
1564 5417 1718 5472 Pass.

539 5489 648 5578 [(6l)
687 5488 971 5578 ‘IVoplfsfc.
1004 5488 1082 5542 lta
1127 5487 1309 5549 Pass.,
1354 5496 1407 5542 et
1444 5489 1636 5544 Billius
1684 5489 1740 5542 in
1764 5488 2037 5543 versione.

464 5555 566 5612 Ed.
598 5555 735 5612 male
759 5555 1019 5628 νομίζειν.
1985 5625 1994 5635 θ

538 5626 649 5683 (62)
689 5628 1293 5695 Συνησθησομένους.
1336 5624 1414 5680 lta
1464 5627 1598 5696 lteg.
1634 5643 1798 5693 unus,
1846 5635 1900 5679 et
1939 5625 2040 5679 Bll-

2147 5346 2253 5400 lius
2281 5345 2335 5398 in
2366 5343 2640 5414 versione.
2677 5343 2780 5414 Ed.
2810 5343 2951 5398 male
2989 5343 3439 5414 συνθησομένους.

2217 5414 2326 5482 (65)
2361 5414 2510 5469 Alias
2534 5413 2688 5468 CVII.
2727 5413 2938 5482 Scripta
2981 5428 3126 5467 anno
3146 5413 3283 5469 369.

2219 5485 2328 5552 (64)
2369 5484 2476 5552 Καὶ
2515 5483 2666 5550 πρὸς
2715 5481 2913 5552 πολλὰ
2949 5482 3073 5552 ὑπὸ.
3104 5482 3216 5550 τῆς
3255 5482 3486 5552 τέχνης.
3515 5481 3728 5552 ἀγόμε-

2145 5550 2271 5619 νος.
2312 5554 2383 5605 Ita
2407 5551 2575 5620 Regg.
2612 5554 2742 5612 duo,
2775 5562 2830 5606 et
2863 5550 3118 5605 Billiusin
3143 5555 3416 5608 versione.
3451 5550 3728 5607 Ed.rmale

2148 5625 2242 5676 γαὶ
2273 5622 2407 5695 πρὸς
2434 5621 2601 5674 πολλὰ
2627 5622 2724 5693 τῆς
2747 5622 2914 5693 τύχης
2939 5621 3224 5692 ἀγόμενος.
