4080 6206
484 269 558 327 es
1364 247 1366 249 ’
1731 264 1790 322 s.
1831 264 2157 324 cncconn
2194 261 2543 320 TIIEOLOGI
3667 254 3733 309 οι

485 399 602 439 ram
631 381 957 437 irrcticntes.
990 380 1111 437 Uno
1139 381 1308 436 verbo
1332 382 1600 437 Glaucum
1631 382 1712 438 ire
1744 384 1909 458 pedes
1935 385 2061 439 edo-

2168 377 2619 452 σαγηνεύσαντες.
2650 371 2830 437 ’Ἅπαξ
2865 372 2923 426 δὲ
2963 370 3054 426 τὸν
3086 369 3326 424 Γλαῦκον
3357 368 3606 436 πεζεύειν
3632 388 3728 442 μα-

483 483 631 529 ειιιή
662 473 912 528 misimus
934 474 1191 542 probitati
1221 480 1421 528 vestra:
1465 473 1808 528 tabellarium
1835 513 1851 536 ,
1891 490 2053 544 quem

486 560 723 630 hospitio
754 560 1065 615 humaniter
1092 560 1340 630 excipite
1365 603 1380 626 ,
1418 570 1472 616 et
1506 561 1877 630 hospitalitate
1907 563 2056 617 Scri-

484 652 660 718 pturis
682 650 956 705 celebrata
987 665 1114 703 eum
1138 650 1379 704 oleribus
1406 650 1693 706 honorate.

782 860 973 914 XXIX.
1009 858 1394 916 SOPIIRONIO
1424 860 1744 916 PRAESIDI.

2161 471 2322 525 θόντα
2341 466 2801 540 γραμματοφόρον
2827 461 3385 534 προσαπεστάλκαμεν
3405 464 3472 532 τῇ
3493 462 3730 533 ὑμετέρᾳ

2160 559 2455 628 ἀγαθὸτητι
2479 556 2612 628 (96),
2643 555 2702 607 ὃν
2729 551 3062 624 φιλοφρόνως
3091 551 3352 617 ξενίσατε,
3370 551 3564 620 καὶτῷ
3581 552 3731 622 παρὰ

2156 653 2278 712 ταῖς
2304 650 2547 719 Γραφαῖς
2571 647 2680 715 (97)
2727 642 3098 713 εὐδοκιμοῦντι
3133 640 3368 710 ξενισμῷ
3397 642 3532 711 μετὰ
3565 641 3731 710 λαχά-

2159 757 2266 792 νων
2294 737 2684 802 καταξιώσατε.

2440 870 2570 924 Ke.
2608 866 2940 936 ΣΩΦΡΟΝΙῼ
2989 864 3269 933 ΥΠΑΡΧῼ
3316 862 3445 932 (98).

559 971 823 1042 Ctvsarius
857 969 1050 1042 thtwte
1078 970 1246 1042 ruinis
1274 970 1569 1042 expeditus,
1588 986 1722 1042 mea;
1743 971 1796 1022 in
1829 972 2057 1037 patriam
2087 991 2343 1039 reversus,
2375 978 2556 1030 morbo
2586 976 2892 1042 corripitur,
2923 987 3074 1042 quem
3108 971 3247 1042 brevi
3278 986 3420 1042 mors
3449 979 3725 1042 consecuta

484 1054 583 1102 est,
614 1058 750 1093 anno
775 1040 880 1092 568
903 1049 1137 1098 exeunte,
1172 1040 1247 1091 ve.’
1273 1040 1478 1091 ineunte
1507 1036 1630 1091 .359.
1671 1038 1792 1092 Non
1815 1036 1983 1092 solum
2009 1041 2192 1099 dolore
2221 1036 2558 1099 acerbissimo
2594 1036 2738 1096 mors.
2763 1036 3051 1094 tantchari
3084 1041 3272 1108 capitis
3299 1040 3600 1108 Gregorium
3636 1041 3722 1107 af-

485 1114 631 1180 fecit,
666 1110 756 1162 sed
800 1109 1203 1160 molestissimas
1232 1113 1412 1181 etiam
1460 1109 1656 1181 injecit.
1680 1119 1748 1181 Διιι
1790 1109 1955 1181 verbis
1985 1112 2151 1181 ipsius
2198 1128 2322 1168 utar
2355 1116 2488 1178 (99),
2525 1115 2863 1181 negotiorum
2913 1111 3273 1181 incursiones,

3353 1127 3418 1161 uo
3424 1125 3538 1161 rum
3573 1125 3722 1162 onere

485 1176 696 1252 pressus
725 1194 786 1252 ac
815 1193 1040 1252 gemens,
1065 1176 1544 1252 querelasnsnas‘in
1579 1177 1741 1252 ωιγὶἱῆ
1768 1179 2091 1252 carminibus
2123 1191 2171 1235 et
2209 1176 2445 1248 epistolis
2473 1176 2679 1251 effudit.
2711 1179 2962 1252 Exemplo
2990 1195 3100 1232 esse
3128 1189 3292 1252 potest
3320 1176 3432 1252 _ha.’c
3460 1179 3724 1252 ipsa_.__qua

487 1245 837 1320 Sep/ironiam
867 1245 1323 1312 Constantinopoli
1346 1246 1649 1320 pra'fectum
1681 1245 1820 1305 or'at.
1855 1247 2112 1310 obsecrat,
2151 1245 2461 1314 obtestatur,
2499 1245 2591 1320 per
2632 1245 2950 1320 amicitiam,
2984 1264 3078 1320 per
3103 1247 3720 1320 charissimaquaalibct,

485 1335 575 1386 per
596 1319 731 1371 vivos
755 1325 801 1369 et
829 1325 1083 1388 mortuos,
1115 1329 1318 1388 perque
1345 1330 1471 1388 spes
1499 1316 1662 1388 ipsas,
1692 1323 1748 1365 ut
1774 1331 1873 1367 sua
1905 1320 2224 1374 auctoritate
2245 1339 2331 1375 eos
2354 1315 2670 1388 compescat,
2701 1320 2790 1383 qui
2818 1318 2953 1370 bona
2981 1315 3205 1388 Caesarii
3232 1316 3570 1388 diripiebant.
3600 1315 3725 1382 Epi-

486 1384 680 1440 stulam
711 1395 884 1437 autem
932 1385 1065 1436 hanc
1123 1384 1388 1450 hucusque
1417 1384 1746 1453 distulimus,
1795 1393 1904 1453 tum
1950 1388 2075 1453 quia
2107 1384 2478 1453 pra-mittenda
2507 1399 2620 1443 erat
2651 1405 2737 1450 ea,

2773 1403 2883 1468 qua
2918 1402 3093 1465 recens
3129 1383 3373 1468 adeptam
3418 1385 3722 1453 dignitatem

488 1456 771 1526 Gregorius
804 1453 1096 1521 Sophronia
1128 1456 1451 1521 gratulatur,
1487 1461 1596 1503 tum
1620 1452 1746 1520 quia
1778 1452 1875 1504 illa
1906 1452 2113 1508 mortuo
2141 1460 2322 1512 statim
2353 1457 2588 1513 Cman‘o
2617 1474 2718 1511 non
2751 1452 2952 1509 videtur
2981 1455 3196 1523 δενίρια,

557 1589 724 1644 Vides
762 1589 942 1657 qualia
989 1595 1175 1641 nostra
1215 1587 1364 1649 sint,
1424 1597 1476 1641 et
1510 1586 1785 1656 quomodo
1835 1603 1924 1644 res
1952 1589 2057 1642 hu-

2243 1596 2406 1666 Ὁρᾷς
2453 1589 2544 1649 οἷα
2613 1593 2681 1646 τὰ
2733 1592 2996 1662 ἡμέτερα,
3053 1591 3149 1642 καὶ
3178 1589 3326 1651 ὅπως
3367 1587 3564 1650 κύκλος
3620 1589 3731 1642 τῶν

487 1695 664 1748 mana:
696 1681 840 1733 velut
867 1681 920 1732 in
951 1680 1136 1733 orbem
1169 1678 1456 1731 volvantur
1489 1695 1503 1731 :
1535 1691 1599 1730 ac
1639 1694 1782 1733 nunc
1807 1679 1884 1743 lii,
1915 1695 2060 1734 nunc

2168 1687 2508 1758 ἀνθρωπίνων
2570 1685 2877 1756 περιτρέχει
2919 1681 3285 1752 πραγμάτων·
3341 1679 3434 1732 νῦν
3470 1679 3566 1749 μὲν
3596 1679 3727 1744 τῶν,

489 1774 567 1827 illi
607 1771 852 1830 ﬂoreant.
884 1785 1029 1824 nunc
1056 1776 1420 1832 marcescant,
1467 1768 1539 1821 ita
1567 1779 1624 1823 nt
1665 1785 1764 1824 nec
1796 1768 2052 1836 felicitas,

489 1876 591 1915 nec
621 1860 933 1922 infelicitas,
969 1866 1028 1910 ut
1064 1857 1171 1911 dici
1202 1858 1375 1921 solet,
1409 1858 1514 1910 lixa
1546 1858 1873 1927 stabilisque
1896 1860 2057 1915 nobis

490 1957 827 2020 permaneat.
877 1963 1066 2001 verum
1109 1947 1392 2000 celerrime
1427 1954 1659 2016 utraque
1692 1957 2061 2002 commutetnr

489 2054 552 2092 ac
604 2039 932 2101 delabatur;
987 2037 1123 2089 adeo
1182 2044 1241 2089 ut
1271 2036 1449 2090 ventis
1496 2037 1677 2104 potius
1713 2037 1881 2091 lidere
1909 2039 2060 2107 quis-

489 2131 631 2200 piam
659 2129 848 2199 possit,
876 2137 969 2180 aut
991 2126 1186 2180 litteris
1230 2125 1284 2178 in
1323 2140 1462 2194 aqua
1488 2127 1727 2195 scriptis,
1763 2142 1924 2196 quam
1960 2129 2059 2180 Ιιο-

489 2223 696 2274 minum
743 2218 1114 2288 prosperitati.
1147 2215 1301 2281 Quod
1331 2217 1571 2284 quidem,
1621 2232 1741 2271 mea
1767 2217 2059 2282 sententia,

491 2310 584 2373 lit,
627 2317 686 2363 ut
730 2309 921 2362 harum
960 2323 1141 2362 rerum
1186 2307 1609 2360 inconstantiam
1637 2313 1691 2359 et
1723 2306 2063 2375 inatqnalita-

490 2411 598 2455 tem
627 2395 1332 2468 spectantes,concitatiore
1351 2410 1515 2449 cursu
1533 2395 1596 2448 ad
1622 2393 1790 2448 Deum
1812 2403 1860 2449 et
1882 2395 2061 2449 futura

493 2502 866 2560 properemus,
908 2501 974 2540 ac
1001 2485 1160 2540 nobis
1207 2499 1426 2555 quoque
1454 2484 1590 2553 ipsis
1630 2484 1877 2553 nonnihil
1924 2500 2065 2553 pro-

490 2579 808 2650 spiciamns,
843 2591 1063 2646 parvam
1085 2576 1400 2629 umbrarum
1432 2583 1486 2628 et
1509 2575 1847 2629 somniorum
1875 2589 2062 2629 curam

489 2677 760 2740 gerentes.
809 2665 914 2721 Sed
967 2666 1110 2719 unde
1157 2665 1271 2718 haec
1320 2663 1474 2717 ﬂuxit
1506 2665 1722 2719 oratio?
1769 2680 1877 2719 non
1917 2667 2063 2720 enim

491 2768 694 2814 temere
719 2754 1089 2825 pliiloSOphor,
1107 2769 1209 2808 nec
1237 2755 1511 2807 incassum
1537 2768 1623 2807 me
1643 2760 1876 2807 ostento.

561 2847 692 2901 Erat
719 2846 998 2918 quondam
1031 2861 1139 2900 non
1171 2845 1392 2900 obscuri
1419 2844 1657 2900 nominis
1689 2853 1818 2899 tuus
1844 2857 2064 2913 quoque

489 2938 780 3002 Caesarius,
815 2939 944 3002 imo,
977 2935 1081 2991 nisi
1116 2950 1203 2989 me
1231 2934 1508 2990 fraternus
1540 2949 1696 2989 amor
1744 2933 1904 2998 fallit,
1940 2949 2063 3004 per-

491 3042 655 3096 quam
682 3027 848 3097 ampli
885 3033 940 3081 et
973 3023 1283 3095 splendidi,
1321 3023 1653 3078 eruditionis
1681 3023 1900 3078 nomine
1927 3038 2062 3079 con-
2087 3009 2130 3067 C

492 3120 736 3189 spicuus,
769 3132 979 3172 morum
1002 3119 1269 3186 probitate
1301 3115 1576 3185 plerisque
1619 3115 1892 3184 superior,
1923 3116 2061 3170 ami-

491 3225 684 3264 corum
715 3207 821 3277 25
859 3209 1021 3263 etiam
1053 3207 1210 3275 copia
1243 3206 1430 3260 clarus
1456 3213 1512 3260 et
1537 3205 1796 3268 celebris,
1830 3221 2063 3275 quorum

496 3302 640 3354 inter
694 3299 902 3367 primos
957 3297 1259 3366 principem
1312 3305 1366 3351 te
1405 3303 1667 3365 tuamque
1724 3295 2062 3351 nobilitatem

491 3404 638 3450 esse.
673 3395 788 3442 tum
827 3387 944 3456 ipse
991 3386 1361 3449 existimabat,
1413 3394 1530 3440 tum
1577 3387 1736 3440 nobis
1771 3386 2066 3456 persuade-

497 3481 610 3536 bat.
665 3481 742 3534 Ac
789 3487 973 3533 vetera
1022 3478 1241 3547 quidem
1289 3477 1604 3546 huiusmodi
1657 3486 1857 3543 erant;
1904 3489 2067 3548 tuque

494 3568 659 3624 etiam
707 3567 792 3621 his
820 3568 974 3636 plura
1015 3582 1047 3619 a
1083 3567 1258 3636 teipso
1294 3567 1542 3634 adjicies,
1602 3566 1927 3622 funebribus
1994 3569 2066 3622 il-

498 3655 610 3707 lum
664 3653 968 3708 honoribus
999 3669 1360 3722 prosequens,
1395 3663 1450 3708 et
1480 3655 1624 3724 quod
1663 3663 1857 3708 natura
1898 3657 2070 3710 omni-

403 3796 408 3801 .
497 3747 603 3801 bus
648 3747 873 3800 insitum
917 3752 1023 3810 est,
1068 3753 1285 3799 mortuo
1337 3745 1613 3816 quidpiam
1664 3747 1897 3814 amplius
1927 3748 2068 3810 elar-

496 3837 672 3907 giens.
708 3834 865 3890 Nune
898 3850 1028 3890 vero
1067 3835 1152 3904 (ac
1178 3851 1248 3891 ne
1286 3837 1450 3891 siccis
1471 3837 1647 3891 oculis
1682 3837 1826 3891 hunc
1861 3853 2069 3892 sermo-

497 3941 620 3982 nem
676 3927 1039 3990 transmittas,
1074 3933 1166 3980 aut
1212 3927 1442 3981 honeste
1490 3935 1639 3982 certe
1684 3937 1739 3982 et
1784 3928 2069 3982 commode

495 4020 873 4090 collacryines)
924 4021 1012 4073 hic
1061 4018 1280 4090 quidem
1327 4019 1597 4075 exanimis
1623 4019 1787 4088 jacet,
1819 4021 1888 4075 ab
1935 4020 2071 4073 ami-

496 4112 578 4166 cis
625 4113 807 4181 inops,
861 4112 1133 4174 desertus,
1191 4113 1542 4179 miserabilis,
1597 4114 1792 4184 exigua
1850 4116 2068 4184 myrrha

496 4202 732 4256 donatus
817 4201 889 4271 (si
939 4209 1124 4255 tamen
1173 4201 1277 4254 hae
1327 4203 1594 4276 quoque),
1656 4219 1722 4258 ac
1780 4208 1970 4274 paucis
2016 4215 2070 4262 et

569 4351 678 4431 (96)
711 4351 790 4420 Τῇ
810 4353 1072 4431 ’ὐμεζέρᾳ
1096 4353 1430 4422 ἀγαθότητι.
1461 4355 1594 4410 Cod.
1631 4356 1763 4427 Reg.
1805 4357 1940 4430 πρὸς
1970 4358 2068 4431 τὴν
2099 4333 2143 4388 D

498 4421 1129 4492 6p:_t§pav_dty106-cqta.

570 4487 687 4566 (97)
714 4487 798 4566 Τῷ
817 4487 976 4566 παρὰ
1003 4487 1129 4558 ταῖς
1149 4491 1432 4561 Γραφαῖς.
1459 4491 1536 4546 Ita
1553 4494 1714 4549 codd.
1743 4493 1909 4566 Regg.
1935 4497 2066 4555 duo.

499 4557 558 4614 In
579 4557 668 4613 ed.
702 4559 854 4614 deest
876 4557 976 4628 τῷ.

571 4628 683 4700 (98)
723 4629 872 4700 Alias
897 4627 1086 4685 XVIII.
1107 4629 1321 4700 Scripta
1349 4632 1494 4684 circa
1527 4632 1690 4687 linem
1719 4635 1844 4688 anni
1872 4634 2072 4690 569.—

499 4699 825 4769 Σωρρονίῳ
859 4699 1142 4768 Ὑπάρχῳ.
1181 4699 1357 4752 Amm.
1387 4701 1759 4766 Marcellinus,
1792 4704 1886 4758 lib.
1920 4721 2067 4769 τινι,

503 4770 754 4840 meminit
782 4768 1026 4840 ejusdem
1051 4770 1343 4840 Sophronii
1376 4771 1611 4839 primum
1633 4774 1853 4834 notarii,
1878 4773 2072 4830 deinde

502 4838 742 4912 praefecti
769 4838 1322 4912 Constantinopoleos
1347 4838 1722 4912 subjalente,
1757 4844 1849 4912 qui
1879 4844 1925 4897 is
1951 4860 2074 4900 esse

502 4907 718 4981 yidetur
744 4907 809 4960 ad
840 4924 1000 4981 quem
1017 4907 1226 4981 scribit
1251 4917 1435 4981 noster
1461 4907 1788 4981 Theo|0gnsl
1820 4911 1943 4966 Haec
1967 4912 2074 4966 Bil-

503 4975 630 5028 lius.
665 4975 780 5030 Non
812 4975 990 5032 nudus
1014 4980 1179 5052 igitur
1201 4977 1445 5052 ἡγεμών,
1471 4980 1551 5052 ait
1567 4975 1834 5052 Conibef.,
1865 4982 2073 5052 autdp-

504 5011 630 5028 unum
665 5011 780 5030 uuu
812 5011 990 5032 uuuua
1015 5011 1167 5049 ιδιιιιι
1208 5011 1220 5030 ι
1249 5011 1445 5048 ιιμυυν,
1471 5011 1545 5032 αιι
1567 5011 1834 5045 uolnus“,
1865 5011 1957 5035 aus
1973 5011 2071 5052 up-

501 5061 639 5125 χων,
679 5061 891 5125 praises,
923 5055 983 5125 u_t
1013 5050 1188 5125 reddit
1223 5011 1430 5125 biltius,
1459 5048 1553 5102 sed
1584 5049 1863 5125 prwfectus
1898 5053 2071 5116 urbis,

717 5115 903 5180 rebus,
929 5116 996 5170 de
1022 5118 1222 5188 quibus
1250 5118 1359 5188 agit
1391 5115 1706 5186 Gregorius,
1735 5135 1951 5173 summa
1981 5136 2074 5176 au-

598 5199 640 5236 l'l
668 5199 749 5236 as.

500 5193 749 5237 ctoritas.

576 5253 690 5324 (99)
721 5252 908 5324 Greg.,
940 5253 1121 5309 Carm.
1157 5257 1254 5311 lib.
1293 5273 1351 5316 ιι.
1385 5272 1557 5313 carm.
1589 5272 1652 5317 ιι,
1692 5272 1833 5313 vers.
1865 5258 1989 5313 576.

575 5322 652 5395 (l)
677 5322 1098 5395 ffajdxaraaia
1129 5325 1198 5378 δὲ
1234 5327 1384 5393 ὑπὲρ
1421 5327 1564 5394 τοὺς
1589 5329 1882 5395 πολλοὺς.
1915 5329 2078 5382 Com—

503 5389 638 5471 δρία
664 5390 880 5445 Horum
921 5389 1182 5460 probitate
1209 5389 1368 5465 quani
1395 5412 1490 5464 pro
1522 5389 1662 5468 uulgi
1687 5389 1892 5452 ratione
1921 5415 2076 5468 supe-

505 5474 656 5606 ηῗῖέ)
696 5529 935 5606 Πρῶτον
970 5531 1040 5606 ἐγ
1067 5531 1444 5606 πρώτοιςηιιει
1487 5535 1659 5606 codd.
1682 5536 1791 5590 duo
1819 5535 1986 5606 Regg.
2017 5537 2075 5606 ln

512 5597 598 5654 cd.
631 5600 690 5653 ἐν
718 5599 954 5674 πρώτοις
986 5597 1203 5659 desunt.
1237 5597 1403 5658 l‘anlo
1434 5604 1571 5658 infra
1608 5605 1769 5669 αὐτός
1812 5623 1869 5659 τε
1902 5597 2073 5675 ’ἐφρό-

2157 1777 2250 1830 νῦν
2293 1777 2349 1829 δὲ
2383 1777 2492 1828 τῶν
2530 1774 2830 1830 ἀνθούντων
2883 1772 2979 1825 καὶ
3031 1770 3432 1832 άπανθούντων,
3480 1771 3571 1822 καὶ
3605 1769 3728 1823 οὕτε

2157 1865 2249 1919 τοῦ
2302 1862 2361 1918 εὖ
2421 1866 2678 1936 πράττειν
2729 1862 2962 1925 ἑστῶτος
2999 1863 3159 1932 ἡμῖν,
3217 1859 3340 1913 οὔτε
3389 1859 3482 1913 τοῦ
3535 1859 3728 1913 δυστυ-

2157 1959 2290 2025 χεῖν,
2307 1956 2336 2008 ὃ
2354 1956 2418 2026 δὴ
2436 1956 2704 2024 λέγουσιν,
2728 1954 2862 2008 ἀλλὰ
2898 1953 3126 2022 τάχιστα
3151 1969 3438 2022 μετακινου
3447 1950 3604 2021 μένου
3635 1950 3729 2003 καὶ

2162 2048 2611 2122 μεταπίπτοντος,
2673 2046 2748 2109 ὡς
2786 2044 2982 2115 αὔραις
3017 2040 3155 2096 εἶναι
3199 2042 3395 2112 μᾶλλον
3433 2041 3727 2104 πιστεύειν,

2161 2139 2253 2191 καὶ
2283 2138 2573 2209 γράμμασι
2621 2139 2734 2199 τοῖς
2783 2135 2906 2188 καθ’
2948 2133 3160 2195 ὓδατος,
3199 2132 3231 2202 ἢ
3283 2131 3582 2202 ἀνθρώπων
3636 2133 3730 2183 εύ-

2158 2227 2383 2298 ημερίᾳ.
2433 2225 2588 2290 Τίνος
2618 2226 2832 2288 ἕνεκεν;
2877 2223 3001 2294 ἐμοὶ
3048 2222 3212 2285 δοκεῖ,
3237 2221 3323 2274 ἴνα
3359 2221 3417 2273 τὸ
3444 2223 3502 2273 ὲν
3520 2218 3727 2283 τούτοις

2160 2315 2387 2368 ἄστατον
2416 2315 2510 2366 καὶ
2554 2313 2837 2383 ἀνώμαλον
2873 2310 3222 2382 θεωροῦντες,
3257 2308 3450 2379 μᾶλλόν
3477 2309 3529 2360 τι
3551 2325 3723 2378 προσ-

2161 2403 2441 2474 τρέχωμεν
2515 2402 2594 2472 τῷ
2644 2401 2796 2472 Θεῷ,
2864 2401 2958 2453 καὶ
3003 2399 3082 2470 τῷ
3143 2399 3406 2469 μέλλοντι,
3463 2397 3556 2450 καί
3603 2412 3728 2450 τινα

2163 2490 2443 2561 ποιώμεθα
2477 2492 2570 2543 κα)⁸
2602 2490 2759 2561 ἡμῶν
2787 2488 2964 2542 αὐτῶν
3012 2487 3347 2557 ἐπιμέλειαν,
3379 2485 3582 2555 βραχέα
3620 2485 3730 2538 τῶν

2166 2580 2332 2633 σκιῶν
2359 2581 2455 2633 καὶ
2488 2579 2595 2632 τῶν
2635 2579 2926 2649 ὀνειράτων
2959 2574 3351 2647 φροντίζοντες.
3381 2573 3538 2626 Ἀλλὰ
3566 2572 3729 2627 πόθεν

2163 2671 2295 2740 ἡμῖν
2317 2673 2346 2723 ό
2365 2669 2547 2738 λόγος;
2573 2670 2634 2722 οὑ
2664 2669 2773 2740 γὰρ
2805 2666 2928 2736 είκῆ
2963 2665 3132 2719 ταῦτα
3156 2663 3447 2734 φιλοσοφῶ,
3468 2662 3586 2716 οὐδὲ
3612 2661 3730 2715 δια-

2163 2759 2327 2829 κενῆς
2356 2758 2785 2828 καλλωπίζομαι.

2231 2845 2341 2903 Ἦν
2382 2867 2514 2903 ποτε
2547 2848 2656 2903 τῶν
2685 2849 2786 2901 οὐκ
2837 2844 3060 2916 ἀφανῶν
3093 2844 3187 2898 καὶ
3218 2846 3247 2897 ὁ
3288 2844 3380 2907 σὸς
3411 2844 3727 2915 Καισάριος,

2165 2943 2214 2996 εί
2249 2940 2306 2994 δὲ
2330 2940 2405 3013 μὴ
2435 2940 2511 3004 ὡς
2534 2938 2758 3009 ἁδελφὸς
2781 2938 3093 3008 ἁπατῶμαι,
3121 2938 3214 2990 κα).
3233 2936 3341 2990 τῶν
3368 2935 3487 2988 λίαν
3535 2936 3730 3006 ἐπιφα-

2164 3031 2307 3097 νῶν,
2365 3029 2643 3101 γνώριμος
2694 3030 2793 3100 μὲν
2847 3028 2942 3082 ἐπὶ
3002 3027 3314 3092 παιδεύσει,
3362 3026 3731 3100 καλοκαγαθίᾳ

2163 3121 2220 3175 δὲ
2253 3120 2394 3192 ὑπὲρ
2430 3120 2556 3184 τοὺς
2594 3118 2822 3182 πολλοὺς
2849 3119 2948 3190 (l),
2983 3117 3235 3188 λαμπρὸς
3273 3117 3330 3170 δὲ
3367 3117 3536 3186 φίλων
3575 3135 3730 3187 περι-

2163 3213 2353 3284 ουσίᾳ,
2398 3205 2473 3266 ὧν
2514 3210 2730 3282 πρῶτον
2778 3211 2837 3265 ὲν
2881 3209 3119 3282 πρώτοις
3165 3209 3242 3280 (2)
3291 3208 3351 3261 σέ
3395 3225 3454 3261 τε
3495 3209 3589 3261 καὶ
3631 3208 3732 3279 τὴν

2167 3305 2265 3376 σὴν
2293 3303 2569 3372 εὐγένειαν
2602 3301 2870 3373 ὑπάρχειν
2910 3299 3060 3370 αὐτῷ
3098 3300 3260 3363 αὑτός
3284 3316 3344 3353 τε
3369 3299 3606 3370 ἐφρόνει,
3639 3300 3731 3353 καὶ

2163 3394 2313 3463 ἡμᾶς
2341 3392 2545 3446 ἔπειθε.
2569 3391 2650 3445 Τὰ
2687 3391 2784 3462 μὲν
2807 3391 2870 3462 δὴ
2899 3389 3104 3444 παλαιά
3137 3388 3333 3451 ταῦτα,
3360 3390 3454 3442 καὶ
3475 3389 3543 3442 τὰ
3565 3389 3733 3444 πλείω

2167 3484 2315 3554 παρὰ
2358 3482 2582 3536 σεαυτοῦ
2627 3481 2979 3552 προσθήσεις,
3017 3479 3194 3550 τιμῶν
3233 3479 3394 3532 αύτδν
3439 3479 3728 3547 ὲπιτάφια³

2165 3571 2259 3624 καὶ
2288 3569 2315 3622 ὃ
2343 3569 2502 3640 φύσει
2542 3569 2741 3632 πάντες
2777 3566 2972 3638 ἔχομεν
3005 3566 3299 3638 ἄνθρωποι,
3336 3566 3534 3638 μᾶλλόν
3573 3585 3624 3620 τι
3656 3565 3733 3637 τῷ

2167 3659 2457 3714 ἀπελθόντι
2480 3657 2838 3730 χαριζόμενος
2873 3659 2971 3728 (5).
3003 3657 3085 3710 Τὰ
3119 3657 3174 3709 δὲ
3199 3656 3294 3710 νῦν
3333 3657 3454 3727 (καὶ
3485 3657 3631 3720 ὅπως
3660 3655 3734 3726 μὴ

2166 3751 2533 3823 παραδράμῃς
2579 3749 2653 3820 (4)
2697 3747 2961 3821 ἀδακρυτὶ
3005 3747 3097 3800 τὸν
3143 3747 3390 3817 λόγον,ἦ
3442 3746 3735 3816 δακρύσαις

2166 3859 2231 3911 γε
2263 3843 2342 3905 εἰς
2373 3840 2536 3895 καλὸν
2568 3839 2662 3894 καὶ
2707 3840 2976 3910 χρήσιμον
3088 3839 3116 3891 ὁ
3163 3839 3260 3907 μὲν
3293 3841 3464 3890 κεῖται
3510 3836 3732 3906 νεκρὸς,

2168 3933 2379 4002 ἄφιλος,
2413 3931 2639 4003 ἔρημος,
2684 3928 3024 3999 ἐλεούμενος,
3061 3929 3306 3999 σμύρνης
3351 3927 3538 3996 ὀλίγης
3574 3926 3736 3997 ﬁgi“)-

2172 4023 2329 4094 μένος
2370 4024 2458 4093 (ei
2491 4039 2554 4090 γε
2597 4021 2690 4088 καὶ
2734 4019 2982 4087 τούτου),
3016 4019 3110 4072 καὶ
3163 4017 3377 4089 μικρῶν
3427 4019 3736 4086 ἐνδυμάτων

2169 4115 2276 4169 τῶν
2301 4112 2624 4169 τελευταίων
2652 4111 2728 4182 (5)
2755 4129 2770 4143 ο
2814 4109 2946 4163 πολύ
2978 4127 3041 4178 γε
3075 4110 3155 4162 ὅτι
3195 4110 3288 4161 καὶ
3323 4108 3526 4161 τούτων
3553 4109 3736 4161 ἐλεού-

2173 4223 2351 4276 μενος.
2391 4199 2837 4256 Ἐπιπεπτώκασι
2878 4201 2935 4254 δὲ
2974 4203 3024 4254 οἱ
3068 4199 3270 4271 ἐχθροὶ,
3298 4198 3374 4261 ὥς
3420 4215 3482 4267 γε
3527 4199 3734 4253 πυνθά-

2173 4377 2275 4414 νει.
2302 4357 2452 4418 Bill.,
2487 4365 2595 4409 tum
2622 4357 2729 4424 ipse
2761 4355 3072 4426 conﬁdebat.

2245 4429 2323 4497 (5)
2369 4421 2713 4497 Ἀπετῑθόιλτι
2741 4421 3136 4496 χαριζόμενος.
3167 4423 3243 4478 Ita
3269 4423 3391 4478 cod.
3413 4430 3466 4479 et
3487 4421 3735 4479 Combef.

2175 4498 2232 4553 In
2255 4494 2343 4552 ed.
2374 4494 2738 4566 χαριζόμενοι.

2247 4567 2322 4636 (4)
2362 4561 2471 4619 Καὶ
2507 4561 2664 4636 ὅπως
2698 4563 2784 4633 μὴ
2822 4563 3230 4636 παραδράμῃς.
3274 4564 3527 4636 Apparet,
3561 4561 3736 4631 inquit

2175 4633 2390 4698 Billius,
2427 4635 2712 4703 legendum
2749 4650 2870 4688 esse
2918 4635 3066 4695 ὅπως
3095 4649 3199 4703 μοι
3248 4633 3633 4701 παραδράμῃς,
3681 4643 3736 4681 ιιι

2179 4708 2230 4759 in
2261 4704 2450 4769 Frob.,
2484 4701 2593 4757 non
2624 4703 2770 4761 ὅπως
2804 4705 2899 4773 μή,
2933 4709 2992 4754 ιιι
3015 4701 3349 4773 in4ll_ervaq.,
3381 4703 3525 4771 quod
3556 4708 3736 4770 aperte

2179 4775 2380 4849 indicat
2434 4773 2485 4826 id
2541 4773 2699 4849 quod.
2737 4770 3003 4849 sequitur,
3053 4771 3085 4839 ῆ
3124 4770 3424 4849 δακρύσαις
3473 4779 3729 4849 γεκρῑεη

2220 4843 2325 4897 nod
2358 4837 2790 4912 pratccd‘entibus
2820 4837 3029 4912 verbis
3047 4837 3244 4912 opponi
3278 4840 3529 4912 uidetur.
3565 4837 3736 4912 Vertit

2220 4861 2325 4897 nou
2358 4861 2790 4912 prwcettellttmls
2838 4861 3016 4894 vernis
3047 4861 3242 4907 opponi
3301 4861 3529 4892 \tuetur.
3576 4861 3728 4892 veru:

2179 4861 2369 4966 gillins
2395 4931 2410 4966 :
2433 4914 2508 4964 Ac
2535 4927 2692 4974 nunc,
2719 4926 2780 4962 ac
2795 4909 3136 4964 videutsiecis
3168 4909 3355 4969 oculis,
3386 4916 3515 4961 etc.;
3556 4906 3728 4959 aliile-

2177 4988 2334 5052 gunt,
2348 4983 2440 5034 καὶ
2452 4980 2569 5043 πῶς
2587 4998 2675 5050 μοι
2699 4979 3224 5052 παραδράμῃς,μειο.,
3242 4988 3290 5030 ει
3315 4975 3570 5044 quomodo
3586 4976 3737 5052 siccis

2180 5045 2344 5106 oculis
2373 5053 2508 5103 hunc
2541 5045 2828 5103 sermonem
2861 5045 3266 5106 transmitteres,
3300 5045 3674 5098 autcommode
3688 5055 3737 5097 et

2179 5120 2381 5175 utiliter
2401 5119 2807 5188 collacrymares
2823 5117 3020 5183 ?Quasi
3043 5117 3247 5188 diceret
3261 5113 3626 5188 Sophroninm
3645 5129 3736 5188 ne:

2181 5205 2287 5257 que
2321 5207 2428 5244 non
2476 5183 2760 5257 lacrimari
2805 5202 2995 5257 posse,
3019 5201 3192 5257 neque
3223 5186 3295 5236 ita
3331 5183 3641 5257 lacrytnarj,
3683 5187 3738 5234 ut

2183 5252 3362 5329 lacrymando_aliquicl_'proliciat.‘Montae.
3411 5252 3548 5329 legitL
3589 5253 3742 5329 ὅπως

2186 5319 2512 5397 μοι.”Μοιέ1.
2556 5319 2703 5397 ὅπως
2744 5319 2830 5396 μὴ’
2865 5341 2977 5397 μοι,
3040 5334 3169 5386 etc.;
3205 5329 3263 5397 at
3317 5319 3742 5397 Combcl'._nihil

2185 5389 2500 5450 mutandum
2552 5389 2888 5463 judicatfe't
2913 5394 3388 5463 ejusversionem
3437 5389 3738 5458 sequimur.

2183 5462 2841 5543 παραδράμῃςᾲδακρυτὶ
2871 5463 2963 5543 τδν
3004 5462 3180 5543 λόγον.

2277 5524 2329 5604 5)
2370 5524 2879 5604 'Tti'w'relsvralwr.
2910 5533 2983 5604 Ita
3008 5524 3478 5604 coddeuoIiegg.
3500 5524 3739 5604 Montac.

2185 5594 2370 5662 Marci.
2397 5610 2452 5659 et
2478 5603 2608 5659 editi
2640 5601 2902 5658 nonnulli.
2952 5601 3072 5655 Bill.
3109 5599 3218 5653 τῶν
3251 5594 3502 5664 εὐτελῶν,
3529 5594 3743 5651 vilibus.
