4066 6214
287 303 358 360 65
1613 293 1946 353 EPISTOLA
1988 292 2156 350 XXX.
3473 293 3544 352 66

283 429 467 485 νομαι,
501 411 595 464 καὶ
635 409 797 472 ἄλλος
846 408 1065 462 ἄλλοθεν
1105 407 1174 460 τὰ
1215 407 1427 461 ἐκείνου
1483 407 1625 459 κατὰ
1663 406 1862 475 πολλὴν

1979 407 2180 461 ultimis
2228 405 2666 485 integumentis:
2714 420 3008 477 magnique
3053 407 3218 462 etiam
3267 410 3546 466 aestiman-

281 503 527 570 ἐξουσίαν
553 541 568 566 ,
617 503 667 553 oi.
722 499 824 571 μὲν
868 497 1248 570 διαρπάζουσι,
1285 497 1337 550 οι
1377 496 1434 550 δὲ
1472 495 1777 567 μέλλουσιν.
1803 497 1869 548 Ὢ

279 597 378 665 τῆς
412 592 774 664 ἀναλγησίας,
807 590 854 660 ὢ
883 591 981 660 τῆς
1023 589 1341 660 ὠμότητοςί
1377 587 1489 640 Καὶ⁸
1538 589 1566 639 6
1609 587 1868 641 κωλύσων

275 682 457 744 οὐδείς
475 699 490 713 ο
521 680 640 734 ἀλλ’
679 681 708 733 ὅ
742 696 804 747 γε
832 677 1368 749 φιλανθρωπότατος,
1395 676 1554 730 τοῦτο
1584 677 1867 750 χαρίζεται

281 774 469 843 μόνον,
506 771 859 825 ἀνακαλεῖται
897 771 1028 832 τοὺς
1070 769 1304 839 νόμους·
1343 769 1438 821 καὶ
1482 770 1531 822 εί
1567 769 1648 821 δεῖ
1683 767 1870 822 συντό-

281 883 404 934 μως
440 867 637 927 εἰπεῖν,
676 863 862 933 δρᾶμα
901 861 1230 930 γεγόναμεν,
1263 860 1320 912 οἵ
1362 877 1491 913 ποτε
1519 861 1870 931 νομισθέντες

277 953 625 1023 εὐδαίμονες.
651 950 836 1004 Ταῦτα
871 949 948 1020 μὴ
977 951 1184 1004 ἀνεκτὰ
1216 948 1294 1020 (6)
1322 950 1544 1019 φανήτω
1584 966 1694 1002 σοι’
1731 949 1870 1003 ἀλλὰ

279 1046 375 1096 καὶ
411 1043 774 1112 συνάλγησον,
805 1040 903 1094 καὶ
928 1041 1434 1110 συναγανάκτησον,
1467 1040 1561 1093 καὶ
1595 1040 1683 1104 δὸς
1709 1041 1870 1112 χάριν

277 1135 464 1204 νεκρῷ
502 1132 810 1204 Καισαρίῳ.
852 1132 964 1184 Ναὶ
991 1131 1130 1202 πρὸς
1175 1131 1276 1201 τῆς
1315 1130 1498 1200 φιλίας
1537 1131 1711 1201 αὐτῆς
1734 1149 1748 1162 ’
1785 1132 1873 1185 ναὶ

281 1226 426 1296 πρὸς
449 1223 558 1277 τῶν
588 1224 698 1276 σῶν
743 1222 1019 1291 φιλτάτων
1053 1223 1145 1274 καὶ
1183 1221 1292 1274 τῶν
1319 1221 1572 1286 ἐλπίδων,
1613 1221 1680 1284 ἃς
1717 1211 1902 1294 ποίη-’

285 1332 378 1368 σον
447 1313 656 1383 σεαυτῷ
717 1313 939 1380 δεξιὰς,
978 1313 1166 1374 πιστὸς
1217 1310 1296 1381 τῷ
1339 1311 1628 1366 ἀπελθόντι
1682 1312 1872 1381 φανεὶς

283 1407 382 1459 καὶ
415 1406 671 1475 γνήσιοςο
712 1404 800 1456 ἴνα
837 1403 932 1456 καὶ
975 1405 1088 1465 τοῖς
1136 1400 1270 1465 ζῶσι
1296 1401 1455 1453 τοῦτο
1501 1402 1736 1477 χαρίσῃ,
1777 1402 1872 1454 καὶ

285 1497 525 1566 ποιήσῃς
579 1495 778 1565 αὐτοὺς
829 1492 1139 1556 εὐέλπιδας.
1203 1492 1320 1545 Οἴει
1388 1493 1520 1562 περὶ
1574 1492 1872 1563 χρημάτων

285 1588 434 1656 ἡμᾶς
462 1586 681 1653 ἁλγεῖν;
716 1586 779 1637 τὸ
803 1587 912 1654 τῆς
951 1582 1216 1654 αἰσχύνης
1265 1583 1397 1652 ἡμῖν
1448 1583 1870 1653 ἀφορητότερον,

289 1676 336 1726 εἰ
366 1674 540 1737 δόξειε
583 1674 744 1744 μόνος
775 1673 884 1726 τῶν
941 1672 1198 1726 ἁπάντων
1240 1671 1541 1740 Καισάριος
1587 1671 1660 1741 μὴ
1710 1674 1873 1742 ἐσχη-

1969 497 2120 562 dum,
2159 483 2305 566 quod
2348 497 2464 552 btet:
2505 512 2724 568 quoque
2759 499 3040 552 hominum
3067 499 3551 559 commiseratione

1969 598 2300 644 consecutus
2347 589 2438 644 sit.
2487 588 2752 659 Impetum
2810 597 2990 644 autem
3042 591 3229 645 hostes
3281 591 3547 659 fecerunt,

1971 689 2030 732 ut
2061 679 2248 743 audio,
2277 687 2444 748 atque
2488 678 2608 747 ejus
2643 677 2932 734 facultates
2978 680 3070 734 alii
3123 680 3347 736 aliunde
3381 682 3552 738 liber-

1971 773 2107 824 rime
2153 781 2207 824 et
2264 770 2717 832 insolentissime,
2765 770 2960 837 partim
3007 770 3298 840 diripiunt,
3351 773 3548 841 partim

1965 860 2190 928 jamjam
2230 859 2495 929 direpturi
2541 869 2691 915 sunt.
2751 858 3029 929 ingentem
3073 861 3454 916 crudelitatem
3497 873 3547 917 ο·

1971 950 2401 1004 immanitatem!
2448 948 2560 1003 Nec
2602 951 2890 1020 quisquam
2946 961 3032 1004 est
3082 950 3178 1019 qui
3222 950 3549 1020 prohibeat;

1971 1039 2067 1093 scd
2134 1038 2566 1095 humanissimus
2617 1041 2852 1109 quisque
2906 1041 3012 1095 hoc
3073 1042 3250 1095 solum
3307 1050 3550 1111 prarstat.

1970 1129 2117 1200 quod
2160 1131 2338 1201 legum
2389 1130 2547 1185 (idem
2607 1131 2864 1200 implorat
2903 1140 2958 1185 et
3007 1131 3354 1198 obtestatur;
3391 1143 3555 1202 atque

1973 1229 2032 1274 ut
2059 1235 2171 1274 uno
2203 1221 2373 1275 verbo
2405 1221 2607 1285 dicam,
2645 1221 2831 1276 fabula
2873 1221 3004 1277 facti
3045 1239 3258 1287 sumus,
3301 1225 3394 1294 qui
3433 1224 3555 1279 feli~

1972 1325 2065 1366 ccs
2112 1311 2387 1380 quondam
2444 1311 2800 1367 habebamur.
2859 1309 2936 1366 Ne
3005 1312 3102 1366 tibi
3159 1312 3275 1367 haec
3331 1313 3552 1368 ferenda

1973 1400 2268 1455 videantur
2297 1419 2312 1464 ;
2355 1412 2411 1455 at
2444 1418 2553 1456 una
2585 1418 2798 1458 mecum
2832 1405 3004 1458 vicem
3041 1413 3287 1458 nostram
3331 1406 3473 1469 dole,
3502 1415 3557 1461 et

1973 1491 2137 1546 simul
2195 1492 2505 1563 indignare,
2566 1494 2944 1564 beneﬁcioque
2994 1495 3292 1550 (Sa-sarium
3341 1510 3371 1549 e
3420 1497 3557 1550 rivis

1974 1583 2249 1637 sublatum
2287 1584 2460 1639 allicc.
2511 1584 2606 1637 Eia
2654 1594 2705 1639 te
2759 1601 2856 1652 per
2902 1586 3201 1639 amicitiam
3241 1585 3417 1654 ipsam
3458 1587 3557 1640 ob-

1975 1680 2194 1739 testor;
2242 1675 2326 1728 eia
2387 1691 2483 1742 per
2526 1691 2613 1737 ea,
2669 1692 2790 1746 quae
2843 1675 3169 1730 charissima
3216 1677 3406 1743 habes,
3462 1691 3558 1746 per

289 1763 443 1816 κέναι
482 1763 692 1830 φίλους,
723 1765 752 1814 ὁ
796 1761 861 1832 δὴ
895 1751 1266 1824 καὶπολλοὺς
1316 1760 1460 1830 ἔχειν
1497 1760 1761 1830 οἰόμενος.
1806 1761 1873 1813 Ἡ

1979 1777 2102 1832 spes
2157 1765 2342 1818 animo
2392 1777 2708 1834 conceptas,
2764 1780 2904 1835 quas
2962 1765 3063 1819 tibi
3123 1765 3331 1822 faustas
3384 1766 3557 1824 cllice.

292 1853 392 1922 μὲν
439 1851 712 1924 πρεσϐεία
769 1851 1030 1921 τοιαύτη,
1087 1851 1182 1903 καὶ
1247 1849 1399 1918 παρὰ
1445 1849 1702 1902 τοιούτων
1752 1850 1868 1920 (7),

291 1942 480 2012 ἐπειδή
508 1959 592 1994 σοι
632 1942 728 1994 καὶ
759 1941 818 1994 τὺ
849 1940 973 1994 καθ’
1007 1942 1157 2010 ἡμᾶς
1197 1938 1328 2002 ἴσως
1358 1937 1419 1990 ού
1461 1938 1758 2010 πάρεργον.
1806 1938 1874 1989 ’Ἀ

288 2032 348 2084 δὲ
400 2031 714 2102 βοηθήσεις,
766 2031 858 2084 καὶ
895 2030 964 2083 δι’
1011 2025 1108 2093 ὧν,
1157 2029 1253 2082 καὶ
1293 2029 1470 2091 ὅπως,
1508 2029 1578 2081 τά
1629 2044 1689 2079 τε
1736 2027 1878 2098 πρά-

294 2138 492 2191 γματα
555 2121 908 2187 ὑποθήσεται,
967 2121 1064 2174 καὶ
1112 2121 1148 2189 ἡ
1219 2119 1288 2189 σὴ
1346 2115 1698 2186 διασκέψεται
1754 2117 1879 2171 σύν-

293 2229 440 2277 εσις.

1980 1851 2145 1906 lidum
2192 1863 2243 1908 te
2284 1861 2339 1908 et
2384 1855 2662 1909 sincerum
2705 1857 2941 1909 amicum
2982 1865 3201 1910 mortuo
3244 1857 3491 1926 praebens
3535 1875 3557 1916 :

1982 1952 2042 1997 ut
2068 1944 2135 1998 iis
2173 1946 2360 2012 etiam,
2404 1947 2497 2014 qui
2544 1946 2654 1998 vita
2696 1945 2977 2010 fruuntur,
3033 1947 3137 2000 hoc
3184 1947 3458 2016 largiaris,
3493 1960 3558 1998 ac

1979 2049 2132 2102 spem
2173 2035 2455 2088 meliorem
2486 2036 2702 2089 aﬂ‘eras.
2746 2037 2830 2089 An
2860 2036 3306 2105 tupecuniarum
3335 2035 3558 2088 nomine

1977 2137 2081 2178 nos
2129 2124 2255 2193 angi
2325 2127 2530 2191 putas?
2586 2124 2990 2178 lntolerabilior
3043 2123 3204 2177 nobis
3237 2115 3557 2192 ignominia

1977 2211 2163 2278 fuerit,
2201 2214 2250 2268 si
2300 2214 2456 2268 solus
2507 2229 2572 2269 ex
2621 2214 2876 2270 omnibus
2918 2213 3244 2268 mortalibus
3285 2213 3560 2268 Caesarius

297 2300 501 2356 amicis
563 2300 813 2357 caruisse
855 2299 1125 2364 videatur,
1163 2299 1257 2370 qui
1286 2298 1591 2370 permultos
1621 2297 1785 2352 etiam
1841 2299 1947 2356 sibi
1998 2316 2122 2357 esse
2170 2303 2540 2359 existimabat.
2594 2303 2672 2358 Ac
2709 2303 3018 2374 deprecatio
3067 2304 3193 2359 talis
3241 2312 3347 2369 est,
3398 2314 3562 2373 atque

290 2408 323 2448 ι
350 2393 561 2448 talibus
605 2393 870 2463 profecta,
914 2392 1360 2464 quandoquidem
1398 2397 1456 2444 tu
1505 2407 1609 2447 nos
1654 2405 1874 2461 quoque
1902 2391 2140 2448 fortasse
2169 2410 2279 2449 non
2308 2393 2712 2450 contemnendo
2738 2395 2858 2451 loco
2915 2395 3108 2450 habes.
3163 2393 3319 2460 Quod
3375 2403 3559 2450 autem

291 2487 585 2554 auxilium,
638 2494 694 2542 et
734 2486 936 2556 quibus
975 2483 1348 2551 adminiculis,
1401 2498 1618 2555 quaque
1655 2484 1871 2540 ratione
1905 2483 2190 2540 ferendum
2224 2488 2319 2555 sit,
2357 2498 2471 2543 tum
2506 2503 2596 2543 res
2627 2486 2762 2558 ipsae
2817 2486 3214 2552 admonebunt,
3269 2494 3383 2540 tum
3429 2502 3573 2558 pru-

292 2579 478 2638 dentia
502 2587 601 2634 tua
634 2576 918 2648 dispiciet.

791 2694 874 2750 A'.
913 2692 1226 2764 ΦΙΛΑΓΡΙῼ
1273 2692 1374 2763 (8).

2379 2692 2488 2763 26
2543 2690 2714 2745 xxx.
2779 2690 3173 2748 PHILAGRIO.

365 2811 496 2867 Non
521 2810 707 2866 statim
745 2819 862 2878 post
892 2809 1118 2865 Cmarii
1144 2820 1366 2865 mortem
1399 2811 1657 2879 scriptam
1689 2826 1803 2866 esse
1829 2809 1967 2865 hanc
1999 2810 2282 2880 epistolam
2314 2810 2486 2878 ipsum
2520 2810 2762 2878 epistola:
2788 2811 2999 2864 initium
3031 2809 3309 2872 insinuat;
3339 2809 3432 2863 sed
3458 2827 3564 2865 nor

295 2892 406 2936 tam
435 2885 590 2950 longo
619 2891 738 2949 post
762 2890 1016 2946 tempore,
1048 2889 1104 2950 ut
1139 2882 1435 2934 arbitratur
1463 2880 1860 2943 Tillemontius,
1897 2882 1990 2950 qui
2023 2882 2198 2934 decem
2226 2889 2361 2950 ροσε
2382 2895 2552 2950 annos
2579 2882 2832 2948 scriptam
2862 2881 2984 2932 hinc
3013 2881 3151 2948 forte
3175 2879 3395 2949 colligit,
3427 2881 3565 2950 quod

294 2954 350 3006 in
381 2952 486 3005 hac
509 2947 733 3018 epistola
763 2951 1033 3019 scripserit
1062 2949 1369 3019 Gregorius,
1403 2950 1508 3003 sibi
1541 2949 1666 3003 vitae
1687 2947 2148 3005 consuetudinem
2178 2964 2304 3003 cum
2333 2947 2608 3019 Philagrio
2630 2965 2659 3002 a
2689 2947 2859 3004 livore
2887 2959 3151 3017 ereptam,
3176 2950 3271 3018 qui
3289 2947 3409 3019 fres
3431 2947 3567 3006 anas

294 3022 532 3076 moleste
563 3021 940 3074 constituerat.
976 3018 1148 3074 Nulla
1168 3017 1318 3074 certe
1347 3021 1557 3088 negotia
1595 3019 1764 3088 fuere,
1796 3020 2000 3074 decimo
2033 3028 2152 3088 post
2198 3028 2420 3072 mortem
2461 3017 2686 3072 Caesarii
2725 3035 2884 3080 anno,
2924 3035 3084 3087 neque
3121 3017 3211 3085 per
3242 3018 3564 3088 id__tempas,

296 3089 442 3158 quod
471 3089 666 3158 efﬂuxit
695 3089 758 3141 ab
789 3088 903 3157 ejus
935 3098 1122 3154 morte,
1154 3088 1320 3142 donec
1344 3085 1866 3158 Constantinopolim
1900 3106 1956 3144 se
1985 3085 2267 3157 conferret,
2304 3103 2421 3157 qua:
2452 3088 2821 3155 impedimento
2849 3088 2967 3158 ﬁeri
2995 3085 3259 3155 potuerint
3292 3085 3564 3158 Gregorio,

295 3156 583 3228 quominus
609 3156 869 3227 Pliilagrii
905 3160 994 3212 sui
1020 3159 1398 3212 consuetudine
1429 3156 1709 3212 uteretur.
1738 3157 1847 3214 νοω
1878 3160 2017 3213 livor
2047 3160 2252 3228 videtur
2281 3156 2460 3226 fucum
2493 3159 2678 3226 fecisse
2711 3162 2819 3210 uiro
2853 3157 3029 3217 docto,
3069 3159 3158 3226 qui
3190 3173 3306 3209 eam
3352 3156 3416 3210 de
3474 3157 3567 3210 iti-

294 3226 422 3282 nere
447 3226 1037 3294 ConstantinOpolitano
1064 3229 1201 3296 forte
1227 3237 1304 3282 est
1334 3230 1730 3296 interpretatus.
1768 3229 1955 3284 Verum
1983 3229 2118 3282 nihil
2148 3227 2400 3298 Gregorio
2425 3228 2753 3297 familiarius
2779 3242 3060 3298 quamquam
3085 3228 3211 3288 ista,
3238 3242 3343 3298 qua
3365 3228 3566 3294 passim

294 3308 488 3361 utitur,
521 3298 647 3348 dum
679 3298 799 3350 rita:
825 3311 934 3351 sua:
956 3298 1206 3352 molestos
1237 3299 1584 3367 adversosque
1618 3314 1773 3351 casus
1805 3302 2016 3361 narrat,
2047 3296 2468 3367 sive-antequam
2504 3297 3023 3367 Constantinopolim
3055 3306 3272 3367 peteret,
3296 3296 3569 3367 sit'e'post-

292 3382 452 3438 quam
503 3367 626 3419 inde
656 3367 923 3438 digressus
962 3379 1060 3421 est.
1107 3367 1379 3436 Quidquid
1415 3366 1625 3420 aduersi
1655 3377 1704 3438 et
1733 3369 1942 3438 molesti
1973 3369 2214 3438 contigit,
2252 3366 2409 3421 liv’ori
2456 3367 2665 3430 tribuit,
2707 3377 2764 3438 ut
2794 3366 3214 3438 sexcentislocis
3248 3366 3568 3438 facillimum

292 3433 368 3488 est
398 3436 793 3507 demonstrare.
830 3434 1035 3503 Swpius
1064 3441 1228 3490 etiam
1247 3433 1362 3507 Altac
1397 3453 1517 3490 voce
1559 3437 1834 3507 diabolum
1865 3433 2136 3507 intelligit:
2169 3437 2300 3492 Sera
2335 3439 2570 3505 profecto
2601 3447 2650 3490 et
2698 3437 3001 3504 importuna
3043 3435 3107 3488 de
3138 3445 3306 3489 morte
3339 3433 3568 3507 Ca’sarii

292 3515 409 3571 post
436 3505 620 3576 decem
655 3508 1198 3576 annosgquerimonia.
1218 3505 1403 3560 ~Nobis
1436 3508 1602 3575 igitur
1641 3506 1848 3562 videtur
1875 3505 2130 3576 scriptam
2158 3508 2296 3560 hanc
2333 3524 2446 3561 esse
2474 3507 2774 3574 epistolam,
2800 3523 2901 3576 quo
2942 3517 3173 3576 tempore
3207 3505 3425 3576 negotiis
3471 3519 3568 3556 w-

293 3589 531 3696 téressus,
561 3572 844 3696 Sopgrqnii
863 3572 1746 3645 'Constautinopolitanivpraefecti,
1781 3577 1924 3631 datis
1953 3572 2023 3631 ad
2050 3593 2169 3632 eum
2195 3578 2408 3642 litteris,
2439 3572 2588 3646 opem
2620 3572 2937 3646 implorabat
2961 3572 3213 3630 adversus
3251 3572 3569 3644 facultatum

338 3661 522 3696 wsam
552 3659 661 3696 ara:
704 3660 736 3696 a
764 3659 899 3696 ores.
2364 3688 2385 3696 -

338 3661 522 3697 esam
551 3659 899 3712 prazaatores.

361 3754 674 3824 Καισάριον
707 3754 807 3806 οὐκ
855 3753 996 3825 ἔχω·
1031 3755 1144 3826 ἐρῶ
1193 3755 1331 3827 γὰρ,
1365 3756 1458 3808 καὶ
1499 3757 1547 3809 εί
1596 3756 1671 3828 μὴ
1728 3757 1877 3826 φιλό-

2048 3756 2351 3813 Caesarium
2404 3771 2516 3810 non
2560 3755 2780 3821 habeo;
2815 3754 2993 3810 dicam
3037 3753 3206 3816 enim,
3243 3751 3346 3808 etsi
3375 3767 3568 3821 parum

297 3858 458 3911 σοφόν
491 3844 561 3896 τὸ
608 3844 803 3908 πάθος.
840 3846 1061 3915 Στέργω
1110 3847 1181 3898 τὰ
1221 3847 1523 3916 Καισαρίου
1560 3847 1661 3917 (9),
1703 3848 1799 3900 καὶ
1846 3847 1874 3899 ὃ

1984 3846 2403 3916 philosophicus
2441 3854 2528 3901 est
2572 3847 2662 3900 hic
2706 3845 2956 3900 allectus.
3008 3842 3233 3897 Caesarii
3272 3842 3441 3897 rebus
3477 3857 3570 3895 ac-

294 3933 346 3985 τί
399 3935 519 3986 ποτ’
579 3933 647 3986 ἂν
697 3933 792 3986 ἴδω
849 3936 1151 4006 Καισαρίου
1194 3937 1521 4007 γνώρισμα,
1574 3937 1668 3990 καὶ
1722 3954 1881 4008 περι-

297 4020 618 4091 πτύσσομαι
665 4024 760 4076 καὶ
806 4024 1122 4094 ἀσπάζομαι
1149 4065 1164 4089 ,
1194 4026 1289 4078 καὶ
1333 4027 1495 4078 οἱονεὶ
1543 4026 1705 4078 αὐτὸν
1749 4029 1883 4097 ὀρᾷν

297 4109 465 4176 δοκῶ,
512 4112 612 4164 καὶ
657 4117 926 4180 συνεῖναι,
970 4116 1063 4168 καὶ
1109 4115 1467 4185 διαλέγεσθαι.
1494 4107 1638 4181 ’,υἷον
1683 4116 1882 4170 ἔπαθον

297 4200 391 4252 καὶ
439 4199 539 4253 νῦν
581 4201 694 4272 (l0)
742 4203 835 4256 ἐπὶ
876 4207 988 4266 τοῖς
1055 4208 1166 4268 σοῖς
1213 4207 1558 4278 γράμμασιν.
1604 4207 1768 4277 Ὁμοῦ
1816 4223 1881 4276 γε

296 4289 542 4357 ἀνέγνων
598 4293 659 4344 τὸ
700 4292 1042 4364 πρόγραμμα
1089 4297 1190 4365 τῆς
1231 4297 1556 4368 ἐπιστολῆς,
1604 4298 1664 4350 τὸ
1704 4298 1878 4366 γλυκύ

301 4397 388 4448 μοι
440 4385 690 4453 πρᾶγμα
726 4384 820 4436 καὶ
868 4385 1038 4455 ὄνομα
1079 4385 1145 4438 τὸ
1193 4387 1520 4456 Φιλάγριον,
1568 4389 1663 4440 καὶ
1709 4389 1885 4441 πάντα

302 4486 388 4537 μοι
419 4472 650 4543 ἀθρόως
691 4473 979 4543 ὑπεισῆλθε
1023 4476 1092 4529 τά
1120 4493 1254 4528 ποτε
1295 4477 1524 4548 τερπνὰ,
1572 4479 1628 4530 αἱ
1677 4478 1882 4543 πόλεις,

297 4563 351 4612 αἱ
404 4562 735 4634 διατριϐαὶ,
785 4567 817 4634 ἡ
867 4567 1144 4637 τράπεζα,
1198 4569 1230 4639 ἡ
1277 4569 1436 4621 πενία
1471 4569 1618 4640 (Η),
1668 4569 1738 4623 τὰ
1784 4572 1886 4640 τῆς

296 4649 594 4719 ὶρατεινῆς
622 4651 933 4722 ὁμηλικίης,
964 4654 992 4705 ὃ
1027 4670 1192 4724 φησιν
1233 4656 1481 4726 Ὅμηρος
1516 4655 1649 4726 (12),
1689 4654 1723 4725 ἢ
1762 4656 1888 4708 παί-

363 4779 438 4852 (6)
487 4781 696 4838 Ταῦτα
721 4785 805 4852 μὴ
845 4788 1084 4842 ἀνεκτά.
1110 4788 1272 4845 Bil|.:
1308 4791 1437 4844 Haec
1461 4789 1555 4842 tibi
1578 4806 1641 4843 ne
1667 4788 1798 4842 levia
1835 4799 1885 4842 ct

297 4850 612 4921 tolerabilia
655 4850 946 4920 videantur,
977 4858 1213 4914 obsecro.
1264 4859 1408 4921 Mox,
1443 4860 1581 4912 ἀλλὰ
1616 4858 1712 4912 καὶ
1757 4876 1884 4912 συν·

294 4917 560 4989 ἄλγησον,
595 4921 744 4986 Bill.,
773 4917 948 4978 verum
977 4936 1026 4980 et
1053 4930 1212 4982 vicem
1241 4917 1480 4983 nostram
1509 4930 1648 4983 dole.

294 4989 442 5111 mg?)
484 4992 664 5058 Παρὰ
701 4997 1000 5050 τοιούτων.
1037 4996 1219 5053 Mallet
1252 4998 1498 5056 Combef.
1544 4998 1676 5070 περὶ
1707 4997 1883 5052 τοιού-

386 5128 442 5204 8)
471 5128 632 5208 Alias
656 5129 768 5208 XL.
791 5131 1005 5208 Scripta
1033 5135 1180 5208 circa
1209 5138 1350 5208 idem
1379 5145 1689 5208 tempus.-—
1704 5142 1882 5192 Φιλα-

295 5197 454 5276 ‘mltg.
512 5198 646 5276 ῌωο
681 5197 957 5276 epistola,
992 5207 1172 5276 inquit
1209 5207 1358 5272 Bill.,
1399 5197 1631 5263 Eudoxii
1679 5225 1879 5264 nomen

297 5265 798 5350 praeferebat,__tfon
845 5265 1139 5350 Philagrii;
1177 5278 1273 5332 sed
1313 5265 1438 5350 quis
1469 5279 1572 5333 hoc
1617 5286 1876 5350 typogra-

297 5333 384 5413 ρ]ιὶ
410 5339 730 5413 oscitanti;
762 5333 1147 5400 ascribenvduui
1185 5362 1293 5400 non
1329 5333 1512 5413 'videt,
1554 5333 1693 5402 cum.
1716 5333 1780 5402 ίιῗ
1814 5364 1877 5403 ea

295 5399 599 5488 Gregorius
629 5408 891 5488 Philagrii
940 5416 1267 5488 nominatim
1282 5399 1839 5473 intentionem—vinciat
1850 5399 1880 5472 ΤΞ

295 5469 620 5557 ςοηέἱιιιὶιίξι
673 5469 831 5557 οτι-οἶ·
873 5483 931 5537 in
973 5483 1080 5538 alia
1122 5469 1879 5557 quaefiduciafidae

299 5553 468 5607 um,
496 5547 752 5603 inolevit.

372 5613 703 5685 (ἭΣτέρῃω
724 5617 796 5674 τὰ
827 5623 1175 5693 Katc'aplov.
1204 5624 1473 5696 Combeﬁ,
1503 5624 1635 5692 Quae
1655 5626 1881 5683 (Ia-savii

1914 5103 1960 5161 ι)
1990 5085 2116 5161 ΥΡΞν
2137 5071 2181 5161 Ξ)

1982 3938 2234 4007 quiesco,
2275 3947 2329 3991 et
2371 3938 2418 3991 si
2456 3937 2590 4006 quid
2637 3935 2936 4003 aliquando
2967 3933 3200 3995 videam,
3234 3933 3381 4000 quod
3431 3933 3563 3985 mihi

1984 4024 2306 4077 memoriam
2350 4023 2496 4076 illius
2542 4022 2794 4083 refricet,
2840 4021 2945 4073 hoc
2996 4019 3298 4087 amplector
3358 4025 3412 4072 et
3471 4033 3570 4074 ex-

1985 4113 2223 4178 osculor,
2254 4127 2317 4167 ac
2333 4113 2478 4166 velut
2504 4126 2628 4165 eum
2661 4110 2858 4165 intueri
2889 4109 3020 4162 mihi
3048 4109 3256 4173 videor,
3293 4109 3569 4180 simulque

1987 4205 2199 4260 versari
2241 4214 2297 4259 et
2340 4202 2708 4262 confabulari.
2756 4201 2813 4256 ld
2848 4202 2984 4271 adeo
3010 4201 3144 4255 mihi
3185 4217 3334 4255 nunc
3376 4201 3435 4256 in
3470 4201 3566 4255 lit-

1988 4295 2122 4350 teris
2169 4295 2279 4351 tuis
2324 4294 2543 4348 accidit.
2602 4292 2737 4347 Nam
2794 4293 3026 4348 simulac
3063 4293 3292 4363 primam
3323 4293 3568 4364 epistola:

1986 4395 2194 4454 partem
2227 4386 2356 4455 legi,
2412 4401 2480 4440 ac
2522 4385 2918 4458 Philagrium,
2951 4401 3010 4439 rc
3058 4387 3388 4455 nomineque
3432 4385 3566 4439 mihi

1986 4478 2372 4533 suavissimum
2403 4477 2538 4541 vidi,
2560 4494 2752 4533 omnes
2788 4476 2921 4531 mihi
2954 4485 3166 4531 veteres
3191 4476 3568 4545 jucunditates

1986 4569 2042 4624 in
2104 4570 2347 4623 animum
2412 4577 2637 4639 repente
2703 4568 3020 4633 subierunt,
3076 4569 3281 4634 urbes,
3344 4569 3564 4631 studia,

1989 4673 2204 4723 mensa,
2262 4668 2581 4728 paupertas,
2637 4667 2804 4729 atque
2851 4657 3246 4728 jucundissimi
3300 4655 3563 4720 sodalitii,

1991 4801 2112 4846 sunt
2142 4792 2324 4861 natiue
2355 4807 2643 4861 prosequor
2672 4795 2872 4846 amoris
2901 4792 3005 4845 sui.
3157 4857 3169 4861 _
3319 4855 3350 4861 _
3426 4841 3430 4844 .

2062 4861 2174 4933 (10)
2221 4855 2364 4933 olor
2383 4855 2618 4933 ἔπαθον
2648 4863 2919 4933 καὶλνῦν.
2957 4863 3038 4914 lta
3068 4857 3192 4913 cod.
3218 4863 3272 4912 et
3311 4855 3563 4916 Combef.

1989 4931 2046 4987 in
2069 4924 2210 4985 'edit.
2236 4931 2329 4983 καὶ
2355 4924 2465 4983 οἷον
2490 4931 2690 4984 ἔπαθον
2719 4931 2834 4986 νῦν.

2062 5001 2174 5070 (ll)
2227 5001 2296 5055 'II
2323 5001 2598 5067 τράπεζα,
2643 5003 2682 5068 ἡ
2719 5001 2917 5070 πενία,
2957 4998 3012 5052 Si
3062 4995 3266 5070 mendo
3302 5005 3458 5070 caret
3501 5014 3566 5054 ea

2214 5065 2394 5135 πενία,
2425 5073 2500 5124 ait
2521 5065 2796 5134 Combcf.,
2824 5069 3028 5123 indicio
3057 5073 3141 5122 est
3173 5065 3407 5136 ἀσκήσει
3434 5085 3567 5137 ope-

1990 5155 2104 5193 ram
2133 5138 2348 5210 dedisse
2381 5139 2739 5210 Philagrium,
2783 5153 2890 5207 qua
2922 5138 3004 5192 sic
3029 5145 3424 5210 paupertatem
3471 5153 3561 5210 co-

1988 5210 2170 5270 luerit,
2207 5207 2472 5277 Gregorio
2504 5206 2579 5262 illi
2620 5206 2886 5277 palaestraz
2926 5206 3098 5261 socio.
3142 5206 3277 5259 lliuc
3323 5206 3463 5260 forte
3498 5209 3569 5261 Iw

1985 5280 2219 5349 gendum
2241 5281 2448 5358 uellent
2494 5279 2716 5348 quidam
2744 5279 2777 5350 ἡ
2806 5277 3055 5351 τράπεζα
3085 5279 3118 5347 ἡ
3161 5277 3340 5345 κοινή,
3385 5293 3566 5330 mensa

1986 5364 2301 5403 communis.

2059 5417 2168 5487 (l2)
2201 5417 2274 5468 '0
2323 5430 2515 5485 φησιν
2544 5416 2818 5485 Ὅμηρος.
2855 5417 3082 5480 Helena,
3121 5413 3285 5468 Iliad.
3322 5431 3403 5483 ιιι,
3442 5415 3564 5476 175,

1984 5487 2262 5542 Priamum
2291 5488 2594 5554 alloquens,
2629 5488 2710 5542 sic
2736 5489 2878 5541 inter
2903 5499 3100 5541 caetera
3137 5487 3214 5538 ait
3241 5504 3254 5540 :

1997 5552 2600 5642 mugienti-ams
2609 5573 2712 5642 μρι
2733 5556 2899 5610 ἁδεῖν
2920 5555 3126 5642 κακὸς.
3141 5556 3370 5642 timidas

1996 5627 2116 5681 Υἰέῖ
2147 5623 2237 5691 σῷ
2267 5625 2520 5694 ἑπόμην,
2553 5623 2826 5696 θάλαμον
2856 5627 3122 5698 γνωτούς
3154 5642 3217 5678 τε
3238 5623 3527 5690 λιποῦσα,
