4066 6214
263 223 341 275 οτι
1168 186 1181 205 ί
1592 218 1825 276 ειηετω

1968 217 2178 274 XXXII.
3456 230 3525 281 70

265 336 423 408 παρὰ
478 336 697 390 πάντων
752 332 1149 405 θαυμάζεσθαι.
1195 332 1317 387 Τῶν
1365 335 1421 389 δὲ
1483 336 1725 391 πυκτίων
1774 331 1825 391 ὦ

1954 334 2183 398 levabis,
2247 340 2362 389 tum
2408 335 2570 390 etiam
2631 334 2819 391 multis
2862 335 2931 391 ad
2976 335 3195 392 dolores
3247 338 3527 408 sapienter

261 428 509 498 ᾔτησας,
546 428 609 479 τὸ
640 426 743 497 μὲν
775 418 966 496 εὗρον,
1008 424 1100 477 καὶ
1136 423 1359 494 ἔπεμψά
1412 443 1495 479 σοι
1536 426 1825 498 προθύμως

1960 424 2216 480 ferendos
2238 426 2631 481 documentum
2665 426 2954 497 praebebis.
2986 426 3231 497 Denique
3260 442 3370 481 non
3398 444 3515 499 par-

259 518 321 571 τὸ
352 517 767 588 Δημοσθενικὺν
800 517 940 584 λέγω
963 532 977 544 ⁸
1013 517 1076 569 τὸ
1101 516 1161 569 δὲ
1210 516 1527 589 ἐζημιώθην
1555 533 1569 547 ⁸
1603 518 1706 571 οὐκ
1742 518 1825 588 εχι

1950 532 2076 571 vum
2108 518 2321 572 lucrum
2377 517 2546 572 facies
2576 518 2646 587 (si
2674 527 2852 573 tamen
2901 518 2954 572 id
3000 534 3218 588 quoque
3245 519 3345 573 tibi
3380 534 3529 573 curm

253 604 375 657 οἴου
411 606 482 658 σὺ
518 605 748 676 χρῄζεις
780 604 917 673 (27),
948 602 1047 673 τὴν
1096 603 1311 657 Ἰλιάδα.
1344 604 1434 675 Μὴ
1477 603 1586 675 γάρ
1615 621 1705 675 μοι
1737 605 1825 659 δια

1954 608 2097 677 est),
2152 624 2347 681 nempe
2398 609 2546 678 quod
2599 608 2654 662 in
2721 608 3085 664 admiratione
3144 609 3289 678 apud
3332 625 3527 664 omnes

256 696 563 768 πιστήσῃς,
598 696 681 747 ὅτι
727 693 885 763 μόνον
915 691 1123 745 τούτων
1165 692 1463 746 ἀπολαύειν
1500 694 1723 765 νομίζω,
1754 713 1825 750 κα

1951 701 2083 755 eris.
2120 699 2196 753 Ex
2230 700 2385 754 libris
2412 715 2577 770 porro
2602 715 2741 769 quos
2767 700 3034 767 postulas,
3057 700 3289 754 alterum
3316 698 3525 762 inveni,

258 786 401 855 μόνα
444 785 744 855 κεκτῆσθαι
778 783 983 845 καλῶς,
1008 777 1082 836 ὧν
1112 783 1178 837 ἂν
1210 784 1374 849 αὐτὸς
1409 786 1723 856 μετάσχοις,
1754 805 1825 840 κα

1949 805 2183 859 eumque
2225 790 2292 843 ad
2344 798 2396 844 te
2427 791 2660 845 libenter
2716 790 2865 854 misi,
2907 806 3104 859 nempe
3142 788 3524 844 Demostheni-

251 869 333 937 οἷς
367 874 448 927 ἂν
477 875 554 937 ὡς
593 873 818 927 σεαυτοῦ
850 874 1107 944 χρήσαιο.

1952 895 2075 933 cum
2113 899 2127 934 :
2159 884 2388 934 alterum
2424 896 2553 935 vero
2584 882 2741 935 amisi
2778 899 2793 946 ;
2824 897 2984 950 quem
3036 883 3240 951 poscis,
3279 896 3390 935 non
3425 881 3523 933 ha-

253 970 379 1032 beo,
432 969 694 1023 nimirum
756 968 1004 1023 Iliadem.
1064 967 1196 1021 Mihi
1234 967 1378 1022 enim
1425 969 1480 1023 in
1532 968 1639 1023 hoc
1683 970 1845 1025 velim
1907 970 2065 1027 fidem
2107 990 2177 1027 ne
2218 975 2487 1045 abrogcs,
2546 976 2750 1045 quippe
2798 977 2893 1045 qui
2938 992 3024 1030 me
3078 976 3166 1031 his
3210 976 3344 1031 solis
3384 973 3517 1039 frui,

252 1078 433 1133 eaque
500 1063 622 1117 sola
674 1068 829 1117 recte
872 1061 1161 1131 possidere
1206 1062 1515 1117 existimem
1538 1102 1552 1127 ,
1614 1078 1848 1134 quorum
1890 1065 2007 1136 ipse
2032 1067 2305 1136 particeps
2337 1083 2420 1131 es,
2459 1068 2793 1136 quibusque,
2821 1075 2881 1121 ut
2910 1068 3043 1133 tuis,
3074 1065 3270 1122 uteris.

720 1215 845 1268 AB'.
890 1215 977 1284 Τῼ
1024 1214 1209 1284 arm
1248 1213 1382 1283 (28).

2480 1215 2697 1271 XXXII.
2758 1216 2991 1271 EIDEM.

327 1334 632 1405 Epistolam
658 1335 982 1406 superiorem
1010 1335 1250 1406 proximo
1286 1344 1465 1388 secuta
1494 1345 1570 1388 est
1598 1335 1873 1390 intervallo
1901 1337 2026 1398 ista.
2056 1338 2108 1390 in
2129 1354 2233 1406 qua
2259 1337 2377 1405 jam
2407 1336 2687 1405 Philagrio
2713 1339 3040 1405 gratulatur,
3068 1335 3207 1405 quod
3240 1335 3295 1388 in
3325 1351 3519 1389 (rrum-

254 1409 335 1460 nis
376 1404 426 1460 et
467 1405 740 1458 doloribus
770 1404 1126 1475 philosophice
1148 1419 1203 1475 ss
1225 1413 1394 1473 gerat,
1427 1406 1734 1475 emimimque
1761 1407 1847 1459 det
1874 1409 2112 1459 omnibus
2142 1404 2433 1473 exemplum
2457 1404 2775 1460 tolerantia).
2813 1406 2931 1473 Ipse
2959 1408 3113 1474 plura
3135 1406 3334 1473 profert
3352 1406 3518 1473 petita

254 1494 288 1527 α
314 1477 558 1544 profanis
585 1474 932 1541 scriptoribus
961 1473 1233 1540 patientia:
1260 1473 1520 1542 exentpla,
1541 1473 1729 1544 quibus
1764 1476 1833 1529 ad
1864 1477 2076 1544 fortiter
2098 1476 2401 1529 tolerandos
2436 1478 2673 1543 corporis
2704 1477 2912 1530 dolores
2941 1478 3147 1529 excitet.

326 1584 402 1642 Εὖ
434 1605 497 1656 γε
539 1590 623 1642 ὅτι
671 1586 987 1655 φιλοσοφεῖς
1029 1586 1087 1637 ὲν
1134 1588 1245 1648 τοῖς
1289 1586 1521 1651 πάθεσι,
1572 1588 1667 1640 καὶ
1709 1587 1833 1660 γίνῃ

2014 1588 2276 1644 Gratulor
2316 1591 2437 1653 tibi,
2473 1590 2621 1661 quod
2670 1590 3047 1661 philosophice
3094 1588 3148 1641 in
3196 1586 3513 1641 calamitati-

260 1680 475 1741 πολλοῖς
506 1678 819 1746 ὑπόδειγμα
853 1676 954 1744 τῆς
984 1677 1042 1727 ὲν
1064 1678 1177 1737 τοῖς
1204 1675 1470 1742 ἀλγεινοῖς
1504 1679 1825 1747 καρτερίας⁴

1939 1684 2041 1736 bus
2082 1689 2135 1735 te
2181 1683 2328 1750 geris
2373 1684 2668 1753 multisque
2720 1682 3020 1736 tolerantia:
3058 1679 3113 1733 in
3154 1679 3322 1733 rebus
3358 1693 3513 1733 acer-
3574 1757 3587 1764 -

260 1772 354 1825 καὶ
396 1768 587 1837 ῶσπερ
625 1767 720 1819 ἐπὶ
771 1765 937 1817 παντὶ
992 1763 1252 1833 βελτίστῳ
1305 1764 1558 1833 κατεχρῶ
1600 1766 1678 1835 τῷ
1732 1765 1835 1818 σώ-

265 1877 414 1931 ματι,
450 1858 619 1929 ἡνίκα
674 1854 927 1922 ὑγιεινῶς
978 1846 1153 1922 εἶχες,
1194 1852 1337 1905 οὕτω
1370 1855 1463 1906 καὶ
1519 1853 1613 1906 νῦν
1662 1854 1835 1926 τούτῳ

260 1950 377 2021 χρῶ
434 1947 619 2010 καλῶς
667 1945 812 2013 (ἳθ),
866 1943 1053 2013 ἐπειδὴ
1107 1960 1169 2011 γε
1215 1942 1458 2006 ἀσθενῶς
1508 1944 1687 2015 ἔχεις,
1741 1948 1837 1999 καὶ

257 2042 462 2110 ἁργεῖς
500 2039 599 2090 οὐκ
624 2035 829 2104 ἀργῶς,
862 2035 925 2086 ἶν’
957 2033 1131 2096 οὕτως
1162 2034 1321 2088 εἴπω.
1359 2034 1673 2102 Φιλοσοφεῐς
1704 2036 1833 2106 γὰρ,

260 2129 361 2184 καὶ
419 2130 452 2183 ὃ
490 2144 619 2197 φασι
676 2125 924 2195 Διογένην
966 2124 1249 2195 εἰρηκέναι
1289 2124 1419 2178 ποτὲ
1466 2125 1829 2197 πυρέττοντα,

257 2220 353 2272 καὶ
374 2215 859 2287 διακαρτεροῦντα,
884 2214 1043 2268 τοῦτο
1070 2214 1166 2267 καὶ
1198 2214 1358 2277 αὐτὸς
1388 2216 1649 2286 παρέχεις
1676 2217 1832 2287 όρᾷν,

255 2309 437 2379 ψυχῆς
478 2308 659 2378 πάλην
710 2306 805 2360 καὶ
829 2304 1098 2375 σώματος.
1144 2303 1317 2357 Τοῦτο
1353 2305 1561 2377 ἔπρεπε
1602 2305 1682 2376 τῷ
1714 2305 1833 2377 ὲμῷ

257 2398 555 2469 Φιλαγρίῳ,
585 2396 662 2467 μὴ
694 2394 1113 2466 μαλακίζεσθαι,
1146 2394 1283 2465 μηδὲ
1316 2396 1665 2467 κάμπτεσθαι
1694 2397 1832 2469 πρὸς

256 2491 326 2544 τὰ
354 2489 527 2559 πάθη,
555 2488 695 2542 ἀλλὰ
746 2489 1093 2557 περιφρονεῖν
1134 2486 1245 2554 (50)
1280 2486 1371 2540 τὸν
1418 2487 1605 2557 πηλὸν,
1642 2489 1736 2541 καὶ
1770 2488 1832 2539 τὸ

262 2582 356 2651 μὲν
390 2580 552 2650 σῶμα
586 2581 681 2649 ὲᾷν
724 2580 954 2647 πάσχειν
988 2578 1056 2631 τὰ
1090 2576 1308 2640 ἑαυτοῦ,
1351 2578 1566 2641 πάντως
1597 2578 1630 2648 ἢ
1665 2577 1758 2631 νῦν
1795 2579 1827 2649 ἢ

259 2671 481 2742 ὕστερον
527 2669 897 2738 λυθησόμενον
941 2669 1089 2739 νόμῳ
1120 2668 1336 2737 φύσεως
1375 2668 1681 2739 (οἰχήσεται
1720 2668 1830 2739 γὰρ

258 2762 290 2830 ἢ
328 2761 468 2829 νόσῳ
509 2760 717 2830 κάμνον
741 2759 875 2829 (δι),
901 2759 933 2828 ἢ
964 2759 1211 2829 χρόνῳ)’
1252 2758 1423 2829 αὐτὴν
1454 2758 1511 2810 δὲ
1563 2756 1698 2827 ὑψοῦ
1731 2757 1830 2828 τὴν

257 2849 428 2919 ψυχὴν
455 2849 626 2919 ἔχειν,
655 2849 745 2901 καὶ
769 2847 907 2917 μετὰ
938 2847 1073 2902 Θεοῦ
1102 2845 1361 2917 τετάχθαι
1391 2848 1501 2909 τοῖς
1527 2846 1827 2916 λογισμοῖς,

255 2941 477 2992 κάκεῖνο
508 2937 732 3001 εἰδέναι,
771 2939 852 2991 ὅτι
893 2936 1004 2989 τῶν
1031 2936 1249 2990 ἀτόπων
1292 2936 1473 3002 ἐστὶν,
1517 2936 1667 3005 ἡμᾶς
1724 2934 1829 2998 ἔξω

1939 1771 2022 1825 bis
2046 1772 2352 1841 exemplum
2378 1773 2599 1828 exsistis
2619 1791 2633 1825 :
2657 1782 2709 1827 et
2725 1769 3183 1841 quemadmodum
3210 1767 3278 1821 ad
3308 1766 3515 1836 optima

1936 1874 2168 1929 quaeque
2220 1875 2453 1929 corpore
2497 1860 2759 1921 utebaris,
2808 1873 2931 1912 cum
2983 1870 3153 1910 sanus
3194 1869 3383 1917 esses,
3436 1854 3512 1906 ita

1936 1963 2081 2000 nunc
2114 1963 2331 2016 quoque
2360 1963 2426 2001 eo
2456 1948 2718 2016 praeclare
2760 1956 2935 2007 utere,
2978 1952 3269 2013 postquam
3309 1942 3363 1995 iu
3401 1941 3517 2009 28

1935 2038 2187 2092 morbum
2244 2038 2512 2100 incidisti,
2565 2046 2731 2107 atque
2785 2036 2978 2089 otiaris
3035 2034 3261 2087 minime
3311 2032 3510 2094 otiose,

1935 2133 1995 2180 ut
2038 2127 2112 2179 ita
2161 2126 2372 2196 loquar.
2409 2125 2824 2194 Philosopharis
2873 2124 3041 2188 enim,
3072 2130 3148 2189 et,
3199 2120 3344 2189 quod
3383 2120 3511 2173 Dio-

1933 2232 2126 2287 genem
2180 2217 2309 2270 olim
2359 2216 2566 2271 dixisse
2611 2216 2816 2275 ferunt.
2857 2228 2982 2267 cum
3024 2212 3173 2265 febre
3212 2211 3513 2276 laboraret,

1934 2321 2001 2362 ac
2044 2308 2291 2362 dolorem
2347 2306 2563 2361 fortiter
2614 2304 2901 2375 perferret,
2957 2303 3062 2357 hoc
3120 2303 3237 2372 ipse
3292 2315 3511 2371 quoque

1932 2399 2175 2468 praebes,
2219 2398 2478 2453 nimirum
2526 2397 2725 2450 animm
2766 2403 2823 2450 et
2858 2396 3107 2463 corporis
3160 2390 3511 2447 colluctatio-

1932 2504 2078 2543 nem.
2144 2487 2259 2542 Hoc
2320 2489 2536 2544 scilicet
2599 2485 2938 2555 Philagrium
3006 2497 3185 2537 meum
3257 2480 3508 2544 decebat,

1932 2594 2126 2649 nempe
2169 2596 2277 2634 non
2316 2578 2575 2642 emolliri,
2610 2593 2709 2631 nec
2735 2576 3020 2629 doloribus
3044 2572 3242 2641 frangi,
3279 2570 3375 2626 sed
3421 2571 3508 2624 Iu-

1931 2675 2046 2720 tum
2076 2680 2445 2727 contemnere,
2478 2681 2541 2720 ac
2573 2680 2774 2735 corpus
2805 2662 3027 2733 quidem
3054 2662 3238 2715 sinere
3273 2674 3335 2714 ea
3368 2659 3505 2728 pati,

1931 2775 2051 2830 qua:
2087 2760 2258 2829 ipsius
2293 2766 2487 2812 natura
2529 2757 2655 2820 fert,
2704 2764 2915 2809 naturae
2955 2755 3073 2823 lege
3121 2751 3370 2813 omnino,
3419 2750 3507 2804 vel

1930 2866 2099 2915 ntmc,
2140 2850 2221 2904 vel
2271 2857 2457 2919 postea
2489 2848 2831 2917 dilapsurum
2864 2864 2877 2899 :
2910 2844 3179 2914 (interibit
3205 2841 3373 2905 enim,
3418 2842 3505 2895 vel

1932 2942 2146 3005 morbo,
2180 2939 2264 2995 vel
2307 2948 2593 2993 senectute
2631 2936 2939 2991 confectum
2966 2934 3008 2997 ;)
3056 2948 3274 2987 sursum
3321 2938 3503 2984 autem

257 3032 360 3100 μὲν
399 3030 659 3084 κινδύνων
712 3030 1019 3100 φιλοσοφεῖν
1051 3030 1195 3098 (32),
1247 3030 1305 3081 ὲν
1348 3028 1407 3081 δὲ
1457 3029 1577 3088 ταῖς
1618 3025 1825 3095 χρείαις

1928 3031 2166 3084 animam
2228 3031 2450 3089 habere.
2504 3043 2568 3083 ac
2623 3041 2717 3097 per
2769 3024 3137 3095 cogitationes
3207 3035 3334 3075 cum
3382 3020 3497 3073 Deo

253 3117 615 3186 ἀφιλοσόφους
653 3116 959 3187 φαίνεσθαι,
992 3118 1087 3170 καὶ⁸
1118 3115 1501 3185 διαψεύδεσθαι
1546 3117 1646 3186 τὴν
1693 3117 1825 3169 ὑπό-

257 3223 456 3275 σχεσιν.

1930 3120 2224 3189 conjungi,
2282 3119 2525 3189 illudque
2572 3118 2797 3172 minime
2849 3117 3131 3186 ignorare,
3196 3110 3500 3166 absurdum

1931 3222 1994 3261 ac
2042 3217 2435 3278 praeposterum
2486 3223 2610 3262 esse
2685 3222 2787 3262 nos
2846 3215 3002 3261 extra
3076 3202 3341 3274 pericula.
3377 3200 3503 3270 phi-

255 3299 563 3369 losophari,
617 3306 865 3368 tempore
919 3307 1099 3351 autem
1155 3292 1209 3347 id
1242 3293 1553 3364 postulante
1598 3292 1958 3367 philosophiae
2008 3307 2261 3370 expertes
2316 3314 2602 3370 apparere,
2641 3314 2744 3352 nec
2789 3296 2938 3368 quod
2985 3295 3327 3366 proﬁtemur,
3356 3308 3499 3363 pra:-

254 3396 415 3443 stare.

318 3481 501 3533 Πάντα
538 3477 776 3547 ἐπῆλθες
799 3476 1001 3546 δηλαδὴ
1036 3478 1101 3546 τῇ
1145 3475 1351 3546 διανοίᾳ
1372 3518 1386 3542 ,
1422 3477 1525 3530 ὃσα
1558 3478 1822 3550 ἡμέτερα,

255 3574 346 3625 ὅσα
385 3572 671 3641 ἀλλότρια,
701 3569 779 3631 ὼς
820 3567 959 3637 ἀνὴρ
994 3568 1101 3637 (33)
1134 3566 1570 3637 πεπαιδευμένος
1613 3571 1672 3622 ὲν
1714 3571 1823 3639 ἀμ-

254 3665 519 3736 φοτέροις,
573 3663 672 3714 καὶ
718 3660 1013 3729 παιδευτὴς
1066 3659 1269 3713 ἄλλων·
1335 3660 1431 3712 καὶ
1475 3661 1540 3712 ὲκ
1604 3662 1823 3714 πάντων

251 3756 453 3826 σεαυτῷ
480 3751 757 3817 συνελέξω
785 3751 847 3804 τὸ
878 3751 978 3820 τῆς
1008 3750 1319 3823 άνθρωπίας
1364 3750 1652 3823 φάρμακον
1687 3752 1820 3820 (54).

255 3844 366 3897 Ἵνα
390 3844 445 3896 δέ
479 3860 564 3896 σοι
612 3839 773 3908 κάγὼ
814 3838 1276 3911 συμφιλοσοφήσω
1323 3840 1541 3910 μικρὸν,
1573 3841 1623 3892 εί
1665 3840 1826 3892 τοῦτο

251 3933 518 3996 κελεύεις,
550 3932 652 3985 οὒκ
695 3929 904 3984 ἐπαινῶ
948 3928 1043 3981 τοῦ
1085 3929 1486 4000 Ἀριστοτέλους
1526 3929 1587 3981 τὸ
1632 3946 1825 4000 μικρο-

250 4024 426 4090 λόγον,
464 4024 521 4086 ὃς
554 4023 653 4092 τὴν
691 4020 1041 4091 εὐδαιμονίαν
1082 4022 1215 4091 ἡμῖν
1251 4020 1568 4091 ὁριζόμενος
1592 4060 1607 4086 ,
1663 4022 1827 4091 μέχρι

253 4113 349 4182 μέν
394 4130 537 4175 τινος
592 4112 863 4183 προῆλθεν
907 4110 1111 4179 ὀρθῶς,
1161 4109 1337 4179 ψυχῆς
1379 4109 1658 4179 ἐνέργειαν
1705 4110 1824 4161 κατ’

250 4202 440 4273 ἀρετὴν
468 4204 591 4273 (35)
626 4197 767 4253 εἶναι
795 4198 999 4271 ταύτην
1033 4200 1453 4269 ἀποφηνάμενος
1476 4216 1489 4228 ο
1524 4200 1618 4251 καὶ
1655 4216 1823 4269 προσ-

1995 3477 2187 3534 Omnia
2238 3477 2456 3547 quidem
2503 3476 2689 3530 animo
2741 3474 3080 3547 pervolvisti,
3148 3482 3257 3527 tam
3307 3483 3500 3531 nostra

1924 3583 2087 3637 quam
2119 3575 2403 3630 extranea,
2429 3574 2616 3635 utpote
2643 3567 2725 3620 vir
2768 3568 2821 3620 in
2862 3566 3115 3635 utrisque
3142 3565 3415 3632 eruditus,
3445 3578 3503 3623 et

1924 3655 2159 3710 aliorum
2212 3665 2561 3725 prmceptor;
2619 3663 2786 3724 atque
2836 3655 3197 3710 humanitatis
3242 3656 3499 3725 pharma-

1924 3761 2049 3799 cum
2101 3748 2195 3801 tibi
2250 3748 2368 3816 ipse
2414 3764 2481 3802 ex
2531 3748 2788 3801 omnibus
2836 3747 3130 3816 collegisti.
3181 3745 3382 3802 Verum
3437 3759 3497 3803 ut

1925 3845 2128 3899 tecum,
2164 3838 2210 3892 si
2251 3839 2323 3891 ita
2363 3839 2544 3908 jubcs,
2591 3838 2841 3891 nonnihil
2878 3838 3250 3907 philosopher,
3286 3840 3497 3894 Aristo-

1924 3929 2049 3982 telis
2101 3928 2444 3996 jejunitatem
2501 3943 2611 3982 non
2683 3929 2889 3996 probo,
2946 3928 3041 3995 qui
3098 3928 3495 3983 beatitudinem

1923 4017 2084 4073 nobis
2113 4018 2413 4081 deﬁniens,
2456 4017 2692 4087 quodam
2737 4026 2898 4071 tenus
2924 4017 3144 4085 quidem
3178 4024 3325 4070 recte
3361 4034 3492 4087 pro-

1924 4110 2148 4178 gressus
2202 4115 2306 4172 est,
2358 4124 2552 4177 nempe
2605 4108 2800 4161 animae
2856 4108 3127 4162 actionem
3182 4108 3490 4162 secundum

1924 4197 2178 4251 virtutem
2221 4213 2369 4252 esse.
2397 4198 2543 4251 illam
2602 4198 2992 4268 pronuntians,
3048 4196 3388 4267 addensque,
3433 4200 3491 4253 in

252 4292 385 4356 θεὶς,
419 4296 477 4346 ὲν
533 4292 643 4364 βίῳ
683 4292 905 4361 τελείῳ,
959 4290 1055 4343 κα)⁸
1096 4289 1254 4342 τοῦτο
1303 4290 1447 4361 μάλα
1480 4291 1659 4359 σοφῶς
1682 4332 1697 4356 ,
1730 4293 1819 4346 διὰ

1926 4289 2033 4342 vita
2067 4289 2332 4358 perfecta,
2366 4289 2469 4343 hoc
2494 4305 2713 4359 quoque
2744 4291 2922 4360 ipsum
2954 4289 3246 4344 admodum
3274 4292 3495 4361 sapien-

250 4384 302 4435 τὸ
336 4386 577 4455 τρεπτὸν
614 4384 773 4453 ημῶν
824 4383 920 4435 καὶ
977 4382 1398 4452 εὐμετάπτωτον
1450 4384 1547 4452 τῆς
1580 4383 1813 4451 φύσεως.

258 4474 451 4528 Ἐκεῖνο
497 4476 565 4529 δὲ
610 4475 716 4527 ούκ
761 4472 841 4525 ἔτι
884 4469 1345 4542 μεγαλοπρεπῶς,
1390 4470 1529 4524 ἀλλὰ
1561 4472 1654 4525 καὶ
1696 4472 1817 4527 λίαν

249 4566 540 4630 ταπεινῶς,
590 4567 680 4619 ὅτι
729 4566 823 4617 καὶ
870 4563 968 4633 τὴν
1012 4562 1211 4626 ἔξωθεν
1257 4561 1545 4632 εὐετηρίαν
1592 4562 1817 4633 προστί-

250 4655 421 4726 θησινο
470 4658 550 4721 ὡς
605 4657 660 4709 εί
716 4653 873 4724 τύχοι
912 4653 1078 4724 πένης
1127 4669 1213 4716 τις
1252 4650 1350 4718 ὢν,
1399 4650 1740 4723 ἢνοσώδηςν
1781 4652 1816 4723 ἢ

312 4786 423 4855 (ΞἹ)
465 4789 609 4841 Οἴου
632 4785 724 4855 ίσὺ
746 4780 996 4855 χρῄζεις.
1029 4779 1104 4855 Ita
1130 4779 1293 4855 codd.
1326 4780 1433 4835 duo
1460 4780 1627 4853 Regg.
1657 4780 1812 4838 Pass.

247 4850 472 4911 lontac.
505 4866 565 4911 et
596 4850 791 4909 Morel:
823 4854 878 4906 In
914 4852 1001 4905 ed.
1031 4851 1185 4905 deest
1219 4850 1308 4902 σύ.

313 4926 421 4997 (ξε)
464 4928 617 4980 Alias
651 4920 832 4997 LXIV}
867 4920 1078 4997 Scripta
1110 4927 1234 4997 post
1272 4920 1635 4997 superiorem:

308 4988 417 5064 (29)
459 4997 661 5058 Τούτῳ
702 4990 826 5064 χρῶ
856 4988 1074 5064 καλῷς.
1112 4988 1208 5064 Ita
1247 4989 1369 5064 cod.
1422 4988 1570 5064 Reg.“
1604 4988 1661 5043 In
1700 5005 1813 5045 uno

250 5057 433 5135 Iq‘itu'r
457 5066 669 5155 χρῆσαι
701 5057 877 5129 τούτῳ
904 5058 1104 5138 καλῶς.
1136 5057 1234 5112 Ed.
1268 5058 1441 5129 τούτῳ

310 5134 420 5181 ﬁrm
469 5134 644 5181 A1111
671 5144 1069 5181 πεοιφοονειν.
1102 5126 1236 5181 Cod.
1278 5128 1435 5181 Pass.
1466 5145 1501 5181 α
1534 5130 1597 5181 λὰ

310 5126 420 5204 ἰῦθ)
459 5126 644 5189 Ἦλζιὰ
671 5126 1069 5198 περιφρονεῖν.
1102 5126 1236 5182 Cod.
1278 5126 1435 5185 Pass.
1466 5126 1605 5183 am
1640 5146 1813 5183 κατα-

254 5208 478 5273 φρονεῖν.

312 5274 420 5341 (51)
458 5267 918 5341 Νόσῳίκὰμνον.
947 5268 1081 5324 Cod.
1115 5266 1249 5337 Reg.
1280 5268 1419 5341 νόσῳ
1446 5267 1639 5341 καμόν.
1666 5268 1811 5333 Mox,

253 5338 411 5411 αύτὴν
442 5343 501 5394 δὲ
532 5340 697 5409 ὑψοῦ,
729 5340 899 5406 ipsum
938 5355 1055 5392 vero
1084 5354 1295 5392 sursum
1326 5339 1560 5390 animum
1604 5338 1811 5394 habere.

263 5408 414 5477 ’Υψοῦ
444 5408 772 5463 adverbium
797 5416 899 5477 est.

316 5470 419 5547 (3‘2)
460 5478 642 5547 Ἡμᾶς
667 5478 785 5540 ἐξω
817 5470 931 5543 μὲν
965 5476 1263 5547 κινδύνων
1290 5475 1668 5547 φιλοσοφεῖν.
1706 5476 1813 5529 Ctt-

258 5545 485 5603 δίκαιον
516 5545 572 5602 iu
622 5555 923 5617 tempestate
975 5546 1331 5613 dignoscitur,
1371 5546 1545 5615 inquit
1579 5545 1810 5615 Cypria-

1918 4386 2023 4441 ter,
2054 4388 2275 4449 propter
2304 4382 2620 4435 mutabilem
2664 4381 2934 4450 facileque
2975 4383 3029 4434 in
3081 4381 3358 4435 diversum
3408 4382 3492 4434 la-

1916 4470 2132 4526 bentem
2175 4478 2385 4525 natura:
2428 4481 2629 4527 nostrae
2674 4472 3066 4528 conditionem.
3098 4472 3169 4525 At
3210 4472 3342 4527 illud
3382 4488 3491 4528 nou

1914 4562 2025 4632 jam
2086 4563 2393 4632 magniﬁce,
2442 4564 2536 4619 sed
2589 4580 2853 4635 perquam
2900 4563 3121 4620 sordide
3161 4571 3215 4617 et
3256 4564 3492 4632 abiecte,

1916 4652 2062 4725 quod
2121 4664 2403 4708 externam
2484 4671 2699 4725 quoque
2760 4657 3027 4710 bonorum
3097 4654 3491 4707 abundantiam

1915 4798 2041 4845 nus,
2078 4796 2243 4834 serm.
2285 4796 2338 4835 tv
2371 4783 2444 4837 De
2472 4786 2818 4847 mortalitate,
2853 4786 2907 4837 in
2941 4785 3053 4837 acie
3104 4784 3256 4836 miles
3293 4784 3487 4849 proba-

1917 4849 2297 4921 tur.il)elicata
2321 4851 2551 4920 jactatio
2581 4865 2685 4916 est,
2719 4870 2843 4907 cum
2877 4852 3178 4921 periculum
3216 4868 3323 4905 non
3355 4861 3482 4921 est:

1914 4920 2252 5044 ﬁorinictatio
2289 4923 2343 4975 in
2384 4924 2633 4977 adversis
2672 4925 2921 4993 probatio
2945 4929 3029 4974 est
3059 4921 3326 4976 veritatis.
3359 4920 3485 4976 Ilaec

1962 5008 2068 5044 ιιι..

1962 5008 2068 5044 ILL.

1985 5064 2096 5130 (55)
2141 5065 2239 5129 Ὠς
2269 5060 2444 5128 ἀνήρ.
2478 5060 2554 5113 Ita
2590 5058 2714 5114 eod.
2762 5056 2895 5125 Iteg.
2930 5055 3167 5112 Montac.
3196 5066 3251 5112 et
3290 5058 3482 5115 Morel.

1913 5131 2053 5185 Male
2076 5133 2205 5187 editi
2241 5134 2360 5185 ὅσα.

1984 5201 2093 5273 (54)
2138 5201 2253 5273 Τῆς
2282 5197 2619 5267 ἀνθρωπείας
2650 5194 2989 5273 φάρμακον.
3021 5194 3265 5251 Combef.
3293 5197 3355 5273 τρ
3386 5198 3486 5266 τῆς

1911 5267 2417 5341 ἀνίαςφάρμακον,
2452 5267 2688 5341 maeroris
2726 5267 3109 5334 pharmacum;
3160 5282 3281 5336 qua
3322 5268 3484 5321 lectio

1912 5342 2015 5410 ipsi
2041 5336 2256 5395 videtur
2288 5336 2595 5410 commoda.

1982 5410 2093 5478 (55)
2140 5404 2696 5478 ‘P‘vxﬁgéyépretar
2735 5404 2856 5478 κατ’
2910 5404 3158 5478 ἀρετήν.
3200 5404 3481 5478 ‘I‘tacnitn

1911 5472 2309 5543 beatitfudinein'
2346 5472 2545 5530 deﬂuit
2591 5472 3075 5538 Aristoteles,’lib.
3120 5489 3138 5528 ι
3190 5472 3363 5527 Ethic.
3406 5475 3479 5528 ad

1917 5548 2318 5603 Nicomachum.
