4080 6206
585 281 648 338 ³η
1785 268 1844 328 s.
1886 268 2215 328 GREGORII
2252 270 2614 331 TllEOLOGl.
3752 230 3756 234 ’
3792 278 3862 334 1:

583 383 883 462 adiunxit;
921 389 999 442 ita
1034 393 1096 440 ut
1129 385 1180 442 si
1228 385 1356 456 quis
1382 383 1543 455 inops
1578 391 1671 449 stt,
1699 391 1798 437 aut
1831 384 2176 442 valetudhm:

2282 387 2578 460 δυσγενὴς,
2637 389 2671 462 ἢ
2728 388 3106 460 φυγόπατρις,
3149 387 3303 460 παρὰ
3350 387 3510 442 τοῦτο
3555 389 3708 462 αὐτῷ
3760 393 3863 466 τῆς

583 485 725 544 rius:
780 488 876 534 aut
919 481 1158 535 obscuro
1207 492 1427 549 genere,
1475 483 1570 530 aut
1609 490 1639 528 a
1685 475 1862 546 patria
1905 476 2164 543 extorris,

583 581 877 643 propterea
921 570 1098 638 ipse‘a
1146 567 1487 623 beatitudine
1527 575 1800 621 arceatur.
1837 567 1908 621 At
1955 566 2170 621 Stoico-

584 680 710 720 rum
761 662 928 717 animi
978 661 1412 732 magnitudinem
1457 674 1521 714 ac
1563 659 1940 729 prestantiam
1980 658 2167 725 laudo,

586 756 680 827 qui
723 769 810 808 res
841 762 1100 808 externas
1142 753 1357 806 nullum
1400 751 1469 806 ad
1507 749 1900 806 beatitudinem
1942 749 2172 820 impedi-

587 853 832 900 mentum
877 843 1074 898 ail‘erre
1115 842 1330 906 dicunt,
1365 842 1459 896 sed
1495 841 1671 895 virum
1707 841 1914 896 bonum
1949 841 2171 896 beatum

585 949 731 998 esse,
769 935 985 988 etiamsi
1018 934 1072 987 in
1111 931 1420 987 Phalaridis
1460 939 1620 986 tauro
1648 942 1945 988 cremetur.

657 1024 740 1079 0b
770 1039 1002 1093 eamque
1050 1039 1277 1077 causam
1319 1038 1430 1077 non
1484 1038 1582 1078 eos
1640 1030 1854 1076 tantum
1905 1019 2169 1087 admiror,

585 1118 679 1188 qui
709 1118 852 1186 apud
891 1131 994 1171 nos
1038 1131 1139 1184 pro
1176 1115 1381 1170 virtute
1422 1115 1686 1184 periculis
1731 1129 1791 1169 se
1830 1114 2170 1176 obtulerunt,

585 1214 681 1260 aut
728 1205 1094 1260 calamitatem
1145 1203 1360 1257 fortiter
1402 1204 1692 1266 tulerunt,
1755 1202 1851 1258 sed
1913 1209 2173 1256 externos

585 1296 772 1358 etiam,
809 1296 903 1364 qui
943 1295 1152 1349 similes
1181 1309 1374 1348 eorum
1414 1297 1768 1358 exstiterunt,
1792 1292 1944 1346 verbi
1974 1291 2174 1363 gratia,

587 1385 972 1440 Anaxarchum
1018 1386 1196 1448 illum,
1247 1385 1594 1454 Epictetum,
1641 1384 1949 1445 Socratem,
2000 1391 2055 1435 nt
2107 1395 2176 1436 ne

588 1479 775 1548 plures
816 1492 1134 1532 recenseam
1196 1494 1208 1530 :
1259 1491 1494 1543 quorum
1544 1476 1774 1544 primus,
1809 1489 1932 1528 cum
1979 1487 2176 1528 manus

588 1567 786 1636 ipsius,
841 1574 1080 1637 tyranno
1133 1565 1208 1618 ita
1263 1563 1591 1633 imperante,
1641 1563 1698 1616 in
1740 1561 2007 1617 mortario
2049 1576 2178 1615 con-

589 1658 977 1720 tunderentur,
1040 1657 1334 1714 carnifices
1399 1655 1716 1709 Anaxarchi
1784 1653 1895 1724 29
1955 1654 2175 1708 coleum

2277 481 2628 551 εὐδαιμονίας
2659 481 3034 552 κωλυομένης.
3086 477 3328 533 Ἐπαινῶ
3355 479 3413 532 δὲ
3450 480 3562 533 τῶν
3605 482 3718 535 ἀπὸ
3761 486 3864 555 τῆς

2277 571 2448 635 Στοᾶς
2501 571 2563 624 τὸ
2616 572 2862 626 νεανικόν
2885 589 2968 626 -τε
3017 572 3114 626 καὶ
3165 571 3498 642 μεγαλόνουν
3524 611 3540 634 ,
3594 572 3644 626 οἱ
3697 576 3865 647 μηδὲν

2277 662 2507 716 κωλύειν
2555 664 2690 734 φασὶ
2738 664 2875 736 πρὸς
2926 663 3270 734 εὐδαιμονίαν
3325 662 3400 717 τά
3453 663 3686 736 ἔξωθεν,
3746 667 3863 721 ἀλλ’

2277 749 2416 807 εἶναι
2468 753 2562 808 τδν
2613 755 2904 808 σπουδαῖον
2959 755 3229 826 μακάριον
3248 795 3265 822 ,
3319 755 3424 810 κᾶν
3488 757 3518 808 6
3563 756 3864 831 Φαλάριδος

2276 846 2477 918 ταῦρος
2505 847 2605 919 ἔχῃ
2635 847 2948 918 καιόμενον.

2351 1023 2462 1078 Καὶ
2516 1023 2605 1078 διὰ
2668 1022 2822 1076 τοῦτο
2869 1021 3136 1092 θαυμάζω
3197 1023 3296 1093 μὲν
3348 1027 3476 1089 τοὺς
3537 1028 3667 1100 παρ’
3727 1027 3857 1098 ἡμῖν

2282 1114 2420 1185 ὑπὲρ
2473 1112 2568 1166 τοῦ
2617 1113 2787 1167 καλοῦ
2831 1111 3319 1176 κινδυνεύσαντας,
3370 1116 3402 1186 ἢ
3444 1117 3730 1189 συμφορὰν
3785 1117 3864 1169 δι.

2282 1205 2606 1272 ενεγκόντας
2638 1202 2933 1266 νεανικῶς
2977 1202 3243 1272 θαυμάζω
3275 1203 3332 1256 δὲ
3367 1205 3459 1257 καὶ
3506 1207 3615 1258 τῶν
3663 1205 3865 1270 ἔξωθεν

2280 1295 2407 1356 τοὺς
2462 1293 2670 1356 τούτοις
2743 1292 3166 1364 παραπλησίους
3195 1333 3208 1357 ,
3274 1289 3386 1346 οἷον
3443 1295 3535 1347 τὸν
3606 1295 3867 1366 ’Λνάξαρ-

2281 1400 2374 1454 χον
2418 1383 2532 1450 (56)
2574 1384 2814 1446 ἐκεῖνον,
2865 1382 2957 1434 τὸν
2998 1381 3325 1451 Ἐπίκτητον
3349 1420 3362 1446 ,
3409 1383 3501 1436 τὸν
3543 1379 3862 1454 Σωκράτην,

2283 1474 2370 1528 ἵνα
2408 1475 2484 1545 μὴ
2533 1474 2678 1542 λέγω
2726 1473 2985 1537 πολλούς·
3033 1467 3108 1526 ὧν
3140 1475 3168 1525 6
3221 1472 3320 1542 μὲν
3368 1476 3425 1526 ἐν
3467 1475 3618 1545 ὅλμῳ
3667 1492 3868 1528 κοπτο-

2286 1565 2485 1640 μένων·
2511 1564 2679 1618 αὐτοῦ
2712 1564 2819 1617 τῶν
2862 1563 3098 1634 χειρῶν,
3133 1562 3276 1616 οὕτω
3316 1563 3409 1616 τοῦ
3461 1564 3724 1635 τυράννου
3769 1583 3867 1618 κε-

2284 1655 2558 1720 λεύοντος,
2594 1655 2842 1708 πτίσσειν
2887 1655 2980 1708 τὸν
3035 1654 3370 1725 Ἀναξάρχου
3411 1655 3644 1710 θύλακον
3683 1657 3864 1732 διεκεο

541 1783 553 1794 ι
589 1748 826 1803 tundere
873 1748 1106 1816 jubebat
1165 1747 1264 1817 (ita
1314 1743 1570 1800 videlicet
1625 1743 1769 1798 hanc
1816 1757 2176 1797 aerumnosam

2286 1746 2474 1800 λεύετο
2507 1749 2618 1810 τοῖς
2655 1746 3023 1816 βασανισταῖς.
3047 1746 3113 1798 Τί
3138 1746 3296 1798 τοῦτο
3327 1745 3499 1814 λέγων
3525 1763 3540 1811 ;
3571 1747 3630 1800 τὸ
3657 1748 3864 1818 μοχθη-

589 1840 948 1894 carunculam
1005 1836 1352 1906 appellans),
1422 1834 1582 1906 quasi
1647 1833 2007 1890 Anaxarchus
2067 1833 2184 1902 ipse

588 1930 817 1983 minime
890 1928 1237 1993 tunderetur,
1309 1926 1418 1981 hoc
1485 1935 1590 1988 est,
1677 1925 1992 1994 philosophi
2064 1923 2186 1979 ani-

589 2033 678 2070 ma
738 2036 753 2071 :
807 2017 956 2086 quod
1000 2016 1223 2084 quidem
1270 2014 1416 2083 apud
1463 2029 1564 2067 nos
1610 2021 1874 2067 externus
1923 2012 2086 2064 homo
2128 2016 2185 2064 et

589 2109 843 2163 internus
875 2107 1201 2177 appellatur.
1251 2105 1426 2169 Alter,
1461 2118 1588 2156 cum
1632 2115 1763 2155 crus
1807 2100 1909 2170 ipsi
1945 2101 2186 2170 stringe-

591 2210 750 2256 retur
799 2215 862 2254 ac
904 2200 1365 2267 distet-queretur,
1420 2194 1571 2250 velut
1621 2193 1677 2247 in
1725 2191 1907 2246 alieno
1949 2205 2186 2260 corpore

593 2289 1114 2362 philosOphabatur,
1166 2287 1448 2356 citiusque
1493 2299 1625 2340 crus
1677 2281 2015 2353 perfractum
2059 2295 2185 2338 esse

590 2383 774 2438 visum
835 2389 959 2444 est,
1008 2395 1170 2449 quam
1218 2379 1338 2448 ipse
1379 2377 1488 2430 vim
1548 2374 1760 2430 doloris
1815 2373 2182 2444 persensisse.

594 2475 854 2529 Socrates
905 2473 1146 2543 denique
1217 2473 1288 2525 ab
1345 2467 1779 2524 Atheniensibus
1832 2467 1898 2522 ad
1952 2475 2183 2522 mortem

592 2565 911 2627 damnatus,
947 2576 1360 2631 carceremque,
1417 2567 1476 2612 ut
1526 2558 1661 2622 scis,
1707 2557 1996 2622 incolens,
2030 2558 2186 2629 prius

590 2655 816 2727 quidem
853 2654 922 2711 de
954 2667 1210 2724 corpore,
1243 2659 1506 2721 tanquam
1539 2648 1606 2704 de
1639 2649 1747 2704 alio
1777 2663 2024 2714 carcere,
2056 2663 2183 2704 cum

595 2747 886 2818 discipulis
924 2743 1231 2800 disserebat
1262 2759 1278 2808 ;
1311 2757 1551 2810 cumque
1581 2739 1766 2810 fugam
1801 2741 1940 2796 inire
1968 2741 2182 2805 liceret,

599 2836 655 2890 id
684 2836 862 2891 facere
893 2833 1171 2890 recusavit
1202 2851 1216 2886 :
1252 2840 1546 2902 postquam
1573 2839 1758 2886 autem
1784 2831 1968 2893 cicuta
1997 2832 2184 2886 oblata

590 2936 714 2990 est,
749 2927 1086 2998 perlibenter
1124 2926 1370 2995 accepit,
1418 2922 1648 2992 perinde
1707 2936 1772 2976 ac
1843 2937 1955 2976 non
2023 2921 2185 2977 letale

593 3020 849 3089 poculum
892 3017 1187 3086 acciperet,
1232 3014 1328 3070 sed
1367 3011 1714 3084 propinando
1745 3012 1956 3068 amicos
1985 3011 2052 3065 ad
2087 3027 2185 3082 p0-

2287 1836 2381 1907 p6'v
2411 1835 2570 1906 ἡμῶν
2593 1834 2835 1906 ,σαρκίον
2861 1851 2875 1864 ο
2920 1833 3001 1908 ὡς
3047 1834 3377 1905 Ἀναξάρχου
3417 1852 3481 1903 γε
3525 1837 3587 1887 οὐ
3640 1853 3865 1891 πτισσοο

2286 1927 2470 1997 μένου,
2505 1927 2605 1996 τῆς
2639 1925 2935 1994 φιλοσόφου
2983 1923 3193 1994 ψυχῆς·
3253 1925 3391 1996 ὅπερ
3428 1926 3560 1995 ἡμῖν
3591 1927 3619 1978 6
3667 1927 3819 1992 ἐντὸς
3844 1968 3862 1995 ,

2282 2017 2378 2070 καὶ
2417 2019 2446 2070 6
2497 2015 2654 2079 ἐκτὸς
2711 2015 2999 2086 ἄνθρωπος
3029 2015 3143 2086 (57)
3201 2015 3548 2087 ὀνομάζεται.
3605 2017 3664 2070 '0
3709 2019 3767 2072 δὲ
3803 2019 3866 2073 τὸ

2285 2108 2478 2171 σκέλος
2524 2107 2982 2177 κατατεινόμενος
3019 2107 3115 2160 κα)¹
3153 2106 3584 2178 στρεϐλούμενος
3614 2109 3728 2179 (38)
3756 2112 3870 2176 ἐφι-

2283 2195 2502 2268 λοσόφει
2531 2196 2722 2270 ὥσπερ
2747 2198 2806 2250 ὲν
2846 2197 3112 2268 ἀλλοτρίῳ
3149 2197 3228 2267 τῷ
3269 2195 3482 2266 σώματι
3503 2216 3516 2228 ο
3549 2197 3644 2251 καὶ
3673 2198 3867 2252 θᾶττον

2282 2291 2619 2359 κατεαγῆναι
2665 2287 3001 2358 τδσκέλος,
3040 2288 3075 2359 ἢ
3126 2287 3550 2341 ὲπαισθάνεσθαι
3593 2287 3696 2358 τῆς
3743 2289 3867 2358 βίας

2283 2378 2452 2446 εδοξε.
2498 2377 2796 2450 Σωκράτης
2851 2377 2909 2431 δὲ
2949 2378 3040 2431 τὸν
3099 2377 3329 2432 θάνατον
3382 2378 3488 2431 ὐπὸ
3563 2377 3866 2450 Ἀθηναίων

2285 2468 2662 2540 κατακριθεὶς,
2697 2469 2790 2522 καὶ
2827 2467 3014 2532 οἰκῶν,
3045 2466 3121 2530 ὡς
3162 2461 3339 2531 οἶσθα,
3373 2465 3438 2519 τὺ
3467 2465 3864 2539 δεσμωτήριον,

2283 2559 2422 2623 τέως
2453 2559 2574 2630 μὲν,
2607 2559 2682 2622 ὡς
2706 2559 2846 2629 ὑπὲρ
2879 2557 3039 2611 ἄλλου
3079 2555 3456 2627 δεσμωτηρίου
3489 2555 3585 2610 τοῦ
3615 2555 3868 2627 σώματος

2284 2654 2398 2714 τοῖς
2456 2650 2726 2722 μαθηταῖς
2781 2649 3050 2719 διελέγετο
3075 2687 3092 2714 ,
3147 2649 3243 2704 κα)⁸
3299 2652 3492 2719 φυγεῖν
3544 2649 3697 2716 ἐξὸν,
3754 2651 3869 2703 άπ-

2285 2741 2518 2812 ηξίωσεν
2541 2759 2554 2772 ·
2593 2742 2781 2813 ἐπειδὴ
2807 2741 2864 2795 δὲ
2891 2740 3235 2814 προσηνέχθη
3269 2741 3331 2793 τὸ
3369 2739 3615 2801 κώνειον,
3652 2739 3869 2810 δέχεται

2289 2833 2433 2904 μάλα
2453 2833 2625 2904 ἡδέως
2656 2833 2791 2904 (59),
2821 2832 3010 2904 ὥσπερ
3050 2833 3150 2886 οὐκ
3176 2814 3270 2885 ἐπ).
3310 2830 3528 2902 θανάτῳ
3550 2831 3867 2902 δεχόμενος,

2283 2921 2420 2976 ἀλλὰ
2448 2922 2766 2995 φιλοτησίας
2793 2923 3552 2995 προπινόμενος.Προσέθηκα
3579 2921 3622 2975 δ’
3651 2920 3718 2975 ἂν
3740 2920 3873 2974 τού-

2283 3030 2398 3077 τοις
2415 3013 2512 3067 καὶ
2541 3013 2662 3067 Ἰὼϐ
2685 3013 2776 3068 τὸν
2795 3014 2961 3085 ήμέτε
2971 3031 3084 3086 ρον,
3104 3015 3151 3068 εί
3183 3017 3256 3085 μή
3279 3031 3338 3068 σε
3355 3015 3504 3086 ⁴ᾔδειν
3526 3015 3715 3085 πόρρω
3753 3011 3874 3066 τῶν

592 3109 822 3162 tandum
892 3107 1174 3162 invitaret.
1236 3103 1334 3159 llis
1381 3101 1579 3158 Jobum
1650 3117 1871 3172 quoque
1929 3108 2176 3155 nostrum

2286 3102 2397 3173 (40)
2424 3103 2634 3157 ἐκείνου
2657 3104 2865 3168 παθῶν,
2894 3104 3137 3158 καὶόντα
3168 3107 3266 3158 σὺν
3295 3104 3435 3175 Θεῷ,
3467 3104 3558 3157 καὶ
3587 3105 3867 3172 ἐσόμενον.

592 3199 920 3267 adjecissem
949 3235 966 3263 ,
1027 3197 1138 3251 nisi
1207 3205 1260 3250 te
1317 3195 1518 3250 scirem
1573 3193 1642 3248 ab
1690 3193 1812 3264 ejus
1865 3193 2150 3248 doloribus
2178 3230 2194 3257 ,
2239 3192 2353 3249 Deo
2404 3197 2731 3265 opitulante,
2777 3195 2938 3267 longe
2995 3206 3266 3250 remotum
3308 3211 3454 3262 esse,
3485 3202 3649 3264 atque
3697 3192 3869 3247 etiam

592 3289 731 3344 fore.

666 3379 766 3434 His
793 3377 1102 3432 rationibus
1139 3375 1376 3445 teipsum
1405 3374 1647 3428 mulcere
1682 3372 1815 3426 mihi
1849 3371 2073 3436 videris,
2099 3371 2186 3425 vir

592 3470 779 3526 divine
804 3477 861 3524 et
887 3474 1265 3531 sacrosancte,
1295 3473 1464 3534 atque
1492 3464 1635 3518 hanc
1676 3460 2000 3518 medicinam
2035 3462 2186 3518 adhi-

592 3562 753 3625 bens,
785 3568 902 3615 tum
945 3560 1064 3629 ipse
1095 3559 1295 3620 levius,
1330 3565 1390 3610 ut
1431 3570 1577 3620 reor,
1612 3555 1906 3612 habiturus
1945 3571 2026 3619 es,
2067 3561 2184 3608 tum

594 3669 697 3709 nos
725 3653 890 3708 etiam
924 3651 1148 3705 laudum
1182 3657 1399 3703 tuarum
1432 3662 1714 3717 praecones
1754 3653 1808 3700 et
1842 3645 2054 3700 amicos
2074 3661 2185 3698 vo-

595 3743 803 3812 luptate
844 3740 1082 3804 aﬂicies;
1118 3739 1378 3794 nimirum
1420 3737 1658 3806 teipsum
1709 3734 1784 3788 ita
1833 3748 2181 3802 comparans,

593 3838 654 3884 ut
689 3847 790 3886 nec
823 3831 1016 3886 morbo
1045 3829 1370 3892 debiliteris,
1409 3842 1530 3893 nec,
1558 3823 1703 3896 quod
1733 3825 1809 3878 ait
1847 3823 2013 3877 David
2037 3830 2081 3890 ',
2113 3823 2184 3878 ob

593 3929 943 3990 peccatorum
979 3933 1191 3989 pacem,
1225 3931 1528 3987 eorumque
1577 3915 1632 3969 in
1685 3915 1789 3968 hac
1824 3913 1932 3968 vita
1968 3912 2182 3968 felicem

591 4023 774 4061 rerum
827 4022 1054 4061 cursum
1109 4006 1406 4060 oﬂ‘endaris
1456 4025 1468 4059 :
1515 4004 1648 4074 quin
1695 4004 1880 4074 potius
1932 4003 2181 4073 purgeris

591 4099 658 4167 (si
688 4099 792 4152 hoc
819 4099 987 4153 verbo
1019 4099 1074 4152 in
1107 4106 1159 4153 te
1189 4099 1266 4151 uti
1292 4098 1374 4152 l'as
1413 4096 1544 4168 est),
1575 4104 1740 4168 atque
1778 4094 2176 4159 infirmitatem,

591 4190 810 4244 virtutis
845 4189 1127 4242 materiam
1161 4188 1466 4242 existimes.

660 4343 680 4373 ⁷
707 4342 853 4398 Psal.
893 4357 1067 4406 Lxxn,
1101 4341 1158 4407 2,
1188 4342 1243 4396 5.

2354 3367 2543 3422 Ταῦτά
2573 3384 2661 3438 μοι
2689 3367 2866 3429 δοκεῖς
2903 3366 3225 3438 κατεπᾲδειν
3254 3367 3364 3438 (41)
3397 3369 3646 3436 σεαυτοῦ,
3679 3363 3724 3424 ὦ
3743 3373 3873 3430 θεία

2285 3461 2380 3514 καὶ
2410 3460 2531 3531 ίερὰ
2576 3459 2806 3529 κεφαλὴ,
2853 3458 2947 3511 καὶ
2997 3457 3140 3511 οὕτω
3187 3460 3412 3513 σεαυτὸν
3447 3462 3730 3532 ἰατρεύων,
3765 3466 3871 3518 αὐ-

2285 3551 2376 3614 τός
2404 3568 2464 3603 τε
2495 3549 2560 3603 ἂν
2603 3550 2748 3620 ῥᾴων
2787 3547 3063 3617 γενέσθαι,
3098 3549 3192 3601 καὶ
3220 3551 3252 3618 ἡ
3263 3551 3370 3618 μᾶς
3399 3550 3709 3620 εὐφραίνειν
3735 3555 3870 3620 τοὺς

2289 3645 2414 3707 σοὺς
2464 3642 2755 3704 ἐπαινέτας
2805 3642 2901 3694 καὶ
2938 3640 3194 3712 ἐραστὰς,
3227 3642 3375 3695 οὐδὲν
3404 3642 3509 3695 ὐπὸ
3556 3644 3656 3715 τῆς
3701 3645 3869 3700 νόσου

2291 3733 2676 3805 καμπτόμενος
2734 3731 2870 3803 (42),
2923 3731 3098 3796 οὐδὲν,
3145 3732 3173 3784 ὃ
3229 3749 3392 3803 φησιν
3423 3735 3451 3786 ό
3482 3734 3624 3798 θεῖος
3673 3736 3868 3799 Δασιδ,

2289 3823 2394 3876 61:6
2433 3824 2535 3894 τῆς
2577 3823 2798 3894 εἰρήνης
2823 3822 2929 3875 τῶν
2955 3821 3314 3894 ἁμαρτωλῶν,
3356 3825 3450 3876 καὶ
3475 3825 3574 3896 τῆς
3605 3827 3744 3880 κατὰ
3770 3827 3871 3881 τὸν

2289 3913 2404 3984 βίον
2435 3915 2618 3967 τοῦτον
2647 3913 2865 3983 εὐροίας
2893 3913 3074 3967 αὐτῶν
3114 3915 3513 3985 ὲγκοπτόμενος
3546 3916 3657 3987 (45)
3679 3933 3694 3948 °
3725 3917 3870 3972 ἀλλὰ

2288 4008 2382 4059 καὶ
2408 4006 2828 4078 καθαιρόμενος,
2859 4008 2908 4058 εί
2933 4005 3090 4075 θέμις
3111 4005 3204 4058 ἐπὶ
3237 4006 3329 4058 σοῦ
3349 4005 3507 4060 τοῦτο
3532 4010 3706 4061 εἰπεῖν
3723 4009 3865 4081 (Η),

2285 4099 2381 4152 καὶ
2403 4097 2534 4168 ὕλην
2564 4097 2766 4167 ἀρετῆς
2797 4095 3115 4164 ποιούμενος
3147 4095 3243 4168 τὴν
3272 4096 3579 4153 ἀσθένειαν.

666 4519 780 4586 ('56)
822 4519 932 4599 T61:
970 4519 1362 4599 Ἀνάξαρχον..
1388 4517 1756 4572 Anaxarchus
1789 4517 2168 4599 philosophus,

2282 4520 2432 4599 μάλα
2444 4520 2660 4599 δέχεται
2691 4520 3318 4599 ἱλαρῶςιηιααὸηιαξιιηι
3340 4521 3614 4599 hilaritate
3641 4519 3865 4599 accepit.

594 4599 812 4643 mortuo
863 4589 1196 4652 Alexandro,
1223 4589 1365 4658 apud
1398 4605 1558 4658 quem
1591 4605 1814 4658 summo
1867 4589 1920 4641 in
1957 4590 2165 4644 honore

594 4660 805 4722 fuerat,
844 4659 898 4712 in
939 4660 1206 4712 (ira-ciam
1253 4656 1490 4722 rediens,
1520 4673 1548 4710 a
1589 4656 1953 4711 Nicocreonte
1993 4659 2164 4728 Cyre-

593 4746 782 4784 narum
821 4738 1050 4800 tyranno
1090 4729 1466 4800 interceptus,
1489 4743 1629 4800 novo
1658 4735 1711 4780 et
1747 4728 1997 4781 inaudito
2029 4743 2164 4798 sup-

2347 4591 2460 4659 (40)
2492 4592 2698 4658 Ηόρῤω
2730 4590 2868 4644 τῶν.
2909 4591 2985 4644 lta
3021 4592 3142 4644 cod.
3179 4590 3360 4655 Pass,
3395 4591 3542 4660 quod
3576 4592 3868 4660 postulare

2270 4659 2490 4731 videtur
2525 4676 2743 4731 sensus.
2773 4660 2872 4714 Ed.
2907 4662 2968 4731 οὐ
3000 4661 3209 4731 πόρρω,
3238 4672 3343 4731 ctc.

2343 4729 2455 4798 (41)
2486 4729 2688 4796 Δοκεῖς
2713 4727 3091 4798 κατεπᾲὃεινζ
3111 4727 3193 4782 ita
3218 4730 3342 4784 cod.
3367 4728 3500 4800 ii‘eg.
3525 4728 3584 4782 In
3613 4727 3700 4784 ed.
3728 4745 3868 4781 κατα

591 4801 734 4869 plicii
765 4796 962 4870 genere
998 4799 1280 4870 cruciatus
1307 4796 1708 4870 estJ‘inctetus
1731 4805 1912 4850 autctn
1947 4796 2166 4852 summo
2271 4796 2506 4870 επᾴδων.

590 4867 692 4924 iuit
737 4867 790 4924 in
849 4871 1056 4924 honore
1101 4867 1244 4936 apud
1291 4867 1591 4920 Adrianum
1628 4867 2013 4936 imperatorem
2040 4906 2055 4922 .
2106 4875 2167 4919 ιιι

589 4942 744 4994 testis
776 4951 859 4994 est
891 4938 1070 4992 Allius
1107 4933 1435 5006 Spartianus
1466 4936 1534 5006 in
1556 4933 1814 5006 Adriano.
1850 4933 1976 5006 llaec
2015 4936 2165 4990 Βιιι..

661 5010 771 5077 ιὸἹ)
799 5009 979 5077 ῘΌξτερ
1003 5003 1210 5076 ἡμῖν-’ό
1234 5006 1408 5071 ἐντὸς
1443 5004 1541 5058 καὶ
1566 5008 1599 5077 ῤ
1633 5003 1808 5077 ἐκτὸς
1835 5004 2169 5077 ἇγθρωεξος.

589 5073 836 5196 indeed.
886 5073 1136 5147 ῐὶιὲδζίιι
1163 5077 1292 5132 edit.
1323 5077 1502 5146 Ὅπερ
1553 5075 1683 5145 ἡμῖν
1715 5077 1744 5127 6
1789 5073 1945 5138 ὲκτὸς
1997 5075 2092 5127 καὶ
2143 5077 2180 5140 ὁ⁴

619 5163 678 5196 ντ
715 5163 759 5196 :.

589 5147 772 5284 ὲνῖἓῖί)
807 5217 1313 5294 κατατεινόμενος
1359 5214 1456 5294 καί
1496 5213 1995 5294 ᾳτρεόλούμειςος.
2045 5211 2168 5267 Bill.

586 5299 704 5336 cum
733 5301 855 5338 crus
884 5285 966 5336 illi
990 5285 1358 5353 frangeretur;
1395 5293 1452 5337 at
1483 5285 1700 5337 videtur
1732 5285 2016 5353 putatione
2039 5299 2170 5337 crus

587 5355 874 5418 amisisse;
901 5354 1043 5420 quod
1069 5352 1363 5422 Gicgoritts
1392 5353 1726 5423 κατεαγῆναι
1750 5354 1909 5410 dixit.
1947 5352 2165 5415 Sttidas,

587 5423 867 5490 πηρωθεὶς
899 5423 960 5473 τὸ
992 5423 1178 5482 σκέλος
1211 5422 1318 5474 ὑπὸ
1354 5425 1645 5490 ῥεύματος,
1677 5423 1846 5478 altero
1877 5439 2034 5477 crure
2062 5438 2171 5474 mu-

586 5438 867 5492 πηρωυεις
899 5438 960 5473 το
992 5438 1178 5482 σκελος
1211 5438 1318 5474 υπο
1354 5438 1645 5492 ρευματος,
1677 5438 1846 5478 auero
1877 5439 2034 5477 crure
2062 5438 2168 5474 mu-

588 5491 776 5571 tilatas
802 5508 867 5546 ea:
903 5491 1224 5559 rte/lunone,
1249 5491 1398 5561 quod
1439 5493 1598 5562 longe
1629 5500 1715 5548 est
1757 5510 1787 5547 a
1835 5492 2168 5563 cruril‘ragio

585 5568 1036 5702 ωἲὲἓίῖέχεται
1062 5627 1226 5700 μάλα
1253 5629 1463 5698 ἡδέως.
1489 5629 1625 5688 Cod.
1655 5629 1788 5703 Reg.
1823 5640 1880 5691 ct
1917 5628 2160 5687 Comhcf.

2348 4867 2459 4937 (42)
2498 4868 2692 4922 Οὐδὲν
2724 4869 2844 4924 ὑπὸ
2895 4867 3007 4937 ’τῆς
3050 4869 3241 4922 νόσου
3299 4867 3735 4937 καμπτόμενος.
3780 4869 3864 4921 Ita

2275 4938 2384 5010 duo
2415 4939 2578 5010 codd.
2613 4937 2870 5010 llcgg.'ct
2894 4938 3049 4995 Pass.
3091 4937 3149 4992 In
3183 4937 3316 4992 edit.
3347 4937 3490 4991 οὐδέ.
3535 4937 3777 4991 Montac.
3805 4947 3866 4993 et

2274 5007 2461 5078 Morel.
2495 5007 2938 5078 καμπτομένους.

2345 5077 2456 5148 (ίὸ)
2488 5074 2632 5148 Bibit
2663 5074 3138 5148 τόῦτονγεὺροίας
3169 5074 3367 5130 αὐτῶν
3394 5075 3860 5148 ἐγκοπτόμενος.

2345 5089 2461 5199 (soi
2488 5089 2632 5132 Biar
2665 5095 2880 5133 τουτον
2900 5089 3138 5148 εὐροίας
3169 5089 3367 5130 αὑτων
3394 5089 3860 5145 εγκοπτομενος.

2273 5147 2409 5201 Cod.
2462 5148 2574 5219 ieg.
2609 5147 2731 5219 Βίον
2764 5147 2944 5219 αὐτῷν
2972 5147 3190 5219 εὐροίας
3233 5146 3650 5219 έκπτοούμενος,
3679 5144 3867 5198 obstu-

2272 5215 2814 5286 pefactus'concidas.
2851 5217 2971 5271 Mox
3009 5215 3058 5270 in
3085 5215 3208 5270 cod.
3248 5217 3407 5286 l'ass.
3435 5215 3528 5268 καί
3560 5215 3733 5286 deest.

2348 5286 2459 5357 t-M)
2485 5289 2555 5340 El
2583 5287 2749 5355 θέμις
2777 5287 2874 5340 ἐπὶ
2902 5287 3017 5340 σοῦ
3051 5287 3228 5340 τοῦτο
3260 5285 3469 5357 εἰπεῖν,
3497 5286 3543 5336 si
3572 5283 3686 5357 Itoq’_
3706 5282 3864 5357 verba

2275 5358 2356 5412 uti
2390 5353 2474 5424 [ds
2518 5353 2734 5418 esu—id
2769 5365 2873 5417 cst,
2915 5358 2963 5410 si
2991 5357 3076 5424 fas
3119 5367 3195 5408 est
3249 5356 3346 5408 hoc
3383 5354 3603 5424 dicere:
3650 5353 3862 5421 Exigua

2279 5428 2368 5480 illa
2391 5423 2634 5496 peccata
2685 5441 2807 5494 qua:
2841 5428 2893 5480 in
2926 5423 3246 5488 te'rcstant,
3295 5423 3680 5496 alliictitmilnts
3710 5438 3861 5496 pur-

2277 5493 2424 5566 gari,
2456 5511 2520 5550 ac
2552 5512 2661 5550 non
2704 5493 2892 5565 potius
2933 5505 3187 5566 Virtutem
3222 5504 3371 5566 tuam
3425 5493 3859 5558 calamitatibus,

2274 5563 2422 5623 iclut
2455 5581 2650 5622 aurum
2682 5563 2824 5638 igne,
2858 5567 3101 5637 purgari.
3131 5563 3253 5620 llaec
3286 5563 3435 5618 ιλιι..
3772 5600 3780 5608 .
