4066 6214
474 264 545 320 33
1637 259 1676 314 S
1736 258 2067 314 GREGORII
2106 260 2460 318 THEOLOGI
3664 258 3733 314 δι

474 382 659 430 autem
700 375 992 446 episcopos
1051 375 1118 429 ad
1184 375 1375 430 urbem
1420 389 1750 431 concurrere
1783 376 2045 440 intellexi,

2153 377 2518 448 ἐπηρεάζουσι
2538 394 2550 404 ·
2593 375 2845 446 δεύτερον
2877 375 2932 428 δὲ
2957 416 2971 437 ,

473 466 834 538 profectionis
859 466 1153 520 consilium
1190 466 1383 535 abrupi
1409 506 1424 528 ,
1459 466 1836 536 demirarique
1881 465 2046 536 cmpi,

475 558 710 627 primum
743 558 811 620 si,
854 557 984 628 quid
1012 558 1302 613 honestum
1341 566 1508 620 esset,
1543 574 1651 612 non
1697 558 2048 628 perspexisti,

475 665 574 704 nec
605 651 806 720 putasti
841 649 1118 706 cavendas
1149 666 1273 706 esse
1304 650 1448 720 vulgi
1485 650 1589 720 35
1624 649 1904 703 hominum
1943 650 2050 703 lin-

473 756 631 810 guas,
670 757 792 811 qum
832 742 1264 812 simplicioribus
1298 742 1605 812 quibusque
1640 740 1925 795 celerrime
1953 755 2049 794 ca-

473 832 734 886 lumniam
780 841 1037 900 struunt;
1098 834 1328 898 deinde,
1373 833 1418 886 si
1482 848 1589 886 non
1641 831 1828 886 eadem
1859 831 1954 886 tibi
1985 846 2048 886 ac

473 923 634 978 nobis
675 926 970 980 convenire
1008 926 1313 988 existimas,
1360 923 1560 994 quibus
1588 931 1641 978 rt
1680 925 1812 987 vita,
1859 930 1915 978 et
1957 923 2052 977 do-

472 1018 674 1086 ctrina,
708 1027 762 1074 et
798 1021 1006 1090 reliqua
1034 1020 1218 1074 omnia
1255 1017 1570 1074 communia
1603 1025 1754 1081 sunt,
1786 1017 2045 1070 nimirum

472 1124 502 1164 a
539 1108 646 1165 Deo
676 1112 748 1165 ita
778 1111 889 1182 jam
928 1113 1053 1167 inde
1085 1129 1115 1167 a
1148 1113 1322 1183 prima
1355 1118 1515 1166 aetate
1545 1109 1915 1173 consociatis;
1950 1119 2051 1163 ter-

469 1201 550 1257 tio
595 1203 780 1273 (liceat
829 1204 975 1258 enim
1035 1205 1138 1258 hoc
1199 1219 1417 1274 quoque
1448 1200 1688 1272 dicere),
1749 1201 1794 1255 si
1833 1201 2047 1270 piorum

471 1293 678 1364 Deique
705 1305 848 1350 metu
883 1295 1233 1366 pra'ditorum
1277 1295 1559 1350 hominum
1595 1291 1909 1361 huiusmodi
1939 1291 2048 1344 ele-

471 1385 680 1439 ctlones
740 1401 863 1440 esse
917 1387 1177 1455 judieasti
1204 1426 1220 1450 ,
1277 1402 1388 1440 non
1419 1395 1599 1439 autem
1632 1383 1964 1454 potentium,
1996 1390 2052 1438 et

469 1474 612 1543 apud
651 1476 845 1546 vulgus
879 1478 1271 1547 gratiosorum.
1325 1479 1505 1547 Atque
1535 1490 1637 1546 ego
1704 1475 1792 1530 his
1820 1475 1887 1529 de
1914 1490 2050 1530 can-

3012 376 3061 429 εί
3095 376 3169 444 μὴ
3211 375 3256 428 τ’
3289 373 3429 426 αὑτὰ
3458 373 3539 426 σοί
3565 388 3624 425 τε
3657 372 3738 438 (6)

2159 470 2252 524 καὶ
2282 470 2413 540 ἡμῖν
2456 467 2688 540 πρέπειν
2723 465 3126 537 ὑπολαμϐάνεις
3152 503 3166 528 ,
3199 459 3282 527 οἷς
3314 463 3408 516 καὶ
3442 463 3554 533 βίος
3576 502 3591 526 ,
3640 466 3737 516 καὶ

2158 562 2346 630 λόγος,
2385 562 2479 614 καὶ
2503 561 2569 613 τὰ
2605 558 2782 612 πάντα
2809 557 2995 621 κοινὰ,
3027 555 3198 620 οὕτως
3224 558 3288 610 ἐκ
3323 555 3457 609 Θεοῦ
3488 554 3555 608 τὰ
3591 552 3742 625 πρῶ-

2157 671 2227 708 τα
2281 651 2730 726 συναρμοσθείσι·
2784 649 2968 719 τρίτον
3025 648 3206 717 (ἔστω
3261 646 3371 717 γὰρ
3425 645 3518 700 καὶ
3579 644 3739 698 τοῦτο

2158 747 2332 798 εἰπεῖν
2357 746 2402 811 ),
2433 746 2480 796 εἰ
2508 743 2616 796 τῶν
2642 740 3046 811 εύλαϐεστέρων
3069 740 3323 808 ἐνόμισας
3356 737 3454 801 τὰς
3481 736 3737 798 τοιαύτας

2158 835 2295 893 εἶναι
2325 837 2598 910 προϐολὰς
2617 877 2631 899 ,
2663 834 2800 888 ἀλλὰ
2828 834 2903 906 μὴ
2927 833 3034 886 τῶν
3053 830 3438 902 δυνατωτέρων
3463 870 3477 894 ,
3506 829 3600 882 καὶ
3622 831 3733 891 τοῖς

2152 930 2413 1000 πλήθεσιν
2474 927 2838 998 οἰκειοτέρων.
2899 923 3040 994 Ἐγὼ
3099 925 3196 995 μὲν
3252 919 3346 976 οὖν
3395 921 3482 974 διὰ
3536 919 3730 984 ταῦτα,

2153 1021 2407 1093 πρύμναν
2458 1019 2806 1090 ὲκρουσάμην
2835 1056 2848 1080 ,
2897 1020 2992 1070 καὶ
3047 1015 3366 1086 ἀναδύομαι.
3423 1013 3516 1066 Σοὶ
3569 1012 3627 1065 δὲ
3682 1012 3734 1064 εί

2151 1111 2298 1165 δοκεῖ
2353 1111 2447 1166 καὶ
2500 1109 2648 1180 αὑτῷ
2675 1151 2690 1175 ,
2737 1108 2895 1162 τοῦτο
2941 1108 3015 1179 (7)
3054 1106 3326 1177 δεδόχθω,
3368 1106 3559 1175 φυγεῖν
3606 1103 3733 1166 τοὺς

2151 1206 2210 1257 ὲν
2243 1205 2391 1275 μέσῳ
2420 1202 2680 1274 θορύϐους
2702 1241 2716 1264 ,
2773 1203 2868 1256 καὶ
2909 1201 3008 1263 τὰς
3041 1197 3284 1272 πονηρὰς
3335 1197 3590 1260 ὑπονοίας
3631 1195 3728 1265 (8).

2154 1293 2263 1366 Τὴν
2309 1294 2366 1348 δὲ
2405 1295 2505 1365 σὴν
2537 1293 2824 1347 εὐλάϐειαν
2855 1291 3157 1363 τηνικαῦτα
3207 1290 3440 1361 ὄψομαι,
3475 1288 3638 1360 ἡνίκα
3665 1287 3734 1340 ἂν

2153 1387 2224 1441 τά
2277 1403 2337 1440 τε
2386 1387 2690 1458 πράγματα
2723 1387 2998 1454 καταστῇ,
3029 1383 3124 1436 καὶ
3153 1381 3344 1454 καιρὸς
3375 1376 3443 1453 ᾖ,
3476 1379 3571 1432 καὶ
3597 1379 3733 1431 ὀνει-

2154 1476 2287 1528 δίσω
2332 1493 2397 1545 γε
2443 1475 2663 1530 πλείονα
2713 1474 2807 1528 καὶ
2852 1472 3145 1543 βαρύτερα.

469 1563 547 1619 sis
587 1566 790 1636 navigii
841 1583 1060 1638 proram
1108 1569 1390 1630 converti,
1433 1583 1497 1622 ac
1540 1565 1814 1636 proﬁcisci
1879 1565 2199 1622 detrectavi.
2233 1566 2353 1622 Tibi
2401 1576 2583 1622 autem
2624 1567 2728 1637 ipsi
2789 1565 2836 1621 si
2896 1565 3148 1629 videtur,
3211 1561 3318 1617 hoc
3388 1574 3608 1632 quoque
3669 1558 3731 1616 li-

470 1675 598 1714 xum
658 1663 1132 1734 constitutumque
1181 1664 1253 1721 sit
1309 1663 1663 1720 intermedios
1715 1661 1986 1717 tumultus
2049 1678 2360 1733 pravasque
2410 1663 2757 1733 suspiciones
2812 1659 3018 1732 lugere.
3065 1657 3238 1711 Tuam
3297 1671 3424 1711 vero
3475 1654 3728 1725 pietatem

471 1762 582 1808 tum
625 1753 843 1810 demum
873 1756 1088 1820 videbo.
1112 1771 1236 1811 cuin
1269 1767 1323 1813 et
1354 1756 1575 1827 negotia
1599 1755 1903 1813 constituta
1927 1755 2152 1822 fuerint,
2177 1767 2231 1810 et
2261 1773 2356 1828 per
2397 1765 2614 1828 tempus
2666 1754 2918 1822 licuerit;
2951 1767 3016 1807 ac
3073 1752 3230 1822 plura
3268 1750 3432 1806 etiam
3497 1755 3552 1804 et
3605 1760 3734 1818 gra-

470 1844 618 1900 viora
646 1849 1010 1918 exprobrabo.

854 1958 989 2016 XLI.
1018 1960 1111 2015 AD
1139 1960 1668 2020 CAESARIENSES.

2333 1961 2468 2015 MA’.
2501 1959 2680 2013 ΠΡΟΣ
2709 1957 2888 2011 ΤΟΥΣ
2935 1956 3023 2010 EN
3063 1954 3431 2026 ΚΑΙΣΛΡΕΙᾼ
3456 1954 3555 2024 (9).

536 2070 670 2126 Cum
699 2071 940 2152 Ecclesia
971 2074 1318 2131 Cwsarimsis
1344 2080 1616 2133 acrivisset
1637 2097 1700 2136 ac
1729 2090 1968 2152 rogasset
1992 2080 2328 2150 Gregorium,
2357 2078 2628 2152 Nazianzl
2649 2078 2970 2152 episcopum,
2995 2093 3059 2130 ne
3081 2091 3135 2130 se
3158 2075 3215 2152 in
3236 2074 3488 2152 electione
3507 2073 3733 2152 episcopi

465 2141 775 2219 desereret,‘
809 2147 1118 2212 adfuturum
1152 2164 1206 2201 se
1237 2151 1496 2216 promittit
1527 2141 1850 2206 venerandus
1883 2167 2042 2206 senex
2071 2141 2298 2219 epistola
2318 2141 2578 2218 sequenti,
2610 2141 2768 2217 quam
2813 2141 3003 2219 patris,
3025 2146 3256 2219 nomine
3270 2143 3552 2219 Gregorius
3586 2143 3732 2212 ﬁlius

467 2213 698 2289 scripsit.
737 2212 1304 2289 Qerttonslratuquanti
1335 2222 1584 2289 utotnenti
1612 2223 1683 2272 sit
1714 2221 1898 2275 electio
1931 2212 2160 2289 episcopi
2206 2212 2486 2278 Ca'saretc.
2535 2212 2768 2272 ontnium
2803 2212 3160 2270 Ecclesiarum
3192 2212 3583 2289 (Cappadociw)
3615 2230 3732 2265 ma-

470 2283 602 2359 tris;
639 2284 897 2359 neminem
926 2281 1136 2359 Basilio
1156 2287 1409 2359 proferri
1437 2289 1621 2359 debere
1643 2289 1904 2352 declarat,
1931 2281 2153 2359 eumque
2182 2291 2376 2350 solum.
2407 2290 2504 2359 vel
2524 2299 2662 2341 certe
2689 2281 3332 2359 omniunt__es‘sejnaatime
3366 2281 3608 2335 idoneum
3645 2296 3729 2334 re-

465 2349 759 2427 gendrehltis
790 2352 1105 2427 temporibus
1142 2349 1411 2427 Ecclesiw.
1454 2356 1514 2409 Si
1549 2349 1931 2423 assentiuntur,
1965 2375 2020 2413 se
2052 2349 2370 2427 adfuturum
2396 2357 2712 2425 pollicetur;
2759 2355 2846 2407 sin
2876 2353 3025 2406 aliud
3047 2353 3158 2406 illis
3186 2353 3416 2420 placeat,
3459 2367 3514 2406 se
3544 2366 3726 2405 eorum

465 2419 677 2473 consilii
693 2422 1003 2493 participem
1035 2438 1135 2475 non
1163 2423 1424 2491 futurum.

539 2530 673 2587 Sum
724 2533 943 2605 quidem
1008 2545 1197 2606 pastor
1224 2539 1476 2609 exiguus,
1523 2541 1816 2612 exiguique
1859 2544 2038 2614 gregis

2212 2542 2360 2613 Εἰμὶ.
2392 2541 2491 2612 μὲν
2540 2539 2742 2612 ποιμὴν
2787 2539 3009 2608 ὀλίγος,
3073 2537 3169 2592 καὶ
3226 2537 3479 2608 ποιμνίου
3524 2535 3726 2608 μικροῦ

466 2625 720 2690 antistes,
748 2634 910 2697 atque
944 2627 1207 2684 minimus
1251 2631 1394 2687 inter
1425 2631 1664 2702 Spiritus
1717 2625 2039 2692 ministros:

467 2723 525 2770 at
556 2717 730 2786 gratia
771 2733 1114 2789 nequaquam
1177 2731 1409 2793 angusta
1450 2731 1556 2787 est,
1614 2741 1716 2781 nec
1769 2728 1906 2783 locis
1934 2727 2046 2783 cir-

466 2809 826 2880 cumscripta.
854 2809 1124 2876 Quocirca
1143 2814 1326 2883 parvis
1355 2829 1574 2886 quoque
1597 2816 1768 2873 libere
1788 2818 2044 2889 loquendi

466 2908 711 2972 potestas
759 2902 1094 2957 concedatur
1122 2943 1137 2966 ,
1192 2908 1498 2974 praesertim
1532 2907 1602 2964 de
1654 2910 2044 2967 communibus

467 2993 831 3065 maximisque
866 2995 1031 3052 rebus
1077 2997 1381 3053 orationem
1441 2998 1803 3066 habentibus,
1835 3010 1888 3057 et
1918 3018 2043 3057 cum

468 3091 619 3138 tanta
652 3085 855 3141 canitie
917 3087 1381 3155 consultantibus,
1423 3104 1543 3158 quae
1567 3089 1772 3160 aliquid
1811 3090 2045 3147 fortasse

467 3174 796 3246 prudentius
853 3185 908 3230 et
949 3177 1207 3232 solet-tius
1253 3178 1456 3243 habet,
1497 3195 1662 3249 quam
1721 3181 1973 3252 plerique
2010 3197 2041 3238 c

466 3265 653 3336 vulgo.
688 3266 806 3322 Non
836 3266 905 3324 de
963 3269 1148 3339 parvis
1184 3277 1239 3326 et
1263 3270 1474 3327 levibus
1503 3272 1669 3328 rebus
1699 3272 2040 3339 deliberatis,

467 3372 660 3413 verum
717 3359 949 3428 quibus.
1001 3360 1082 3415 vel
1141 3369 1291 3417 recte
1321 3400 1335 3423 .
1364 3363 1448 3417 vel
1475 3376 1638 3419 secus
1688 3363 2041 3430 habentibus,

468 3448 1150 3519 rcmpublicamquoque,
1193 3451 1276 3505 vel
1323 3451 1464 3520 hoc,
1499 3452 1586 3507 vel
1633 3452 1726 3506 illo
1776 3454 1939 3508 modo
1985 3470 2045 3510 se

471 3538 674 3594 habere
709 3553 936 3595 necesse
965 3547 1068 3594 est.
1102 3538 1176 3594 De
1216 3538 1460 3596 Ecclesia
1492 3541 1638 3596 enim
1673 3541 1834 3597 nobis
1861 3557 2045 3597 sermo

470 3634 578 3694 est,
613 3643 714 3698 pro
761 3644 868 3699 qua
917 3629 1172 3686 Christus
1227 3638 1457 3684 mortem
1501 3631 1747 3701 Oppetiit.
1787 3647 1852 3686 ac
1882 3632 1949 3687 de
1979 3648 2046 3687 eo

471 3718 566 3788 qui
603 3719 745 3773 hanc
774 3718 884 3775 Deo
905 3721 1065 3776 sistat
1093 3729 1148 3777 et
1173 3721 1448 3776 conciliet.
1479 3720 1719 3776 Lucerna
1741 3723 1887 3777 enim
1921 3739 2042 3776 cor-

468 3811 635 3878 poris,
669 3818 729 3866 ut
759 3809 1041 3882 Scriptura
1069 3811 1226 3867 docet
1250 3812 1292 3877 ⁸,
1327 3822 1406 3866 est
1433 3813 1639 3875 oculus.
1669 3828 1780 3868 non
1807 3813 1897 3867 hic
1930 3821 2047 3868 tan-

2146 2632 2502 2706 προεστηκὼς
2519 2672 2534 2696 ,
2581 2634 2673 2686 καὶ
2699 2631 2988 2695 πολλοστὸς
3019 2632 3076 2684 ὲν
3104 2630 3406 2700 ὑπηρέταις
3433 2629 3528 2682 τοῦ
3557 2627 3728 2682 Πνεύ-

2149 2741 2338 2796 ματος.
2387 2725 2450 2777 Ἦ
2488 2723 2649 2796 χάρις
2703 2722 2758 2776 δὲ
2803 2723 2865 2775 οὑ
2917 2720 3116 2792 στενὴ,
3163 2720 3283 2774 οὑδὲ
3330 2720 3516 2783 τόποις
3568 2735 3728 2792 περι-

2145 2815 2389 2886 γραπτός
2425 2814 2558 2886 (10).
2593 2813 2692 2867 Διὰ
2739 2812 2899 2867 τοῦτο
2941 2813 3173 2866 δεδόσθω
3224 2813 3318 2867 καὶ
3363 2813 3476 2876 τοῖς
3511 2812 3726 2882 μικροῖς

2145 2907 2430 2980 παρρησία
2453 2948 2467 2969 ,
2515 2906 2689 2970 ἄλλως
2728 2923 2788 2959 τε
2829 2906 2923 2959 καὶ
2961 2905 3091 2976 περὶ
3126 2904 3320 2958 κοινῶν
3353 2903 3466 2975 (li)
3496 2904 3594 2957 καὶ
3624 2919 3725 2973 τη-

2145 2998 2408 3053 λικούτων
2451 2997 2602 3061 ὄντος
2629 2994 2724 3050 τοῦ
2753 2995 2912 3065 λόγου
2938 3037 2954 3061 ,
2989 2997 3087 3049 κα).
3131 2995 3269 3066 μετὰ
3305 2993 3574 3065 τοσαύτης
3603 2993 3724 3064 βου-

2145 3089 2455 3160 λευομένοις
2479 3089 2577 3160 τῆς
2599 3087 2790 3151 πολιᾶς
2807 3127 2823 3152 ,
2864 3088 2898 3159 ἣ
2927 3087 3089 3158 τυχὸν
3114 3087 3226 3156 ἔχει
3255 3104 3309 3138 τι
3340 3085 3436 3140 καὶ
3458 3085 3565 3139 τῶν
3597 3086 3724 3139 πολ-

2144 3181 2252 3236 λῶν
2280 3179 2662 3253 συνετώτερον.
2697 3180 2772 3234 Οὑ
2809 3179 2936 3251 περὶ
2967 3179 3180 3250 μικρῶν
3199 3218 3214 3243 ,
3242 3179 3363 3232 οὑδὲ
3399 3177 3507 3231 τῶν
3531 3178 3725 3248 τυχόν·-

2143 3291 2252 3329 των
2305 3272 2662 3345 βουλεύεσθε,
2696 3271 2813 3326 ἀλλ’
2858 3267 2934 3325 ὧν
2972 3271 3006 3341 ἢ
3054 3268 3114 3326 εὖ
3167 3271 3202 3342 ἦ
3248 3270 3433 3334 κακῶς
3468 3269 3723 3340 ἐχόντων.

2144 3365 2360 3435 ἀνάγκη
2403 3364 2495 3418 καὶ
2521 3364 2584 3418 τὸ
2613 3364 2790 3436 κοινὸν
2825 3364 2936 3435 (12)
2965 3363 2998 3435 ἢ
3043 3363 3266 3427 ἐκείνως
3292 3364 3324 3434 ἢ
3356 3362 3526 3424 οὑτως
3555 3363 3723 3433 ἔχειν.

2145 3457 2283 3528 Περὶ
2330 3456 2438 3529 γὰρ
2485 3457 2810 3529 Ἐκκλησίας
2841 3459 2974 3529 ἡμῖν
3005 3458 3034 3510 0
3090 3457 3279 3526 λόγος,
3324 3455 3463 3528 ὑπὲρ
3493 3452 3561 3528 ἧς
3591 3457 3726 3527 Χρι-

2146 3547 2271 3612 στὸς
2299 3548 2535 3602 ἀπέθανε
2570 3548 2683 3619 (15)
2707 3587 2722 3612 ,
2765 3549 2858 3602 καὶ
2902 3546 2997 3602 τοῦ
3029 3547 3234 3619 ταύτην
3291 3545 3408 3616 Θεῷ
3441 3547 3726 3618 παραστή-

2147 3656 2332 3704 σοντος
2373 3641 2469 3694 καὶ
2515 3640 2900 3712 προσάξοντος.
2934 3641 3174 3710 Λύχνος
3210 3639 3309 3711 μὲν
3333 3639 3442 3710 γὰρ
3466 3639 3575 3694 τοῦ
3605 3639 3724 3692 σώ-

2144 3731 2330 3798 ματός
2362 3731 2535 3786 ἐστιν
2563 3731 2904 3802 ὀφθαλμὸς,
2935 3732 3011 3796 ὡς
3042 3731 3355 3802 ἠκούσαμεν
3381 3770 3396 3796 ,
3450 3732 3511 3784 0i.
3566 3731 3726 3802 μόνον

2146 3813 2299 3884 οὗτος
2330 3822 2359 3874 0
2407 3821 2738 3893 σωματικῶς
2773 3823 2916 3895 ὁρῶν
2966 3823 3060 3876 καὶ
3103 3823 3378 3895 ὁρώμενος
3402 3867 3416 3886 ,
3451 3823 3587 3878 ἀλλὰ
3632 3822 3726 3877 καὶ

471 3906 610 3966 tum,
635 3902 728 3972 qui
749 3915 1014 3972 corporeo
1044 3901 1206 3958 modo
1239 3903 1416 3958 cernit
1445 3918 1511 3958 ac
1543 3903 1809 3967 cernitur,
1859 3905 1953 3961 sed
1999 3905 2045 3961 is

2149 3911 2179 3962 0
2213 3912 2596 3984 πνευματικῶς
2643 3913 2862 3986 θεωρῶν
2917 3915 3012 3968 καὶ
3069 3914 3458 3987 θεωρούμενος.
3525 3915 3724 3987 Λύχνος

470 3989 637 4046 etiam
689 3990 782 4062 qui
833 3990 1193 4061 spiritualiter
1249 3999 1465 4063 spectat
1490 4001 1546 4048 et
1573 4001 1875 4066 spectatur.
1937 3993 2047 4049 Lu-

472 4097 639 4138 cerna
693 4092 872 4137 autem
926 4082 1187 4141 Ecclesiae
1222 4094 1308 4140 est
1340 4086 1656 4157 episcopus.
1688 4088 2049 4158 quemadmo-

473 4174 604 4229 dum
637 4174 739 4242 ipsi
772 4175 1062 4242 perspicue
1086 4175 1286 4238 nostis,
1328 4177 1545 4231 etiamsi
1594 4192 1701 4229 non
1753 4178 2047 4246 scripseri-

474 4279 619 4319 mus.
655 4262 844 4333 itaque
883 4265 1340 4332 quemathnodum
1373 4280 1500 4320 cum
1533 4266 1626 4320 ille
1658 4282 1792 4335 pure
1812 4276 1867 4322 et
1903 4268 2048 4322 inte-

475 4369 570 4424 gre
613 4369 673 4410 se
725 4353 922 4415 habet,
965 4368 1166 4423 corpus
1209 4370 1431 4424 quoque
1464 4363 1612 4409 recte
1643 4356 1884 4418 ducitur,
1917 4372 2043 4411 cum

411 4519 416 4523 η
475 4453 657 4499 autem
693 4443 944 4512 impurus
983 4451 1102 4506 est.
1149 4459 1259 4498 non
1301 4451 1490 4499 recte:
1525 4445 1797 4500 consimili
1829 4461 2047 4516 quoque

478 4537 707 4601 ratione,
753 4535 1014 4591 utrolibet
1039 4535 1200 4590 modo
1228 4549 1352 4592 sese
1380 4534 1640 4591 Ecclesiae
1670 4536 1902 4594 antistes
1943 4537 2044 4592 ha-

546 4695 568 4728 ⁸
590 4691 779 4752 Matth.
810 4711 884 4760 vi,
911 4693 1004 4750 22.

545 4853 625 4921 (6)
669 4856 733 4908 Et
755 4853 843 4922 μὴ
877 4851 928 4903 τ’
953 4851 1098 4907 αὑτά
1121 4852 1222 4922 σοι
1252 4868 1335 4908 τε.
1360 4851 1436 4906 Ita
1461 4852 1583 4908 cod.
1613 4851 1769 4908 Pass.
1801 4862 1855 4908 et
1884 4854 2047 4907 (Zom-

476 4921 612 4994 bel.;
646 4933 701 4994 at
727 4921 851 4994 cod.
897 4922 1046 4978 Harl.
1093 4921 1143 4975 εί
1171 4921 1217 4974 τ’
1244 4922 1383 4976 αὑτά
1416 4923 1500 4976 σοί
1526 4941 1605 4976 τε.
1655 4923 1715 4977 1η
1758 4923 1843 4978 ed.
1876 4924 1925 4975 εἰ
1968 4924 2045 4994 μὴ

475 4991 547 5046 τὰ
573 4991 710 5046 αὑτά
739 4993 820 5046 σοί
855 5011 937 5048 τε.
1575 5036 1580 5041 .

551 5062 627 5129 (7)
666 5063 774 5131 Kal
799 5063 978 5128 αὐτῷ,
1002 5063 1197 5117 τοῦτο.
1216 5060 1376 5117 Forte
1403 5061 1688 5131 legendum
1710 5061 1842 5115 αὑτὸ
1863 5062 2038 5115 τοῦτο.

548 5131 625 5201 (8)
660 5130 768 5186 Kal
801 5133 906 5196 τὰς
932 5133 1198 5201 πονηρὰς
1227 5130 1536 5197 ὑπονοίας.
1568 5131 1704 5187 Cod.
1748 5131 1891 5186 2022
1925 5134 2044 5186 ὲπι-

478 5199 647 5264 νοίας,
673 5217 934 5270 pravoque
957 5199 1270 5258 commenta.

2149 4000 2209 4056 δὲ
2249 4003 2350 4074 τῆς
2396 4005 2720 4078 Ἐκκλησίας
2753 4007 3050 4072 ἐπίσκοπος
3073 4046 3089 4071 ,
3141 4007 3170 4061 ὃ
3219 4008 3376 4079 δῆλον
3425 4009 3584 4080 ὑμῖν,
3622 4007 3724 4064 κᾶν

2151 4094 2306 4151 αὐτοὶ
2345 4095 2421 4166 μὴ
2444 4096 2764 4167 γράφωμεν.
2824 4097 3060 4168 Ἀνάγκη
3105 4098 3316 4161 τοίνυν,
3358 4098 3547 4168 ὥσπερ
3575 4099 3721 4152 ὲκεί-

2149 4200 2243 4236 νου
2269 4185 2527 4253 καθαρῶς
2560 4185 2660 4254 μὲν
2687 4185 2902 4254 ἔχοντος
2927 4185 3105 4257 ὀρθῶς
3137 4185 3367 4254 ἄγεσθαι
3413 4186 3506 4239 καὶ
3528 4188 3588 4240 τὸ
3617 4188 3725 4240 σῶ-

2152 4287 2232 4341 μα
2253 4309 2270 4325 .
2315 4272 2390 4342 μὴ
2421 4271 2660 4342 καθαροῦ
2689 4273 2745 4325 δὲ
2780 4273 3172 4343 τυγχάνοντος,
3205 4273 3306 4327 οὑκ
3343 4273 3542 4346 ὀρθῶςο
3580 4273 3724 4327 οὑτω

2147 4359 2211 4430 δὴ
2241 4360 2353 4430 (14)
2389 4359 2581 4431 καὶτῷ
2612 4361 2890 4433 προστάτῃ
2918 4362 3018 4432 τῆς
3053 4363 3408 4434 Ἐκκλησίας,
3446 4364 3722 4436 ὁποτέρως

2149 4450 2216 4504 ἂν
2245 4449 2342 4521 ἔχῃ
2368 4491 2383 4517 ,
2417 4449 2633 4514 πάντως
2673 4451 2706 4521 ἢ
2750 4451 3267 4506 συνδιακινδυνεύειν
3289 4493 3306 4518 ,
3340 4455 3373 4526 ἢ
3423 4455 3720 4509 συνδιασὼ-

2149 4539 2356 4604 ζεσθαι.
2388 4541 2576 4610 Πάσης
2606 4541 2703 4612 μὲν
2734 4537 2828 4596 οὖν
2869 4542 3194 4614 Ἐκκλησίας
3225 4544 3569 4615 φροντιστέον
3591 4585 3606 4609 ,
3643 4545 3720 4610 ὡς

2219 4853 2330 4924 (ll)
2363 4849 2506 4920 Περὶ
2523 4852 2902 4924 κοινῶνηθίιξ.
2938 4847 3185 4924 Combel'.
3230 4865 3345 4902 cum
3379 4849 3444 4902 de
3489 4845 3712 4924 publicis

2148 4917 2500 4994 maximisque
2549 4921 2700 4977 rebus
2752 4920 3066 4976 deliberatio
3115 4919 3206 4983 sit,
3251 4934 3442 4988 nempe
3490 4917 3555 4973 de
3601 4924 3714 4971 tota

2144 4995 2629 5130 “flatur-atram
2654 5061 2720 5116 τὸ
2753 5061 2978 5123 κοινόν,
3002 5067 3116 5130 γριο.
3149 5056 3303 5130 Cod.
3321 5056 3451 5128 Heg.
3476 5064 3532 5111 et
3557 5056 3714 5130 Com:

2218 5067 2328 5187 (12)
2372 5067 2629 5130 Ἀνάγκη
2654 5067 2720 5116 τὸ
2753 5067 2978 5123 κοινόν,
3010 5067 3116 5114 ctc.
3149 5067 3284 5112 L‘od.
3322 5067 3451 5128 Heg.
3476 5067 3532 5111 et
3557 5067 3710 5111 (Iom-

2149 5134 2215 5189 be
2243 5176 2254 5188 .
2282 5133 2458 5187 κοινὸν
2487 5133 2658 5194 οὕτως
2679 5132 2712 5203 ἢ
2736 5131 2956 5203 ἐκείνως
2985 5129 3148 5203 ἔχειν,
3177 5128 3597 5203 publicamrem.
3630 5126 3710 5203 vel

2074 5237 2120 5293 Β
2145 5204 2434 5293 publicum,
2471 5204 2643 5274 ipsam
2670 5196 2862 5271 nempe
2877 5196 3180 5262 dimcesim,
3205 5198 3299 5251 hoc
3332 5197 3409 5252 vel
3440 5197 3534 5250 illo
3558 5196 3712 5251 modo

552 5269 805 5343 (9)_Alia_s
837 5269 1000 5324 XXII.
1041 5270 1256 5343 Scripta
1307 5272 1466 5343 paulo
1494 5277 1639 5343 post,
1684 5269 1737 5326 id
1767 5280 1852 5343 est
1896 5286 2039 5343 a_nn_o
2074 5269 2120 5293 ¹¹
2145 5269 2199 5328 se
2226 5274 2433 5328 habere.

479 5336 586 5408 570
614 5336 929 5394 decedente.
958 5371 1026 5381 —
1054 5336 1208 5408 11,00};
1246 5336 1386 5407 τοὺς
1412 5336 1856 5408 ἐν’Καισαρείᾳ.
1903 5340 2036 5395 Cod.

481 5405 702 5482 Ῑξοεζττῇ
745 5409 1039 5482 Ἐκκλησία
1064 5405 1428 5482 Καισαρέων,
1474 5411 1547 5474 ὡς
1582 5412 1647 5464 ὲκ
1673 5405 1767 5482 τοὺ
1807 5405 2043 5481 πατρός,

434 5495 438 5498 ·
481 5476 734 5550 Ecclesia:
762 5476 1186 5545 thsariensium,
1211 5476 1364 5549 quasi
1393 5483 1598 5534 nomine
1622 5481 1810 5550 patris.

551 5549 661 5616 (10)
713 5550 1127 5618 Περιγραπτός.
1172 5548 1249 5604 Ita
1300 5550 1410 5604 duo
1457 5548 1630 5607 codd.
1671 5550 1835 5621 ltegg.
1870 5548 1930 5604 In
1954 5549 2040 5607 ed.

481 5620 846 5693 περιγραπτή.

2217 5345 2326 5414 (1'5)
2365 5342 2617 5410 Χριστὸς
2637 5340 2953 5396 ἀπέθανεν.
2985 5337 3101 5393 Duo
3125 5337 3284 5394 codd.
3313 5335 3546 5408 Χριστὸς
3578 5334 3712 5387 ἔπα-

2146 5412 2256 5472 θεν.
2293 5414 2533 5468 Christus
2567 5428 2754 5472 passus
2781 5419 2878 5465 est.

2215 5483 2327 5552 (Η)
2368 5484 2532 5536 Οὕτω
2554 5477 2653 5550 δή.
2695 5481 2752 5552 _ln
2785 5481 2908 5552 cod.
2945 5479 3086 5552 [legi
3109 5480 3261 5552 (lccst
3287 5478 3371 5545 δή.
3420 5477 3598 5552 Paulo
3624 5477 3711 5543 in-

2145 5545 2250 5621 fra,
2280 5545 2811 5608 συνδιακινδυνεύειν.
2833 5550 2906 5606 Id.
2928 5545 3051 5606 cod:
3075 5549 3236 5604 habet
3256 5545 3705 5615 συγκινδυνεύειν.
