4066 6214
331 257 404 315 as
1580 246 1587 249 ’
1695 261 2032 320 EPlSTOLA
2070 263 2208 320 xu.
3516 266 3584 327 ea

333 373 565 446 Χριστοῦ
617 375 913 448 σώματος,
967 378 1205 450 μάλιστα
1250 381 1308 435 δὲ
1358 381 1457 452 τῆς
1511 382 1822 455 ὑμετέρας,
1872 383 1907 453 ἢ

2017 382 2214 448 buerit,
2249 381 2361 454 36
2388 382 2612 437 «mulino
2639 385 2722 439 vel
2762 382 2993 454 periculi
3020 386 3104 441 vcl
3131 387 3325 444 salutis
3360 390 3584 458 partici-

333 469 515 539 μὴτηρ
561 469 756 540 σχεδὸν
782 470 1035 525 ἁπάντων
1063 472 1175 526 τῶν
1214 472 1549 546 Ἑκκλησιῶν
1598 469 1666 546 ἦν
1709 491 1771 527 τε
1810 476 1906 527 ἀπ’

327 559 504 631 ἀρχῆς
528 599 546 621 .
590 560 688 614 καὶ
720 560 815 615 νῦν
845 563 994 625 ἐστι,
1034 564 1131 616 καὶ
1179 564 1490 634 νομίζεται,
1541 565 1634 618 καὶ
1677 565 1812 637 πρὸς
1839 564 1908 637 ἢν

324 649 387 702 τὸ
434 650 621 705 κοινὸν
656 650 837 721 βλέπει
862 651 996 721 (15),
1041 652 1118 716 ὡς
1143 654 1354 725 κέντρῳ
1396 654 1595 718 κύκλος
1640 672 1909 727 περιγρα-

327 740 568 810 φόμενος
591 781 607 803 ,
641 741 703 795 οὐ
726 742 882 812 μόνον
911 742 1004 796 διὰ
1043 743 1144 814 τὴν
1181 743 1490 815 ὀρθοδοξίαν
1534 744 1739 801 ἄνωθεν
1773 748 1909 800 πᾶσι

325 831 781 903 κεκηρυγμένην,
829 833 969 887 ἀλλὰ
1023 835 1118 888 κει)⁵
1165 835 1265 907 τὴν
1318 836 1383 889 ὲκ
1436 825 1581 889 Θεοῦ
1620 835 1910 908 δεδομένην

325 924 470 996 αὐτῇ
529 924 805 995 προδήλως
850 925 1013 996 χάριν
1054 926 1156 997 τῆς
1199 928 1470 998 ὁμονοίας.
1533 928 1749 1000 Ἐπειδὴ
1795 929 1907 1001 (16)

323 1013 512 1066 τοίνυν
538 1014 845 1085 κεκλήκατε
881 1016 981 1087 μὲν
1012 1017 1107 1071 καὶ
1136 1019 1287 1088 ἡμᾶς
1325 1020 1405 1082 είς
1434 1019 1532 1091 τὴν
1568 1022 1698 1092 περὶ
1718 1019 1908 1074 τούτου

325 1103 613 1174 διάσκεψιν
630 1144 647 1168 ,
670 1105 959 1171 ποιοῦντες
985 1108 1160 1179 ὀρθῶς
1188 1108 1282 1163 καὶ
1312 1111 1611 1176 κανονικῶς
1628 1151 1644 1175 ,
1676 1111 1909 1185 κρατού-

333 1194 472 1265 μεθα
505 1195 564 1249 δὲ
593 1197 745 1269 γήρᾳ
770 1198 866 1252 καὶ
895 1199 1196 1272 ἀρρωστίᾳ,
1239 1203 1288 1255 εί
1317 1202 1416 1273 μὲν
1445 1203 1541 1258 καὶ
1568 1204 1724 1258 αὐτοὶ¹
1770 1223 1911 1278 παρ-

332 1286 520 1357 είημεν
542 1326 558 1352 ,
605 1288 701 1343 τοῦ
749 1290 1070 1362 Πνεῦματος
1122 1292 1529 1366 ἐπιρρώσαντος
1568 1295 1756 1365 (οὐδὲν
1802 1297 1911 1370 γὰρ

332 1375 559 1432 ἄπιστον
588 1381 700 1443 τοῖς
734 1382 1022 1451 πιστοῖς),
1052 1382 1208 1437 τοῦτο
1237 1382 1317 1454 τῷ
1348 1384 1514 1438 παντὶ
1548 1385 1754 1456 βέλτιον
1773 1387 1908 1457 (l7),

331 1469 427 1522 καὶ
460 1471 591 1541 ἡμῖν
624 1471 775 1543 ἥδιον
796 1518 812 1539 ,
851 1474 940 1529 ἵνα
982 1476 1079 1530 καὶ
1113 1477 1241 1548 ὑμῖν
1284 1495 1341 1531 τι
1392 1480 1909 1551 συνεισενέγκωμεν,

262 1580 269 1587 ·
330 1559 425 1615 καὶ
454 1561 610 1616 αὐτοὶ
641 1564 744 1635 τῆς
776 1564 1026 1635 εὐλογίας
1061 1567 1418 1640 μετάσχωμεν
1439 1585 1454 1599 ο
1491 1572 1541 1624 εἰ
1576 1570 1633 1624 δὲ
1669 1574 1768 1643 τῆς
1798 1570 1909 1639 (18)

332 1648 620 1715 ἀσθενείας
661 1651 906 1724 νικώσης
964 1653 1352 1727 ἀπολειφθείην
1373 1695 1391 1723 ,
1442 1656 1544 1711 ὅσα
1593 1675 1656 1728 γε
1710 1658 1912 1713 ἀποῦσι

333 1739 553 1796 δυνατὸν
576 1782 593 1807 ,
620 1744 1076 1817 συνεισφέρομεν.

2012 489 2132 546 pem
2184 489 2308 529 esse
2362 489 2587 530 necesse
2615 485 2723 529 est.
2757 474 2929 530 Porro
2948 478 3097 531 omni
3139 477 3411 542 Ecclesia},
3469 487 3584 532 t:m-

2011 578 2176 635 quam
2206 563 2410 619 Christi
2435 563 2677 633 corpori,
2702 580 2916 620 summa
2950 579 3085 619 cura
3128 572 3177 620 et
3209 566 3584 622 sollicitudine

2010 655 2451 726 prospiciendum
2483 664 2587 719 est,
2623 663 2739 709 tum
2797 656 3037 712 maxime
3069 667 3295 722 vestrm,
3317 674 3438 728 qua:
3467 674 3587 709 om-

2009 748 2164 803 nium
2218 747 2331 804 fere
2365 747 2738 804 Ecclesiarum
2784 755 2957 803 mater
3004 760 3058 805 et
3107 749 3411 819 antiquitus
3462 748 3586 811 fuit,

2008 848 2065 894 et
2091 854 2241 894 nunc
2286 847 2391 904 est,
2426 847 2592 909 atque
2623 848 2915 908 censetur,
2955 850 3009 896 et
3042 842 3107 895 ad
3138 857 3301 911 quam
3330 849 3443 895 tota
3476 855 3591 912 res-
3678 912 3681 913 ν

2011 929 2231 998 publica
2276 930 2592 985 Christiana
2629 931 2822 987 oculos
2866 932 3112 1000 coniicit,
3155 931 3299 986 haud
3335 947 3498 988 secus
3524 941 3591 986 a‘c

2010 1019 2254 1074 circulus
2287 1030 2478 1074 centro
2507 1021 2989 1092 circumscriptus,
3027 1038 3135 1077 non
3173 1023 3335 1078 modo
3362 1030 3591 1092 propter

2012 1109 2135 1165 ﬁdei
2190 1111 2559 1181 integritatem
2606 1113 2717 1182 jam
2756 1114 2886 1168 olim
2921 1114 3177 1169 omn-ibus
3213 1113 3591 1184 pratdicatam,

2013 1201 2106 1257 sed
2155 1202 2320 1256 etiam
2359 1203 2429 1257 ob
2462 1205 2769 1260 concordia:
2795 1205 3049 1277 gratiam,
3093 1204 3279 1259 divino
3315 1202 3460 1257 haud
3488 1201 3590 1257 du—

2010 1292 2101 1348 bic
2133 1292 2400 1348 benelicio
2457 1294 2564 1364 ipsi
2610 1310 2957 1350 concessam.
3014 1294 3281 1360 Quoniam
3312 1293 3482 1363 igitur
3523 1291 3590 1345 ad

2011 1382 2478 1449 deliberationem,
2513 1383 2769 1454 quamde
2812 1384 2914 1439 bac
2958 1400 3016 1439 re
3046 1384 3282 1446 habetis.
3319 1398 3423 1438 nos
3452 1395 3592 1451 quo-

2011 1490 2139 1545 que,
2172 1483 2230 1528 ut
2263 1488 2365 1545 par
2387 1481 2525 1537 erat,
2563 1482 2728 1546 atque
2769 1474 3145 1530 ecclesiastica
3187 1474 3375 1545 regula
3400 1479 3591 1542 postu-

2013 1566 2182 1632 labat,
2213 1565 2489 1620 accivistis
2509 1607 2524 1630 ,
2557 1574 2839 1622 senectute
2868 1576 3048 1621 autem
3075 1573 3129 1621 et
3163 1566 3354 1620 morbo
3382 1564 3591 1619 detine-

2011 1673 2156 1724 mur,
2187 1658 2455 1729 siquidem
2513 1659 2618 1729 ipsi
2663 1675 2902 1731 quoque,
2945 1659 3150 1730 Spiritu
3196 1668 3388 1713 sancto
3446 1658 3592 1711 vires

1943 1739 1984 1793 Β
2012 1756 2233 1804 nostras
2267 1748 2617 1814 obﬁrmante,
2650 1750 2849 1806 adesse
2889 1766 3157 1821 queamus
3202 1748 3417 1821 (neque
3446 1747 3591 1802 enim

334 1832 629 1905 quidquam
658 1835 766 1890 tide
789 1836 1036 1905 praeditis
1079 1838 1405 1895 incredibile
1437 1837 1580 1909 est),
1620 1838 1724 1894 hoc
1768 1854 1900 1896 sane
1929 1846 1985 1894 et
2017 1839 2250 1909 publica:
2290 1839 2517 1892 utilitati
2556 1840 2772 1899 melius.
2808 1847 2862 1895 et
2905 1841 3069 1895 nobis
3116 1839 3419 1909 jucundius;
3470 1837 3591 1892 flle-

337 1924 428 1988 rit,
462 1932 524 1980 ut
572 1934 629 1983 et
656 1926 816 1984 vobis
868 1928 1075 2000 aliquid
1120 1930 1493 1996 conferamus,
1543 1940 1599 1988 et
1643 1931 1748 2003 ipsi
1810 1929 2210 1987 benedictionis
2262 1931 2552 2001 participes
2612 1930 2931 1986 efﬁciamur.
2970 1931 3027 1985 Si
3092 1938 3273 1986 autem
3314 1946 3412 2001 per
3465 1946 3591 1984 cor-

337 2019 488 2088 poris
541 2018 913 2076 inﬁrmitatem
960 2021 1159 2078 adesse
1219 2039 1329 2078 non
1376 2025 1616 2089 licuerit,
1659 2024 1714 2080 id
1747 2033 1917 2091 certe,
1947 2021 2092 2094 quod
2130 2022 2390 2077 absentes
2427 2032 2680 2093 possunt,
2711 2021 3072 2077 conferimus.

416 2129 682 2201 Πείθομαι
727 2131 822 2203 μὲν
854 2131 966 2204 (19)
998 2134 1093 2187 καὶ
1128 2134 1321 2200 ἄλλους
1352 2131 1493 2191 εἶναι
1538 2136 1639 2208 τῆς
1668 2154 1909 2211 προσταο

344 2222 468 2286 σίας
490 2221 677 2288 ἀξίους
701 2226 829 2297 παρ’
856 2226 988 2297 ὑμῖν
1012 2266 1028 2291 ,
1057 2228 1150 2281 καὶ
1174 2228 1251 2293 ὡς
1283 2231 1347 2283 ὲκ
1385 2230 1595 2296 πόλεως
1618 2231 1910 2302 τοσαύτης,

339 2312 435 2368 καὶ
462 2314 639 2381 οὕτω,
690 2316 782 2369 καὶ
812 2316 919 2370 ὑπὸ
963 2317 1221 2373 τοιούτων
1256 2320 1503 2390 ὴγμένης
1526 2321 1764 2377 ἄνωθεν⁸
1796 2322 1914 2386 ἐνὸς

333 2401 392 2456 δὲ
426 2404 620 2458 οὐδένα
641 2402 877 2477 δύναμαι
904 2408 1239 2478 προτιμῆσαι
1263 2408 1371 2464 τῶν
1396 2412 1526 2482 παρ’
1571 2411 1701 2482 ὑμῖν
1743 2428 1914 2482 τιμω-

339 2494 516 2562 μένων
550 2495 665 2567 (20)
698 2497 794 2551 τοῦ
843 2496 1258 2568 θεοφιλεστάτου
1296 2500 1413 2555 υίοῦ
1447 2481 1601 2573 ἡμῶν
1634 2481 1913 2555 Βασιλείου

339 2586 716 2659 πρεσϐυτέρου
745 2587 920 2660 (λέγω
954 2588 1011 2642 δὲ
1052 2588 1127 2654 ὡς
1166 2591 1271 2645 ὑπὸ
1321 2591 1440 2664 Θεῷ
1486 2593 1790 2666 μάρτυρι),
1818 2595 1915 2648 ἀν-

337 2676 460 2747 δρὸς
497 2677 595 2732 καὶ
646 2678 748 2749 βίῳ
798 2682 893 2734 καὶ
924 2668 1077 2752 λόγῳ’
1114 2682 1529 2754 κεκαθαρμένου
1549 2724 1566 2749 ,
1615 2685 1708 2749 καὶ
1752 2684 1915 2756 μόνου

338 2767 445 2821 τῶν
488 2770 746 2838 πάντων,
777 2769 810 2842 ἢ
849 2771 931 2826 ὅτι
973 2772 1210 2842 μάλιστα
1231 2815 1245 2840 ,
1280 2776 1400 2828 κατ’
1438 2775 1724 2846 ἀμφότερα
1755 2775 1916 2830 δυναε-

342 2858 501 2929 μένου
532 2864 726 2933 στῆναι
757 2862 893 2934 πρὸς
915 2863 1008 2917 τὸν
1043 2864 1137 2917 νῦν
1166 2864 1353 2937 καιρὸν
1383 2865 1517 2936 (21),
1540 2866 1633 2919 καὶ
1661 2867 1760 2937 τὴν
1785 2883 1919 2921 κατ-

338 2950 569 3021 έχουσαν
620 2951 730 3006 τῶν
775 2954 1069 3026 αἰρετικῶν
1120 2955 1519 3024 γλωσσαλγίαν.
1586 2957 1775 3011 Ταῦτα
1823 2956 1918 3011 κα)⁵

341 3043 636 3113 ἱερατικοῖς
663 3047 888 3116 γράφω,
915 3047 1008 3100 καὶ
1050 3051 1394 3118 μοναστικοῖς
1414 3090 1429 3115 ,
1463 3050 1689 3113 καὶτοῖς
1728 3051 1793 3104 ὲκ
1818 3049 1913 3103 τοῦ

2085 2133 2150 2189 Et
2177 2134 2395 2205 quidem
2427 2135 2564 2190 alios
2594 2148 2812 2205 quoque
2837 2138 2981 2205 apud
3019 2149 3115 2190 vos
3158 2136 3469 2207 principatu
3500 2141 3590 2196 die
3694 2214 3699 2215 γ

2012 2243 2150 2301 gnos
2186 2241 2311 2282 esse
2347 2226 2599 2291 conﬁdo,
2645 2234 2834 2296 utpote
2863 2225 2919 2281 in
2955 2227 3088 2282 urbe
3111 2228 3470 2298 amplissima,
3511 2243 3595 2286 at-

2024 2334 2132 2380 uue
2175 2319 2250 2373 ita
2290 2319 2587 2388 praeclare,
2653 2327 2710 2374 et
2764 2320 2834 2375 ab
2890 2320 3206 2390 hujusmodi
3266 2325 3594 2392 praesulibus

2016 2410 2148 2464 olim
2188 2410 2490 2479 gubernata
2534 2426 2548 2461 :
2591 2417 2847 2466 caeterum
2891 2427 2958 2467 ex
2994 2413 3255 2469 omnibus
3295 2416 3388 2483 qui
3447 2417 3591 2487 apud

2014 2515 2116 2555 vos
2160 2500 2214 2555 in
2258 2500 2466 2556 honore
2496 2509 2646 2569 sunt,
2677 2502 2944 2557 neminem
2986 2501 3096 2558 Deo
3128 2502 3484 2562 dilectissimo
3526 2507 3593 2561 ﬁ-

2017 2591 2092 2645 lio
2145 2600 2332 2647 nostro
2384 2590 2587 2648 Basilio
2644 2594 2966 2664 presbytero
3040 2593 3319 2651 anteferre
3371 2611 3590 2666 possum

2020 2680 2158 2751 (haec
2187 2689 2367 2736 autem
2412 2681 2568 2751 quasi
2612 2681 2720 2736 Deo
2771 2692 2911 2737 teste
2950 2681 3134 2755 dico),
3199 2683 3319 2738 viro
3368 2692 3423 2739 et
3485 2686 3595 2739 vita

2018 2779 2075 2826 et
2106 2786 2362 2826 sermone
2389 2780 2643 2843 purgato,
2672 2772 2877 2842 quique
2908 2774 2992 2829 vel
3028 2774 3274 2829 omnium
3305 2776 3477 2838 solus.
3510 2780 3594 2831 vel

2021 2871 2172 2917 certe
2205 2877 2370 2931 quam
2401 2862 2668 2924 maxime.
2702 2871 2937 2932 utraque
2974 2879 3033 2917 re
3065 2864 3329 2920 adversus
3367 2865 3596 2933 hujusce

2018 2950 2281 3021 temporis
2335 2952 2610 3006 turbinem
2653 2966 2719 3004 ac
2761 2951 3027 3020 vigentem
3075 2952 3454 3007 haereticorum
3491 2952 3595 3005 lin-

2019 3055 2137 3109 gua:
2175 3039 2483 3110 pruritum,
2551 3040 2702 3095 velut
2758 3040 2811 3095 in
2875 3042 3157 3111 procinctu
3206 3051 3353 3097 stare
3400 3042 3592 3112 possit.

343 3133 713 3205 ἀξιωματικοῦ
752 3136 846 3191 καὶ
899 3115 1246 3209 βουλευτικοῦ
1307 3141 1587 3212 τάγματος
1608 3184 1623 3208 ,
1680 3143 1775 3195 καὶ
1819 3142 1915 3197 τοῦ

2019 3129 2146 3187 Haec
2171 3139 2225 3184 et
2257 3131 2327 3186 iis
2364 3131 2572 3193 scribo,
2623 3130 2716 3200 qui
2762 3130 3055 3187 sacerdotii
3105 3145 3328 3186 munere
3364 3131 3597 3202 fungun-

344 3227 512 3300 δήμου
553 3228 753 3293 παντός
784 3228 919 3299 (22).
954 3230 1019 3284 Et
1054 3231 1154 3302 μὲν
1180 3228 1273 3286 οῦν
1298 3234 1456 3287 τοῦτο
1486 3233 1753 3301 συνδόξειε
1781 3274 1796 3298 ,
1825 3234 1921 3289 καὶ

341 3320 377 3388 ἡ
404 3317 589 3389 ψῆφος
639 3319 796 3390 ἡμῶν
824 3322 1052 3393 κρατοίη
1074 3363 1090 3388 ,
1119 3322 1292 3388 οὕτως
1325 3323 1493 3393 ὑγιῶς
1520 3341 1578 3378 τε
1621 3325 1716 3379 καὶ
1746 3324 1920 3395 ὀρθῶς

340 3406 572 3478 ἔχουσα,
617 3408 694 3471 ὡς
725 3409 862 3480 μετὰ
895 3410 1030 3464 Θεοῦ
1079 3412 1423 3485 ψηφιζομένη
1456 3413 1568 3483 (23)
1589 3452 1605 3477 ,
1648 3414 1742 3468 καὶ
1776 3414 1920 3487 πάρ-

339 3515 454 3570 ειμι
489 3500 881 3572 πνευματικῶς
930 3503 1026 3558 καὶ
1079 3503 1391 3576 παρέσομαι
1422 3546 1438 3570 ,
1504 3504 1706 3576 μᾶλλον
1738 3505 1796 3559 δὲ
1826 3507 1920 3561 καὶ

339 3590 685 3661 ἑπιϐέόληκα
735 3590 834 3663 τὴν
887 3594 1046 3663 χεῖρα
1095 3593 1197 3665 ἤδη
1219 3633 1234 3657 ,
1269 3596 1365 3648 καὶ
1414 3593 1603 3666 θαρῤὦ
1634 3595 1713 3667 τῷ
1751 3595 1922 3652 ΙΙνεὺ-

343 3697 495 3750 ματι.
539 3681 614 3735 Et
644 3681 702 3735 δὲ
743 3681 873 3737 ἄλλο
903 3700 988 3749 τι,
1029 3684 1124 3738 καὶ
1162 3685 1239 3756 μὴ
1285 3684 1442 3739 τοῦτο
1478 3685 1745 3752 συνδόξειε
1774 3725 1789 3751 ,
1827 3687 1924 3741 καὶ

338 3770 479 3825 κατὰ
521 3771 800 3843 φρατρίας
861 3772 956 3826 καὶ
1005 3775 1326 3844 συγγενείας
1388 3775 1457 3829 τὰ
1516 3775 1744 3831 τοιαῦτα
1804 3777 1924 3850 κρί-

336 3878 508 3927 νοιτο,
546 3863 652 3917 καὶ
690 3864 724 3934 η
752 3862 990 3934 ὀχλώδης
1020 3865 1135 3935 (24)
1172 3865 1297 3938 χεὶρ
1335 3866 1498 3920 πάλιν
1525 3866 1833 3939 παρασύροι
1859 3867 1923 3921 τὸ

338 3950 609 4024 ἀκριϐὲς,
641 3955 933 4025 πράττοιτε
969 3955 1093 4009 καθ’
1140 3956 1285 4029 ὑμᾶς
1325 3957 1521 4022 αὐτοὺς
1568 3956 1629 4011 τὸ
1666 3957 1920 4029 ἀρέσκον,

340 4042 502 4112 ἡμεῖς
530 4044 600 4100 δὲ
632 4044 1105 4118 συσταλησόμεθα.

406 4404 526 4473 (15)
570 4400 732 4471 Πρὸς
769 4400 955 4473 ﬂgtd
1002 4401 1211 4456 κοινὸν
1238 4400 1495 4473 ,ϐλέπειῗΔ
1525 4399 1648 4473 Haec
1700 4416 1806 4455 non
1858 4399 1927 4473 de
1958 4403 2002 4458 1)

338 4470 453 4528 tota
485 4470 777 4543 republica
822 4471 1135 4541 Christiana
1167 4479 1294 4543 sunt
1329 4470 1698 4543 intelligenda,
1727 4487 1826 4543 seu
1857 4470 1927 4525 de

336 4539 628 4608 universa,
666 4557 830 4611 quam
876 4544 984 4597 late
1016 4539 1183 4612 patet.
1214 4539 1483 4603 Ecclesia,
1511 4539 1625 4612 “sed
1657 4541 1724 4593 de
1747 4540 1927 4612 Stesa-

338 4614 532 4682 r_iensi,
567 4609 697 4682 qui
748 4612 993 4666 omnium
1017 4609 1356 4682 'lereiniater
1403 4619 1522 4682 erat
1567 4609 1928 4679 Cappadocia:

279 4666 1015 4755 ﬁEcclesiaruni,_quart_tm
1047 4681 1292 4755 profecto
1325 4679 1619 4749 plurimum
1643 4666 1925 4755 intererat,

296 4749 317 4811 'i
337 4759 402 4807 ut
459 4753 518 4806 in
572 4750 708 4808 aede
748 4749 1074 4807 Ctesariensi
1111 4749 1344 4805 eximius
1395 4756 1583 4819 pastor
1631 4749 1928 4805 constitue-

283 4856 321 4912 .t
337 4830 519 4912 "‘35:.

305 4885 321 4912 '
409 4890 504 4961 (16
585 4888 844 4955 Ἐπειδὴ.
875 4888 948 4944 Ita
988 4888 1110 4944 cod.
1147 4888 1279 4957 Reg.
1307 4885 1366 4940 ln
1401 4886 1486 4941 ed.
1517 4888 1660 4941 ἐπεί.

305 4920 321 5017 i
409 4891 529 5017 (I7;
567 4959 753 5015 Τοῦτο
773 4958 854 5017 τῶ
875 4959 1053 5013 παντί
1077 4958 1348 5017 βέλτιον.
1379 4956 1626 5011 Combcl.

409 4955 529 5029 (I7)
567 4959 753 5015 Τοῦτο
773 4958 854 5025 τῷ
875 4959 1053 5013 παντί
1077 4955 1626 5029 ﬁé.1t}or._Qombcl.
1662 4955 1740 5025 τῷ
1765 4955 1927 5029 παντί

339 5024 448 5083 vim
481 5024 736 5085 adverbii
784 5024 972 5084 tribuit
1004 5029 1315 5095 vertitque,
1362 5024 1421 5095 id
1458 5028 1668 5080 omnino
1707 5024 1922 5095 :melius.

306 5102 313 5107 ’
369 5168 375 5170 _
409 5098 529 5170 (l8)
566 5098 1014 5170 μετάσχοιμεν-ο
1045 5100 1097 5151 ει
1123 5093 1351 5170 δὲήτῇς.
1404 5093 1480 5170 Ita
1523 5096 1643 5170 god.
1699 5094 1831 5168 Reg.
1870 5104 1928 5153 ct

340 5164 599 5224 Coinlief.
628 5167 685 5222 In
722 5164 817 5222 ed.
846 5164 1189 5238 μετέχωμιεν-⁸
1231 5166 1280 5218 εἰ
1306 5164 1457 5238 ’τὰ
1487 5167 1609 5238 τῆᾁς.

411 5239 528 5308 (l9)
559 5235 858 5308 ῌείθομαζ
869 5235 1010 5307 μένέ
1026 5235 1115 5308 (Ita
1148 5235 1262 5308 Reg

564 5302 930 5428 Paztlo'infr'a,
956 5307 1048 5360 καὶ
1073 5305 1149 5370 ὡς
1172 5302 1252 5359 ἐκ
1269 5304 1471 5367 πόλεως
1518 5302 1592 5358 lta
1617 5305 1739 5360 cod.
1765 5303 1925 5362 Deest

345 5391 399 5432 m
507 5416 524 5429 .
564 5393 640 5431 δια
669 5417 684 5432 .

1268 5270 1306 5298 .,
1350 5232 1508 5287 llerv.
1540 5232 1605 5288 ’ln
1635 5235 1767 5289 edit.
1806 5235 1925 5288 πεί·
1958 5260 1961 5263 ν

2020 3230 2130 3285 tur,
2179 3228 2235 3278 et
2287 3222 2591 3285 monachis,
2663 3228 2719 3276 et
2781 3221 2850 3278 iis
2906 3221 3000 3293 qui
3038 3221 3334 3291 dignitates
3367 3226 3591 3293 gerunt,

2017 3319 2073 3368 et
2109 3312 2369 3368 senatorii
2405 3311 2617 3367 ordinis
2676 3322 2846 3377 sunt,
2892 3327 2956 3366 ac
3007 3311 3248 3382 denique
3274 3312 3420 3382 plebi
3476 3314 3598 3367 uni-

2017 3418 2210 3459 versae.
2257 3402 2313 3456 Si
2353 3402 2523 3474 igitur
2564 3402 2694 3460 bule
2744 3404 3031 3471 sententia:
3085 3418 3376 3460 assensum
3407 3403 3598 3466 fuerit,

2017 3493 2455 3565 suﬂ’ragiumque
2499 3501 2748 3551 nostrum
2789 3495 2927 3552 adeo
2972 3510 3167 3551 sanum
3201 3501 3257 3550 et
3301 3494 3597 3565 integrum,

2018 3602 2237 3658 unaque
2290 3601 2417 3642 cum
2461 3586 2573 3643 Deo
2621 3587 2831 3651 latum,
2866 3588 3105 3656 vicerit;
3139 3595 3194 3643 et
3243 3587 3602 3657 spiritualiter

2018 3676 2213 3734 adsum
2240 3686 2297 3734 et
2344 3677 2534 3745 adero,
2567 3679 2678 3734 imo
2703 3685 2759 3735 et
2783 3678 2897 3748 jam
2926 3694 3150 3734 manum
3186 3678 3376 3749 inieci,
3424 3677 3600 3747 Spiri-

2018 3780 2217 3840 tusque
2268 3768 2465 3825 ﬁducia
2513 3773 2681 3826 nitor.
2742 3769 2842 3825 Sin
2891 3778 3075 3824 autem
3120 3769 3269 3824 aliud
3315 3768 3600 3839 quidpiam

2019 3860 2202 3932 potius
2236 3875 2399 3932 quam
2450 3861 2555 3917 hoc
2592 3863 2828 3932 placeat,
2883 3868 2939 3917 et
2996 3876 3094 3931 per
3132 3860 3388 3916 sodalitia
3420 3867 3476 3914 et
3507 3874 3603 3914 co-

2021 3952 2308 4022 gnationes
2348 3953 2664 4022 huiusmodi
2703 3968 2794 4008 res
2836 3953 3240 4021 expendantur,
3273 3966 3338 4005 ac
3391 3951 3599 4020 promi—

2024 4055 2157 4097 scua
2188 4043 2344 4096 turba
2374 4042 2566 4111 jndicii
2586 4042 2958 4097 sinceritatem
2991 4056 3207 4095 rursum
3242 4042 3601 4104 convulserit,

2024 4139 2080 4188 et
2107 4132 2450 4196 distraxerit,
2476 4148 2728 4189 seorsum
2758 4147 2892 4189 sane
2920 4132 2970 4186 id
2989 4131 3135 4202 quod
3170 4133 3349 4203 placet
3405 4132 3599 4197 facite,

2027 4240 2131 4282 nos
2158 4234 2341 4282 autem
2370 4226 2515 4281 intra
2538 4225 2910 4296 nosmetipsos
2935 4225 3278 4297 colligemus.

2102 4400 2216 4465 (20)
2259 4399 2620 4470 Τιμωμένιιν.
2657 4399 2791 4455 Cod.
2837 4401 3053 4470 τιμίων.
3097 4400 3266 4454 Paulo
3290 4409 3434 4470 post,
3462 4401 3602 4456 idem

2027 4470 2150 4540 cod.
2187 4478 2241 4525 et
2277 4470 2525 4540 Comiter.
2556 4470 2832 4540 Βασιλείου
2870 4470 2964 4523 τοῦ
2990 4471 3387 4540 πρεσϐυτέρου.

2098 4538 2209 4609 (2|)
2245 4540 2401 4608 Πρὸς
2427 4539 2539 4609 Ida;
2566 4538 2685 4593 νῦν
2721 4542 2950 4607 καιρόν.
2986 4538 3129 4602 Βηι..
3178 4538 3428 4594 adversus
3473 4551 3604 4593 lem-

2026 4596 2169 4677 poris
2193 4596 2486 4667 turbinem.
2505 4596 2673 4677 'quod
2716 4596 2834 4662 non
2859 4609 3037 4663 reddit
3065 4596 3155 4663 τον
3180 4609 3296 4668 νῦν.
3335 4625 3433 4663 nec
3464 4626 3604 4677 pra:-

2029 4687 2240 4748 gentem
2302 4679 2440 4734 satis
2493 4677 2699 4748 indicat
2755 4679 3225 4748 persecutionem;
3276 4686 3405 4748 tunc.
3453 4680 3599 4732 cnim

2029 4746 2232 4803 Valens
2265 4748 2593 4801 Arianorum
2634 4746 2820 4804 favore
2858 4748 3123 4803 adversus
3156 4747 3471 4801 Catholicos
3501 4749 3600 4802 de-

2031 4817 2419 4872 bacchabatur.

2099 4886 2211 4958 (22)
2238 4885 2476 4958 Kalgoii
2506 4884 2701 4954 δήμου
2729 4885 2974 4958 παντός.
3004 4881 3230 4938 Rectius
3253 4882 3395 4941 forte
3428 4884 3610 4955 lcgen~

2028 4955 2158 5025 dum
2193 4955 2289 5009 καὶ
2315 4955 2395 5025 τῷ
2417 4955 2577 5025 δήμῳ
2605 4956 2790 5008 παντί.

2101 5024 2214 5095 (25)
2258 5020 2653 5095 Ψηῲιζόλιέηι.
2685 5026 2761 5079 Ita
2792 5020 3078 5093 legendum
3104 5020 3334 5078 videtur.
3367 5021 3466 5079 Ed.
3493 5021 3596 5096 ψη-

2030 5094 2357 5235 φίῗὲἵξνίίαὶ
2383 5159 2845 5235 1)dz.ld»6qc.__lta
2872 5151 2996 5235 eod.
3017 5159 3154 5235 [ξος.
3177 5173 3239 5235 _et
3262 5161 3507 5235 Combef.
3524 5180 3537 5215 :
3557 5163 3597 5235 ῄ

2029 5230 2267 5289 dcestin
2318 5230 2453 5290 edit.
2477 5230 2614 5288 "Mox
2648 5231 2770 5286 καθ’
2802 5232 2968 5302 ὑμᾶς.
3013 5230 3213 5287 ὃὶοίιι.
3254 5232 3375 5288 cod.
3417 5236 3476 5290 lu
3505 5230 3597 5289 ed;

2032 5303 2153 5357 καθ’
2185 5305 2353 5375 ἡμᾶς.
