4080 6206
449 207 523 264 95
1649 196 1708 252 S.
1748 194 2077 253 GREGORII
2115 195 2460 252 τιιεοιυω
3644 192 3715 250 96

1016 314 1196 369 XLVI.
1235 313 1463 369 EIDEM.
1771 334 1775 338 ~
2504 311 2650 378 M7.
2701 310 2788 380 Ta
2839 308 3020 378 arm
3055 307 3207 379 (66).'

458 459 709 519 Nondum
746 459 912 514 virtus
941 459 1022 512 Itis
1057 459 1376 520 rationibus,
1406 475 1438 511 a
1467 456 1718 527 Gregorio
1750 473 1805 511 se
1833 465 2188 525 contemptum
2226 458 2574 526 querebatur;
2615 455 3020 527 cujusquerelis
3051 452 3326 527 respondet
3355 463 3604 522 peracute
3638 455 3720 509 his

847 531 1039 584 litteris
1071 529 1377 599 Gregorius.
1414 523 1628 586 Scrinia
1655 539 1832 582 autem
1863 527 1974 582 lta'c
2007 523 2246 595 epistola
2271 538 2491 581 exeunte
2521 523 2819 589 antto’570,
2846 535 2938 579 aut
2967 527 3174 579 ineunte
3203 523 3328 579 571.

530 663 813 730 Quomodo
848 663 1058 733 exiguae
1101 664 1260 718 nobis
1301 676 1354 716 et.
1390 663 1526 718 viles
1556 679 1645 719 res
1675 671 1780 716 tua:
1810 669 1960 727 sunt,
1999 676 2032 715 0

2207 659 2332 722 Πῶς
2359 657 2642 727 ὲπιφυλλὶς
2671 658 2780 728 (67)
2821 659 2950 728 ἡμῖν
2992 656 3063 710 τὰ
3096 657 3184 724 σά,
3226 649 3271 710 ὦ
3309 654 3428 708 Θεία
3471 655 3567 710 καὶ
3603 657 3724 728 ἱερὰ

461 756 707 812 divinum
755 764 808 810 et
854 772 1070 811 sacrum
1115 757 1320 826 caput?
1363 754 1648 821 Quodnam
1695 755 1798 809 hoc
1848 755 2035 824 elTugit

2160 751 2382 823 ιεφαλή;
2419 751 2571 803 ποῖόν
2603 766 2663 801 σε
2699 749 2827 812 ἔπος
2857 747 3028 818 φύγεν
3055 748 3216 820 ἕρκος
3247 745 3512 812 obducunt;
3541 747 3574 818 ἢ
3605 748 3724 812 πῶς

464 849 692 902 verbum
727 848 968 901 dentalia
1017 849 1210 918 septa?
1262 855 1356 900 aut
1399 845 1675 917 quomodo
1718 847 1822 902 hoc
1854 847 2037 901 dicere

2160 841 2291 894 τοῦτο
2319 842 2493 892 εἰπεῖν
2527 837 2864 910 ὲθάρσησας;
2904 838 2992 891 ἴνα
3032 857 3086 891 τι
3124 838 3219 892 καὶ
3258 835 3420 900 αὐτὸς
3463 836 3724 908 Θαρῤήσω

464 954 635 994 ausus
666 939 763 993 es?
794 946 851 991 ιιι
883 939 998 1008 ipse.
1035 955 1254 1008 quoque
1291 941 1554 994 audacter
1583 941 1790 1010 aliquid
1831 941 2034 994 dicam.

2160 932 2356 1003 ιικρόν.
2395 931 2577 1003 Πῶςῆ
2609 931 2816 984 διάνοια
2848 928 3106 999 ὥρμησεν
3135 926 3270 998 (68),
3305 925 3339 997 ἢ
3371 927 3537 996 μέλαν
3562 927 3725 998 ἔγρα-

465 1029 755 1098 Quomodo
787 1032 869 1084 vel
897 1030 1112 1085 animus
1137 1031 1186 1084 id
1219 1032 1523 1101 proposuit,
1561 1031 1642 1086 vel
1670 1041 2035 1086 atramentum

2160 1024 2258 1093 μεν,
2307 1026 2340 1096 ἢ
2387 1023 2593 1095 χάρτης
2630 1021 2878 1088 ὲδὲξατος
2921 1014 2966 1074 ὦ
3005 1018 3175 1086 λόγοι,
3213 1019 3309 1072 καὶ
3351 1019 3596 1090 Ἀθῆναι,
3630 1020 3726 1072 καὶ

465 1122 708 1191 scripsit,
740 1122 821 1174 vel
860 1121 1050 1174 charta
1087 1121 1331 1190 excepit?
1364 1135 1396 1173 0
1435 1120 1640 1181 studia,
1675 1129 1729 1174 et
1773 1120 1998 1175 Athena:
2021 1160 2038 1184 ,

463 1224 520 1267 et
547 1214 800 1274 virtutes,
834 1220 887 1265 et
915 1213 1164 1266 litterarii
1195 1210 1458 1265 sudores!
1495 1210 1577 1264 Me
1605 1211 1810 1265 etenim
1835 1211 2035 1264 litteris

2140 1116 2350 1186 ἀρεταὶ,
2404 1115 2496 1167 καὶ
2529 1111 2702 1182 λόγων
2754 1110 3016 1182 ἱδρῶτεςὲ
3078 1107 3294 1180 Μικροῦ
3344 1109 3453 1180 γάρ
3513 1127 3580 1182 με
3633 1111 3726 1163 καὶ

2141 1206 2438 1276 τραγῳδὸν,
2463 1200 2544 1268 οἷς
2564 1203 2816 1277 γράφεις,
2847 1204 3038 1266 ποιεῖς.
3062 1199 3294 1271 Πότερον
3317 1201 3465 1270 ἡμᾶς
3490 1201 3724 1270 ἀγνοεῖς,

474 1305 584 1359 tuis
625 1320 760 1374 pene
795 1304 1061 1372 tragicum
1095 1301 1251 1356 facis.
1297 1302 1491 1356 Utrum
1525 1317 1645 1368 nos,
1675 1317 1743 1356 an
1771 1310 1823 1357 te.
1861 1303 2041 1372 ipsunt

2160 1295 2177 1365 )
2211 1294 2462 1358 σεαυτὸν,
2509 1295 2537 1347 ὁ
2581 1292 2682 1362 τῆς
2725 1289 3052 1361 οἰκουμένης
3087 1289 3394 1360 ὀφθαλμὸς,
3435 1291 3469 1359 ἡ
3519 1289 3726 1360 μεγάλη

468 1395 712 1466 ignoras,
748 1402 825 1459 tu,
862 1395 1107 1464 inquam,
1156 1394 1306 1448 orbis
1358 1394 1563 1455 lumen,
1612 1408 1806 1462 magna
1853 1407 1954 1446 vox
1992 1403 2044 1446 et

471 1486 624 1543 tuba.
673 1485 937 1538 doctrina:
984 1483 1290 1553 palatium?
1335 1481 1524 1540 Tuane
1569 1481 1836 1553 Gregorio
1879 1499 2044 1552 parva

469 1586 598 1637 sunt
620 1577 643 1629 ?
669 1576 807 1642 Quid
850 1577 1014 1648 igitur
1043 1577 1185 1630 aliud
1217 1577 1488 1646 quispiam
1527 1576 1828 1629 admiretur
1855 1591 2044 1630 eorum

469 1685 593 1739 qua:
640 1670 693 1722 in
741 1677 886 1724 terra
933 1677 1083 1734 sunt,
1111 1669 1216 1723 nisi
1264 1675 1316 1722 te
1361 1666 1705 1738 Gregorius?
1733 1665 1912 1721 Unum
1953 1683 2049 1721 ver

472 1753 615 1808 inter
654 1755 782 1808 anni
849 1763 1053 1826 partes,
1109 1770 1252 1809 unus
1293 1756 1376 1810 sol
1427 1756 1568 1809 inter
1621 1754 1826 1819 sidera,
1878 1770 2046 1808 unum

471 1847 670 1900 ctehun
703 1847 887 1901 omnia
917 1849 1202 1916 complexu
1233 1863 1336 1902 suo
1368 1861 1650 1911 coercens,
1678 1864 1785 1901 una
1815 1863 1914 1901 vox
1953 1854 2048 1901 tua

472 1939 538 1990 de
561 1939 815 1993 onmibus
861 1938 1227 2006 triumphans.
1257 1938 1303 1992 si
1337 1937 1499 1991 modo
1529 1938 1664 1994 satis
1709 1953 1864 1994 meus
1901 1953 2046 2001 sum,

2146 1385 2298 1456 φωνὴ
2337 1383 2432 1436 καὶ
2471 1381 2723 1450 σάλπιγξ,
2759 1381 2820 1434 τὸ
2855 1377 2964 1433 τῶν
2996 1377 3168 1446 λόγων
3203 1379 3499 1449 βασίλειον;
3541 1379 3728 1450 Μικρὰ

2150 1473 2431 1544 Γρηγορίῳ
2457 1472 2522 1525 τὰ
2543 1472 2640 1534 σάς
2666 1469 2732 1523 Τί
2755 1466 2849 1524 οὖν
2874 1486 2961 1532 τις
3003 1468 3130 1523 ἄλλο
3151 1469 3262 1540 (69)
3289 1469 3586 1540 Θαυμάσειε
3619 1469 3728 1521 τῶν

2148 1564 2242 1617 ἐπὶ
2285 1563 2384 1632 τῆς
2422 1563 2547 1632 γῆς,
2591 1562 2638 1614 εἰ
2671 1560 2746 1632 μὴ
2791 1561 2850 1614 σὲ
2892 1559 3220 1633 Γρηγόριος;
3257 1560 3351 1612 ’Ἑν
3396 1561 3493 1630 μὲν
3533 1559 3632 1631 ,ξαρ
3673 1560 3731 1612 ἐν

2150 1657 2341 1728 ὥραις,
2384 1649 2465 1718 εἷς
2499 1653 2555 1707 δὲ
2597 1653 2748 1724 ἥλιος
2798 1652 2855 1704 ἐν
2895 1652 3180 1723 άστράσιν,
3232 1645 3313 1714 εἷς
3359 1651 3415 1704 δὲ
3462 1652 3732 1724 περιέχων

2155 1749 2369 1802 ἅπαντα
2403 1745 2656 1818 οὐρανὸς,
2694 1742 2791 1814 μέα
2825 1743 2883 1796 δὲ
2931 1743 3074 1796 κατὰ
3111 1742 3327 1796 πάντων
3372 1742 3524 1813 quivi]
3565 1743 3598 1812 ἠ
3643 1741 3731 1812 σὴ,

2153 1838 2313 1910 εἴπερ
2344 1855 2397 1891 τι
2430 1836 2541 1906 ἐγὼ
2576 1834 2759 1898 ἱκανὸς
2779 1831 3100 1907 τὰτοιαῦτα
3130 1833 3358 1903 κρίνειν,
3393 1832 3526 1903 μηδὲ
3549 1833 3733 1904 ἀπατᾷ

2159 1948 2226 2002 με
2258 1929 2320 1982 τὸ
2350 1930 2590 2000 φίλτρον,
2625 1927 2762 1996 ὅπερ
2792 1927 2891 1978 οὐκ
2920 1924 3122 1996 οἴομαι.
3157 1925 3220 1977 Εἰ
3254 1925 3351 1996 μὲν
3378 1926 3459 1978 ὅτι
3491 1925 3564 1996 μὴ
3597 1925 3733 1996 πρὸς

474 2027 568 2096 qui
594 2027 662 2080 de
687 2027 998 2094 hujusmodi
1026 2029 1191 2082 rebus
1224 2028 1493 2097 judicium
1535 2027 1731 2093 feram,
1759 2043 1859 2082 nec
1894 2043 2051 2082 amor

2160 2019 2312 2083 ἀξίαν
2341 2018 2693 2088 Θαυμάςομεν
2719 2016 2854 2086 (70),
2885 2013 3043 2068 τοῦτο
3075 2015 3355 2082 ἐγκαλεῖς,
3392 2015 3610 2083 ἐγκάλει
3643 2015 3736 2068 καὶ

473 2132 562 2172 me
610 2118 844 2188 decipit,
891 2118 1036 2189 quod
1083 2134 1192 2173 non
1252 2119 1528 2174 existimo.
1587 2117 1744 2186 Quod
1795 2119 1841 2174 si
1891 2120 2050 2175 nobis

473 2209 580 2266 hoc
616 2213 836 2265 nomine
871 2225 1185 2275 succenses,
1213 2213 1359 2282 quod
1407 2220 1460 2268 te
1497 2211 1702 2272 minus,
1743 2226 1909 2280 quam
1955 2219 2051 2270 tua

476 2303 650 2358 virtus
697 2311 955 2365 meretur,
997 2304 1327 2372 suspicimus
1370 2313 1424 2358 et
1462 2302 1839 2366 admiramur,
1873 2303 2050 2356 omni-

477 2393 582 2448 bus
611 2407 832 2462 quoque
856 2393 1178 2447 mortalibus
1207 2408 1539 2449 succenseas
1567 2400 1785 2462 oportet
1819 2411 1831 2446 :
1873 2407 2051 2460 neque

476 2485 624 2536 enim
678 2482 819 2537 alius
859 2483 1150 2552 quisquam
1199 2481 1336 2537 satis
1371 2483 1535 2553 digne
1577 2490 1631 2536 te
1659 2481 1921 2542 laudavit,
1959 2488 2056 2534 aut

480 2573 810 2628 laudaturos
856 2582 972 2633 est.
1033 2583 1228 2643 praeter
1279 2581 1334 2629 te
1387 2583 1646 2643 tuamque
1711 2574 1768 2627 in
1821 2571 2057 2627 dicendo

480 2664 877 2720 sublimitatem
909 2708 926 2733 ,
958 2666 1004 2721 si
1037 2665 1258 2736 quidem
1296 2665 1413 2720 ﬁeri
1445 2673 1652 2735 posset,
1683 2673 1740 2718 ut
1783 2663 2056 2734 quispiam

2157 2115 2324 2166 πᾶσιν
2338 2110 2663 2182 ἀνθρὼποις’
2682 2108 2803 2162 οὐδὲ
2816 2108 2923 2179 γὰρ
2943 2107 3100 2171 ἄλλος
3115 2125 3199 2171 τις
3220 2106 3386 2175 ἀξίως
3406 2106 3734 2178 ἐθαύμασεν,

2157 2205 2190 2274 ἢ
2212 2203 2550 2274 θαυμάσεται
2573 2203 2707 2272 (71),
2731 2202 2815 2255 ὅτι
2838 2201 2911 2272 μὴ
2943 2201 3029 2263 σὺ,
3055 2200 3148 2253 καὶ
3174 2201 3207 2270 ἡ
3237 2199 3304 2269 σὴ
3331 2199 3734 2268 μεγαλοφωνία,

2157 2295 2316 2367 εἴπερ
2363 2291 2474 2347 οἶόν
2515 2310 2574 2346 τε
2620 2288 2688 2365 ἦν
2733 2292 2922 2346 ἑαυτὸν
2959 2292 3224 2355 ἐπαινεῖν,
3266 2291 3357 2344 καὶ
3399 2289 3555 2344 τοῦτο
3590 2286 3736 2360 εἶχεν

2157 2390 2288 2459 ἡμῖν
2310 2390 2338 2441 ὁ
2365 2387 2474 2441 τῶν
2506 2386 2680 2454 λόγων
2712 2385 2896 2456 νόμος.
2930 2387 2992 2439 Ei
3016 2384 3074 2439 δὲ
3102 2385 3162 2438 τὸ
3188 2382 3545 2455 καταφρονεῖν
3572 2383 3738 2450 ὲγκαο

2157 2479 2416 2548 λούμεοα,
2459 2478 2512 2530 τί
2549 2477 2624 2548 μὴ
2665 2477 2863 2547 μανίαν
2898 2477 3194 2548 πρότερον;
3225 2476 3362 2528 Ἀλλ’
3402 2477 3484 2528 ὅτι
3526 2474 3740 2544 φιλοσοο

2163 2567 2368 2639 φοῦμεν
2400 2568 2724 2636 ἀγανακτεῖς
2754 2567 2898 2637 (72);
2931 2567 3019 2631 δὸς
3043 2570 3236 2633 εἰπεῖν,
3272 2566 3426 2622 τοῦτο
3460 2567 3619 2638 μόνον
3647 2567 3740 2621 καὶ

2162 2661 2270 2712 τῶν
2302 2659 2475 2727 λόγων
2498 2658 2606 2718 τῶν
2633 2658 2742 2710 σῶν
2771 2657 3122 2731 ὑψηλότερον.

489 2754 674 2811 laudes
744 2756 860 2825 ipse
916 2771 1047 2812 suas
1110 2757 1474 2826 praedicaret,
1523 2757 1688 2827 idque
1747 2756 1906 2810 nobis
1957 2768 2273 2809 sermonum
2329 2752 2413 2806 lex
2465 2751 2650 2808 ferret.
2703 2748 2862 2816 Quod
2910 2751 2956 2806 si
3011 2759 3386 2822 contemptum
3435 2750 3514 2804 tui
3579 2749 3740 2804 nobis

489 2841 701 2909 objicis,
729 2845 858 2913 quin
891 2847 1045 2914 prius
1097 2845 1417 2900 insaniam?
1462 2848 1532 2901 At
1588 2847 1734 2918 quod
1797 2844 2253 2916 philosophantur
2308 2841 2659 2908 indignaris?
2689 2840 2877 2898 Liceat
2921 2841 3054 2897 tnilti
3101 2857 3229 2897 cum
3279 2841 3424 2896 bona
3452 2849 3546 2896 tua
3581 2840 3740 2896 venia

486 2936 691 3002 dicere,
715 2938 818 2994 hoc
837 2955 1002 2994 unum
1028 2940 1279 2995 doctrina
1305 2956 1524 3012 quoque
1546 2949 1640 2996 tua
1669 2950 1723 2997 et
1746 2939 2062 3001 eruditione
2090 2936 2382 2994 sublimius
2411 2946 2495 2992 est
2535 2944 2590 2992 et
2623 2935 2995 3006 praestantius.

937 3087 1045 3159 42
1097 3086 1306 3143 XLVII.
1371 3088 1602 3143 EIDEM.

2636 3086 2767 3140 MZ'.
2808 3085 2895 3156 Τῼ
2936 3083 3121 3155 arra
3160 3084 3296 3155 (75).

561 3204 781 3277 Scripsit
811 3203 1244 3277 hancepistolam
1294 3204 1598 3277 Gregorius.
1647 3221 1765 3258 cum
1806 3205 1866 3277 in
1910 3203 2116 3277 m_agnis
2146 3202 2329 3277 turbis
2372 3203 2727 3277 molestiisque
2760 3203 2997 3258 Basilius
3029 3213 3347 3265 versaretur,
3382 3221 3499 3273 qua:
3535 3207 3740 3277 quidem

489 3276 742 3328 molestia:
774 3290 875 3345 n_on
906 3273 1026 3345 alia:
1057 3283 1178 3345 sunt
1221 3272 1518 3342 quantillo:
1546 3290 1767 3344 quarunt
1798 3273 1906 3345 ipse
1937 3272 2228 3345 Gregorius
2262 3273 2317 3326 in
2357 3275 2604 3345 oratione
2639 3274 2778 3345 alias
2811 3289 2902 3345 xx,
2941 3289 3090 3345 nunc
3118 3284 3294 3327 autem
3334 3272 3490 3336 niti,
3615 3280 3738 3333 815.

493 3345 756 3417 meminit.
781 3342 911 3417 Tum
934 3343 1070 3417 enim
1096 3343 1148 3395 in
1175 3341 1411 3417 oratione
1433 3341 1588 3417 quam
1615 3341 1922 3417 in_epis_tola_
1958 3343 2022 3417 de
2041 3341 2105 3417 re
2127 3343 2308 3417 eadem
2341 3345 2540 3417 agitur,
2569 3341 2633 3396 de
2662 3341 3014 3411 Cappadocia:
3036 3344 3326 3417 divisione,
3339 3341 3576 3417 belloque
3595 3349 3733 3417 qttod

491 3430 556 3469 ea
581 3413 855 3466 occasione
883 3412 1162 3465 Anthimus
1191 3422 1240 3466 et
1271 3413 1364 3464 alii
1389 3411 1640 3479 praesules
1668 3411 1876 3467 Basilio
1905 3413 2099 3481 infensi
2131 3411 2444 3467 intulerunt.
2487 3411 2552 3465 In
2596 3423 2837 3481 utraque,
2881 3430 3025 3472 nova!
3055 3430 3158 3475 res,
3184 3413 3416 3472 inridia'.
3448 3411 3742 3480 (intulittio,

493 3484 715 3556 denique
734 3483 890 3556 dolor
923 3497 987 3556 ex
1009 3481 1674 3556 electione__B_asi_lii.Aturpi
1697 3483 1860 3536 simul
1881 3483 2174 3556 “exitiali
2207 3482 2345 3537 bello
2372 3483 2584 3536 initium
2623 3481 2833 3539 dedere.
2864 3482 3051 3556 Divisa
3075 3493 3251 3556 autem
3271 3495 3357 3556 est
3376 3485 3430 3537 in
3452 3486 3587 3540 duas
3617 3505 3742 3556 pro-

496 3554 694 3621 vincias
720 3552 1054 3620 Cappadocia
1084 3568 1221 3604 anno
1243 3553 1367 3606 370.
1409 3553 1726 3606 Divisionem
1751 3571 1868 3609 vero
1902 3554 2105 3607 civilem
2138 3569 2240 3606 non
2271 3555 2456 3607 statim
2487 3562 2666 3621 secuta
2700 3562 2776 3606 est
2814 3553 3185 3607 ecclesiastica:
3214 3555 3496 3621 provincia:
3531 3552 3742 3613 divisio.

499 3620 643 3675 Nam
668 3623 816 3693 prior
840 3623 932 3674 sub
958 3622 1169 3693 initium
1197 3621 1387 3693 irremis
1405 3622 1651 3676 instituta
1708 3633 1786 3677 est
1810 3637 1828 3682 ;
1864 3622 2032 3676 altera
2061 3632 2257 3693 autem,
2281 3634 2560 3690 postquam
2593 3620 2841 3676 Cresarea
2864 3622 3106 3678 discessit
3143 3620 3331 3678 Valens
3356 3641 3374 3687 ,'
3405 3626 3457 3678 id
3485 3636 3583 3693 est,
3605 3629 3748 3683 circa

497 3709 726 3746 mensem
752 3691 1008 3744 Martium
1043 3692 1169 3744 anni
1199 3692 1322 3746 572.
1357 3692 1600 3762 Adeoque
1633 3694 1728 3746 hoc
1762 3710 1900 3746 anno
1931 3702 2034 3746 tres
2060 3691 2297 3760 epistola:
2322 3703 2594 3761 sequentes
2621 3693 2831 3762 scripta:
2855 3702 3003 3756 sunt,
3033 3708 3226 3759 xum,
3259 3709 3386 3748 xm
3414 3705 3463 3749 et
3495 3711 3551 3751 ι.

569 3826 746 3880 Audio
802 3833 856 3883 te
897 3841 928 3882 ε
985 3827 1190 3882 recenti
1241 3843 1424 3882 rerum
1482 3830 1780 3885 novatione
1834 3830 2064 3894 turbari,

2248 3829 2593 3900 Πυνθάνομαί
2625 3846 2684 3882 σε
2723 3829 3090 3902 ταράττεσθαι
3120 3830 3270 3904 παρὰ
3293 3829 3394 3901 τῆς
3421 3832 3543 3896 νέας
3567 3847 3749 3886 καινο-

496 3917 708 3986 tibique
734 3933 763 3972 a
803 3920 1103 3990 sophistica
1135 3921 1370 3990 quadam
1405 3930 1460 3978 et
1491 3922 1690 3978 usitata
1723 3937 1940 3988 eorum,
1975 3925 2069 3994 qui

501 4025 682 4065 rerum
719 4011 1019 4081 potiuntur,
1050 4013 1370 4068 curiositate
1391 4013 1607 4085 negotia
1634 4014 1880 4070 exhiberi
1917 4034 1931 4070 :
1970 4031 2074 4070 nec

501 4115 635 4154 sane
689 4101 995 4156 mirandum
1045 4112 1151 4158 est.
1194 4103 1381 4175 Neque
1421 4105 1568 4159 enim
1609 4106 1870 4162 invidiam
1916 4107 2074 4181 igno-

502 4188 714 4251 rabam,
746 4190 1006 4259 quodque
1042 4205 1109 4244 ex
1156 4191 1247 4257 iis,
1291 4192 1386 4261 qui
1426 4193 1570 4248 latus
1613 4199 1770 4246 tuum
1820 4193 2071 4268 cingunt.

504 4386 704 4443 busatis
717 4386 969 4458 mandata
1005 4384 1201 4458 fuerat.
1229 4383 1352 4458 Hice
1381 4385 1590 4458 Dillius.
1628 4385 1696 4440 At
1717 4387 1875 4443 nobis
1896 4387 2075 4458 lepro-

506 4472 598 4512 sos
629 4458 880 4526 consulto
929 4455 1210 4510 induxisse
1248 4457 1457 4510 videtur
1483 4455 1798 4526 Gregorius,
1853 4465 1910 4511 ut
1948 4455 2076 4512 'non

507 4541 655 4580 sana:
670 4527 807 4596 satis
835 4525 1114 4589 doctrinae,
1138 4527 1432 4596 quailepra
1454 4525 1754 4596 spiritualis
1773 4535 1878 4591 est,
1895 4527 2081 4583 Basilii

508 4605 719 4650 notaret
749 4593 1239 4667 adversariossl’r‘o
1268 4593 1456 4667 λειτροξ
1487 4593 1589 4652 suo
1625 4599 1864 4665 periculo
1895 4597 2076 4665 legen-

507 4667 637 4720 dum
689 4666 942 4736 proponit
985 4664 1229 4721 Combel‘.
1277 4664 1484 4736 πηροί,
1545 4664 1734 4736 sicque
1793 4664 2081 4736 scripSisse

511 4743 662 4804 putat
690 4734 1055 4802 Gregorium,
1097 4745 1175 4799 III,
1226 4734 1466 4790 laconica
1503 4751 1598 4791 sua
1646 4734 1928 4798 brevitate,
1980 4739 2083 4792 sub

511 4822 615 4874 una
645 4820 777 4859 voce
805 4805 991 4858 ambas
1033 4805 1328 4874 Scriptura!
1373 4821 1558 4866 voces,
1587 4807 1844 4874 οἱτυφλοὶ
1895 4809 1988 4861 καὶ
2031 4811 2082 4861 οἱ

507 4873 702 4946 χωλοξ,
735 4873 1197 4946 complecteretur
1226 4893 1238 4928 :
1284 4875 1457 4945 πηρός
1486 4892 1717 4946 namque
1740 4873 1794 4931 et
1820 4892 1997 4932 caecus
2031 4887 2086 4933 et

509 4944 704 5014 quovis
728 4945 969 5014 membro
991 4945 1150 5014 laesus
1188 4944 1520 5013 intelligitur.

516 5012 544 5093 ς
575 5013 704 5135 ί(66)ι
724 5013 872 5070 Alias
907 5013 971 5069 Χ.
1009 5012 1220 5083 Scripta
1264 5012 1407 5068 anno
1434 5015 1538 5068 570
1582 5022 1831 5077 exeunte,
1861 5025 1954 5070 aut
1981 5015 2077 5071 37!

516 5098 568 5135 Ill
589 5098 678 5134 .Illl
707 5099 756 5135 8.

515 5098 756 5137 Illellllle.

2174 3919 2397 3990 τομίας,
2441 3920 2536 3974 καὶ
2569 3919 2869 3993 πράγματα
2902 3920 3045 3992 ἔχειν
3085 3921 3194 3974 ἀπό
3237 3938 3382 3985 τινος
3434 3921 3749 3990 σοφιστικῆς

2171 4011 2281 4064 τῶν
2313 4012 2655 4083 κρατούντων
2719 4011 2812 4065 καὶ
2842 4011 3104 4084 συνήθους
3133 4013 3454 4083 περιεργίας
3483 4013 3615 4083 (74)’
3658 4011 3752 4066 καὶ

2175 4101 2486 4174 θαυμαστὸν
2509 4103 2681 4158 οὐδέν.
2725 4104 2859 4157 οὐδὲ
2883 4104 2991 4175 γὰρ
3020 4104 3248 4174 ἠγνόουν
3275 4105 3365 4157 τὸν
3395 4105 3615 4173 φθόνον,
3659 4105 3752 4157 καὶ¹

2173 4193 2256 4245 ὅτι
2283 4192 2465 4246 πολλοὶ
2490 4191 2599 4246 τῶν
2628 4192 2757 4264 περὶ
2795 4194 2855 4244 σε
2881 4191 2952 4246 τὰ
2976 4191 3186 4246 ἑαυτῶν
3213 4190 3301 4245 διὰ
3329 4189 3421 4243 σοῦ
3451 4189 3562 4259 (75)
3589 4188 3750 4259 Θεραα

2175 4387 2255 4442 vel
2279 4387 2488 4440 animus
2523 4385 2578 4439 id
2605 4387 2895 4455 proposuit,
2924 4385 3002 4440 vel
3029 4393 3396 4455 _atramentum_
3413 4382 3646 4455 scripsit.

2249 4458 2359 4524 (69)
2403 4457 2464 4509 Tl
2513 4444 2626 4510 οὒκ
2646 4444 2737 4520 τιξ-
2791 4444 2964 4509 ἆλλο.
2995 4444 3128 4510 Cod.
3181 4454 3334 4509 Pass.
3370 4444 3633 4524 ’Ῑξίναόὗν
3668 4470 3753 4518 τις

2178 4521 2354 4591 ἄλλον,
2379 4525 2604 4596 Ecquem
2633 4527 2796 4596 igitur
2828 4526 2996 4580 alium
3035 4526 3298 4595 quispiam
3343 4521 3636 4577 admiretur
3662 4539 3753 4578 eo-

2180 4613 2296 4650 rum
2327 4598 2435 4662 qui,
2463 4605 2568 4650 etc.

2253 4665 2810 4735 (70)_9av;ta'(o;ter.
2849 4664 2984 4720 Cod.
3044 4663 3200 4719 Pass.
3231 4663 3343 4735 AQau

2181 4727 2500 4804 spexert'mus
2528 4727 2578 4788 ct
2609 4727 2860 4791 admirati

2183 4800 2335 4859 Pass.
2383 4800 2437 4858 In
2468 4806 2598 4858 edit.
2636 4805 2904 4873 ἐγκαλεῖς.

2254 4876 2366 4942 (71)
2408 4870 2803 4944 Θαυμάσέται.
2836 4873 2912 4928 Ita
2948 4872 3107 4944 codd.
3133 4873 3268 4944 Reg.
3309 4879 3362 4928 et
3381 4870 3562 4939 Pass,
3598 4879 3653 4928 et
3677 4872 3759 4928 sic

2186 4945 2417 5000 reddidit
2449 4945 2565 4997 Bill.
2601 4943 2656 5001 In
2683 4945 2814 4999 edit.
2845 4942 3204 5013 Θαυμάζεται.

2257 5016 2368 5083 (72)
2421 5015 2582 5069 Ἀλλ’
2614 5014 2704 5068 ὅτι
2741 5011 3192 5082 φιλοσοφοῦμεν
3217 5011 3590 5083 ἀγανακτεῖς,
3620 5013 3755 5081 quod

2187 5081 2638 5152 philosophantur,
2678 5083 2728 5136 id
2769 5091 2873 5146 est,
2919 5083 3044 5151 quia
3068 5081 3398 5152 parentibus
3422 5081 3757 5152 rassidenms,

3351 4664 3630 4734 μάζωμεν,
3661 4680 3754 4715 sn-

2911 4735 3184 4804 [uerimus.
3225 4733 3628 4802 Μοχῖὲγκάλει,
3681 4734 3754 4787 ita

584 5151 698 5219 (67)
739 5149 1226 5219 Πῶςὲπιξρυλλίς.
1262 5150 1784 5222 δυιιιίὲπιφυλλίδες,
1837 5154 1911 5206 ait
1938 5153 2056 5210 Bill.

2188 5149 2485 5222 eorumque
2511 5169 2696 5207 curam
2726 5149 3228 5222 getimus;idﬁemnt
3263 5168 3356 5222 per
3376 5151 3761 5222 philosophiam

513 5222 696 5289 exigui
727 5222 802 5275 illi
837 5222 1058 5278 racemi.
1093 5222 1185 5289 qtti
1232 5235 1261 5274 a
1301 5221 1783 5276 vindetniaturibus
1819 5223 1884 5275 ad
1934 5240 2087 5280 race-

519 5292 809 5347 mationem
844 5289 1087 5363 relinqui
1114 5291 1322 5363 solent.
1344 5290 1494 5363 Unde
1535 5293 1794 5363 transl_atc
1823 5293 2085 5363 qu?dquid

519 5361 854 5430 contemptui
910 5359 1356 5430 ρει,ὲπιφυλλίς
1415 5362 1634 5414 dicitur.
1691 5359 1858 5414 Paulo
1911 5359 2085 5426 inira,

521 5429 671 5484 ποῖόν
721 5429 794 5483 σε’
836 5430 964 5492 ἔπος
997 5429 1166 5497 φύγεν
1208 5430 1366 5498 ἕρκος
1407 5430 1652 5492 ὀδόντων,
1686 5431 2085 5488 hemistichium

521 5501 662 5565 apud
696 5498 986 5555 llomerum
1027 5498 1300 5566 frequens.

595 5571 706 5637 (68)
745 5569 875 5634 Πῶς
900 5567 939 5635 ἢ
971 5565 1201 5620 διάνοια
1223 5567 1516 5637 ὥρμησεν,
1543 5575 1646 5624 etc.
1665 5569 1806 5636 ΒΜ,
1831 5572 2086 5640 quomodo

2190 5221 2457 5291 designari
2513 5233 2663 5290 puto,
2696 5225 2772 5277 ait
2825 5221 2945 5274 Bill.
3001 5221 3122 5276 Mox
3164 5223 3288 5278 cod.
3325 5221 3480 5278 Pass.
3517 5221 3606 5284 δὺς
3629 5223 3763 5292 ἡμῖν

2189 5292 2345 5345 τοῦτο
2383 5294 2572 5346 εἰπεῖν.

2265 5362 2377 5428 (75)
2417 5362 2564 5415 Alias
2592 5358 2756 5417 XXV.
2791 5359 3004 5429 Scripta
3036 5375 3180 5414 anno
3215 5361 3342 5415 572.

2263 5427 2372 5500 (74)
2413 5429 2522 5482 Καὶ
2543 5429 2849 5500 συνήθους
2872 5427 3222 5498 περιεργίας.
3251 5427 3517 5492 tlombef.,
3548 5441 3761 5482 consue-

2195 5511 2347 5569 taque
2368 5501 2531 5569 anxia
2571 5499 2864 5569 diligentia.

2267 5567 2376 5639 (75)
2415 5568 2516 5622 Διὰ
2543 5567 2683 5624 σοῦ,
2718 5568 2775 5623 lu
2805 5567 2927 5626 cod.
2954 5567 3106 5625 Pass.
3145 5573 3258 5625 lucc
3302 5568 3517 5624 desunt.
