4066 6214
487 329 559 388 99
1691 327 1747 380 S.
1792 321 2124 380 GBEGOBII
2166 320 2516 378 TIIEOLOGI

3666 330 3765 384 19-0

487 449 637 504 velut
659 446 1043 504 sordidissima
1082 461 1212 503 vasa
1241 455 1292 502 et
1327 446 1698 502 instrumenta
1731 444 2034 516 proieceris
2057 481 2072 508 ,

2180 442 2644 514 βλασφημούντων
2681 443 2933 516 ἐξεῦρες,
2965 444 3039 510 ὡς
3071 445 3158 499 διὰ
3187 446 3351 518 τιμὴν
3385 445 3617 518 ὑϐρίζων
3643 453 3767 514 τοὺς

487 540 572 602 vel
608 546 870 609 tanquam
917 536 1249 592 adminicula
1294 551 1382 601 ea,
1431 551 1555 607 qua:
1596 533 1902 590 fornicibus
1944 547 2078 604 sup-

490 638 798 699 ponuntur,
879 643 942 682 ac
998 627 1162 682 simul
1205 635 1369 698 atque
1419 632 1700 680 structura
1765 623 1980 678 ﬁrmata
2023 629 2079 678 et

490 728 779 792 compacta
813 728 919 787 est,
959 719 1195 776 subduci
1233 726 1289 774 et
1315 732 1416 788 pro
1449 717 1623 773 nihilo
1654 714 1844 772 haberi
1877 714 2074 771 solent.

493 810 695 867 Verum
743 812 846 867 hos
881 826 1016 866 sane
1049 811 1229 865 valere
1264 811 1516 866 sinamus
1544 847 1560 874 ,
1600 818 1655 864 et
1699 821 1823 878 quae
1859 806 2073 872 dicunt,

490 902 720 969 dicere;
772 919 933 958 nemo
974 902 1172 972 linguae
1212 901 1524 957 libertatem
1573 899 1872 956 coercebit.
1911 899 2078 954 Actu

489 995 680 1051 beatas
707 996 828 1050 illas
873 1009 1000 1065 spes
1025 1001 1080 1049 et
1112 994 1308 1049 inanes
1338 992 1612 1048 mercedis
1649 993 1773 1046 loco
1803 989 2076 1062 persolve,

485 1102 625 1156 quas
638 1085 904 1140 adversus
919 1100 1014 1141 eos
1035 1084 1382 1155 excogitasti,
1403 1085 1499 1154 qui
1514 1090 1568 1139 te
1585 1098 1652 1139 eo
1687 1082 1912 1138 nomine
1943 1081 2080 1137 lace-

487 1185 634 1241 rant,
664 1176 808 1246 quod
824 1177 926 1231 sub
939 1175 1168 1231 honoris
1195 1175 1380 1245 specie
1392 1175 1539 1230 leves
1567 1189 1670 1230 nos
1699 1183 1862 1244 atque
1895 1171 1965 1228 ad
1990 1186 2078 1228 res

488 1267 810 1337 huiusmodi
835 1275 1120 1338 promptos
1142 1273 1198 1321 et
1224 1266 1418 1321 obvios
1442 1265 1845 1321 contumeliose
1877 1262 2077 1335 protri-

485 1362 653 1416 veris.
713 1359 828 1431 Ego
857 1376 1012 1426 vero,
1048 1359 1181 1430 quid
1215 1358 1271 1414 in
1311 1359 1497 1414 animo
1539 1359 1790 1424 habeam,
1835 1356 2078 1428 explica-

486 1455 598 1520 bo;
653 1469 754 1508 nec
808 1453 942 1507 mihi
1001 1461 1286 1522 propterea
1346 1451 1628 1509 irascaris.
1671 1449 1859 1506 Dicam
1907 1449 2074 1514 enim,

485 1559 608 1615 qua:
643 1541 896 1614 ﬂagranti
951 1543 1116 1596 etiam
1165 1541 1355 1597 dolore
1408 1541 1729 1611 prolocutus
1769 1554 1916 1602 sum,
1964 1554 2075 1594 non

486 1651 663 1706 usque
709 1633 848 1690 adeo
893 1634 978 1688 vel
1028 1633 1110 1687 ira
1151 1641 1427 1698 aestuans,
1464 1632 1549 1688 vel
1599 1631 1678 1687 rei
1724 1637 1921 1687 eventu
1955 1644 2079 1700 per-

486 1728 676 1782 culsus
706 1733 762 1781 et
797 1725 1088 1790 attonitus,
1107 1732 1167 1778 ut
1200 1724 1344 1778 ratio
1379 1738 1440 1778 se
1472 1722 1834 1784 subduceret,
1863 1734 1928 1774 ac
1956 1734 2078 1790 qua:

2186 534 2424 603 κούφους
2447 535 2617 606 ἡμᾶς,
2644 536 2740 588 καὶ
2761 535 3085 608 προ-χείρους
3111 537 3248 605 πρὸς
3277 539 3346 592 τὰ
3365 539 3606 592 τοιαῦτα.
3629 540 3771 607 Ἐγὼ

2184 622 2242 676 δὲ
2277 624 2337 676 τὸ
2381 624 2534 695 ἐμὸν,
2579 624 2655 688 ὡς
2699 623 2808 696 ἔχω
2851 624 2988 696 (85),
3041 625 3287 696 δηλώσω,
3337 626 3430 681 καί
3472 643 3562 698 μοι
3607 628 3771 698 μηδὲν

2183 715 2464 787 ὀργισθῇς.
2520 715 2663 788 Ἐρῶ
2696 716 2828 790 γὰρ,
2853 716 2889 770 ἃ
2927 718 3021 770 καὶ
3069 720 3197 788 παρ’
3243 719 3382 773 αὒτά
3422 719 3515 774 τοῦ
3566 719 3771 784 πάθους

2185 804 2644 878 ἀπεφθεγξάμην,
2675 808 2735 860 οὑ
2771 809 3023 863 τοσοῦτον
3057 809 3090 879 ἢ
3119 810 3197 881 τῷ
3231 809 3387 881 θυμῷ
3415 811 3599 874 ζέσας,
3629 811 3662 882 ἢ
3693 810 3772 882 τῷ

2184 894 2430 964 γεγονότι
2491 894 2893 965 καταπλαγεὶς,
2963 897 3104 951 ὥστε
3157 898 3430 969 κλαπῆναι
3491 902 3619 963 τοὺς
3685 899 3771 953 λο-

2185 987 2438 1058 γισμοὺς,
2473 988 2567 1042 καὶ
2599 989 2814 1057 ἀγνοεῖν
2859 989 3004 1060 ἅπερ
3048 989 3231 1058 ελεγον
3273 989 3404 1061 (86).
3445 989 3584 1044 Οὔτε
3633 990 3771 1044 ὅπλα

2185 1079 2478 1149 κτήσομαι,
2503 1077 2627 1132 οὔτε
2653 1079 2719 1132 τὰ
2739 1079 2973 1133 τακτικὰ
2997 1080 3336 1152 μαθήσομαι,
3357 1079 3393 1134 ἀ
3417 1079 3494 1151 μὴ
3510 1079 3770 1152 πρότερον

2184 1169 2407 1241 ἔμαθον,
2454 1170 2618 1242 ἡνίκα
2663 1171 2855 1242 καιρὸς
2901 1167 3042 1226 εἶναι
3085 1172 3285 1242 μᾶλλον
3322 1171 3522 1237 ἐδόκει,
3557 1173 3770 1227 πάντων

2183 1257 2560 1330 ὁπλιζομένων
2588 1259 2682 1312 καὶ
2711 1260 3056 1331 μαινομένων
3079 1255 3267 1328 (οἶσθα
3294 1260 3363 1314 τὰ
3394 1260 3507 1314 τῶν
3533 1259 3773 1314 ἀσθενῶν

2183 1351 2592 1422 ἀρρωστήματα
2635 1349 2798 1424 [87]),
2833 1350 2956 1405 οὔτε
2992 1351 3082 1405 τὸν
3114 1352 3330 1422 Ἀρήιον
3365 1350 3630 1422 Ἀνθιμον
3663 1350 3771 1422 (88)

2183 1442 2582 1513 ὑποστήσομαι,
2622 1442 2826 1514 καίπερ
2863 1442 3041 1513 ἀωρον
3070 1441 3198 1494 ὄντα
3231 1441 3585 1514 πολεμιστὴν,
3619 1440 3773 1512 ψιλός

2181 1544 2243 1581 τε
2273 1526 2348 1580 ῶν
2375 1528 2469 1582 καὶ
2488 1528 2761 1601 ἀπόλεμος
2781 1529 2916 1602 (89),
2950 1529 3046 1584 καὶ
3073 1530 3211 1602 πρὸς
3237 1531 3305 1584 τά
3328 1530 3625 1603 τραύματα
3653 1533 3773 1586 ὲπι-

2181 1621 2540 1694 τηδειότερος.
2569 1622 2708 1676 Ἀλλ’
2737 1623 2934 1694 ἐκείνῳ
2961 1623 3060 1695 μὲν
3082 1623 3245 1688 αὐτὸς
3271 1622 3522 1695 πολέμει,
3549 1622 3772 1678 είτοῦτό

2185 1730 2268 1768 σοι
2297 1714 2449 1783 φίλον
2490 1714 2607 1784 (καὶ
2635 1713 2747 1786 γὰρ
2776 1715 2904 1778 τοὺς
2937 1714 3186 1778 ἀσθενεῖς
3214 1714 3480 1778 πολλάκις
3505 1715 3564 1768 αἱ
3591 1716 3772 1787 χρεῖαι

486 1820 766 1882 dicerem,
802 1815 1136 1886 ignorarem.
1185 1812 1306 1868 Non
1353 1827 1504 1867 arma
1561 1810 1920 1882 comparabo,
1979 1825 2073 1864 nec

2183 1804 2399 1859 ποιοῦσι
2419 1805 2776 1876 πολεμιστὰς)
2797 1807 2867 1877 ,ἢ
2896 1805 3048 1878 ζήτει
3083 1806 3209 1870 τοὺς
3235 1805 3666 1878 πολεμήσοντας,
3693 1807 3771 1860 ὅτ’

489 1908 568 1962 rei
602 1905 861 1960 militaris
901 1913 1074 1957 artem
1110 1903 1344 1968 discam,
1367 1917 1530 1973 quam
1562 1902 1715 1972 prius
1739 1915 1850 1955 non
1879 1900 2066 1965 didici,

487 2015 613 2054 cum
652 1997 817 2066 hujus
858 1995 938 2051 rei
977 1997 1320 2052 commodius
1359 2002 1576 2064 tempus
1605 2009 1729 2049 esse
1759 1992 2070 2057 videbatur,

488 2089 750 2144 erunibus
805 2087 1060 2142 videlicet
1108 2102 1260 2141 arma
1320 2084 1708 2149 induentibus,
1757 2091 1813 2139 et
1866 2082 2072 2138 furiose

488 2181 631 2236 inter
681 2195 742 2234 se
788 2176 1275 2247 congredientibus
1316 2175 1484 2245 (nosti
1530 2175 1874 2228 inﬁrmorum
1925 2189 2074 2228 mor-

489 2269 637 2338 hos),
680 2283 781 2322 nec
813 2267 1070 2320 Martium
1099 2265 1420 2319 Anthimum
1449 2264 1751 2318 certamine
1780 2264 2070 2332 excipiam,

484 2359 735 2429 quamvis
749 2355 950 2426 alioqui
965 2357 1316 2408 immaturum
1332 2354 1668 2414 bellatorem,
1684 2351 1941 2406 nimirum
1957 2353 2074 2421 ipse

488 2449 717 2505 inermis
741 2463 804 2502 ac
835 2451 910 2501 rei
947 2447 1157 2502 bellicae
1183 2446 1428 2515 ignarus,
1452 2443 1879 2512 vulneribusque
1901 2445 2072 2512 magis

484 2536 790 2608 expositus.
826 2535 969 2601 Quin
1010 2543 1067 2589 tu
1101 2534 1283 2604 potius
1323 2546 1450 2586 cum
1484 2546 1571 2594 eo.
1598 2531 1644 2586 si
1673 2531 1746 2584 ita
1776 2531 2068 2597 videbitur,

487 2627 690 2680 bellum
739 2639 868 2696 gere
908 2624 1072 2695 (nam
1135 2623 1380 2677 inﬁrmos
1425 2637 1644 2693 quoque
1686 2637 1830 2691 saepe
1883 2637 2074 2676 neces-

492 2718 633 2771 sitas
665 2715 778 2787 “
820 2715 938 2783 ipsa
983 2727 1262 2784 pugnaces
1307 2711 1530 2781 efficit),
1587 2719 1682 2765 aut
1725 2711 1818 2781 qui
1872 2711 2072 2765 belhun

494 2811 691 2874 gerant
739 2817 945 2872 quaere,
1001 2816 1127 2856 cum
1180 2800 1272 2855 ille
1331 2800 1509 2855 mulas
1556 2808 1682 2855 tuas
1735 2799 2071 2869 arripuerit,

485 2896 737 2949 locorum
784 2891 1069 2964 angustias
1118 2891 1444 2954 observans,
1481 2891 1941 2961 quemadmodum
1982 2891 2074 2944 ille

484 2987 729 3050 Amalec,
761 3001 885 3041 cum
916 2983 1152 3039 transitu
1185 2981 1439 3039 lsraelem
1493 2990 1710 3037 arceret
1765 2978 1851 3036 ‘°'.
1901 2980 2069 3037 Nobis

485 3089 668 3134 autem
698 3079 929 3132 aliarum
959 3074 1204 3130 omnium
1256 3090 1441 3130 rerum
1484 3075 1606 3127 loco
1655 3074 1896 3143 quietem
1950 3089 2078 3127 con-

2171 1897 2238 1951 ἇν
2267 1913 2360 1949 σου
2393 1895 2502 1949 τῶν
2531 1895 2770 1966 ἡμιόνων
2810 1895 2922 1966 (90)
2967 1895 3348 1967 λαμϐάνηται,
3381 1895 3452 1948 τὰ
3486 1896 3645 1950 στενά
3673 1911 3772 1966 τη-

2175 1984 2306 2056 ρῶν,
2366 1984 2460 2039 καὶ
2506 1983 2697 2058 ὥσπερ
2750 1986 2779 2038 ό
2829 1984 3078 2056 Ἀμαλήκ
3130 1986 3337 2048 ἐκεῖνος
3357 2025 3371 2048 ,
3432 1987 3633 2056 εἵργων
3676 1983 3771 2036 τὸν

2186 2075 2423 2147 Ἰσραήλ.
2465 2075 2627 2146 Ἡμῖν
2660 2075 2717 2129 δὲ
2745 2077 2867 2130 ἀντὶ
2904 2077 3124 2131 πάντων
3161 2076 3345 2131 δοῦναι
3381 2077 3478 2148 τὴν
3513 2075 3768 2148 ἡσυχίαν.

2174 2163 2239 2216 Τί
2267 2168 2375 2238 γὰρ
2403 2165 2484 2219 δεῖ
2511 2166 2781 2238 μάχεσθαι
2819 2169 2948 2240 περὶ
2983 2167 3303 2239 γαλαθηνῶν
3333 2167 3442 2239 ιθι)
3473 2169 3569 2221 καὶ
3621 2167 3770 2239 ὀρνί-

2175 2253 2304 2320 θων,
2335 2258 2430 2309 καὶ
2471 2258 2630 2311 τοῦτο
2673 2257 2990 2328 ἀλλοτρίων,
3025 2258 3104 2321 ὡς
3123 2258 3261 2328 δῆτα
3293 2259 3421 2330 περὶ
3452 2257 3642 2327 ψυχῶν
3675 2257 3773 2312 καὶ

2174 2347 2449 2411 κανόνων;
2489 2348 2554 2400 Τί
2601 2348 2658 2400 δὲ
2695 2349 2804 2401 τῶν
2839 2348 3109 2418 λαμπρῶν
3151 2348 3403 2419 Σασίμων
3440 2338 3771 2420 ἀποστερεῖν

2176 2437 2274 2502 τὴν
2307 2437 2658 2507 μητρόπολιν,
2691 2437 2988 2508 ῆγυμνοῦν
3010 2439 3104 2490 καὶ
3133 2437 3535 2491 ἀνακαλύπτειν
3566 2437 3629 2491 τδ
3663 2438 3770 2508 τῆς

2178 2527 2402 2598 γνώμης
2431 2528 2762 2600 ἀπόρρητον,
2792 2528 3291 2601 συγκρύπτειν
3314 2529 3432 2582 δέον
3458 2545 3473 2594 ;
3505 2528 3666 2582 Ἀλλά
3701 2531 3768 2584 σὺ

2180 2620 2280 2690 μὲν
2316 2620 2592 2692 ἀνδρίζου,
2637 2621 2732 2674 καὶ
2771 2619 3066 2690 κραταιοῦ,
3101 2621 3415 2674 καὶιπὰντα
3455 2610 3580 2673 ἓλὶιε
3629 2620 3768 2692 πρὸς

2175 2709 2275 2778 τὴν
2308 2709 2538 2764 σεαυτοῦ
2579 2709 2689 2781 (95)
2725 2709 2908 2774 δόξαν,
2934 2709 3125 2782 ὥσπερ
3150 2713 3200 2764 οἱ
3232 2713 3469 2782 ’ποταμώ⁵
3501 2711 3628 2775 τοὺς
3653 2727 3769 2783 χει-

2178 2801 2444 2874 μάῥρους,
2486 2802 2624 2872 μήτε
2677 2799 2880 2870 φιλίαν,
2933 2801 3071 2874 μήτε
3118 2801 3405 2872 συνήθειαν
3454 2800 3550 2854 τοῦ
3597 2799 3764 2855 καλοῦ

2176 2893 2482 2964 προτιμῶν,
2528 2893 2623 2946 καὶ
2671 2893 2772 2964 τῆς
2809 2892 3123 2957 εὐσεϐείας,
3166 2894 3304 2964 μήτε
3347 2892 3442 2946 τοῦ
3490 2893 3644 2956 ποῖός
3681 2909 3766 2957 τις

2175 2977 2315 3036 εἶναι
2342 2982 2513 3048 δόξεις
2539 2983 2604 3035 ὲκ
2629 2982 2722 3036 τοῦ
2752 2981 2926 3036 ταῦτα
2959 2985 3131 3035 ποιεῖν
3165 2981 3484 3052 φροντίζων,
3509 2981 3625 3035 ἀλλ’
3648 2981 3766 3044 ἐνὸς

2175 3079 2253 3132 ὢν
2285 3078 2382 3132 τοῦ
2421 3078 2753 3150 πνεύματος.
2784 3078 2978 3148 Ἡμεῖς
3009 3077 3068 3130 δὲ
3096 3078 3255 3131 τοῦτο
3284 3077 3442 3148 μόνον
3472 3094 3534 3130 κε
3548 3074 3768 3147 ρδανοῦ-

486 3173 643 3228 cede.
678 3169 818 3237 Quid
849 3169 995 3223 enim
1027 3183 1167 3237 opus
1190 3175 1272 3220 est
1297 3183 1396 3236 pro
1425 3166 1754 3221 lactentibus
1780 3174 1833 3219 et
1858 3165 2071 3231 av‘hus,

2183 3186 2282 3240 μεν
2319 3170 2419 3239 τῆς
2457 3145 2578 3240 σῆς-
2601 3169 2806 3239 φιλίας,
2849 3145 2912 3222 τὸ
2955 3169 3031 3240 μὴ
3069 3145 3346 3222 πιστεύειν
3386 3145 3588 3238 φίλοις,
3631 3167 3768 3240 μήτε

482 3273 540 3319 et
571 3262 795 3334 quidem
826 3260 1044 3325 alienis,
1078 3275 1186 3314 non
1233 3274 1396 3313 secus
1444 3273 1508 3311 ac
1551 3273 1649 3328 pro
1691 3256 1982 3311 animabus
2022 3264 2075 3310 ct

2178 3260 2274 3313 τοῦ
2303 3259 2438 3314 Θεοῦ
2465 3260 2732 3314 ποιεῖσθαί
2765 3280 2817 3314 τι
2847 3261 3265 3334 προτιμότερον.

485 3356 790 3411 canonibus
830 3353 1158 3426 digladiari?
1203 3351 1344 3418 Quid
1394 3352 1558 3406 etiam
1616 3350 1918 3421 splendidis
1963 3351 2070 3406 illis
2113 3350 2345 3411 Sasimis
2379 3356 2855 3426 metmpolitanam
2896 3358 3085 3411 urbem
3118 3356 3356 3426 privare,
3422 3369 3488 3409 ac
3559 3352 3762 3409 mentis

486 3463 772 3511 arcanum,
803 3445 951 3516 quod
983 3444 1344 3515 premendum
1397 3452 1451 3497 et
1497 3443 1886 3497 occultandum
1928 3451 2070 3508 erat,
2111 3445 2326 3515 aperire
2359 3454 2415 3502 et
2457 3447 2756 3516 detegere?
2785 3446 3057 3513 Quocirca
3123 3457 3180 3500 tu
3229 3445 3452 3517 quidem
3527 3447 3764 3501 viriliter

486 3555 608 3611 age,
645 3548 699 3596 et
732 3540 1069 3602 confortare,
1116 3539 1413 3608 omniaque
1445 3538 1513 3591 ad
1581 3545 1732 3591 tuam
1805 3538 1979 3608 ipsius
2046 3539 2301 3608 gloriam,
2350 3543 2810 3612 quemadmodum
2857 3542 3009 3598 ﬂuvii
3059 3552 3359 3608 torrentes,
3408 3542 3591 3612 trahe,
3666 3555 3764 3596 nec

488 3634 812 3698 amicitiam,
845 3650 947 3689 nec
980 3633 1102 3687 vita:
1145 3633 1600 3688 consuetudinem
1666 3641 1722 3686 et
1787 3632 2218 3690 familiaritatem
2284 3636 2489 3693 virtute
2530 3653 2595 3693 ac
2637 3640 2837 3709 pietate
2907 3640 3171 3710 potiorem
3213 3642 3440 3702 habens.
3492 3657 3599 3696 nec
3643 3654 3764 3710 qua:

486 3741 550 3781 ex
608 3726 694 3780 his
753 3726 916 3781 rebus
973 3725 1257 3780 hominum
1309 3727 1497 3796 opinio
1548 3725 1616 3780 de
1661 3742 1720 3781 re
1773 3724 1958 3780 futura
1991 3727 2064 3782 sit
2097 3729 2398 3800 quidquam
2445 3746 2684 3796 curans,
2721 3731 2816 3788 sed
2856 3733 2949 3786 uni
2987 3735 3255 3788 duntaxat
3305 3734 3521 3806 spiritui
3573 3742 3626 3790 te
3667 3731 3762 3786 ad-

487 3818 697 3874 dicens.
741 3817 852 3873 Nos
884 3833 1014 3872 vero
1042 3818 1093 3872 id
1123 3819 1392 3872 duntaxat
1433 3818 1570 3872 lucri
1618 3833 1684 3873 ex
1721 3817 1965 3873 amicitia
2013 3825 2106 3874 tua
2145 3821 2450 3892 capiemus,
2492 3833 2554 3878 ut
2589 3824 2784 3880 amicis
2827 3826 3056 3895 posthac
3105 3826 3330 3882 minime
3365 3827 3620 3892 ﬁdamus,
3661 3839 3762 3880 nec

490 3913 602 3976 Deo
629 3914 930 3985 quidquam
967 3914 1344 3984 praeferamus.

585 4097 656 4132 ¹⁸’
692 4103 868 4160 Exod.
907 4119 1045 4170 xvn,
1090 4104 1122 4158 8
1157 4119 1279 4173 sqq.

457 4261 459 4264 ί
495 4325 516 4327 ε
563 4257 674 4327 (εδ)
725 4261 821 4322 Ὡς
849 4255 984 4324 57.0)-
1019 4254 1191 4327 C_Od_d.
1231 4252 1545 4327 ligg..._llarl
1575 4293 1591 4318 ,
1627 4253 1792 4327 Pass;
1817 4254 1892 4317 ὡς
1939 4255 2075 4327 ἔχειῘ

489 4321 664 4381 Paulo
695 4321 859 4386 infra,
883 4321 988 4393 pro
1019 4323 1159 4376 αὐτὰ
1216 4321 1571 4386 τοῖϊπάθους,
1597 4323 1721 4376 cod.
1757 4321 1892 4392 Reg.
1946 4321 2075 4392 παρ’

493 4397 625 4452 αὐτὸ
653 4396 714 4448 τὸ
746 4393 935 4456 πάθος.

566 4465 676 4537 (86)
715 4467 898 4537 ’Ἄςτερ
919 4463 1150 4537 ἔλεγον.
1177 4461 1313 4537 Cod.
1344 4460 1500 4537 Pass.
1534 4459 1669 4537 ᾇπερ
1695 4459 1899 4537 ἔλεγον.
1930 4458 2073 4537 Ιξιιυς

451 4533 456 4536 ’
496 4537 550 4590 lo
574 4527 751 4658 ἐνόει,
800 4527 872 4586 id:
924 4527 1045 4586 cod.
1108 4547 1205 4601 pro
1242 4531 1277 4584 ἃ
1327 4532 1401 4602 μὴ
1458 4527 1721 4600 πρότερον
1752 4527 1910 4584 habet
1948 4528 1975 4580 ὃ
2003 4527 2076 4600 μὴ

496 4623 572 4658 πο
604 4621 780 4658 τερον.

496 4621 634 4660 ποοτ
638 4621 662 4656 ε
669 4622 758 4660 ρον
767 4643 780 4656 ο

543 4622 852 4744 ρῖἕξῗοῖῶν
873 4668 1146 4726 ἀσθενῶν
1179 4667 1628 4744 ἀρρωστήματα.
1661 4668 1796 4744 god.
1824 4667 2074 4744 ἀριστεύς

500 4737 675 4819 ματα,
701 4745 1035 4813 inﬁrmorum
1068 4741 1324 4810 pm’cluru
1376 4741 1630 4804 facinora.
1657 4737 1790 4794 Cod.
1842 4737 1971 4808 Beg.
2007 4737 2077 4791 τὰ

500 4816 606 4867 τῶν
652 4813 888 4867 Ἀθηνῶν
935 4811 1324 4867 ἀοιστεύματα.
1383 4809 1515 4864 Cod.
1573 4809 1727 4866 Pass.
1762 4809 1869 4862 τῶν
1915 4809 2073 4867 Ἀθη-

497 4826 606 4870 των
655 4826 888 4870 ’Λυηνων
935 4826 1324 4870 αοιστευματα.
1383 4826 1515 4864 [λυοο
1573 4826 1727 4866 I'ass.
1762 4827 1869 4862 των
1921 4826 2073 4870 Αυη-

501 4827 606 4870 των
657 4827 888 4884 ’Λυηνων
935 4827 1324 4882 αριστευματα.
1383 4827 1515 4864 [λυοσ
1573 4827 1727 4866 rass.
1762 4827 1869 4862 των
1929 4827 2042 4879 Αυη

501 4887 606 4940 νῶν
632 4884 1059 4957 ἀρρωστήματα.
1193 4952 1235 4957 __
1309 4952 1328 4957 Δ
1551 4947 1571 4957 _
1710 4949 1722 4957 _
1843 4948 1854 4957 _
1929 4946 2025 4957 nm

573 4946 719 5025 (88)“
755 4946 1151 5022 Τὸν”Ἀρήιον
1191 4952 1486 5019 Ἀνθιμον.
1551 4947 1634 5012 Is,
1695 4948 1879 5025 inquit
1929 4946 2074 5025 Bill.,

504 5018 817 5096 Tyanorum
875 5018 1358 5096 epiéedpus__era_t,
1405 5035 1644 5096 quocum
1676 5019 1741 5072 de
1794 5018 2077 5096 Cappado-

506 5089 606 5149 ci'a:
634 5089 1036 5164 episcopatibus
1063 5089 1376 5164 dividendis
1405 5089 1604 5164 Basilio
1637 5089 2073 5164 contentio-crat.

507 5165 651 5221 Urbs
668 5157 835 5218 'enim'
875 5178 940 5215 ea
973 5161 1226 5217 secunda:
1260 5159 1614 5230 Cappadocae
1643 5157 2077 5230 metropoli_s__re-

506 5251 639 5290 cens
665 5241 847 5287 creata
881 5229 1231 5286 fuerat.Vide
1279 5227 1417 5283 orai.
1472 5228 1545 5283 De
1578 5228 1769 5281 Basilii
1808 5227 2073 5281 laudibus.

511 5321 534 5358 ι
569 5307 638 5358 At
656 5303 746 5356 τὸν
773 5303 986 5371 Ἀρήιον
1014 5315 1114 5354 vox
1140 5299 1348 5371 poetica
1368 5309 1471 5355 est.
1497 5298 1948 5371 inquitponihef.,
1969 5313 2074 5371 no_u

507 5388 707 5430 nomen
737 5366 1036 5443 proprium,
1068 5366 1213 5443 quod
1248 5371 1467 5443 videtur
1491 5366 1629 5443 velle
1664 5369 1806 5443 Bil|.,
1842 5367 1936 5443 sed
1981 5366 2071 5420 ad-

505 5439 788 5515 jectivum.
819 5439 973 5512 quasi
999 5441 1314 5494 bellicosum
1344 5440 1682 5515 Amhimum,
1712 5439 1804 5508 qui
1839 5439 1919 5515 sic
1941 5445 2079 5515 stre-

510 5506 620 5568 nue
641 5512 764 5581 jura
822 5506 1067 5566 tueretur
1117 5524 1269 5565 nova:
1322 5506 1829 5579 metropoleosfet
1872 5506 2076 5561 Basilio

551 5589 797 5636 uznaret.
831 5601 849 5632 ι

511 5598 926 5726 Ρυῗέξῗθιὲίιὲός
954 5650 1129 5706 τεῶν
1159 5648 1256 5703 καὶ
1290 5648 1609 5717 ἀπόλεμος.
1646 5645 1913 5713 Combef.,
1949 5645 2076 5703 levis

2185 4268 2304 4305 cum
2354 4253 2455 4305 sim
2487 4264 2778 4308 armatura:
2820 4255 2989 4319 miles,
3024 4271 3117 4308 nec
3146 4254 3279 4309 bello
3330 4263 3592 4311 assuetus.
3634 4257 3758 4317 Mox

2185 4321 2363 4409 idern“
2375 4321 2850 4409 ﬁftéc‘Tpfﬁpata.

2255 4389 2365 4462 (90)
2408 4389 2530 4462 "Of
2557 4389 2658 4462 ﬁt:
2689 4389 2812 4462 ’σου
2856 4389 2975 4462 τῶν
3023 4393 3302 4462 ἡμιόνων.
3333 4393 3588 4451 Alludere
3619 4398 3754 4453 mihi

2186 4457 2421 4534 videtur,
2453 4459 2700 4534 ait_Bill.,
2732 4460 2798 4514 ad
2828 4460 2961 4534 illud
2990 4457 3212 4518 Achillis
3241 4465 3384 4534 apud
3418 4465 3709 4521 Homerum
3736 4507 3752 4531 ,

2185 4527 2350 4605 μέρει.
2385 4543 2423 4605 ι,
2468 4529 2559 4605 ubi
2590 4537 2749 4598 negat
2781 4533 2906 4605 _si_bi
2937 4546 3168 4605 causam
3195 4527 3316 4589 esse
3348 4549 3444 4588 cur
3497 4527 3752 4605 'rwjamé

2104 4604 2148 4659 1)
2185 4598 2380 4651 bellum
2411 4597 2626 4679 inferat,
2652 4597 2882 4679 quodah
2907 4602 2988 4656 eis
3031 4617 3130 4656 nec
3161 4604 3328 4661 boves
3378 4620 3478 4659 nec
3505 4597 3630 4677 equi
3665 4609 3750 4664 sui

2182 4683 2419 4736 unquam
2451 4671 2736 4739 intercepti
2770 4671 2880 4725 sint
2909 4686 2921 4722 :

2184 4776 2268 4828 Οὺ
2296 4774 2404 4844 γὰρ
2453 4773 2672 4830 πώποτ’
2735 4775 2881 4847 ἐμὰς
2911 4779 3067 4844 ,βοῦς
3122 4777 3428 4920 ﬁlaaar,[
3435 4780 3588 4899 70156é
3637 4779 3755 4850 μὲν

3457 4865 3676 4914 πποινς.

3457 4865 3676 4914 πποινς.

2180 4947 2379 5005 Verum
2412 4949 2566 5006 Billio
2599 4952 2823 5008 minime
2855 4955 3150 5010 assenlitur
3182 4955 3426 5010 Combef.
3454 4955 3551 5010 Hie
3579 4957 3749 5021 enim,

2179 5021 2376 5096 inquit,
2425 5023 2571 5096 nulla
2618 5023 2832 5096 allus_io_
2868 5023 3179 5096 Hoinerira.
3224 5027 3438 5096 qualem
3493 5026 3752 5095 cogitavit

2179 5089 2324 5164 BNL,
2351 5091 2780 5164 sedipsaresab
2807 5092 3065 5147 Anthimu
3098 5089 3268 5164 gesta',
3299 5111 3460 5164 quam
3492 5089 3751 5150 describit

2180 5159 2556 5234 Gregorius'in
2587 5162 2768 5216 Basilii
2798 5164 3100 5234 epitaphio,

2250 5230 2359 5302 (9|)
2399 5232 2537 5302 "cpi
2594 5230 2966 5300 ταλαθηᾶ-ῶνζ
3009 5233 3252 5288 Combef.
3305 5250 3401 5302 pro
3459 5235 3746 5296 subrumis,

2181 5301 2407 5382 agnellis
2447 5301 2698 5356 videlicet
2749 5318 2813 5356 ac
2869 5306 3155 5372 porcellis;
3188 5304 3280 5356 καὶ
3307 5301 3559 5378 ὀρνίθων,
3589 5304 3748 5375 galli-

2181 5386 2379 5440 masque.

2254 5439 2363 5513 (92)
2393 5441 2816 5513 Xurxpiiartetr.
2879 5441 2970 5513 Sic
3023 5441 3182 5513 Reg,
3237 5442 3413 5507 llarl.,
3476 5440 3631 5498 Pass.
3681 5455 3747 5494 ac

2182 5507 2431 5563 Comhel.
2464 5507 2522 5562 In
2557 5510 2686 5564 edit.
2722 5512 3071 5579 συγκύπτειν.

2252 5579 2360 5644 (95)
2393 5580 2550 5654 Πρὸς
2565 5579 2693 5654 τὴν(
2715 5577 2995 5654 σεαυτοῦ.
3038 5584 3110 5635 lla
3133 5580 3294 5654 codd.
3321 5580 3468 5636 Harl.
3491 5577 3740 5654 ct_Pass..

2183 5646 2413 5704 Melitae.
2444 5646 2498 5704 et
2537 5649 2718 5706 Morel.
2765 5651 2818 5706 lu
2859 5651 2946 5707 ed.
2976 5652 3187 5707 ἑαυτοῦ.
