4066 6214
270 349 374 407 1οΰ

688 480 818 534 NA'.
860 475 1252 545 ΝΙΚΟΒΟΥΛῼ
1291 475 1422 545 (16).

1659 339 1994 397 EPISTOLA
2033 342 2115 396 LI.

3411 349 3514 404 106

2488 469 2571 524 LI.
2614 469 2813 524 NICOB
2833 469 2981 546 εις).

335 595 454 661 Quo
486 611 625 648 anno
657 601 762 646 tres
791 593 1026 661 epistola:
1054 607 1170 660 quin
1193 597 1500 659 sequuntur,
1533 589 1602 642 ad
1635 587 2191 661 Nicobulunrscripta:
2227 587 2356 661 s_i_nt,
2387 586 2662 640 incertum.
2710 586 2772 641 Si
2816 588 2932 661 quis
2979 597 3150 661 tamen
3184 591 3302 644 velit
3341 593 3517 661 conje-

263 655 474 718 cturam
505 666 679 733 facere
707 679 773 717 ex
795 655 874 733 liis
898 655 1136 730 episto'ltr
1156 655 1276 724 Lm,
1309 661 1446 712 alias
1477 674 1537 722 ιι,
1561 659 1728 712 verbis
1752 675 1770 712 :
1799 660 1934 733 (lum
1955 657 2215 733 Basilium
2245 655 2495 733 Magnum
2527 672 2742 733 semper
2763 655 2892 733 mihi
2920 655 3518 733 pra:1_uleriiu,tametsi

265 737 347 788 illi
391 726 734 788 contrarium
781 726 1080 792 videretur,
1116 737 1230 782 tum
1269 745 1417 783 nunc
1450 743 1671 798 quoque
1717 728 1982 798 przelero:
2028 743 2081 798 si
2117 726 2254 798 quis,
2289 726 2523 798 inquam,
2558 726 2793 798 uelites:
2839 728 3116 798 his_verbis
3162 732 3520 798 conjectura»:

265 805 468 872 facere,
503 820 661 873 quam
706 802 876 869 fateor
912 817 1027 855 esse
1070 795 1753 873 leuiss_in_tanr_,__conjectare
1798 795 1971 850 licebit
2008 795 2133 873 llas;
2149 796 2355 849 litteras
2400 795 2468 873 de
2505 797 2738 862 epistolis
2766 798 2876 873 suis
2899 796 3225 873 _Gregorium
3249 795 3522 868 scripsisse

266 864 412 926 '(mno
445 864 574 934 3'72,
599 864 956 941 quo'tempore
985 869 1224 941 nonnihil
1256 868 1488 941 Basilioi
1509 864 1572 920 ob
1599 869 1957 941 episcopatum
1999 864 2373 941 _Sas_imensem,
2392 865 2561 919 iratus
2601 875 2738 918 erat.
2767 864 3135 941 Quidquidusit
3167 869 3231 922 de
3268 864 3518 939 tempore.

269 944 370 995 hoc
399 933 586 996 ordine
611 933 841 1006 Scriptus
863 956 976 994 esse
997 939 1344 1006 arbitramur.
1368 936 1424 1006 _l"
1444 933 1680 1006 Rogatus
1708 953 1741 990 a
1780 933 2041 988 Nicobulo
2070 933 2374 1006 gregarius,
2406 943 2462 1006 ut
2509 943 2677 1006 artem
2720 933 2984 989 scribendi
3026 937 3232 992 litteras
3267 933 3520 1004 traderet,

271 1013 540 1078 respondit
561 1003 784 1080 epistola
817 1025 891 1070 LI,
916 1009 1060 1080 alias
1085 1022 1228 1080 cett.
1261 1005 1327 1080 l_l‘
1358 1004 1406 1058 Ν
1416 1003 1652 1080 ίεοὺξιιίιιδ
1679 1006 1865 1080 deinde
1901 1007 2045 1080 ipsas
2081 1003 2318 1080 Gregorii
2346 1005 2619 1080 epistolas,
2660 1013 2718 1056 ut
2755 1006 3025 1080 scribendi,
3045 1011 3304 1080 exempla,
3335 1003 3521 1078 pomi.

267 1073 423 1141 lavit,
454 1073 607 1150 atque
628 1081 862 1142 interim,
890 1078 1018 1131 dum
1058 1075 1690 1150 mittenda-epistolarum
1719 1074 1956 1150 collectio
1969 1073 2291 1150 parabatur,
2337 1073 2614 1150 Gregorius
2644 1075 2910 1143 rescripsit
2945 1073 3219 1144 epistolaris
3252 1073 3346 1145 tu,
3380 1082 3519 1136 alias

271 1165 460 1205 ccvm.
489 1142 579 1202 lll'
603 1149 839 1203 Tandem
869 1163 987 1201 cum
1014 1148 1126 1200 suis
1142 1142 1382 1214 epistolis
1408 1153 1457 1198 et
1488 1144 1784 1198 Basilianis
1811 1144 2002 1199 emittit
2021 1143 2298 1210 epistolam
2330 1157 2448 1206 Lm,
2479 1142 2614 1196 alias
2639 1159 2696 1196 ιι.

346 1261 467 1314 Τῶν
504 1260 822 1330 γραφόντων
871 1255 1162 1319 ἐπιστολὰς
1186 1254 1395 1327 (ἐπειδὴ
1447 1253 1725 1308 καὶτοῦτο
1765 1254 1851 1306 al-

2033 1249 2112 1304 Ex
2145 1251 2213 1305 iis
2265 1250 2360 1320 qui
2419 1249 2673 1305 scribunt
2721 1251 2984 1322 epistolas
3040 1256 3520 1330 (quandoquidem

272 1353 434 1421 τεῖς),
475 1353 524 1404 oi.
557 1351 653 1420 μὲν
687 1348 999 1420 μακρότερα
1023 1347 1134 1419 (17)
1170 1347 1469 1418 γράφουσιν
1509 1346 1653 1417 ἥπερ
1687 1344 1853 1409 είκὸς,

270 1445 324 1495 oi
351 1442 409 1493 δὲ
445 1441 539 1494 καὶ
583 1439 703 1491 λίαν
749 1439 1100 1508 ὲνδεέστερα’
1148 1437 1241 1490 καὶ
1286 1436 1586 1508 ἀμφάτεροι
1617 1435 1710 1488 τοῦ
1761 1453 1859 1505 με·

270 1533 427 1602 τρίου
482 1530 595 1600 (18)
647 1528 1093 1600 διαμαρτάνουσι,
1140 1527 1330 1600 ῶσπερ
1381 1527 1488 1580 τῶν
1534 1527 1751 1580 σκοπῶν
1808 1527 1856 1578 οἱ

273 1623 607 1689 τοξεύοντες,
643 1621 708 1674 ἄν
750 1638 810 1673 τε
844 1621 973 1673 εἴσω
1011 1619 1326 1690 πέμπωσιν,
1376 1619 1443 1673 ἄν
1474 1636 1535 1672 τε
1581 1616 1860 1688 ὑπερπὲμ-

273 1729 446 1765 πωσι·
473 1713 535 1765 τὸ
565 1711 675 1782 γὰρ
705 1711 1106 1781 ἀποτυγχάνειν
1131 1711 1270 1774 ῐσον,
1306 1709 1411 1763 κᾶν
1433 1709 1541 1762 ἀπὸ
1562 1708 1669 1762 τῶν
1698 1709 1856 1761 ἐναν-

271 1805 403 1857 τίων
437 1806 675 1874 γίνηται.
708 1803 866 1856 Ἐστι
908 1804 962 1856 δὲ
1011 1803 1208 1874 μέτρον
1247 1801 1566 1864 ἐπιστολῶν,
1600 1801 1634 1872 ἡ
1663 1799 1852 1871 χρεία’

274 1898 372 1952 καὶ
399 1896 522 1949 οὔτε
551 1896 868 1968 μακρότερα
887 1895 1184 1967 γραπτέον,
1205 1887 1267 1949 οὗ
1297 1893 1372 1964 μὴ
1414 1892 1586 1946 πολλὰ
1627 1891 1695 1944 τὰ
1724 1893 1860 1964 πρά-

280 2007 500 2060 γματα·
537 1988 662 2041 οὔτε
700 1988 1146 2060 μικρολογητέον,
1182 1986 1310 2040 ἔνθα
1337 1984 1522 2038 πολλά.
1555 1985 1619 2038 Τί
1650 1983 1758 2054 γάρ
1781 2000 1795 2048 ;
1821 1979 1856 2054 ἧ

279 2085 351 2152 τῇ
407 2082 652 2150 Περσικῇ
709 2068 905 2150 σχοίνῳ
946 2078 1260 2150 μετρεῖσθαι
1308 2078 1391 2130 δεῖ
1435 2075 1530 2148 τὴν
1572 2075 1784 2143 σοφίαν,
1821 2075 1856 2145 ἢ

285 2172 555 2234 παιδικοῖς
579 2174 805 2243 πήχεσι·
838 2171 932 2224 καὶ
954 2169 1128 2234 οὕτως
1155 2167 1319 2239 ἀτελῆ
1339 2167 1591 2238 γράφειν,
1620 2165 1698 2229 ὼς
1723 2165 1859 2234 μηδὲ

292 2263 551 2332 γράφειν’
590 2261 721 2314 ἀλλά
757 2260 1038 2332 μιμεῖσθαι
1064 2261 1173 2314 τῶν
1205 2261 1370 2313 σκιῶν
1411 2259 1510 2322 τάς
1556 2255 1861 2329 μεσημϐρι-

285 2355 402 2417 νὰς,
438 2353 471 2422 ἧ
506 2352 614 2406 τῶν
638 2353 914 2423 γραμμῶν
945 2352 1054 2424 (19)
1085 2351 1185 2414 τὰς
1212 2351 1354 2404 κατὰ
1385 2349 1674 2421 πρόσωπον
1694 2347 1862 2400 ἀπαν-

284 2442 487 2508 τώσας,
538 2437 613 2497 ῶν
661 2443 929 2508 συνιζάνει
987 2442 1056 2496 τὰ
1100 2443 1274 2514 μήκη,
1314 2442 1409 2496 καὶ
1459 2439 1860 2512 παραφαίνεται

287 2535 490 2604 μᾶλλον
538 2535 572 2604 ἢ
623 2535 870 2604 φαίνεται
915 2534 1023 2588 τῶν
1074 2535 1258 2605 ἄκρων
1308 2532 1420 2586 τισὶ
1451 2531 1856 2603 γνωριζόμενα·

1959 1342 2061 1396 hoc
2085 1341 2249 1396 etiam
2275 1340 2548 1412 ﬂagitas),
2582 1342 2676 1395 alii
2726 1343 3000 1414 longiores
3055 1348 3304 1402 scribunt
3357 1367 3521 1422 quam

1955 1448 2054 1503 par
2080 1441 2166 1487 est
2195 1449 2210 1486 :
2242 1431 2338 1486 alii
2370 1447 2500 1487 vero
2529 1434 2703 1487 multo
2737 1433 3034 1491 breviores.
3068 1437 3273 1492 llurum
3306 1444 3525 1514 utrique

1956 1523 2170 1578 amodo
2200 1525 2479 1590 aberrant,
2514 1533 2573 1578 ut
2608 1539 2638 1578 a
2671 1540 2840 1596 scopo
2872 1529 2986 1598 qui,
3029 1529 3156 1584 dum
3184 1532 3521 1602 jaeulantur,

1955 1615 2040 1669 vel
2068 1616 2227 1680 citra,
2259 1615 2344 1670 vel
2377 1617 2517 1670 ultra
2548 1617 2792 1674 mittunt.
2827 1618 2961 1674 Nam
2993 1625 3266 1679 utrumvis
3298 1626 3522 1694 faciam,

1957 1706 2184 1775 perinde
2218 1707 2503 1775 aberrant,
2551 1711 2766 1765 etiamsi
2808 1727 2876 1766 ex
2903 1715 3198 1771 contrariis
3230 1718 3522 1786 prodeant.

1957 1795 2052 1852 Est
2076 1807 2257 1854 autem
2300 1800 2497 1856 modus
2538 1801 2918 1871 epistolarum,
2958 1806 3166 1864 utilitas
3202 1827 3216 1864 :
3251 1819 3306 1864 et
3348 1827 3526 1882 neque

1957 1885 2237 1958 longiores
2288 1888 2593 1944 scribendae
2639 1899 2804 1958 sunt,
2864 1893 2957 1948 ubi
3013 1897 3184 1951 multa
3237 1914 3346 1954 non
3393 1911 3527 1958 sunt

1957 1979 2213 2050 negotia,
2270 1993 2447 2049 neque
2469 1979 2714 2048 jejunius
2776 1984 3226 2053 eonscribenda,
3291 1990 3381 2045 ubi
3436 2006 3528 2048 res

1959 2071 2142 2125 multae
2206 2077 2524 2140 suppetunt.
2581 2071 2720 2137 Quid
2751 2073 2940 2129 enim?
2983 2075 3067 2130 An
3116 2076 3340 2136 Persico
3379 2081 3528 2138 funi-

1959 2161 2085 2217 culo
2127 2161 2454 2232 sapientiam
2483 2164 2662 2219 metiri
2696 2173 2930 2235 oportet,
2966 2177 3061 2222 aut
3092 2171 3396 2241 puerilibus
3425 2191 3527 2231 cu-

1960 2249 2125 2316 bitis;
2160 2257 2215 2305 et
2264 2250 2346 2306 sic
2385 2251 2704 2322 imperfecta
2750 2256 3030 2324 scribere,
3069 2269 3130 2314 ut
3179 2277 3248 2318 ne
3286 2267 3530 2322 scribere.

1958 2343 2178 2414 quidem
2212 2343 2286 2398 sit
2314 2361 2328 2398 :
2359 2345 2454 2400 sed
2480 2345 2681 2400 imitari
2714 2346 2896 2416 potius
2925 2350 3260 2408 meridianas
3284 2355 3528 2420 umbras.

1960 2442 2054 2489 aut
2097 2434 2272 2490 lineas
2307 2449 2337 2490 a
2367 2433 2547 2491 fronte
2565 2445 2941 2504 occurrentes,
2972 2455 3202 2511 quarum
3239 2447 3533 2502 considunt

1961 2523 2354 2595 longitudines,
2379 2533 2435 2580 et
2475 2524 2710 2581 oﬂerunt
2757 2543 2817 2584 se
2839 2530 3042 2598 potius,
3076 2547 3238 2602 quam
3272 2549 3535 2606 apparent

287 2601 382 2680 καὶ
426 2601 571 2693 ἔστι,
591 2601 668 2691 ὡς
703 2627 769 2680 ἂν
817 2627 1024 2697 εἴποιμι
1057 2601 1288 2696 καιρίως
1338 2625 1472 2695 (ΞΟ),
1511 2601 1860 2695 εἰκασμάτων

1967 2615 2410 2672 extremitatibus
2437 2617 2763 2686 quibusdam
2794 2629 2936 2675 uotae
2976 2641 2990 2677 :
3028 2601 3275 2692 etsunt,
3307 2601 3375 2680 ἰιί
3409 2636 3534 2698 apte

283 2719 621 2789 εἰκάσματα,
648 2719 775 2771 Δέον
812 2717 1137 2789 ἀμφοτέρων
1161 2716 1430 2788 φεύγοντα
1447 2715 1544 2788 τὴν
1569 2715 1856 2788 ἀμετρίαν,

283 2809 384 2862 τοῦ
441 2810 664 2884 μετρίου
715 2809 1162 2880 κατατυγχάνειν.
1222 2807 1360 2879 Περὶ
1412 2807 1511 2878 μὲν
1560 2807 1624 2878 δὴ
1677 2823 1861 2860 συντο-

289 2903 424 2972 μίας
455 2893 570 2972 (21)
609 2900 780 2954 ταῦτα
812 2897 1093 2968 γινώσκωο
1133 2898 1262 2969 περὶ
1283 2897 1338 2951 δὲ
1365 2891 1861 2964 σαφηνείας,ὲκεῖνο

285 2992 589 3064 γνώριμον,
622 2993 703 3044 ὃτι
739 2990 845 3062 χρὴ
888 2989 1155 3058 φεύγοντα
1187 2989 1248 3042 τὸ
1281 2988 1546 3058 λογοειδὲς
1577 2988 1711 3060 (22),
1739 2989 1862 3042 ὅσον

289 3083 586 3153 ἐνδέχεται,
612 3082 810 3154 μᾶλλον
837 3085 916 3144 είς
947 3081 1010 3134 τδ
1032 3080 1249 3134 λαλικδν
1287 3078 1624 3133 ἀποκλίνειν*
1654 3080 1770 3147 καὶ,
1795 3081 1861 3134 ἵν’

294 3171 440 3224 εῐπω
493 3171 784 3241 συντόμως,
837 3169 976 3241 αὕτη
1022 3170 1129 3225 τῶν
1177 3167 1477 3222 ἐπιστολῶν
1523 3169 1720 3240 ἀρίστη
1768 3171 1862 3225 καὶ

294 3258 559 3314 κάλλιστα
601 3260 821 3331 ἔχουσα,
855 3261 889 3332 ἡ
937 3261 1003 3315 ἂν
1031 3259 1246 3314 καὶτὸν
1299 3257 1513 3331 ἰδιώτην
1541 3259 1724 3332 πείθῃ,
1769 3263 1864 3315 καὶ

289 3352 388 3404 τὸν
420 3354 867 3424 πεπαιδευμένον,
898 3354 988 3409 τὸν
1037 3353 1157 3424 μὲν,
1185 3354 1263 3417 ὡς
1307 3353 1449 3414 κατά
1481 3352 1609 3416 τοὺς
1637 3352 1865 3418 πολλοὺς

290 3437 451 3507 ὥσα,
483 3444 573 3496 τὸν
597 3445 676 3508 δὲ,
711 3445 788 3508 ὡς
824 3446 962 3517 ὑπὲρ
1003 3445 1128 3510 τοὺς
1163 3445 1407 3508 πολλοὺς,
1441 3445 1536 3498 καὶ
1640 3445 1864 3500 αὐτόθεν

295 3534 593 3605 γνώριμος.
636 3534 866 3605 Ὁμοίως
891 3535 1000 3606 γάρ
1027 3535 1253 3607 ἄκαιρον
1275 3535 1370 3590 καὶ
1388 3537 1582 3606 γρῖφον
1605 3534 1716 3606 (25)
1739 3537 1867 3588 νοεῖ-

296 3623 446 3687 σθαι,
477 3625 572 3677 κα)⁸
603 3626 889 3696 ἐπιστολὴν
931 3626 1342 3698 ἑρμηνεύεσθαι.
1375 3625 1570 3696 Τρίτον
1610 3625 1728 3679 ἐστὶ
1755 3626 1866 3679 τῶν

295 3716 620 3781 ἐπιστολῶν,
666 3716 700 3786 ἡ
749 3716 926 3788 χάρις.
958 3717 1172 3788 Ταύτην
1197 3717 1255 3770 δὲ
1288 3715 1401 3787 (ἓιί)
1447 3715 1774 3786 φυλάξομεν,
1817 3719 1866 3769 εί

297 3810 441 3880 μήτε
468 3808 778 3861 παντάπασι
807 3808 945 3880 ξηρά
980 3809 1073 3862 καὶ
1114 3808 1383 3879 ἀχάριστα
1417 3807 1528 3876 (25)
1564 3806 1864 3878 γράφομεν,

294 3900 334 3969 ἢ
359 3900 455 3952 καὶ
481 3898 889 4000 ἀκαλλώπιῖτα,
930 3899 1219 3970 ἀκόσμητά
1248 3916 1306 3951 τε
1347 3899 1440 3951 καὶ
1465 3898 1710 3970 ἀκόρητα
1733 3898 1866 3968 (9.6),
1899 3943 1942 4000 c

295 3989 330 4042 ὃ
354 3989 420 4059 δὴ
461 3989 702 4057 λέγεται·
732 3984 846 4043 οἷον
885 3989 948 4060 δὴ
991 3989 1246 4060 γνωμῶν,
1276 3990 1370 4042 καὶ
1421 3990 1749 4061 παροιμιῶν,
1781 3991 1875 4043 καὶ

294 4077 742 4148 ἀποφθεγμάτων
768 4077 946 4143 ἐκτὸς,
987 4078 1148 4132 ἔτιδὲ
1192 4079 1562 4150 σκωμμάτων,
1602 4080 1698 4132 καὶ
1735 4081 1873 4133 αίνι-

299 4169 550 4238 γμάτων,
573 4165 654 4232 οἷς
681 4171 712 4222 ὁ
735 4168 890 4237 λόγος
916 4169 1436 4238 καταγλυκαίνεται*
1467 4171 1602 4241 μήτε
1629 4167 1746 4222 λίαν
1762 4169 1878 4222 τούς

298 4273 416 4320 τοις
455 4257 780 4329 φαινοίμεθα
821 4257 1262 4329 καταχρώμενον
1304 4257 1365 4312 τὸ
1404 4258 1502 4328 μὲν
1536 4257 1645 4330 γὰρ
1687 4259 1880 4330 ἀγροῖ-

299 4364 420 4410 κον,
446 4349 505 4402 τὸ
537 4349 580 4399 δ’
614 4348 906 4419 ἄπληστον.
945 4349 1052 4402 Καὶ
1093 4349 1330 4404 τοσαῦτα
1365 4349 1478 4422 (ΥῙ)
1506 4351 1713 4415 τούτοις
1742 4368 1877 4422 xm-

374 4523 487 4596 tl6)
529 4523 676 4578 Alias
706 4524 883 4580 CCIX.
919 4525 1130 4596 Scripta
1155 4540 1300 4580 anno
1329 4527 1452 4581 572.

377 4593 488 4663 (l7)
533 4596 910 4665 Δὶιιιωτρότερα.
965 4593 1260 4665 ΙιείΒεε..
1315 4596 1549 4650 Montac.
1584 4603 1638 4650 et
1685 4593 1871 4649 Morel.

299 4662 669 4735 μακροτέρας.
693 4662 863 4735 Paulo
889 4672 1030 4735 post,
1051 4664 1146 4719 iid.
1187 4662 1550 4735 ἒνδεεστέρας.

377 4732 490 4798 (18)
545 4731 652 4801 Tot?
686 4731 945 4801 perploir.
980 4733 1189 4798 Μαι-ειη
1221 4731 1604 4788 mediocritate.

380 4801 491 4870 (l9)
532 4799 991 4870 ’l'drrqpuyptbr.
1020 4804 1096 4856 lla
1153 4803 1276 4858 cod.
1325 4812 1382 4858 et
1428 4802 1674 4858 Combef.
1733 4802 1875 4857 Bene

294 4870 612 4944 emendavit
639 4869 825 4944 Mere].
858 4872 914 4924 lu
953 4871 1084 4926 edit.
1110 4873 1369 4944 κέντρων.

380 4938 491 5007 (20)
531 4940 621 5003 Ὠς
640 4939 716 5012 ii}
737 4940 1226 5012 elaorprxarplwq.
1241 4938 1328 5012 fita
1346 4941 1504 4996 codd.
1520 4939 1682 5012 Reg"
1697 4939 1876 5011 Pass,

301 5007 541 5081 Montac.
577 5017 632 5061 et
653 5008 907 5081 ίὲοιιιιιεῐ.⁸
928 5009 999 5081 _ln
1028 5011 1162 5064 edit.
1189 5011 1370 5081 πῶς...
1402 5007 1624 5081 κυρίωςῖ

382 5076 494 5147 (21)
527 5077 671 5147 Περὶ
707 5076 826 5146 μὲν
879 5078 954 5146 δὴ
992 5080 1342 5147 συντομίας.
1400 5076 1579 5133 Mallet
1635 5081 1872 5135 Montac.

301 5146 622 5252 εὖμετρίας,
660 5155 772 5208 aut,
795 5157 860 5227 ,ιιι
891 5148 944 5201 in
971 5163 1065 5203 ora
1090 5146 1221 5228 .cod.
1252 5165 1412 5219 quem
1446 5148 1613 5230 .vidit,
1663 5165 1876 5272 συμῆιε-

301 5232 484 5272 ταας.
517 5231 679 5272 quam
710 5217 954 5270 ultimam
979 5217 1266 5272 lectionem
1299 5233 1405 5272 non
1445 5218 1716 5272 improbat
1810 5234 1874 5272 o-

298 5217 492 5287 τρίας,
517 5231 679 5287 quam
710 5217 954 5287 ultimam
979 5217 1283 5287 lectionem
1299 5233 1405 5273 non
1445 5218 1716 5287 improbat
1737 5217 1874 5273 ⁷Μο-

299 5286 434 5342 rel..
459 5285 522 5338 de
540 5285 708 5338 modo
733 5286 786 5338 in
807 5285 1042 5352 epistolis
1065 5287 1455 5342 conscribendis
1490 5285 1765 5341 servando.

381 5355 491 5423 (2‘2)
524 5356 823 5422 Φεύγοντα
847 5355 911 5409 τὸ
936 5355 1254 5423 λογοειδὲς.
1279 5354 1586 5412 Recidenda
1615 5365 1744 5411 sunt
1769 5371 1878 5410 am-

304 5423 894 5495 bitiosagornamenta;
928 5440 1028 5495 nec
1056 5427 1325 5494 exquisita
1353 5426 1690 5495 ﬁgurataque
1722 5434 1874 5495 uten-

302 5491 437 5546 dum
476 5492 741 5563 dictione,
781 5492 874 5546 sed
913 5491 1158 5562 simplici
1173 5491 1500 5557 elocutione,
1533 5491 1748 5563 qualem
1800 5494 1876 5547 la-

308 5561 506 5632 niiliari
553 5563 852 5632 promimus
895 5561 1132 5631 eloquio,
1187 5578 1250 5617 ac
1305 5565 1392 5618 cui
1457 5561 1589 5617 nihil
1632 5565 1700 5617 sit
1740 5577 1878 5632 opus

309 5628 624 5701 interprete.
677 5629 827 5683 llauc
869 5628 1010 5686 esse
1051 5633 1292 5701 Gregorii
1340 5641 1572 5688 mentem
1602 5671 1617 5696 ,
1671 5633 1726 5685 in
1773 5628 1878 5687 line

310 5699 554 5765 epistola:
592 5701 710 5770 ipse
741 5701 942 5755 clarius
974 5699 1223 5774 exponit.
1252 5703 1380 5760 dum
1426 5703 1500 5756 ait
1552 5701 1876 5758 servandum

583 5790 848 5855 ΡΑτιιοι..
888 5794 1006 5853 Gn.
1038 5796 1359 5855 XXXVII.

1965 2705 2233 2768 dixerim,
2296 2706 2741 2778 conjecturarum
2793 2711 3190 2780 eonjectanea?
3263 2716 3533 2788 Oportet,

1966 2796 2385 2852 immoderatum
2431 2799 2488 2852 in
2535 2798 2787 2869 utrisque
2815 2809 3061 2858 tenorem
3106 2805 3394 2876 fugiendo,
3427 2809 3534 2882 47

1965 2888 2188 2944 modum
2247 2890 2490 2960 assequi.
2544 2889 2621 2947 De
2668 2894 2890 2948 concisa
2954 2906 3102 2951 certe
3153 2900 3534 2956 conscribendi

1966 2983 2199 3049 ratione,
2246 2982 2361 3037 tunc
2408 2998 2640 3048 censeo;
2685 2985 2752 3039 de
2795 2984 3137 3042 diluciditate
3173 2995 3354 3044 autem
3400 2992 3534 3046 illud

1966 3074 2316 3144 perspicuum
2371 3085 2490 3138 est,
2543 3085 2799 3146 oportere
2861 3075 3120 3148 fugiendo
3173 3081 3431 3138 subtilius
3482 3093 3536 3139 et

1967 3167 2218 3223 ornatius
2270 3167 2492 3223 dicendi
2547 3183 2757 3238 genus,
2813 3177 3081 3239 quantum
3141 3170 3255 3226 ﬁeri
3321 3182 3534 3243 potest.

1967 3255 2038 3310 ad
2085 3254 2354 3311 familiare
2399 3255 2582 3326 potius
2637 3255 2956 3324 declinare;
2997 3266 3078 3325 et,
3125 3267 3186 3314 ut
3225 3266 3536 3318 summatim

1969 3349 2184 3420 loquar,
2213 3348 2327 3404 haec
2356 3348 2563 3418 optima
2592 3355 2647 3403 et
2676 3349 3044 3419 pulcherrime
3076 3350 3281 3421 scripta
3304 3351 3537 3423 epistola

1969 3449 2074 3506 est,
2102 3456 2225 3512 qua!
2260 3447 2315 3498 et
2367 3439 2588 3496 indocto
2640 3441 2933 3511 persuadet
2963 3448 3016 3508 et
3067 3443 3282 3499 erudito
3324 3462 3338 3499 :
3376 3455 3538 3516 atque

1971 3533 2049 3589 illi
2083 3533 2327 3604 quidem,
2361 3539 2422 3587 ut
2456 3531 2526 3587 ad
2553 3533 2702 3602 vulgi
2745 3533 3200 3589 consuetudinem
3229 3550 3539 3591 accommo-

1971 3624 2134 3691 data,
2173 3625 2302 3680 huic
2351 3632 2568 3690 autem,
2617 3633 2678 3678 ut
2715 3625 2860 3694 vulgi
2919 3625 3153 3680 indolem
3209 3635 3267 3682 et
3321 3637 3539 3698 captum

1973 3729 2278 3787 superans;
2315 3715 2446 3770 item
2491 3729 2614 3784 quae
2652 3729 2721 3770 ex
2751 3730 2812 3770 se
2840 3730 3002 3785 quam
3043 3716 3278 3786 primum
3328 3719 3540 3789 cognita

1974 3815 2365 3878 perspectaque
2401 3815 2508 3862 est.
2561 3805 2697 3861 Nam
2729 3822 2882 3876 a-que
2932 3807 3306 3877 importunum
3340 3818 3453 3874 est,
3486 3825 3552 3878 εκ

1974 3898 2225 3968 griphum
2257 3897 2586 3967 intelligere,
2607 3905 2662 3952 et
2691 3896 2978 3967 epistolam
3009 3896 3382 3967 interpretari.
3408 3897 3510 3953 Ter

1973 3989 2051 4042 tia
2073 3987 2173 4043 dos
2200 3989 2556 4058 epistolarum
2597 3995 2687 4041 est
2733 3987 2909 4056 gratia
2939 4005 2952 4040 :
2987 3988 3128 4042 hanc
3159 4003 3292 4043 sane
3321 3989 3540 4044 obtine-

1975 4076 2175 4138 bimus,
2210 4076 2256 4132 si
2301 4091 2408 4130 non
2438 4089 2666 4145 prorsus
2696 4073 2846 4128 arida
2873 4083 2930 4130 et
2972 4074 3186 4147 ingrata
3224 4077 3540 4144 scribimus,

1975 4173 2069 4219 aut
2111 4165 2278 4220 etiam
2322 4166 2622 4234 incompta,
2671 4172 2726 4220 et
2777 4164 3052 4230 inornata,
3097 4173 3154 4222 et
3205 4166 3433 4232 inculta,
3485 4177 3546 4223 ut

1973 4256 2212 4323 dicitur;
2242 4258 2402 4326 quale
2432 4255 2690 4311 nimirum
2720 4264 2805 4312 est
2835 4257 2981 4327 quod
3007 4257 3313 4326 sententiis,
3345 4267 3400 4314 et
3423 4260 3546 4315 ada-

1974 4348 2098 4418 giis,
2130 4362 2194 4402 ac
2225 4347 2676 4404 memorabilibus
2699 4348 2863 4403 dictis
2892 4364 3125 4405 vacuum
3152 4360 3272 4408 est:
3306 4351 3546 4423 itemque

1975 4524 2292 4596 maxime‘in
2325 4521 2574 4596 epistolis
2597 4522 2659 4576 τὸ
2688 4521 3117 4596 ἀκαλλώπιστον,
3146 4525 3241 4578 καὶ
3268 4525 3348 4578 ὅτι
3377 4528 3544 4596 ἐγγυ-

1973 4593 2122 4647 τάτω
2151 4592 2246 4646 τοῦ
2281 4591 2421 4646 κατὰ
2445 4591 2626 4660 φύσιν,
2676 4593 2812 4660 quod
2843 4603 3032 4648 ornatu
3065 4604 3229 4658 caret,
3262 4607 3312 4647 et
3346 4591 3429 4648 adv
3455 4591 3547 4651 na-

1977 4672 2152 4716 turam
2205 4665 2442 4730 proxime
2481 4663 2701 4716 accedit.
2727 4661 2903 4717 Vertit
2945 4663 3132 4718 Morel.
3165 4663 3431 4730 φεύγοντα
3483 4667 3546 4719 τὸ

1975 4731 2262 4798 λογοειδές,
2314 4742 2443 4795 etc.,
2497 4731 2742 4800 fugiendo
2785 4732 3056 4786 verborum
3099 4733 3428 4799 futilitatem,
3475 4735 3544 4788 ad

1978 4802 2348 4869 loquacitatem
2375 4801 2549 4868 potius
2586 4801 2872 4856 declinare.
2921 4802 3081 4855 Certe
3111 4801 3192 4854 sic
3219 4803 3270 4854 in
3301 4802 3547 4858 scriben-

1976 4871 2046 4924 do
2072 4873 2327 4925 concisus
2352 4885 2476 4924 esse
2523 4871 2698 4924 noluit
2719 4869 3032 4925 Gregorius.

2047 4939 2157 5008 (ἳὸ)
2203 4939 2450 5008 Γρῖφον.
2505 4939 2782 5008 Grip/mm,
2831 4936 2936 4995 hoc
2987 4946 3107 5003 est.
3159 4936 3548 5008 a’nigmaticum

1976 5026 2284 5065 sermonem.

2009 5080 2415 5202 attingerem:-
2454 5079 2543 5132 δέ.
2599 5077 2676 5132 Ita
2719 5077 2880 5133 codd.
2913 5077 3045 5150 Reg.
3098 5091 3162 5132 ac
3199 5076 3436 5134 Montac.
3486 5080 3542 5134 In

2051 5167 2063 5202 I
2096 5188 2111 5202 .
2200 5167 2358 5202 αντα.

1978 5150 2111 5204 edit.
2155 5150 2358 5203 Ταῦτα.

2051 5217 2161 5290 (25)
2201 5219 2362 5290 Ξηρᾲ
2390 5219 2495 5290 nat
2512 5217 2826 5290 ἀχάριστα.
2861 5218 2940 5273 Ita
2992 5217 3118 5275 Par.
3147 5225 3203 5276 et
3251 5220 3391 5275 alter
3421 5220 3545 5274 cod.

1906 5268 1949 5322 ι)
1979 5288 2036 5342 ιη
2053 5268 2188 5358 at.
2201 5268 2740 5358 ῖειῑρδν-’,ξειίιχξρι

2042 5329 2877 5426 (é‘éYn’c-il'éké'gﬁzéﬁﬁ'par.
2909 5365 2965 5412 et
3013 5358 3102 5412 alii
3133 5358 3291 5414 codd.
3317 5359 3376 5414 ιη
3409 5359 3542 5416 edit.

1982 5425 2269 5498 εὑκᾴρητα.
2309 5425 2482 5479 Vertit
2509 5427 2801 5495 interpres,
2825 5436 2874 5481 et
2901 5429 3197 5483 satietatem
3216 5446 3277 5485 ac
3307 5429 3544 5494 ta'dium,

1983 5507 2037 5550 ut
2059 5496 2272 5560 dicitur,
2303 5497 2590 5564 gignentia.

2055 5567 2163 5636 (Ἦ)
2188 5565 2296 5618 Καὶ
2326 5565 2609 5636 τοσαῦτα.
2643 5565 2718 5620 Ita
2751 5567 2874 5621 cod.
2903 5567 3046 5626 Edit.
3077 5569 3170 5622 κα)⁵
3199 5565 3259 5622 τὸ
3295 5567 3544 5623 τοσαῦτα.

1987 5634 2102 5691 Mox
2132 5634 2225 5689 i’id.
2262 5636 2361 5688 ὅσα
2390 5634 2499 5688 καί.
2535 5636 2589 5689 In
2615 5637 2742 5691 edit.
2781 5639 2874 5691 καὶ
2906 5640 3026 5691 ὅσα.

3263 5803 3296 5857 '4
