4066 6214
293 329 386 384 ίθθ

1651 316 1992 372 EPISTOLA
2029 313 2159 369 LVI.

3425 319 3524 374 ἨΟ

285 438 334 490 δὲ
361 439 488 507 ἡμῖν
517 436 814 508 άντιδοίης,
858 437 988 490 αὐτό
1025 454 1084 490 τε
1125 439 1186 492 τὸ
1221 437 1473 510 γράφειν,
1521 439 1615 492 καὶ
1662 440 1763 509 τὴν
1793 437 1852 505 ἐξ

1972 435 2061 500 .is,
2115 441 2174 488 ut
2224 430 2556 502 plurimum,
2598 427 2971 484 innotescunt.
3040 428 3300 485 Nostrum
3364 431 3525 501 igitur

282 523 351 582 ὧν
381 528 668 600 γράφομεν
705 529 990 597 ὠφέλειαν.
1027 529 1234 583 Τούτου
1279 531 1388 602 γὰρ
1427 530 1633 601 ἀμείνω
1664 529 1854 600 μισθὸν

1972 521 2232 593 ejusmodi
2267 528 2372 576 est.
2396 521 2465 573 At
2490 526 2547 573 tu
2575 519 2737 574 nobis
2769 527 2822 574 et
2861 520 3035 589 ipsam
3059 520 3418 590 scriptionem
3445 536 3528 574 re-

279 617 393 671 οὖτε
441 621 638 682 αἰτεῖν,
678 618 800 673 οὔτε
852 621 1108 675 ἀπαιτεῖν
1161 620 1381 692 ἔχομεν,
1414 622 1447 692 ἦ
1484 624 1596 685 τοῖς
1642 603 1853 676 αίτοῦσι

1972 613 2198 683 pendas,
2240 620 2295 668 et
2343 611 2774 667 emolumentum
2834 627 2902 666 ex
2959 613 3026 666 iis
3060 627 3182 682 quae
3212 612 3528 666 scribimus.

279 708 736 779 λυσιτελέστερον,
767 711 801 781 ἢ
828 708 902 780 τῷ
932 710 1224 782 παρέχοντι
1257 711 1723 784 πρεπωδέστερον.

733 990 858 1044 NI".
901 991 990 1061 re
1028 989 1211 1060 ΑΥἹᾨ
1249 987 1382 1059 (ιδ).

1970 702 2243 758 Potiorem
2276 702 2423 757 enim
2449 701 2557 755 hac
2595 700 2904 755 mercedem
2924 717 3099 771 neque
3123 708 3326 772 petere,
3356 699 3530 770 neque

1954 807 2244 862 reposcere
2278 792 2563 858 habemus,
2596 800 2689 846 aut
2729 790 3096 863 ﬂagitantibus
3117 792 3416 858 utiliorem,
3439 797 3532 844 aut

1955 883 2206 956 largienti
2250 883 2420 952 magis
2461 882 2738 938 decoram.
2973 875 2977 878 ’

2545 990 2676 1049 LIII.
2720 992 2947 1049 EIDEM.

614 1102 763 1158 Inter
789 1104 1045 1173 epistolas
1067 1120 1200 1174 quas
1236 1119 1332 1173 pro
1363 1101 1630 1157 Nicobule
1659 1102 1942 1174 Gregorius
1973 1107 2203 1177 collegit,
2231 1109 2435 1175 primas
2461 1107 2695 1160 concedit
2723 1107 2959 1175 epistolis
2988 1107 3198 1163 Basilii.

355 1219 470 1271 Ἀεὶ
517 1218 865 1288 προτιμήσας
910 1216 1149 1287 ἐμαυτοῦ
1187 1217 1279 1270 τὸν
1328 1215 1501 1287 μέγαν
1556 1218 1855 1282 Βασίλειον,

277 1312 322 1362 εἰ
351 1309 591 1378 κάκείνῳ
617 1306 927 1360 τούναντίον
957 1306 1131 1360 ἐδόκει
1158 1305 1292 1377 (44),
1327 1307 1423 1360 καὶ
1445 1307 1540 1361 νῦν
1577 1309 1852 1378 προτιμῶ,

275 1403 374 1472 οὐχ
399 1397 562 1474 ἧττον
593 1401 682 1454 διὰ
706 1401 806 1471 τὴν
835 1399 1110 1470 ἀλήθειαν,
1147 1399 1180 1468 ἢ
1218 1398 1316 1470 τὴν
1346 1399 1544 1468 φιλίαν.
1572 1399 1672 1452 Διὰ
1698 1398 1856 1452 τοῦτο

277 1493 502 1562 προθεὶς
543 1492 652 1564 (45)
679 1491 778 1556 τὰς
827 1492 1036 1545 ἐκείνου
1076 1491 1385 1556 ἐπιστολὰς,
1418 1492 1520 1555 τὰς
1548 1490 1688 1562 ἐμὰς
1724 1491 1855 1544 ὑπο-

275 1585 486 1655 τίθημι.
537 1585 649 1637 Καὶ
698 1582 806 1654 γὰρ
866 1583 1120 1655 ἐπιθυμῶ
1172 1580 1449 1654 πανταχοῦ
1502 1581 1856 1653 συνεζεῦχθαι

2034 1220 2170 1274 Cum
2195 1220 2456 1276 Basilium
2486 1236 2744 1291 maguum
2774 1223 2907 1276 mihi
2932 1238 3147 1293 semper
3177 1228 3528 1296 praetulerim,

1962 1313 2177 1368 tametsi
2210 1313 2286 1366 illi
2331 1313 2669 1367 contrarium
2697 1313 3002 1389 videretur,
3043 1322 3156 1369 tum
3200 1334 3347 1372 nunc
3395 1337 3532 1390 quom

1962 1415 2068 1470 que
2113 1400 2380 1470 praefero,
2427 1417 2538 1456 non
2589 1403 2769 1458 minus
2797 1404 3054 1472 veritate,
3091 1423 3254 1476 quam
3295 1411 3533 1464 amicitia

1963 1499 2166 1547 motus.
2201 1492 2468 1559 Quocirca
2498 1494 2743 1566 epistolis
2773 1495 2921 1552 illius
2957 1499 3140 1567 priore
3189 1501 3311 1554 loco
3343 1503 3535 1571 positis

1964 1599 2113 1640 meas
2160 1585 2447 1640 subnecto.
2499 1584 2712 1656 Ubique
2759 1588 2903 1643 enim
2951 1605 3052 1644 nos
3087 1591 3227 1645 inter
3258 1607 3358 1648 nos
3402 1608 3535 1649 cou-

276 1679 424 1746 ήμᾶς
457 1677 734 1748 ἀλλήλοις,
767 1676 862 1729 καὶ
893 1676 1012 1747 ἄμα
1041 1675 1211 1757 τύπον
1249 1674 1505 1747 παρέχων
1535 1677 1648 1740 τοῖς
1678 1675 1857 1740 ἄλλοις

1972 1672 2183 1743 iunctos
2211 1691 2334 1731 esse
2365 1678 2529 1747 cupio
2557 1697 2568 1732 :
2599 1679 2876 1750 simulque
2902 1681 3065 1734 etiam
3107 1683 3157 1736 id
3191 1698 3312 1754 ago,
3341 1693 3398 1738 ut
3422 1703 3536 1742 mo-

276 1769 368 1822 τοῦ
399 1769 626 1840 μετρίου
657 1767 879 1838 καὶτῆς
907 1767 1170 1837 ὕφέσεως.

758 1900 884 1954 NA'.
916 1900 1002 1970 Te
1041 1899 1223 1970 ΑΥἸᾨ
1249 1897 1384 1969 (t6).

1963 1764 2152 1820 destiae
2197 1780 2262 1820 ac
2307 1767 2696 1828 submissionis
2735 1771 3046 1842 exetnplum
3090 1773 3215 1830 aliis
3242 1777 3533 1846 praebeam.

2473 1896 2584 1968 49
2609 1896 2742 1952 LIV.
2776 1898 3005 1954 EIDEM.

349 2030 506 2084 Hanc
532 2027 688 2080 etiam
718 2021 786 2076 ad
828 2018 1145 2074 Nicobulum
1173 2016 1450 2085 epistolam
1475 2014 1537 2070 ob
1577 2014 1886 2086 nontinis_et
1913 2011 2152 2086 materia:
2190 2012 2555 2086 cognationem
2569 2013 2981 2086 subjungimus;
3021 2033 3181 2086 quam
3211 2027 3381 2074 tamen
3413 2039 3536 2075 con-

275 2080 536 2167 script—ain
560 2111 668 2149 esse
700 2102 925 2213 tetr‘tipore
947 2080 1217 2157 probabile
1242 2097 1340 2151 est,
1374 2102 1494 2140 cum
1529 2084 1742 2155 roganti
1769 2080 2034 2138 Nicobulo
2071 2089 2238 2134 artem
2257 2080 2531 2135 scribendi
2557 2080 3047 2142 litteras'tradiditl
3085 2085 3152 2140 ιιι
3179 2089 3285 2143 ista
3312 2092 3438 2160 quid
3465 2096 3536 2147 si;

277 2171 609 2213 Ιιυ-ηηὶςηιιιε
633 2180 740 2213 eum
808 2169 922 2213 ocet
949 2159 1203 2213 laconice.

808 2178 836 2214 0

277 2159 609 2224 uicenismus
633 2180 740 2217 eum
769 2159 922 2214 docet
949 2159 1203 2213 laconice.

347 2286 422 2337 Τῦ
452 2278 786 2342 Δακωνίζειν
828 2275 892 2328 οὐ
943 2273 1101 2328 τοῦτό
1144 2275 1312 2336 ἐστιν,
1353 2271 1488 2344 ὅπερ
1514 2270 1636 2333 οἴει,
1666 2268 1853 2337 ὀλίγας

273 2375 550 2438 σύλλαῦἁς
608 2373 844 2443 γράφειν
867 2407 883 2432 ,
945 2366 1082 2421 ἀλλὰ
1131 2365 1258 2437 περὶ
1333 2363 1602 2417 πλείστων
1640 2362 1847 2430 ὀλίγας.

272 2469 460 2531 Οὕτως
520 2464 634 2534 ἐγὼ
691 2463 789 2516 καὶ
840 2457 1320 2532 βραχυλογώτατον
1376 2454 1626 2527 Ὅμηρον
1693 2451 1856 2522 λέγω,

271 2562 366 2614 καὶ
397 2558 570 2614 πολὺν
595 2557 690 2609 τὸν
723 2552 1050 2622 Ἀντίμαχον
1080 2548 1212 2619 (47).
1249 2546 1402 2610 Πῶςς
1434 2548 1548 2609 τοῖς
1568 2543 1859 2616 πράγμασι

273 2651 474 2726 κρίνων
503 2651 566 2703 τὸ
605 2649 805 2720 μῆκος,
835 2644 949 2698 ἀλλ’
981 2642 1042 2695 οὐ
1070 2643 1184 2704 τοῖς
1213 2638 1524 2711 γράμμασι.

736 2837 864 2891 NE'.
902 2835 990 2906 Tn
1031 2832 1213 2900 ΑΥΤῼ
1266 2827 1396 2900 (ιε).

2032 2263 2303 2318 Laconice
2332 2263 2506 2333 loqui,
2536 2277 2646 2318 non
2675 2270 2778 2327 est,
2813 2272 2873 2319 ut
2901 2275 3084 2335 putas,
3132 2285 3338 2338 paucas
3367 2275 3534 2342 sylla-

1958 2354 2059 2410 bas
2087 2355 2350 2420 scribere,
2389 2354 2485 2410 sed
2512 2353 2580 2409 de
2617 2357 2870 2424 plurimis
2914 2359 3077 2415 rebus
3109 2377 3330 2441 paucas.
3363 2369 3540 2438 Atque

1963 2443 2070 2500 hac
2095 2444 2311 2499 ratione
2340 2460 2442 2516 ego
2470 2451 2526 2499 et
2555 2446 2792 2501 maxime
2824 2447 3203 2521 breviloquum
3242 2437 3537 2513 llomerum

1963 2549 2088 2590 esse
2121 2535 2438 2604 pronuntio,
2467 2543 2522 2590 et
2549 2535 2824 2605 prolixum
2847 2537 3255 2598 Antimachum.
3287 2544 3390 2611 Qui
3417 2554 3540 2602 tau-

1963 2625 2089 2682 dem
2116 2626 2306 2681 istud?
2333 2625 2596 2680 nimirum
2627 2628 2814 2695 rebus,
2837 2644 2948 2686 non
2979 2639 3163 2690 autem
3197 2635 3398 2693 litteris
3429 2638 3541 2695 lon-

1961 2716 2262 2787 gitudinem
2294 2719 2594 2776 aestimans.

2563 2831 2674 2886 LV.
2705 2831 2935 2888 EIDEM.

279 2955 604 3012 Nicobulum
645 2951 745 3005 hac
789 2951 1013 3020 epistola
1061 2948 1521 3020 peramantissims
1561 2946 1747 3001 invitat
1795 2944 2103 3070 (:‘rjgozius,
2155 2959 2212 3001 ut
2258 2964 2369 3004 sesc
2416 2949 2628 3004 invisat.
2662 2949 2780 3016 Quo
2830 2959 3060 3019 tempore
3087 2955 3284 3023 scripta
3311 2957 3380 3010 sit
3411 2959 3544 3014 nihil

1803 3032 1855 3069 tn
1899 3033 1980 3070 ira
2011 3055 2025 3069 .

1803 3032 2025 3070 tnutrat.

349 3135 580 3201 Φεὺγεις
640 3131 938 3192 διώκοντας
994 3129 1124 3191 ἴσως
1188 3128 1372 3196 νόμοις
1423 3124 1731 3194 ἐρωτικοῖς,
1775 3123 1866 3176 ἴνα

2042 3122 2198 3188 Quod
2237 3131 2632 3195 persequentes
2680 3125 2845 3198 fugis,
2872 3131 2924 3185 id
2954 3131 3207 3191 fortassis
3231 3151 3296 3190 ex
3332 3148 3546 3196 amato-

285 3227 517 3283 653.1)th
561 3227 720 3295 ποιῇς
778 3221 1125 3293 τιμιώτερον.
1160 3209 1302 3272 Ἦκε
1361 3213 1474 3281 οὖν,
1523 3217 1620 3270 καὶ
1649 3215 1744 3270 νῦν
1770 3215 1868 3288 τὴν

283 3321 379 3374 τοῦ
445 3316 662 3389 μακροῦ
733 3314 926 3386 χρόνου
987 3310 1185 3382 ζημίαν
1242 3309 1640 3381 ἁναπλήρωσον
1709 3310 1866 3379 ἡμῖν.

281 3411 393 3464 Καὶ
427 3411 483 3462 εἴ
535 3408 588 3460 τί
647 3423 707 3459 σε
740 3405 849 3458 τῶν
885 3403 1069 3456 αὐτόθι
1103 3401 1324 3471 κατέχοι
1369 3399 1503 3470 (49),
1549 3400 1712 3454 πάλιν
1759 3400 1865 3467 ἀφ-

280 3499 435 3568 ήσεις
488 3497 658 3568 ἡμᾶς,
721 3493 796 3558 ὼς
841 3494 904 3548 ἂν
963 3490 1289 3562 σεμνότερος
1343 3485 1441 3560 ᾗς,
1476 3489 1638 3544 πάλιν
1665 3487 1866 3542 ποθού-

286 3606 468 3659 μενος.

781 3786 925 3853 Nq'.
954 3783 1191 3856 ΘΕΚΛῌ
1228 3782 1364 3854 (50).

1977 3214 2075 3270 riis
2097 3215 2308 3286 legibus
2352 3216 2512 3283 facis,
2550 3227 2611 3272 ut
2637 3218 2740 3274 hac
2775 3224 2987 3279 ratione
3019 3225 3284 3296 majorem
3317 3231 3415 3286 tibi
3446 3233 3546 3290 ho-

1973 3320 2163 3362 norem
2211 3309 2493 3365 concilies.
2543 3307 2678 3365 Veni
2711 3311 2898 3383 igitur,
2937 3323 2996 3368 ut
3028 3309 3268 3373 et'nuuc
3297 3321 3546 3379 diuturni

1973 3397 2240 3466 temporis
2295 3397 2681 3455 detrimentum
2732 3403 2894 3460 nobis
2937 3407 3168 3461 sarcias.
3219 3408 3299 3465 Ae
3323 3411 3370 3466 si
3414 3414 3546 3482 quid

1973 3504 2154 3543 rerum
2189 3499 2409 3545 tuarum
2437 3501 2488 3547 te
2516 3493 2794 3561 retineret,
2829 3511 3051 3552 rursum
3098 3514 3200 3555 nos
3231 3501 3548 3574 relinques;

1971 3593 2081 3648 quo
2122 3581 2498 3651 augustiorem
2541 3583 2644 3639 hac
2683 3585 2898 3642 ratione
2925 3594 2978 3644 te
3007 3589 3227 3656 reddas,
3260 3603 3483 3650 rursum
3513 3609 3546 3647 a

1932 3721 1939 3734 ,
1972 3670 2130 3726 nobis
2153 3673 2449 3743 expetitus.

2529 3784 2644 3840 LVI
2651 3826 2665 3840 .
2701 3785 3019 3844 THECLIE;

357 3906 578 3968 Thecla,
613 3904 683 3958 ad
713 3919 874 3974 quant
899 3901 1097 3970 scripta
1141 3900 1369 3974 ρει-ἠως
1413 3899 1670 3974 epistola,
1714 3896 1904 3974 mulier
1932 3896 2053 3974 fuit
2091 3898 2288 3974 pietate
2339 3899 2586 3974 insignis,
2623 3915 2740 3974 gate
2765 3899 2988 3974 fortuito
3029 3899 3547 3974 in‘neccssiludinem

288 3975 536 4044 Gregorii
565 3966 808 4038 irener'at,
837 3966 1110 4027 occasione
1156 3966 1450 4040 cujusdam
1481 3969 1720 4039 epistola:
1760 3966 1824 4020 de
1856 3966 2256 4021 calamitatibus
2290 3969 2359 4021 ad
2395 3966 2568 4036 ipsum
2600 3966 2773 4034 ἄαται,
2812 3969 2867 4021 in
2896 3984 3001 4037 qua
3049 3967 3252 4038 aliquid
3294 3970 3412 4039 ipsa
3448 3986 3544 4023 suo

285 4051 500 4101 nomine
527 4045 835 4100 addiderat.

361 4161 473 4230 Τὴν
504 4159 710 4230 μικράν
743 4157 854 4228 (5!)
896 4174 990 4210 σου
1024 4157 1344 4229 προσθήκην
1387 4155 1480 4209 τοῦ
1515 4155 1868 4227 γράμματος,

289 4254 367 4316 ὡς
394 4253 642 4323 μεγάλην
675 4250 985 4321 ἐπιστολὴν,
1018 4248 1311 4320 ἐδεξάμην.
1347 4246 1514 4318 Ἐμοῦ
1546 4245 1654 4318 γὰρ
1688 4245 1870 4315 ὑμεῖς,

291 4344 388 4395 καὶ
443 4341 601 4413 ὑμῶν
661 4339 793 4409 ἐγὼ,
843 4338 941 4392 τοῦ
983 4337 1294 4410 πνεύματος
1321 4337 1496 4401 οὕτως
1520 4337 1670 4407 ἡμᾶς
1703 4331 1874 4404 ἁρμό-

294 4450 487 4496 σαντος
535 4432 674 4503 (52).
750 4428 923 4482 Τοῦτο
989 4429 1222 4494 ειδότες,
1273 4426 1497 4498 εὔχεσθε
1549 4426 1662 4497 (55)
1734 4424 1875 4495 ὑπὲρ

290 4523 475 4592 ἡμῶν,
534 4523 630 4574 καὶ
662 4521 796 4590 ἰτερλ⁵
838 4517 1054 4572 πάντων
1089 4518 1362 4589 θαρρεῖτε,
1401 4515 1476 4580 ὡς
1509 4515 1729 4580 οὐδένας
1763 4513 1876 4585 (54)

371 4719 486 4789 (43)
522 4718 673 4789 Alias
701 4717 768 4789 ill.
793 4713 1220 4789 Scriptaeodem
1246 4715 1466 4789 circiter
1504 4723 1770 4789 tempore.

370 4781 484 4859 (44)
527 4787 597 4859 Ei
639 4781 1280 4859 xdxsqur'tobrarrlor
1329 4785 1544 4859 eccm.
1581 4781 1662 4838 Ita
1716 4781 1874 4859 Pass.

298 4851 445 4912 Edit.
467 4851 476 4859 ’
501 4857 686 4912 minus
719 4859 859 4912 bene
887 4856 1052 4918 δοκεῖ,
1091 4854 1349 4909 videatur.
1378 4854 1622 4919 Quorum
1655 4851 1878 4922 quidem

297 4930 596 4983 verborum
633 4927 724 4981 hic
769 4941 966 4982 sensus
999 4932 1104 4991 est,
1145 4925 1355 4979 tametsi
1384 4924 1474 4978 ille
1498 4923 1602 4978 sibi
1641 4938 1721 4978 me
1742 4937 1882 4992 pra:-

324 5009 483 5052 erret.
1594 5047 1597 5050 .

525 5066 792 5135 Προθείς.
849 5066 926 5120 Ita
981 5063 1112 5135 Reg.
1149 5062 1277 5120 duo.
1317 5061 1462 5118 Edit.
1501 5047 1643 5118 male
1690 5079 1881 5134 προτι-

336 5156 435 5199 εις.

370 5207 486 5275 (46)
517 5206 671 5260 Alias
705 5204 792 5259 lll.
825 5204 1040 5274 Scripta
1067 5205 1224 5275 circa
1249 5204 1389 5259 idem
1427 5209 1669 5275 tempus.

369 5269 486 5347 (47)
523 5276 636 5330 Καὶ
671 5275 871 5347 πολὺν
919 5269 1023 5328 τὶν
1073 5274 1442 5347 Ἀντίμαχον.
1496 5269 1882 5347 Antimachum

405 5338 515 5400 tam
550 5347 723 5400 fuisse
754 5338 1500 5412 obscurissmtum'colligere
1526 5350 1616 5412 est
1643 5338 1885 5412 ethlio

342 5419 620 5486 partiario,
669 5414 765 5486 ubi
804 5414 1104 5486 Adi-ianum
1141 5410 1522 5486 imperatorem
1574 5411 1650 5486 ait
1677 5410 1886 5486 _Calac-

299 5479 494 5541 Cianos
515 5487 694 5541 libros
718 5484 1164 5545 obscurissmtos,
1189 5479 1574 5536 Kntimachum
1599 5479 1883 5542 imitando,

300 5557 618 5626 scripsisse.
647 5553 794 5626 Quin
817 5562 873 5608 et
901 5553 1035 5607 Dion
1057 5552 1283 5626 Cassius
1306 5551 1556 5626 eumdem
1583 5547 1884 5626 Adriauum

297 5621 496 5681 scribit
535 5625 762 5696 Homeri
791 5637 1001 5696 poema
1025 5621 1577 5696 abolere_cogi_tasse,
1609 5624 1663 5670 et
1699 5632 1886 5696 pro.eo

301 5695 700 5752 Antimachum
737 5691 808 5750 ιη’
832 5693 1036 5750 scholis
1085 5693 1369 5763 legendum
1405 5691 1682 5753 inducere,
1727 5691 1886 5756 cujus

319 5417 334 5429 ‘

2049 4150 2314 4221 Exiguum
2371 4160 2524 4207 tuum
2599 4152 2904 4208 litterarum
2968 4152 3432 4220 additamentum,
3489 4160 3549 4209 ut

1981 4241 2255 4313 ingentem
2307 4243 2594 4312 epistolam
2640 4244 2852 4316 accepi.
2882 4242 3016 4298 Nam
3041 4251 3094 4299 et
3121 4238 3451 4311 vos'nostri,
3493 4255 3548 4301 et

1981 4349 2082 4390 nos
2141 4334 2309 4388 vestri
2341 4349 2558 4398 sumus,
2599 4335 2801 4406 Spiritu
2849 4335 3108 4390 nimirum
3153 4349 3254 4390 nos
3287 4335 3355 4392 ad
3403 4336 3550 4391 hunc

1979 4423 2202 4478 modum
2233 4425 2539 4493 copulante.
2574 4423 2732 4490 Quod
2761 4441 2886 4480 cum
2911 4425 3068 4480 vobis
3098 4426 3436 4495 exploratum
3455 4426 3548 4491 sit,

1980 4528 2081 4584 pro
2115 4514 2274 4569 nobis
2315 4529 2508 4582 preces
2551 4516 2618 4570 ad
2668 4515 2838 4572 Deum
2877 4515 3151 4580 adhibete,
3181 4522 3238 4572 et
3270 4515 3340 4572 de
3371 4517 3551 4571 omni-

1984 4731 2179 4798 pomen
2211 4717 2366 4772 multi
2405 4718 2583 4773 adhuc
2611 4718 3012 4790 ignoraverant.
3035 4716 3185 4772 Βιιι..
3213 4713 3348 4770 Vide
3371 4714 3555 4769 Suidae

1982 4785 2354 4977 Ξζέἓῗᾞιὶιιε
2383 4856 2563 4914 CLIV.
2599 4857 2816 4928 Scripta
2850 4856 2992 4912 forte
3019 4854 3166 4910 circa
3191 4851 3384 4907 eadem
3415 4859 3554 4909 tem-

2085 4941 2137 4978 a.

2055 4995 2467 5067 (49)](ατὲχοι.
2490 4995 2624 5052 Cod.
2650 4995 2784 5067 Reg.
2817 4993 3057 5063 κατέχει.
3089 4989 3165 5045 Ita
3188 4999 3245 5047 et
3271 4990 3401 5064 legit
3430 4989 3551 5046 Bill.

1984 5064 2076 5134 qui
2101 5066 2275 5134 reddit
2300 5085 2313 5120 :
2345 5068 2552 5134 retinet.

2055 5133 2166 5202 (50)
2195 5135 2344 5189 Alias
2371 5135 2477 5190 CC.
2511 5133 2726 5202 Scripta
2761 5132 2908 5202 circa
2937 5145 3144 5202 annum
3178 5131 3303 5202 572.

2058 5199 2169 5272 (51)
2199 5203 2449 5271 Μικράν.
2486 5206 2562 5258 ita
2592 5199 2752 5272 codd.
2795 5199 2927 5272 Reg.
2957 5209 3012 5255 et
3051 5199 3206 5272 Pass.
3243 5201 3300 5256 lu
3331 5203 3556 5272 θῶμαι

1986 5269 2292 5344 κράνείΜοκ
2314 5269 2482 5342 ἐμοῦ.
2517 5274 2590 5326 Ita
2614 5269 2736 5344 Bi_ll.
2768 5278 2822 5325 et
2852 5269 3098 5344 Conrbel.
3132 5270 3277 5344 Edit.
3311 5269 3455 5344 ἐμοί.

2027 5337 2170 5412 ’(52)
2211 5337 2621 5412 Ἀρμόσαγτος.
2662 5340 2742 5394 lta
2775 5339 2936 5396 codd.
2971 5337 3104 5411 Reg.
3137 5348 3192 5396 et
3219 5337 3466 5396 Com'bel'.
3496 5341 3556 5395 In

2018 5411 2116 5463 dit.
2148 5412 2496 5474 ἁρμόζοντος.

1986 5421 2116 5466 ean.
2148 5421 2496 5474 ἁρμόζοντος.

2058 5427 2116 5462 ιι.
2148 5427 2496 5481 αρμοςοντος.

2058 5479 2171 5548 (55)
2203 5479 2463 5550 Ειδότες,
2493 5478 2764 5550 εὔχεσθε.
2802 5479 2879 5534 Ita
2906 5479 3030 5535 cod.
3063 5478 3196 5550 Reg.
3229 5487 3283 5534 et
3305 5477 3553 5533 Combef.

1988 5546 2044 5602 In
2069 5546 2165 5619 'cd.
2197 5549 2417 5619 εἰδότες,
2453 5549 2548 5619 κα).
2566 5546 2818 5619 εὔχεσθε.

2059 5618 2171 5688 (54)
2205 5617 2489 5684 Οὑδένας.
2515 5617 2604 5673 Sic
2630 5615 3040 5674 emendavimus
3063 5634 3126 5672 ex
3154 5615 3428 5688 cod.__lfar.
3462 5617 3555 5688 οὐ·

1987 5684 2131 5753 δένα,
2152 5684 2300 5759 quod
2319 5689 2508 5745 vitiose
2525 5689 2716 5760 legitur
2734 5689 2788 5744 in
2806 5689 2892 5745 ed.
2919 5688 3058 5753 Mox,
3078 5689 3249 5758 ἡμῶν.
3271 5685 3365 5741 Ed.
3383 5684 3554 5755 ὑμῶν.
