4066 6214
515 302 616 355 H5

1719 293 1778 349 S.
1819 291 2146 350 GllEGORlI
2188 292 2539 348 THEOLOGI

3667 287 3766 340 H6

509 419 616 471 est,
659 425 765 462 non
799 404 1063 462 concedo.
1093 403 1440 460 Orthodoxia:
1481 403 1702 459 nomine
1733 404 1939 460 frustra
1971 405 2076 458 Iau-

2189 405 2290 476 τὴν
2335 405 2516 458 πίστιν
2570 399 2651 467 οἷς
2694 403 3036 473 διαλέγεται,
3081 406 3110 458 ό
3154 403 3210 456 δὲ
3242 400 3635 472 συμπρώιδοῦς
3684 395 3761 462 οἷς

511 499 674 554 datur
720 497 954 551 Basilius
977 536 990 559 ,
1047 493 1249 548 frustra
1282 491 1579 564 Gregorius
1613 507 1628 545 :
1663 491 1755 548 ille
1796 494 1923 564 quia
1964 508 2081 549 ser-

2187 493 2461 564 ἀνέχεται.

515 592 765 649 monibus
783 593 900 648 suis
925 591 1206 645 veritatem
1234 588 1435 659 prodit;
1465 589 1551 643 hic
1573 589 1702 659 quia
1727 605 1840 644 rem
1863 588 2087 644 ferendo
2125 587 2244 659 pari
2263 603 2323 643 se
2337 586 2666 658 proditionis
2679 592 2831 641 reatu
2851 584 3168 656 obstringit.

583 740 683 794 llic
721 755 823 810 ego
853 759 868 794 :
901 737 1056 794 Unde
1095 738 1220 801 hoc,
1253 752 1287 792 ο
1324 739 1487 792 homo
1516 753 1678 804 vane,
1727 746 1893 808 atque
1926 754 2082 794 arro-

510 833 710 904 gantia:
751 833 976 887 nomine
1018 846 1156 886 nove
1189 829 1479 884 Dathanet
1517 829 1761 884 Abiron?
1805 830 1948 886 unde
1986 846 2076 886 no-

511 927 596 980 bis
642 925 958 993 dogmatum
1019 922 1395 993 promulgatur
1438 922 1624 977 venis?
1655 921 1873 977 Siccine
1903 931 2071 976 tanta-

511 1035 632 1073 rum
663 1033 846 1072 rerum
881 1017 1120 1087 judicem
1160 1017 1395 1086 teipsum
1422 1015 1627 1071 efficis?
1658 1015 1794 1070 Tum
1827 1017 1917 1071 ille
1949 1035 1962 1070 :
2002 1017 2081 1071 Ex

511 1110 616 1180 52
640 1109 931 1179 Eupsychii
963 1109 1221 1179 martyris
1244 1107 1474 1163 solemni
1505 1117 1776 1162 conventu
1820 1123 1964 1160 nunc
1991 1123 2081 1162 ve-

509 1202 604 1255 nio
655 1201 758 1272 (sic
787 1201 932 1255 enim
963 1215 1051 1254 res
1079 1215 1138 1254 se
1170 1199 1447 1270 habebat),
1484 1207 1648 1270 atque
1677 1199 1787 1253 illic
1820 1198 2080 1254 Basilium

509 1301 768 1355 magnum
799 1286 1003 1351 audivi,
1052 1286 1120 1341 de
1152 1287 1330 1341 Patris
1369 1287 1587 1357 quidem
1627 1296 1681 1342 et
1712 1286 1834 1341 Filii
1881 1288 2081 1343 deitate

509 1377 713 1445 optime
760 1385 814 1431 et
858 1377 1291 1447 perfectissime,
1344 1389 1507 1449 atque
1559 1387 1616 1433 ut
1657 1379 1746 1433 vix
1784 1379 2078 1449 quisquam

508 1470 650 1522 alius
701 1469 859 1524 facile
916 1478 1114 1538 queat,
1173 1469 1561 1533 disserentem,
1593 1469 1857 1539 Spiritum
1899 1479 2082 1524 autem

508 1570 762 1615 sanctum
793 1561 1191 1616 convellcntem
1215 1576 1277 1615 ac
1311 1561 1745 1632 distorquentem
1779 1562 1881 1629 (Ac
1926 1561 2083 1616 simi-

507 1652 794 1706 litudinem
817 1653 1111 1723 quamdam
1138 1653 1446 1717 adhibebat,
1482 1661 1740 1722 tanquam
1768 1652 2079 1717 fluviorum,

507 1744 600 1813 qui
641 1752 826 1814 petras
847 1751 1172 1814 praetereant
1212 1760 1266 1799 et
1295 1759 1512 1798 arenam
1558 1745 1869 1813 excavent).
1930 1745 2082 1798 Alio-

2258 742 2427 797 Πόθεν
2473 741 2652 806 τοῦτο,
2702 740 2860 810 ἔφην,
2908 738 2953 792 ὢ
2995 738 3188 810 μάταιε
3222 737 3308 799 σὺ,
3335 735 3431 789 καὶ
3468 733 3554 787 νέε
3585 729 3765 785 Δαθάν

2186 838 2280 887 καὶ
2347 832 2608 903 Ἀϐειρὼν
2653 831 2753 903 τὴν
2800 831 3097 895 άπόνοιαν;
3140 828 3302 880 πόθεν
3328 829 3460 897 ἡμῖν
3498 825 3654 894 ἥκεις
3674 823 3763 875 δο-

2185 927 2490 996 γματιστής
2514 941 2530 989 ;
2558 923 2685 986 Πῶς
2719 922 2940 976 σεαυτὸν
2963 924 3136 984 ποιεῖς
3169 917 3501 990 τηλικούτων
3531 916 3721 986 κριτήν
3745 930 3760 978 ;

2197 1015 2294 1068 Ἐκ
2319 1018 2418 1085 τῆς
2449 1013 2568 1067 κατ’
2604 1013 2879 1083 Εύψυχίου
2908 1010 3002 1064 τοῦ
3028 1011 3300 1080 μάρτυρος
3325 1007 3460 1077 (75),
3483 1005 3608 1075 ἔφη,
3636 1021 3761 1056 συν-

2183 1105 2304 1158 όδου
2334 1104 2430 1159 νῦν
2464 1105 2582 1174 ἥκω
2607 1102 2724 1171 (καὶ
2750 1101 2858 1173 γάρ
2897 1095 3044 1170 εἶχεν
3066 1099 3282 1168 οὕτως),
3310 1099 3531 1151 κάκεῖσε
3555 1098 3762 1164 ἥκουσα

2183 1195 2277 1250 τοῦ
2317 1195 2551 1266 μεγάλου
2599 1193 2880 1249 Βασιλείου
2911 1189 3283 1258 θεολογοῦντος
3320 1189 3386 1241 τὰ
3423 1188 3518 1259 μὲν
3550 1186 3762 1256 Πατρὸς

2186 1291 2280 1344 καὶ
2312 1287 2443 1342 Υίοῦ
2473 1289 2670 1358 ἄριστά
2712 1305 2772 1340 τε
2819 1287 2913 1338 καὶ
2955 1283 3279 1345 τελεώτατα,
3313 1283 3406 1335 καὶ
3452 1282 3529 1343 ὼς
3566 1282 3666 1333 οὐκ
3697 1280 3763 1333 ἂν

2181 1400 2268 1445 τις
2305 1381 2462 1443 ἄλλος
2509 1379 2709 1452 ῥαδίως
2731 1378 2896 1439 εἴποι,
2930 1376 2989 1428 τὸ
3015 1374 3238 1443 Πνεῦμα
3275 1372 3332 1424 δὲ
3357 1371 3764 1442 παρασύροντος

2185 1471 2300 1539 (καὶ
2332 1467 2638 1540 προσετίθει
2683 1465 2804 1519 τινά
2830 1464 3098 1523 εἰκασίαν,
3133 1461 3322 1532 ὥσπερ
3359 1460 3470 1512 τῶν
3503 1457 3764 1527 ποταμῶν

2183 1563 2233 1613 οἱ
2281 1561 2380 1623 τάς
2423 1560 2520 1630 μὲν
2565 1558 2771 1628 πέτρας
2823 1555 3278 1626 παρατρέχοντες,
3307 1551 3404 1622 τὴν
3445 1551 3500 1603 δὲ
3535 1551 3767 1619 ψάμμον

2183 1650 2588 1720 κοιλαίνοντες).
2620 1652 2690 1702 Ἢ
2729 1648 2782 1701 τί
2827 1648 2891 1718 δή
2927 1641 3078 1710 ποτε,
3128 1639 3173 1697 ὦ
3217 1643 3504 1713 θαυμάσιε,
3541 1641 3605 1694 σὺ
3640 1640 3762 1710 μὲν,

2184 1745 2288 1816 ἔφη
2319 1745 2455 1816 πρὸς
2480 1745 2580 1815 ἐμὲ
2606 1744 2839 1814 βλέπων,
2875 1743 2978 1814 ἤδη
3013 1739 3263 1811 φανερῶς
3300 1740 3360 1792 τὸ
3388 1737 3615 1807 Πνεῦμα
3645 1737 3767 1788 θεο-

505 1835 601 1904 ιιυί
628 1834 772 1889 enim
803 1849 903 1889 cur
933 1845 1010 1898 tu,
1037 1835 1120 1889 vir
1141 1835 1480 1898 admirande,
1511 1835 1688 1904 inquit
1718 1851 1802 1888 me
1831 1834 2074 1898 intuens,

2182 1838 2360 1905 λογεῑς
2418 1837 2535 1906 (καί
2596 1852 2737 1898 τινος
2789 1832 3242 1902 ἀπεμνημόνευσε
3291 1828 3399 1881 τῶν
3454 1827 3634 1897 ἐμῶν,
3686 1825 3767 1888 ὡς

501 1926 614 1994 jam
647 1925 956 1995 perspicuis
978 1925 1161 1980 verbis
1187 1923 1448 1994 Spiritum
1472 1933 1722 1977 sanetum
1761 1923 1924 1978 Deum
1956 1939 2079 1979 esse

505 2019 737 2084 asscris,
763 2017 1062 2088 (simulque
1125 2032 1312 2070 vocem
1367 2015 1656 2086 quamdam
1698 2030 1872 2070 meam
1927 2030 2079 2070 com-

507 2110 851 2175 memoravit,
887 2125 1013 2164 cum
1041 2125 1143 2178 ego
1175 2109 1228 2162 in
1263 2108 1706 2178 frequentissimo
1730 2116 1873 2163 cretu
1907 2109 1974 2163 de
2007 2109 2084 2164 di-

503 2203 730 2257 vinitate
780 2201 946 2256 verba
1003 2202 1234 2264 faciens,
1282 2200 1664 2269 pervulgatum
1695 2199 1826 2253 illud
1859 2200 1926 2254 de
1955 2199 2080 2270 Spi-

507 2289 609 2341 ritu
640 2295 834 2343 sancto
875 2289 1168 2342 interfatus
1203 2303 1380 2343 essem
1420 2306 1434 2342 :
1479 2287 1776 2355 Quousque
1800 2289 2079 2342 lucernam

501 2379 606 2432 sub
647 2379 830 2431 modio
872 2378 1275 2432 abscondemus
1296 2377 1340 2441 ἲ)
1399 2377 1490 2430 ille
1518 2383 1700 2431 autem
1727 2376 1848 2432 fidei
1877 2379 2082 2433 doctri-

503 2483 626 2520 nam
659 2467 897 2522 obscure
935 2467 1193 2529 ostendit,
1235 2463 1468 2518 acvelut
1495 2463 1812 2531 adumbrat,
1847 2480 1949 2520 nec
1986 2483 2080 2522 ve-

2188 1931 2248 1983 ὲν
2290 1927 2492 1997 συνόδῳ
2531 1925 2641 1996 (76)
2701 1921 3112 1994 πολυανθρώπῳ
3162 1921 3605 1990 θεολογήσαντας,
3642 1912 3768 1970 εἶτα

2187 2020 2505 2082 ἐπειπόντος
2533 2018 2612 2088 τῷ
2639 2017 2915 2087 Πνεύματι
2944 2013 3104 2068 τοῦτο
3128 2014 3192 2083 δὴ
3214 2013 3275 2065 τὸ
3301 2030 3367 2064 πε
3379 2011 3644 2082 ριὸόητον,
3669 2009 3759 2069 τὸ,

2187 2109 2366 2179 Μέχρι
2418 2109 2561 2172 τίνος
2609 2107 2713 2161 ὑπὸ
2737 2106 2815 2177 τῷ
2849 2105 3016 2177 μοδίῳ
3055 2105 3143 2157 τὸν
3177 2104 3366 2175 λύχνον
3412 2101 3723 2173 κρύψομεεη
3761 2115 3778 2162 ;

2183 2203 2293 2256 ὁδε
2347 2202 2637 2273 ὑποφαίνει
2687 2201 2785 2272 μὲν
2841 2198 3120 2270 ἀμυδρῶς,
3164 2199 3257 2251 καὶ
3283 2191 3392 2249 οἷον
3432 2192 3772 2262 σκιαγραφεῖ

2183 2293 2274 2345 τὸν
2307 2292 2484 2360 λόγον,
2516 2293 2576 2344 ού
2609 2291 3038 2362 παρρησιάζεται
3079 2289 3135 2342 δὲ
3178 2289 3278 2358 τὴν
3305 2285 3582 2354 ἀλήθειαν,
3608 2283 3769 2335 πολι-

2185 2380 2480 2451 τικώτερον
2512 2380 2546 2450 ἢ
2573 2379 2956 2447 εὐσεϐέστερον
2985 2379 3084 2446 τὴν
3115 2375 3281 2444 ἀκοὴν
3302 2371 3626 2435 ἐπικλύζων,
3668 2372 3770 2424 καὶ

2179 2473 2246 2541 τῇ
2273 2469 2607 2540 δυνάμειτοῦ
2635 2468 2795 2536 λόγου
2822 2468 2919 2537 τὴν
2942 2466 3161 2536 διπλόην
3187 2462 3604 2536 περικαλύπτων
3623 2462 3766 2532 (77).

502 2559 720 2614 ritatem
764 2557 932 2614 libere
955 2558 1272 2629 profitetur,
1316 2558 1535 2630 politice
1573 2558 1747 2632 magis
1777 2575 1943 2631 quam
1986 2562 2073 2633 pie
2112 2578 2299 2620 aurem
2321 2567 2582 2630 obruens,
2626 2561 2954 2632 dicendique
3022 2560 3284 2614 facultate
3322 2557 3618 2613 versutiam
3682 2565 3768 2612 te-

501 2665 634 2723 gens
646 2692 666 2713 .

557 2786 1100 2860 Quoniam,i‘nquam,
1119 2805 1218 2862 ego
1236 2792 1290 2847 in
1309 2792 1543 2849 obscuro
1564 2794 1796 2865 positus,
1811 2809 1876 2850 ac
1894 2795 2082 2864 pleris-

501 2893 611 2949 que
638 2878 976 2951 incognitus,
997 2881 1140 2937 sicut
1157 2899 1258 2940 nec
1272 2900 1393 2954 quae
1419 2887 1632 2957 loquar,
1653 2903 1754 2942 nec
1772 2902 1842 2942 an
1859 2887 2074 2958 loquar,

2257 2794 2381 2847 ’Ότι
2417 2791 2524 2861 ἐγὼ
2573 2792 2692 2864 μὲν,
2726 2792 2882 2862 ἔφην,
2909 2793 2965 2844 ὲν
2989 2789 3329 2862 παραϐύστῳ
3363 2789 3635 2860 κείμενος,
3667 2791 3768 2843 καὶ

2184 2887 2296 2948 τοῖς
2327 2884 2535 2948 πολλοῖς
2567 2883 2947 2954 ἀγνοούμενος,
2983 2883 3076 2936 καὶ
3119 2881 3253 2953 μηδὲ
3284 2881 3318 2936 ἃ.
3349 2883 3585 2952 λέγοιμι,
3625 2883 3768 2954 μηδὲ

504 2969 680 3027 ferme
715 2972 965 3030 homines
1013 2975 1212 3039 sciant,
1259 2977 1378 3032 sine
1398 2979 1643 3049 periculo
1694 2979 2073 3051 philosophor-

2184 2979 2265 3032 ὃτι.
2319 2977 2536 3048 λέγοιμι
2586 2977 2696 3046 (78)
2739 2974 2923 3046 σχεδον
2981 2975 3400 3044 γινωσκόμενος,
3466 2975 3768 3038 ἀκινδύνως

502 3061 654 3118 filius
671 3073 853 3119 autem
877 3066 1052 3135 major
1070 3067 1296 3122 habetur
1314 3070 1472 3134 ratio,
1489 3077 1674 3140 utpote
1686 3071 1844 3141 cujus
1857 3087 2078 3134 nomen.

503 3161 620 3208 tum
641 3154 713 3209 ob
757 3154 928 3223 ipsius
946 3157 1219 3224 virtutem,
1253 3168 1367 3214 tum
1411 3161 1483 3215 ob
1529 3161 1786 3217 Ecclesiae
1829 3163 2082 3232 splendo-

503 3259 620 3300 rem
667 3247 838 3302 multo
871 3247 944 3302 sit
994 3250 1282 3305 illustrius.
1329 3253 1406 3305 Ac
1452 3254 1630 3322 palam
1681 3262 1767 3308 est
1811 3254 2079 3324 quidquid

501 3335 704 3392 dicitur
744 3356 758 3394 :
807 3338 1106 3410 ingensque
1157 3342 1304 3397 circa
1325 3359 1449 3399 eum
1475 3345 1675 3400 bellum
1713 3354 1829 3411 est,
1861 3348 2084 3418 cupien-

502 3428 652 3484 tibus
685 3431 946 3486 nimirum
971 3433 1244 3490 haireticis
1284 3437 1483 3491 nudam
1515 3447 1570 3494 et
1619 3450 1863 3510 apertam
1890 3457 2077 3498 vocem

504 3532 570 3572 ex
608 3519 900 3588 ipsiusmet
945 3523 1132 3579 Basilii
1184 3540 1279 3579 ora
1318 3528 1584 3594 arripere,
1619 3541 1676 3584 ut
1709 3531 1826 3601 ipse
1857 3532 2078 3602 quidem

502 3627 571 3666 ex
621 3610 865 3668 Ecclesia
915 3617 1246 3686 expellatur,
1297 3621 1389 3692 qui
1430 3623 1582 3678 solus
1630 3639 1771 3693 pere
1830 3627 2078 3683 veritatis

505 3703 782 3773 igniculus
839 3714 1009 3762 restat
1054 3723 1119 3763 ac
1166 3709 1349 3766 vitalis
1388 3711 1642 3779 facultas,
1680 3713 1874 3770 vicinis
1897 3718 2078 3790 omni-

506 3795 606 3847 bus
651 3796 831 3865 capt's
856 3813 919 3852 ac
950 3798 1260 3870 subiugatis
1288 3819 1302 3868 ;
1336 3803 1538 3857 malum
1560 3812 1741 3858 autem
1771 3806 1827 3860 in
1855 3806 2077 3864 civitate

503 3885 717 3940 radices
746 3895 892 3957 agat,
927 3899 1090 3961 atque
1122 3908 1189 3945 ex
1224 3891 1324 3947 hac
1366 3891 1612 3950 Ecclesia
1647 3910 1755 3949 non
1793 3911 1953 3952 secus
1996 3908 2080 3952 at-

499 3993 611 4046 que
652 3993 720 4033 ex
767 3992 964 4050 aggere
991 3983 1227 4052 quodam
1276 3993 1330 4040 et
1370 3987 1784 4058 prepugnacnlo
1807 3997 2075 4044 terrarum

498 4068 689 4123 orbem
709 4072 1017 4138 populetur.
1045 4072 1274 4128 Praestat
1295 4071 1480 4146 itaque
1509 4080 1868 4134 (economiam
1885 4097 2078 4150 quam-

499 4158 624 4211 dam
654 4158 721 4211 ad
753 4162 1034 4216 veritatem
1065 4164 1366 4219 adhibitam
1410 4168 1597 4232 fuisse,
1635 4171 1792 4223 nobis
1826 4171 2076 4225 videlicet

501 4248 765 4316 tempori,
820 4251 980 4320 quasi
1031 4253 1245 4307 nebulae
1275 4253 1516 4317 cuidam,
1549 4257 1798 4309 nonnihil
1829 4259 2075 4312 cedenti-

501 4339 625 4405 bus,
659 4353 824 4408 quam
878 4348 935 4394 ut
970 4355 1032 4394 ea
1067 4341 1137 4395 ob
1179 4341 1585 4411 prmdicationis
1624 4346 2070 4414 perspicuitatem

2187 3073 2480 3142 φιλοσοφῶ.
2536 3071 2642 3125 Τοῦ
2682 3073 2738 3125 δὲ
2786 3073 2983 3126 πλείων
3014 3075 3042 3125 ό
3064 3072 3236 3141 λόγος
3261 3071 3393 3141 (7‘)),
3421 3069 3496 3132 ὡς
3524 3084 3768 3138 περιφα-

2186 3163 2441 3236 νεστέρου
2472 3164 2565 3216 καὶ
2595 3166 2722 3235 παρ’
2741 3163 2958 3228 ἑαυτοῦ,
2979 3164 3072 3216 καὶ
3097 3163 3247 3233 παρὰ
3274 3163 3371 3231 τῆς
3409 3158 3764 3227 Ἐκκλησίας.

2183 3255 2293 3309 Καὶ
2320 3255 2552 3326 δημοσία
2581 3257 2690 3309 πᾶν
2725 3255 2786 3308 τὸ
2811 3255 3121 3325 λεγόμενον,
3153 3253 3318 3314 πολύς
3350 3270 3408 3304 τε
3444 3251 3568 3320 περὶ
3597 3249 3769 3302 αὑτὸν

2179 3351 2208 3404 ὁ
2239 3351 2491 3420 πόλεμος,
2507 3350 2810 3421 ζητούντων
2831 3349 3088 3403 λαϐέσθαι
3112 3347 3218 3401 τῶν
3235 3343 3528 3416 αἱρετικῶν
3547 3343 3767 3412 γυμνῆς

2181 3441 2280 3512 τῆς
2323 3442 2509 3510 φωνῆς
2562 3441 2656 3495 καὶ
2697 3440 2864 3496 αὐτοῦ
2903 3439 3205 3502 Βασιλείου,
3245 3439 3310 3490 ἵν’
3346 3438 3374 3489 ό
3417 3436 3514 3504 μὲν
3545 3433 3764 3505 ὲξωσθῇ

2180 3531 2280 3601 τῆς
2313 3531 2658 3602 Ἐκκλησίας,
2693 3534 2720 3584 ὁ
2757 3531 2914 3602 μόνος
2958 3529 3143 3601 σχεδὸν
3198 3525 3622 3596 ὑπολειπόμενος
3660 3526 3768 3596 τῆς

2182 3620 2440 3690 ἀληθείας
2479 3623 2712 3692 σπινθὴρ
2734 3622 2824 3674 καὶ
2854 3623 2888 3692 ἡ
2916 3621 3119 3690 ζωτικὴ
3153 3619 3404 3688 δύναμις,
3431 3616 3539 3669 τῶν
3572 3615 3766 3686 κύκλῳ

2181 3710 2401 3765 πάντων
2456 3712 2941 3782 κατειλημμένων·
2978 3711 3180 3782 ριξωθῇ
3213 3709 3268 3761 δὲ
3306 3708 3366 3760 τὸ
3403 3707 3569 3760 κακὸν
3599 3709 3658 3758 ὲν
3694 3708 3765 3776 τῇ

2182 3802 2357 3866 πόλει,
2392 3803 2486 3856 καὶ
2509 3801 2698 3872 ὥσπερ
2724 3803 2830 3854 ἀπό
2854 3819 2997 3864 τινος
3024 3799 3362 3871 ὁρμητηρίου
3384 3799 3482 3867 τῆς
3530 3795 3768 3865 Ἐκκλη-

2181 3897 2304 3961 σίας
2344 3897 2580 3968 ταύτης,
2639 3899 2820 3951 πᾶσαν
2884 3895 3208 3968 καταδράμῃ
3267 3896 3366 3965 τὴν
3411 3892 3763 3963 οἰκουμένην.

2180 3987 2399 4041 Βέλτιον
2448 3983 2542 4041 οῦν
2606 3987 3028 4058 οἰκονομηθῆναι
3073 3986 3173 4055 τὴν
3226 3984 3515 4056 ἀλήθειαν,
3563 3983 3766 4054 μικρὸν

2179 4081 2438 4145 εἰξάντων
2468 4079 2644 4150 ἡμῶν,
2681 4079 2868 4149 ὥσπερ
2904 4078 3055 4145 νέφει
3087 4093 3214 4137 τινι,
3247 4076 3324 4144 τῷ
3359 4074 3554 4145 καιρῷ,
3585 4074 3619 4143 ἢ
3661 4091 3767 4128 κα-

2178 4169 2472 4239 ταλυθῆναι
2524 4169 2601 4237 τῷ
2656 4168 2876 4237 φανερῷ
2914 4167 3006 4218 τοῦ
3052 4166 3424 4236 κηρύγματος.
3467 4164 3625 4232 Ἡμῖν
3664 4167 3768 4235 μὲν

2178 4258 2287 4328 γὰρ
2317 4259 2467 4310 οὐδὲν
2529 4257 2720 4326 βλάϐος
2767 4259 2858 4309 καὶ
2899 4257 2991 4309 ἀπ’
3021 4255 3194 4309 ἄλλων
3216 4255 3412 4316 λέξεων
3439 4253 3597 4305 τοῦτο
3629 4271 3767 4308 συν-

2181 4349 2451 4415 αγουσῶν,
2495 4348 2630 4400 Θεὸν
2684 4347 2745 4400 τὸ
2798 4346 3022 4416 Πνεῦμα
3077 4344 3365 4414 γινώσκειν
3413 4345 3495 4412 (οὐ
3545 4344 3656 4415 γὰρ
3702 4348 3767 4400 ἐν

500 4430 927 4502 opprimeretur.
963 4429 1131 4487 Nobis
1161 4432 1306 4488 enim
1333 4448 1398 4488 ex
1429 4447 1492 4487 ea
1522 4449 1580 4490 re
1610 4435 1745 4490 nihil
1772 4435 1959 4490 damni
1994 4435 2070 4490 fa-

2182 4440 2290 4510 ἤχῳ
2328 4439 2548 4510 μᾶλλον,
2590 4439 2624 4509 ἢ
2657 4438 2864 4509 διανοίᾳ
2919 4437 3131 4490 κεῖσθαι
3179 4437 3277 4508 τὴν
3321 4435 3634 4508 ἀλήθειαν)’
3681 4442 3753 4510 τῇ

571 4668 686 4742 (75)
702 4670 856 4742 _Kat’
879 4670 1198 4742 Εὺψυχιόυ
1230 4671 1337 4742 τοῦ
1364 4671 1680 4742 μάρτυρος.
1708 4674 1786 4726 Ita
1813 4673 2070 4740 Monlac.,

499 4750 556 4794 et
584 4739 673 4795 'sic
691 4739 986 4816 legendum
1019 4741 1257 4816 videtur.
1291 4739 1570 4816 Necenim
1607 4743 1769 4798 verba
1793 4743 1888 4796 τοῦ
1912 4739 2071 4816 Ῠμάρᾷ

499 4809 839 4883 τυροςνιὶιιιιεί
883 4820 1113 4883 possunt
1141 4812 1261 4866 voci
1304 4811 1544 4874 συνόδου,
1585 4829 1705 4882 qua:
1742 4809 1956 4883 generis
1989 4809 2073 4869 est

502 4879 1048 4954 feminini:'At_Bill.,
1085 4891 1142 4933 ut
1181 4896 1397 4954 omnem
1437 4879 1615 4954 tollat
1637 4879 2070 4954 ambiguitatem,

501 4949 671 5022 verba
694 4949 790 5002 τοῦ
831 4951 1107 5022 μάρτυρος
1163 4950 1328 5022 refert
1382 4952 1448 5004 ad
1488 4949 1856 5022 rlupsycliiu'iit
1905 4961 1960 5008 et
2001 4949 2067 5008 ad

501 5017 792 5093 synodum,
830 5017 1241 5093 vertitqtte.__E:c
1273 5021 1555 5092 Eupsychii
1572 5017 1854 5093 Martyris
1869 5025 2068 5093 synodo

503 5103 638 5160 nunc
666 5088 830 5160 vatio,
868 5088 1082 5160 eamque
1105 5089 1230 5143 dicti
1267 5088 1365 5144 mei
1389 5088 1570 5145 téstem
1603 5088 1784 5145 habeo.
1816 5088 2071 5149 Fortasse

505 5157 594 5209 hic
617 5156 1072 5228 estiEupsychins
1104 5161 1194 5214 ille
1219 5161 1575 5216 Ctesiriensis
1616 5163 1782 5215 nobili
1819 5164 1938 5215 loco
1973 5179 2071 5216 na-

504 5233 615 5287 tus,
641 5227 800 5294 cujus
825 5227 1072 5299 meminit
1097 5229 1456 5292 Sozomenus,
1485 5231 1624 5285 Hist.
1657 5233 1867 5299 triparl.
1896 5233 1989 5286 lib.
2017 5250 2067 5296 ν,

503 5312 624 5363 cap.
672 5311 746 5371 ιι,
770 5297 906 5371 Διιιιί,
939 5298 1009 5371 ob
1037 5313 1286 5355 eversum
1321 5300 1572 5356 Fortuna:
1600 5297 1881 5370 templum,
1907 5302 2071 5371 impe-

502 5375 672 5438 rante
694 5365 913 5438 Juliano
945 5369 1305 5438 interemptus
1330 5380 1434 5425 est.

574 5436 684 5505 (76)
718 5437 825 5510 th
871 5453 1046 5510 aro;
1069 5436 1567 5510 ἀπεμνημόνευσε
1616 5440 1732 5510 τῶν
1771 5439 1948 5510 ἐμῶν,
1987 5441 2067 5506 ὡς

503 5501 857 5575 ἐνέσονόδῳ,
891 5501 1088 5560 ειοζιιι
1123 5501 1366 5575 utrisque
1393 5511 1671 5566 codicibus
1703 5501 1908 5564 Graecis
1936 5501 2065 5564 cor;

505 5573 822 5649 ruptissime
850 5575 1064 5649 legitur,
1098 5577 1188 5629 καί
1227 5573 1370 5640 τινος
1400 5579 1494 5649 άπῖ
1514 5580 1647 5648 ἐμοῦ
1676 5581 1838 5649 μονῆς
1873 5595 1928 5631 τε
1954 5578 2060 5631 τῶν

505 5643 668 5714 ιμῶν.
719 5643 826 5701 Sed
877 5643 1033 5700 facile
1069 5656 1150 5700 est
1188 5662 1424 5702 errorem
1465 5643 1897 5716 deprehendere;
1936 5665 2058 5703 cor-

2177 4676 2355 4745 rigere
2388 4682 2569 4729 autem
2604 4676 2706 4730 hoc
2737 4692 2896 4746 opus,
2925 4677 3014 4732 hic
3042 4677 3196 4732 labor
3226 4685 3330 4733 est.
3367 4677 3475 4746 Ego
3505 4693 3634 4731 vero
3662 4694 3760 4733 vc-

2178 4761 2293 4800 ram
2338 4747 2622 4799 lectionem
2658 4749 2756 4800 hac
2798 4747 3014 4800 demunt
3050 4749 3262 4802 ratione
3305 4747 3759 4803 commodissime

2177 4815 2389 4870 restitui
2413 4831 2600 4886 “posse
2651 4817 2912 4878 arbitror,
2960 4817 3006 4870 si
3066 4833 3162 4886 pro
3200 4819 3284 4870 his
3310 4828 3540 4884 quatuor
3569 4819 3758 4872 verbis

2177 4887 2269 4940 ἀπ’
2303 4885 2436 4953 ἐμοῦ
2476 4886 2643 4955 μονῆς
2695 4905 2776 4948 τε,
2828 4885 3195 4942 substituatur
3247 4889 3467 4940 unicum
3522 4887 3756 4940 verbum

2178 4955 2660 5026 ἀπεμνημόνευσε,
2705 4965 2866 5024 atque
2905 4957 3067 5009 etiam
3104 4958 3178 5009 ita
3212 4955 3466 5010 transtuli
3502 4955 3756 5026 clarissi-

2178 5024 2373 5088 tno,'ut
2394 5025 2610 5094 opinor,
2645 5043 2833 5088 sensu,
2868 5041 2969 5080 nec
3002 5042 3032 5080 a
3065 5027 3310 5098 Gregorii
3344 5033 3523 5079 mente
3549 5024 3760 5080 abhor-

2178 5102 2352 5150 rente.

2249 5163 2360 5233 (77)
2421 5165 2537 5232 Τὴν
2585 5165 2844 5231 διπλόην
2899 5165 3375 5235 περικαλύπτων,
3439 5165 3638 5217 uarium
3686 5181 3754 5217 ac

2179 5235 2524 5302 multiplicem
2555 5236 2956 5302 Srripturarum
2997 5252 3201 5288 sensum
3237 5238 3495 5301 obtegens.

2250 5301 2360 5373 (78)
2394 5304 2558 5371 Μηδὲ
2586 5301 2941 5372 (fult-fromn.
2972 5304 3218 5359 Combef.
3255 5304 3388 5375 μηδὲ
3415 5305 3561 5366 ὅστις
3584 5301 3751 5369 λέγο-

2181 5390 2300 5442 μαι,
2332 5375 2448 5442 quis
2478 5391 2623 5426 rorer
2657 5376 3048 5440 propenu;dunt.

2247 5439 2357 5509 (79)
2391 5444 2620 5496 Πλείων
2638 5439 2669 5495 ὀ
2696 5444 2896 5511 λόγος.
2932 5442 3004 5495 Ita
3034 5444 3155 5496 cod.
3183 5451 3236 5495 et
3254 5440 3498 5511 Combel'.
3525 5442 3581 5492 In
3604 5439 3747 5511 qlit.

2177 5507 2357 5562 πλεῖον
2380 5514 2408 5562 ὁ
2435 5513 2612 5579 λόγος.
2645 5507 2790 5582 Mox.
2819 5515 2910 5568 καὶ
2937 5516 3065 5582 παρ’
3092 5511 3306 5570 ἑαυτοῦ,
3338 5509 3451 5582 καί,
3479 5507 3748 5582 e_t_c._Bill.

2172 5582 2352 5650 vertit,
2409 5576 2520 5633 Iunt
2579 5583 2638 5633 ob
2684 5580 2850 5650 ἔιδέιιε
2909 5576 3164 5644 virtutem,
3211 5592 3317 5633 tum
3372 5580 3433 5632 ob
3491 5576 3751 5635 Ecrlcabr

2166 5649 2511 5718 splendorem.
