4080 6206
393 326 492 381 Ξὲδ

1710 319 2044 379 EPISTOLA
2088 321 2270 376 LXIV.

3540 331 3556 381 I
3604 329 3632 381 li

381 435 635 508 πρώτοις,
688 432 1018 507 ἐνθυμήθητι
1065 431 1178 500 (‘27)
1225 433 1306 486 ὅτι
1371 433 1463 486 καὶ
1517 433 1702 506 διέϐην
1759 436 1955 508 μέχρις

2070 438 2270 510 :ognati
2318 445 2671 507 acceperunt,
2725 446 2891 508 atque
2933 454 3034 508 ego
3082 455 3193 509 prm
3247 439 3482 507 cretei-is,
3543 461 3674 512 qm.

380 529 532 600 ὑμῶν
575 521 913 598 ἐξεπίτηδες,
945 527 1011 595 τῇ
1055 525 1210 595 φήμῃ
1240 526 1662 597 τεταραγμένος,
1713 528 1806 580 καὶ
1841 545 1958 581 κοι-

380 619 617 688 νων-ἧσαι
677 617 903 687 γνώμης
952 616 1080 686 ὑμῖν
1125 615 1403 686 πρόθυμος
1457 617 1744 688 ἐγενόμην,
1797 619 1960 690 ἡνίκα

380 708 574 778 καιρὸς
600 702 670 778 ἦν
705 706 782 758 ἔτι
813 705 940 775 περὶ
989 703 1193 756 τούτων
1227 703 1607 772 βουλεύεσθαι·
1657 708 1751 759 καὶ
1783 708 1959 761 πάντα

383 799 588 869 μᾶλλον
619 799 650 868 ἢ
689 796 893 866 ,ταύτην
925 795 1038 865 (28)
1082 796 1215 865 ἡμῖν
1265 796 1682 866 ἐκοινωνήσατε,
1713 796 1823 848 εἴτε
1857 797 1958 848 imi.

379 894 482 962 τῆς
517 892 690 960 αὐτῆς
723 889 976 959 ἀπορίας,
1023 887 1121 940 εἴτ’
1165 887 1266 940 οὐκ
1297 884 1390 940 οἷδ’
1430 888 1458 940 ὅ
1503 905 1554 941 τι
1589 888 1956 960 βουληθέντες.

385 984 447 1036 Et
478 983 535 1034 δὲ
567 983 678 1044 τοῖς
711 979 1064 1042 τελευταίοις,
1117 978 1349 1049 μάλιστα
1379 978 1478 1049 μὲν
1519 979 1619 1032 οὐκ
1648 980 1734 1033 εἴα
1761 981 1822 1032 τὸ
1851 980 1958 1032 πά-

385 1074 478 1137 θος
511 1073 672 1126 πάλιν
702 1073 829 1141 ὑμῖν
859 1071 1120 1140 ἐντυχεῖν,
1162 1069 1256 1122 καὶ
1287 1071 1319 1140 ὴ
1349 1069 1427 1140 τῷ
1455 1071 1623 1140 πατρὶ
1657 1089 1962 1142 χρεωστου-

388 1163 528 1231 μένη
557 1161 688 1231 τιμὴ
720 1162 814 1212 καὶ
846 1159 987 1222 ὁσία,
1023 1154 1088 1228 ἧς
1116 1159 1268 1212 οὐδὲν
1321 1160 1594 1230 ἐδυνάμην
1633 1161 1958 1231 ποιήσασθαι

385 1251 793 1322 προτιμότερον,
822 1248 1108 1302 καὶταῦτα
1137 1248 1396 1315 ὑπογυίου
1431 1248 1522 1301 τοῦ
1550 1250 1753 1313 πάθους
1783 1251 1956 1314 ὄντος,

383 1343 551 1412 ἡνίκα
584 1342 682 1393 οὐκ
737 1339 936 1402 ἀσε6ἐς
979 1339 1137 1408 μόνον
1181 1339 1315 1409 (29),
1355 1338 1471 1392 ἀλλ’
1511 1339 1632 1392 ούδέ
1677 1341 1812 1405 ὅλως
1845 1341 1954 1412 (50)

384 1433 686 1504 εὐπρεπὲς,
715 1433 819 1498 ἔξω
844 1431 937 1484 τοῦ
987 1431 1179 1499 καιροῦ
1224 1432 1550 1502 φιλοσοφεῖν,
1594 1434 1688 1487 καὶ
1733 1436 1873 1505 ὑπὲρ
1899 1435 1960 1488 τὸ

382 1522 758 1593 ἀνθρώπινον·
813 1521 1004 1574 ἔπειτα
1056 1521 1149 1574 καὶ
1198 1522 1662 1593 προκατειλῆφθαι
1717 1525 1822 1577 ὑπὸ
1851 1526 1960 1579 τῶν

383 1613 726 1683 πραγμάτων
756 1612 1106 1683 ἐνομίσαμεν,
1143 1614 1316 1683 πέρας
1425 1613 1522 1684 ἤδη
1559 1616 1666 1685 (51)
1697 1615 1804 1668 τῶν
1837 1618 1956 1670 κατ’

379 1708 548 1760 αὑτὸν
571 1706 825 1775 ἐχόντων,
857 1706 1038 1758 ὁποῖον
1076 1704 1248 1758 ἐδόκει
1274 1704 1354 1774 τῷ
1383 1705 1567 1773 ἄγοντι
1591 1705 1658 1759 τὰ
1685 1707 1952 1778 ἡμέτερα.

2058 529 2220 584 etiam
2247 528 2372 582 vita:
2423 541 2549 597 spes
2597 527 2650 581 in
2693 542 2759 583 eo
2805 528 3125 593 defixerant,
3174 544 3411 600 eumque
3455 534 3634 593 solum

2059 619 2404 682 subsidium,
2466 619 2644 672 solum
2695 618 3074 673 consiliarium
3133 622 3392 688 probum,
3457 624 3633 678 solum

2059 708 2280 778 pictatis
2310 708 2524 764 socium
2568 709 2701 762 mihi
2732 725 2855 763 esse
2882 709 3174 763 ducebam.
3222 711 3285 766 At
3334 729 3485 778 vero,
3514 716 3637 783 qni-

2061 800 2294 853 bnsnam
2338 799 2502 854 rebus
2532 799 2585 852 in
2619 799 2759 853 hanc
2792 801 3167 869 conjecturam
3213 803 3546 860 adduceris?
3577 804 3635 860 Si

2059 893 2276 962 primis,
2325 892 2379 946 in
2429 900 2664 947 mentem
2713 894 2808 947 tibi
2861 894 3060 954 veniat.
3102 912 3209 950 me.
3262 896 3365 951 hoc
3412 892 3629 956 rumore

2059 983 2464 1054 perturbatum,
2489 984 2673 1037 dedita
2695 1000 2860 1054 opera
2886 986 2950 1038 ad
2983 1001 3079 1041 vos
3113 1003 3286 1056 usque
3307 992 3631 1057 porrexisse,

2060 1079 2226 1140 atque
2267 1078 2324 1122 ut
2379 1070 2432 1123 in
2483 1071 2702 1125 consilii
2741 1072 3135 1142 sententiaeque
3185 1075 3500 1130 societatem
3542 1095 3634 1132 vo-

2060 1160 2272 1215 biscum
2308 1161 2549 1215 venirem
2583 1171 2835 1231 prompto
2883 1170 2935 1215 ct
2974 1172 3164 1231 parato
3204 1165 3386 1219 animo
3427 1167 3617 1231 fuisse,

2060 1267 2184 1307 cum
2214 1252 2281 1306 de
2313 1253 2398 1306 his
2431 1252 2593 1306 rebus
2622 1251 2963 1306 deliberandi
2997 1261 3213 1324 tempus
3245 1255 3422 1310 adhuc
3464 1267 3580 1312 erat
3614 1280 3626 1314 :

2061 1357 2265 1410 vosque
2311 1341 2377 1396 de
2427 1342 2685 1396 onmilms
2718 1343 2900 1412 potius
2942 1345 3066 1399 aliis
3115 1346 3298 1408 rebus,
3354 1363 3517 1415 quam
3567 1349 3635 1404 de

2061 1430 2184 1497 huc,
2207 1431 2273 1484 ad
2299 1447 2385 1486 me
2417 1432 2693 1494 retulisse,
2728 1431 2844 1486 sive
2867 1433 3015 1501 quod
3037 1434 3224 1488 eadem
3250 1437 3416 1489 animi
3445 1439 3637 1492 anxie-

2060 1529 2173 1576 tate
2207 1522 2532 1592 consiliique
2563 1522 2746 1591 inOpia
2791 1524 3135 1588 laboraretis,
3169 1526 3284 1580 sive
3315 1529 3501 1582 nescio
3527 1547 3631 1598 qua

2059 1613 2164 1665 alia
2212 1627 2378 1668 causa
2425 1614 2595 1667 ducti.
2657 1613 2711 1668 Si
2773 1617 3081 1684 postremis,
3139 1617 3373 1671 maxime
3415 1618 3631 1688 quidem

2061 1702 2204 1758 haud
2240 1704 2456 1758 sinebat
2501 1705 2698 1770 luctus,
2731 1706 2784 1760 in
2826 1722 2934 1776 quo
2973 1723 3146 1771 eram,
3185 1715 3242 1760 ut
3286 1725 3384 1763 vos
3417 1725 3632 1764 rursum

381 1799 566 1852 Ταῦτα
597 1799 697 1868 μὲν
727 1797 837 1865 (52)
865 1796 929 1866 δὴ
956 1795 1201 1849 τοιαῦτα.
1252 1795 1366 1848 Νῦν
1411 1795 1468 1848 δὲ
1513 1796 1606 1848 καὶ
1653 1796 1750 1867 τὴν
1782 1797 1957 1869 λύπην

2070 1795 2432 1858 convenirem,
2479 1811 2543 1850 ac
2573 1798 2791 1853 debitus
2825 1799 2962 1868 patri
3001 1799 3196 1863 honor,
3245 1807 3300 1854 et
3340 1801 3634 1870 exsequi-.e,

381 1895 507 1954 ἄνες
536 1890 668 1961 ἡμῖν
712 1888 928 1941 πάντων
971 1882 1133 1939 οὖσαν
1181 1885 1549 1956 ἁλογωτάτην,
1592 1886 1668 1951 ὡς
1723 1888 1955 1957 ἐμαυτὸν

383 1983 590 2037 πείθω·
635 1981 730 2034 καὶ
757 1979 810 2032 εἴ
847 1979 900 2032 τί
934 1995 1015 2031 σοι
1046 1977 1204 2031 πλέον
1249 1977 1414 2041 δοκεῖ,
1461 1977 1833 2050 παράστησον,
1869 1980 1954 2033 ἵνα

390 2076 468 2146 μὴ
511 2073 602 2126 καὶ
646 2073 793 2141 ἡμᾶς
841 2071 898 2122 ἐν
927 2069 1004 2139 τῷ
1044 2068 1198 2140 μέρει
1245 2069 1338 2122 καὶ
1373 2069 1596 2120 σεαυτὸν
1626 2069 1818 2140 λυπῇς,
1865 2071 1960 2122 καὶ

387 2166 620 2236 πρᾶγμα
649 2162 867 2234 πάσχῃς
894 2160 1099 2230 σφόδρα
1136 2160 1236 2229 τῆς
1282 2160 1381 2230 σῆς
1417 2161 1694 2227 εὐγενείας
1721 2160 1957 2227 ἀνάξιον,

385 2255 505 2311 ἀντ’
547 2253 721 2308 ἄλλων
768 2252 917 2322 ημᾶς
957 2246 1297 2319 αἰτιώμενος,
1341 2249 1466 2310 τοὺς
1511 2247 1664 2300 οὐδὲν
1707 2247 1959 2301 ἀδικοῦν-

384 2361 504 2411 τας,
533 2342 650 2397 ἀλλ’
676 2344 725 2394 εἰ
757 2340 837 2393 δεῖ
862 2339 910 2392 τ’
928 2338 1125 2408 ἀληθὲς
1162 2338 1354 2398 εἰπεῖν,
1377 2337 1444 2390 τὰ
1481 2336 1572 2390 ἴσα
1598 2337 1961 2408 τυραννηθέν-

383 2453 486 2499 τας
519 2435 627 2487 ὑπὸ
662 2433 772 2486 τῶν
799 2430 994 2485 κοινῶν
1029 2429 1218 2500 φίλων,
1249 2431 1341 2482 καὶ
1377 2428 1469 2493 οὒς
1503 2429 1693 2500 μόνους
1739 2430 1960 2501 εὐεργέ-

384 2538 487 2584 τας
515 2520 786 2590 ἐνόμιζες.

2061 1886 2265 1957 quibus
2297 1887 2432 1939 nihil
2463 1889 2746 1959 antiquius
2775 1889 2975 1943 habere
3009 1890 3182 1958 potui,
3217 1893 3516 1961 praesertim
3551 1910 3638 1946 re-

2061 1980 2206 2033 centi
2259 1979 2437 2034 adhuc
2483 1981 2819 2046 calamitate,
2868 1997 2978 2050 quo
3027 1989 3272 2051 tempore
3317 2000 3424 2037 non
3475 1985 3636 2038 modo

2066 2069 2316 2139 impium,
2359 2070 2455 2126 sed
2495 2072 2718 2124 omnino
2757 2071 2920 2124 etiam
2957 2071 3272 2126 indecorum
3303 2084 3405 2138 est,
3438 2074 3639 2128 intem-

2066 2160 2276 2230 pestive
2307 2160 2706 2231 philosophari,
2746 2177 3020 2232 supraque
3054 2163 3346 2218 humanam
3394 2165 3640 2220 imbecil-

2066 2251 2298 2306 litatem.
2338 2251 2546 2306 Deinde
2595 2253 2760 2307 rebus
2804 2253 2938 2322 ipsis
2992 2270 3094 2307 nos
3140 2266 3442 2325 prmventos
3476 2265 3640 2325 atque

2067 2350 2365 2412 occupatos
2405 2358 2529 2398 esse
2547 2342 2938 2411 indicavimus,
2969 2344 3170 2414 quippe
3198 2360 3320 2398 cum
3353 2345 3524 2414 ipsius
3552 2361 3641 2401 res

2064 2444 2189 2484 eum
2214 2430 2328 2499 jam
2355 2429 2515 2485 linem
2552 2431 2838 2495 haberent,
2872 2434 3087 2502 qualem
3133 2433 3180 2487 ei
3214 2435 3389 2488 visum
3425 2435 3637 2496 luisset,

2064 2521 2156 2590 qui
2193 2536 2281 2576 res
2309 2531 2529 2577 nostras
2569 2523 2900 2577 moderatur.
2934 2524 3012 2577 Ae
3034 2524 3101 2578 de
3129 2525 3211 2580 his
3243 2526 3376 2580 satis
3405 2542 3432 2578 a
3467 2527 3624 2580 nobis

388 2616 601 2672 dictum
665 2614 756 2668 sit.
811 2611 968 2666 Nunc
1038 2618 1218 2665 autem
1279 2621 1333 2666 et
1376 2626 1666 2668 mmrorem
1721 2613 1999 2685 animique
2068 2615 2422 2671 oﬂ‘ensionem
2476 2617 2873 2686 iniquissimam
2924 2633 3170 2686 prorsus,
3227 2626 3286 2671 ut
3332 2619 3458 2671 mihi
3515 2634 3641 2687 per-

389 2706 618 2769 suadeo,
661 2712 826 2774 atque
876 2719 908 2758 a
943 2701 1154 2757 ratione
1203 2702 1621 2769 alienissimam,
1666 2705 1824 2762 nobis
1874 2707 2088 2762 remitte
2137 2716 2240 2763 :et
2275 2709 2320 2764 si
2351 2708 2482 2778 quid
2552 2709 2648 2763 tibi
2696 2708 2930 2778 amplius
2965 2709 3196 2772 videtur,
3263 2708 3500 2768 deelaia.
3567 2725 3634 2763 ne

393 2811 453 2854 tu
514 2815 614 2854 nos
671 2813 888 2867 quoque
929 2796 1172 2851 vicissim
1223 2811 1287 2850 ac
1336 2799 1574 2868 teipsum
1622 2814 1858 2855 man-ore
1898 2801 2122 2869 alIicias,
2192 2819 2416 2873 remque
2462 2802 2631 2859 facias
2698 2803 2982 2858 nobilitate
3041 2811 3130 2856 tua
3177 2819 3436 2873 perquam
3485 2803 3624 2856 indi-

391 2907 578 2963 gnam,
633 2891 864 2944 aliorum
896 2889 1015 2942 loco
1072 2902 1172 2942 nos
1220 2903 1512 2957 accusans,
1563 2906 1593 2944 a
1629 2892 1830 2960 quibus
1867 2893 1944 2946 nil
1975 2893 2136 2949 lassus
2173 2910 2254 2958 es,
2295 2909 2504 2957 verum,
2557 2895 2603 2949 si
2643 2910 2766 2949 vere
2821 2894 3146 2962 loquendum
3198 2902 3282 2949 est
3310 2935 3324 2961 ,
3386 2894 3631 2948 eamdem

393 2983 504 3038 viui
532 2995 563 3034 a
602 2980 987 3036 communibus
1013 2977 1227 3043 amicis,
1260 2996 1514 3051 quosque
1563 2991 1617 3035 tu
1651 2983 1800 3039 solos
1830 2983 1897 3040 de
1922 2991 1974 3040 te
2013 2985 2152 3040 bene
2186 2985 2409 3039 meritos
2439 2985 2813 3040 existimabas.
2852 3000 3157 3054 perpessos.

433 3135 550 3192 EN.
589 3135 874 3207 ΕΥΣΕΒῙῼ
911 3135 1257 3205 ΕΠΙΣΚΟΠῼ
1297 3135 1757 3188 ΣΑΜΟΣΛΤΕΩΝ
1796 3136 1930 3208 (55).

2078 3137 2189 3208 58
2212 3135 2396 3192 LXIV.
2439 3134 2736 3192 EUSEBIO
2774 3133 3252 3190 SAMOSATENSI
3291 3133 3640 3190 EPISCOPO.

468 3250 764 3304 Anno'374
811 3249 1066 3304 Eusebius
1100 3247 1524 3312 Samosatensis,
1563 3249 1785 3302 summis
1810 3248 1874 3302 de
1921 3247 2162 3302 Ecclesia
2208 3250 2410 3303 meritis
2449 3248 2662 3311 clarus,
2711 3249 2764 3301 in
2798 3248 3080 3302 Thraciam
3122 3265 3153 3301 a
3213 3247 3425 3301 Valente
3449 3247 3645 3315 relega-

397 3331 485 3375 tus
529 3331 645 3384 est;
683 3337 785 3390 quo
825 3337 941 3373 cum
989 3329 1216 3390 pergeret
1240 3319 1604 3390 sanctissimus
1639 3319 1908 3390 confessor
1929 3359 1943 3383 ,
1985 3335 2075 3388 per
2104 3319 2499 3388 Cappadociam
2529 3319 2763 3381 transiit,
2791 3319 3004 3388 ejusque
3035 3317 3314 3386 complexu
3347 3320 3543 3385 potitus
3568 3325 3647 3390 est

391 3391 640 3444 Basilius
672 3386 807 3459 (54).
838 3389 940 3444 Sed
974 3386 1222 3459 Gregorio
1251 3389 1593 3459 Nazianzeno
1623 3388 1805 3441 eadem
1839 3386 2070 3455 felicitas
2106 3386 2425 3458 nonobtigit
2452 3405 2472 3452 ,°
2521 3389 2710 3459 quippe
2738 3390 2828 3455 qui
2866 3386 2942 3459 ita
2964 3389 3251 3456 (egrotabat
3278 3427 3292 3450 ,
3330 3398 3387 3459 ut
3422 3405 3494 3459 ne
3517 3386 3645 3459 qui-

392 3462 522 3515 dem
569 3477 634 3514 cx
663 3455 874 3514 uadibus
915 3455 1228 3528 prospicere
1271 3466 1474 3528 posset.
1523 3456 1657 3512 Cum
1698 3459 1863 3528 igitur
1893 3473 1984 3526 per
2020 3459 2258 3512 morbum
2301 3455 2402 3526 ipsi
2433 3455 2542 3511 non
2569 3457 2801 3510 licuisset
2847 3455 3298 3528 videresanctum
3335 3455 3644 3516 Eusebium,

391 3542 674 3599 postquam
719 3530 787 3582 ad
826 3527 996 3599 locum
1041 3527 1216 3582 exsilii
1271 3527 1676 3599 pervenit,_ltas
1711 3527 1779 3580 ad
1811 3543 1930 3599 eum
1964 3530 2178 3598 scripsit
2223 3530 2464 3591 litteras,
2512 3529 2700 3598 quibus
2749 3527 3064 3599 signi/icarit
3097 3527 3365 3599 dolorem,
3411 3543 3472 3599 ac
3492 3542 3649 3599 [oga-

393 3594 466 3652 cit
496 3594 537 3661 ,’
572 3609 663 3660 ut,
717 3598 853 3668 quod
905 3614 970 3652 ex
1015 3599 1129 3666 ejus
1171 3594 1451 3666 congressu
1493 3597 1567 3668 ad,
1605 3599 1799 3651 animo:
1842 3594 2080 3668 salutem
2113 3600 2360 3668 consequi
2399 3594 2829 3668 non'potueratj,
2862 3594 2918 3650 id
2955 3596 3332 3668 sibi_precibus
3369 3597 3437 3647 ad
3478 3594 3648 3647 Deum

397 3671 677 3723 obtineret.
708 3665 887 3738 Neque
925 3665 1062 3721 enim
1095 3669 1192 3721 viri
1219 3665 1292 3738 tot
1315 3667 1757 3738 persecutionibus
1784 3684 1879 3736 pro
1911 3667 2191 3738 Evangelio
2214 3665 2424 3735 probati
2455 3665 2628 3720 minus
2665 3666 2911 3738 prodesse
2943 3666 3011 3718 atl
3046 3665 3216 3738 Deum
3261 3681 3471 3738 preces,
3489 3678 3650 3738 quam

398 3741 735 3862 alicuqu‘ex
778 3733 976 3819 sanctis
1021 3737 1344 3806 martyribus
1375 3737 1728 3804 patrocinium
1749 3775 1764 3801 ,
1785 3733 1896 3790 sibi
1933 3733 2281 3806 persuadebo:
2310 3738 2622 3809 'l'lteologus.
2667 3735 2796 3788 ch
2825 3746 2997 3790 autem
3031 3736 3254 3808 epistola
3286 3746 3402 3803 post
3433 3733 3648 3787 Pascha

398 3825 531 3862 aunt
689 3817 882 3862 scrmta
904 3815 1002 3860 est.
1204 3829 1208 3834 -

398 3810 531 3862 anni
561 3809 666 3862 δη
689 3809 882 3875 scripta
904 3815 1002 3860 est.
1204 3829 1208 3834 -

472 3901 605 3955 Ὅτε
651 3901 850 3971 παρῄει
904 3916 995 3952 σου
1046 3900 1079 3970 ὴ
1133 3897 1411 3952 θεοσέϐεια
1440 3897 1528 3951 διὰ
1572 3900 1673 3969 τῆς
1721 3901 1967 3972 πατρίδος

2150 3902 2269 3968 Quo
2331 3910 2573 3971 tempore
2624 3901 2800 3971 pietas
2853 3907 2945 3954 tua
2995 3914 3092 3968 per
3137 3897 3367 3968 patriam
3405 3901 3650 3950 nostram

402 3994 579 4065 ἡμῶν,
610 3991 736 4045 οὔτε
767 3989 1036 4061 δωματίου
1085 3988 1196 4061 (55)
1229 3989 1529 4060 προκύψαι⁴
1557 3984 1668 4052 οἷός
1711 4007 1770 4043 τε
1803 3993 1973 4061 ήμην.

401 4090 461 4140 ὲν
495 4087 701 4158 ἐσχάτῃ
729 4083 1006 4156 ιίιρρωςτῖτίει⁵
1055 4083 1275 4152 διάγων.
1332 4081 1550 4135 Ἐλύπει
1598 4082 1654 4135 δέ
1705 4099 1773 4153 με
1801 4083 1861 4136 ού
1891 4101 1979 4136 το-

407 4177 597 4230 (τοῦτον
633 4179 668 4245 ἡ
698 4175 852 4238 νόσος
900 4175 991 4227 τὸν
1037 4175 1164 4246 περὶ
1200 4173 1308 4226 τῶν
1358 4174 1601 4243 ἐσχάτων
1654 4173 1817 4242 φόϐον
1865 4175 1980 4226 ἐπ·-

400 4271 614 4340 ἀγουσα
644 4267 778 4338 (56),
811 4266 925 4320 ἀλλ’
960 4268 1040 4319 ὅτι
1065 4267 1165 4336 τῆς
1195 4267 1345 4336 ἱερᾶς
1369 4283 1462 4318 σου
1495 4266 1589 4319 καὶ
1619 4265 1827 4337 ἀγαθῆς
1859 4283 1979 4320 συν-

407 4361 597 4430 τυχίας
643 4357 1079 4430 ἀπεστερούμην.
1129 4356 1409 4427 Τοσαύτην
1453 4357 1560 4427 ἔχω
1598 4358 1727 4428 περὶ
1758 4357 1819 4410 τὸ
1854 4357 1980 4410 ἰδεῖν

409 4470 502 4505 σου
533 4453 595 4505 τὺ
623 4452 799 4522 τίμιον
815 4451 1104 4523 πρόσωπον
1126 4448 1436 4519 ἐπιθυμίαν,
1455 4449 1586 4520 ὅσην
1612 4449 1760 4512 εἰκὸς
1775 4444 1844 4518 ἦν
1865 4448 1976 4518 (57)

406 4544 498 4597 τὸν
531 4543 800 4614 χρῄζοντα
845 4542 943 4613 μὲν
985 4540 1280 4612 θεραπείας
1317 4540 1424 4594 τῶν
1461 4540 1705 4610 ψυχικῶν
1733 4539 1982 4610 τραυμά-

408 4652 536 4702 των,
569 4633 774 4706 ταύτην
801 4633 859 4686 δέ
904 4633 1055 4704 παρά
1085 4631 1185 4701 τῆς
1219 4631 1319 4701 σῆς
1348 4630 1680 4702 τελειότητος
1720 4631 1862 4695 ἕξειν
1896 4629 1982 4682 ἐλ-

411 4725 658 4790 πίζοντα.
705 4722 842 4776 Ἀλλ’
873 4723 921 4775 εί
956 4722 1049 4776 καὶ
1081 4721 1190 4774 τῶν
1229 4721 1512 4792 ἁμαρτιῶν
1546 4720 1655 4774 τῶν
1701 4720 1851 4790 ἐμῶν
1882 4719 1980 4788 γέ-

482 4861 598 4930 (9.7)
645 4859 1055 4928 Ἐνθυμήθητι.
1104 4857 1184 4913 Ita
1238 4857 1386 4924 Par.,
1415 4865 1470 4913 et
1511 4857 1591 4913 sic
1642 4855 1815 4911 reddit
1855 4854 1979 4910 Bill.

415 4931 558 4986 Edit.
580 4929 950 5000 ίεύθυμήθητι.

484 5001 597 5066 (28)
634 4994 883 5069 Taurii)“;
917 5001 991 5052 Ita
1023 4999 1149 5069 legit
1170 4995 1413 5069 Contbef.
1447 4994 1589 5069 Edit.
1626 4994 1848 5069 ταύτης.

508 5070 600 5142 “3.9)
645 5071 767 5122 Οὐκ
805 5068 1020 5142 ἀσεϐὲς
1037 5065 1250 5142 ponar.
1283 5066 1463 5142 Malim
1489 5067 1556 5142 pb
1591 5067 1747 5136 μόνον
1773 5067 1872 5142 οὐκ
1900 5065 1990 5142 εύ-

419 5135 598 5202 σεϐές,
633 5155 736 5192 ηοη
768 5139 922 5192 modo
955 5135 1056 5192 non
1104 5139 1270 5207 piam,
1307 5136 1396 5190 sed
1431 5136 1592 5189 etiam
1639 5135 1857 5203 prors'us
1908 5135 1990 5187 in-

418 5211 686 5263 decorum.

487 5280 600 5346 (ὅθ)
643 5277 795 5331 Οὐδὲ
841 5275 1014 5344 ὅλως.
1057 5278 1136 5332 Ita
1176 5276 1298 5331 cod.
1355 5273 1464 5343 Reg

420 5343 550 5402 edit.
582 5343 716 5418 ὀύδέ
741 5347 933 5418 ἄλλως,
969 5343 1111 5418 quod
1133 5347 1288 5418 Bill.,
1311 5345 1400 5400 sed
1425 5343 1622 5418 alioqui
1650 5344 1978 5418 indecorum.

492 5421 604 5488 (3|)
638 5415 828 5486 Πέρας
859 5413 1001 5488 ἧδηῖ
1038 5419 1115 5472 Ita
1157 5415 1313 5471 codd.
1347 5415 1516 5469 nostri
1557 5422 1609 5467 et
1639 5413 1884 5468 Combef.
1928 5414 1986 5467 lu

419 5487 551 5543 edit.
578 5487 752 5557 πέρας
778 5488 834 5540 δὲ
865 5487 983 5556 ἤδη.

491 5560 604 5625 (52)
649 5553 838 5611 Ταῦτα
861 5553 988 5625 μέν.
1023 5556 1098 5610 Ita‘
1123 5556 1305 5611 iidem.
1334 5555 1390 5610 In
1412 5555 1541 5610 edit.
1569 5554 1637 5606 τὰ
1674 5553 1791 5623 μέν.

491 5629 621 5698 (55)
644 5627 794 5698 Alias
836 5625 1064 5698 XXVIII.
1113 5627 1324 5698 Scripta
1360 5643 1502 5698 anno
1547 5625 1670 5686 574.
1699 5626 1984 5698 -ΠΕΑἰνσε-

424 5693 545 5762 σςφ.
583 5696 680 5751 llic
714 5695 980 5752 Eusebius
1011 5693 1326 5751 orthodoxae
1354 5696 1474 5750 lidei
1508 5709 1672 5748 causa
1700 5709 1730 5746 ιι
1763 5693 1984 5748 Valente
2047 5708 2051 5710 ·

1540 5283 1590 5328 et
1642 5272 1888 5329 Combel.
1932 5271 1988 5326 In
2022 5265 2065 5320 D

2078 3991 2366 4055 transibat,
2414 3990 2550 4045 adeo
2598 3990 2750 4060 gravi
2787 3988 2978 4042 morbo
3006 3988 3345 4050 laborabam,
3400 3995 3459 4039 ut
3507 3999 3575 4038 ne
3619 3999 3652 4038 e

2077 4079 2329 4132 cubiculo
2358 4077 2577 4146 quidem
2611 4077 2928 4147 prospicere
2965 4089 3206 4144 possem.
3236 4073 3318 4128 Me
3347 4087 3511 4142 poxro
3541 4086 3652 4126 non

2078 4177 2188 4223 tam
2243 4170 2490 4232 morbus,
2550 4169 2802 4237 quamvis
2855 4166 3058 4236 alioqui
3113 4165 3650 4236 periculosissimus,

2077 4261 2450 4326 excruciabat,
2477 4275 2641 4330 quam
2681 4260 2826 4330 quod
2865 4259 3047 4314 fausto
3079 4268 3131 4313 et
3174 4267 3526 4312 sacrosancto
3557 4264 3652 4309 tuo

2080 4365 2378 4420 congressu
2427 4349 2698 4418 privabar.
2761 4347 2938 4401 Tanta
2996 4348 3200 4417 quippe
3253 4347 3440 4399 vultus
3494 4343 3652 4398 istius

2081 4439 2418 4494 honorabilis
2464 4439 2680 4494 videndi
2714 4438 3016 4508 cupiditate
3050 4446 3257 4498 teneor,
3287 4441 3497 4503 quanta
3527 4448 3651 4486 eum

2082 4532 2254 4587 teneri
2293 4547 2392 4602 par
2411 4539 2514 4598 est,
2545 4533 2638 4601 qui
2676 4529 3006 4601 spiritalium
3039 4529 3322 4583 vulnerum
3362 4524 3650 4579 curatione

2083 4621 2310 4693 indiget,
2339 4637 2568 4691 eamque
2597 4638 2626 4674 a
2653 4620 2970 4691 praestantia
3009 4627 3102 4673 tua
3135 4634 3195 4674 se
3216 4623 3648 4672 consecuturum

2084 4720 2290 4784 sperat.
2320 4711 2438 4766 Etsi
2471 4723 2651 4768 autem
2689 4712 2792 4766 hoc
2816 4711 3056 4782 peccatis
3097 4709 3237 4764 meis
3266 4705 3651 4762 ascribcndum

2086 4852 2328 4907 Ecclesia
2360 4857 2574 4921 pulsus.
2596 4857 2651 4904 et
2679 4850 2733 4903 in
2761 4844 3411 4921 Thraciam-deportatus,
3439 4848 3656 4894 mortuo

2086 4921 2310 4976 Valente
2338 4911 2405 4975 a'b
2426 4920 2618 4974 exsilio
2643 4934 2918 4982 reversus,
2946 4911 3185 4970 Doliche:
3209 4912 3278 4965 ab
3301 4911 3656 4989 Aria_na_qua-

2087 4993 2209 5046 dam
2241 4991 2581 5054 muliercula,
2618 4990 2810 5058 tegula:
2849 4978 3217 5058 ictunecatus
3241 4989 3344 5043 est,
3387 4978 3656 5058 vindicta-

2089 5077 2193 5131 que
2211 5062 2402 5115 amicis
2431 5047 2734 5131 interdixit,
2758 5052 3215 5131 quemadmodum
3225 5058 3469 5131 testatur
3487 5047 3660 5131 ’Πιθε-

2090 5116 2312 5186 dor-etus
2343 5131 2436 5184 lib.
2463 5145 2516 5190 v,
2545 5143 2666 5196 cap.
2687 5116 2740 5191 4,
2763 5116 2815 5181 ét
2843 5122 3181 5192 Nicephorus
3205 5122 3297 5196 lib.
3332 5135 3430 5184 xu,
3455 5134 3574 5188 cap.
3601 5116 3657 5170 5.

2163 5202 2274 5268 (54)
2307 5198 2579 5268 Theodor.
2615 5191 2767 5268 Hist.
2801 5196 2894 5268 lib.
2933 5191 3012 5268 iv,
3036 5208 3168 5268 cap.
3206 5191 3292 5268 15.

2167 5257 2278 5334 (55)
2323 5269 2470 5321 Οὔτε
2499 5267 2810 5334 δωματίου.
2837 5264 3005 5318 Codd.
3036 5257 3192 5332 Reg—5..
3224 5259 3379 5315 Pass.
3413 5267 3468 5313 et
3494 5257 3657 5312 Com-

2090 5339 2194 5395 bef.
2231 5337 2353 5391 οΰτε
2394 5337 2490 5389 τοῦ
2517 5335 2808 5404 δωματίου.

2162 5409 2272 5479 (56)
2311 5407 2420 5461 Τὸν
2451 5396 2736 5479 “EN-tmte
2783 5402 3057 5479 ἐσχᾲτων
3089 5402 3277 5470 φόϐον
3327 5396 3656 5479 ὲεζάπηοινσα,

2091 5474 2329 5550 qnamris
2367 5475 2582 5550 alioqui
2619 5475 2760 5550 hora:
2812 5474 3108 5550 nouissima:
3140 5474 3656 5550 ipetumjttcutteui.

2162 5549 2273 5618 (57)
2310 5547 2486 5611 Εἰκὸς
2506 5532 2618 5618 ἰῖν.
2661 5544 2735 5598 Ita
2765 5543 2923 5601 codd.
2958 5541 3112 5614 Ιιιιεη
3137 5540 3290 5597 Pass.
3320 5547 3372 5593 et
3412 5532 3656 5591 Combel‘.

2092 5620 2146 5673 In
2173 5616 2302 5674 edit.
2345 5617 2491 5680 εἰκὸς
2524 5616 2681 5684 ἔχειν.
