4080 6206
501 282 565 336 ’51
1709 275 1768 334 S.
1809 275 2136 332 GBEGORII
2175 276 2517 333 TIlEOLOGl
3616 278 3717 331 132

467 398 700 453 facimus
735 417 747 452 :
781 406 928 452 tuam
963 397 1328 468 integritatem
1369 412 1433 451 ac
1473 375 1870 468 perfectionem.
1893 400 2042 453 salu-

2150 417 2248 470 μεν
2283 398 2357 470 μὴ
2389 399 2619 470 κάμνειν
2649 414 2706 450 σε
2745 394 3094 468 μεμνημένον
3121 393 3298 467 ἡμῶν.
3334 395 3409 448 Οὐ
3437 393 3544 464 γὰρ
3576 394 3714 464 (inps-

468 501 667 556 tamus,
727 499 889 560 teque
943 505 1012 544 ne
1060 491 1234 544 nostri
1279 489 1662 545 recordatione
1710 489 2045 560 defatigeris.

467 596 690 635 oramus
727 588 890 650 atque
931 582 1310 636 obsecramus.
1349 581 1534 651 Neque
1579 581 1724 636 enim
1772 589 1876 635 tua:
1908 582 2048 636 litte-

467 686 560 734 rae,
592 686 713 723 cum
761 673 829 728 iis
878 673 975 727 abs
1005 684 1058 725 te
1097 673 1387 740 donamur,
1433 672 1589 727 nobis
1645 672 1864 726 utilitati
1912 671 2048 726 dun-

467 770 614 814 taxat
645 771 796 827 sunt,
825 765 920 818 sed
944 765 1106 818 etiam
1135 765 1447 834 gloriationi
1474 766 1614 834 apud
1651 765 1854 820 multos
1881 774 2045 834 atque

468 861 792 906 ornamento
827 870 842 906 :
871 869 1065 922 nempe
1087 853 1232 922 quod
1263 854 1405 923 apud
1431 854 1610 907 virum
1659 854 1811 907 tanta
1843 855 2044 908 virtute

470 941 778 1009 prmditum,
825 953 1143 1013 tantamque
1193 945 1334 1014 apud
1385 943 1554 999 Deum
1600 945 2041 1014 conjunctionem

2143 490 2263 543 λεια
2295 491 2425 560 ἡμῖν
2457 490 2618 560 μόνον
2641 489 2751 542 τῶν
2777 490 2884 542 σῶν
2925 487 3315 552 καταξιώσοαι
3347 486 3716 557 γραμμάτων.

2143 581 2278 635 ἀλλὰ
2321 580 2416 634 καὶ
2445 579 2704 651 καύχημα
2750 580 2886 650 πρὸς
2915 579 3042 642 τοὺς
3083 577 3329 642 πολλοὺς,
3374 577 3469 629 καὶ
3505 575 3717 629 καλλώ-

2143 688 2341 742 πισμα,
2373 673 2454 724 ὅτι
2491 671 2647 738 λόγος
2674 669 2830 741 ἡμῶν
2858 670 2975 722 ἐστι
3008 670 3136 740 παρ’
3162 668 3317 739 ἀνδρὶ
3353 666 3591 737 τοσούτῳ
3618 667 3720 738 τὴν

2141 764 2363 834 ἀρετὴν,
2398 763 2491 815 καὶ
2515 760 2784 831 τοσαύτην
2824 760 3000 832 ἔχοντι
3031 759 3166 830 πρὸς
3205 758 3339 812 Θεὸν
3388 760 3716 830 οἰκειότητα,

2141 852 2281 905 ὥστε
2338 854 2430 905 καὶ
2477 852 2670 914 ἄλλους
2716 850 2950 904 οἰκειοῦν
3005 848 3265 904 δύνασθαι
3311 850 3406 903 καὶ
3442 848 3583 918 λόγῳ
3622 849 3716 900 καὶ

2141 943 2520 1014 ὑποδείγματι.

467 1050 530 1087 ac
581 1035 1004 1090 familiaritatem
1052 1037 1360 1103 habentem,
1410 1044 1469 1090 ut
1518 1037 1656 1090 alios
1707 1035 1896 1100 etiam,
1934 1043 2050 1090 tum
2089 1049 2364 1103 sermone,
2411 1043 2526 1090 tum
2591 1032 2864 1104 exemplo,
2908 1028 3022 1086 Deo
3063 1033 3362 1090 conciliare
3413 1039 3578 1104 atque
3616 1031 3712 1087 ad-

464 1132 692 1202 iungere.
717 1131 913 1201 possit,
948 1132 1132 1202 aliquo
1161 1131 1282 1186 loco
1309 1146 1373 1186 ac
1405 1145 1633 1187 numero
1671 1132 1866 1188 simus.

971 1307 1180 1365 LXVII.
1222 1304 1530 1365 JL‘LIANO.

2601 1297 2718 1356 εῖν.
2760 1298 3085 1373 1οΥΛΙΑΝῼ
3124 1299 3259 1372 (56).

541 1490 654 1554 Quo
700 1495 928 1555 tempore
984 1484 1387 1538 Nazianzenam
1419 1482 1714 1555 Ecclesium
1767 1478 2174 1555 administrabat
2209 1475 2537 1555 Theologus,
2597 1473 2733 1528 hanc
2762 1474 2984 1530 Iuliano
3041 1479 3290 1547 prwfecto
3342 1481 3555 1548 scripsit
3602 1484 3715 1550 epi-

470 1548 710 1618 stdiam;
767 1548 869 1610 non
925 1557 1132 1626 quidem
1186 1566 1307 1607 ante
1342 1569 1545 1626 annum
1590 1552 1730 1614 574,
1791 1567 1892 1620 quo
1928 1548 2308 1626 Nazianzenus
2365 1548 2636 1626 episcopus
2680 1557 2916 1626 myrtum
2957 1557 3259 1626 _est_,_eoque
3293 1560 3503 1604 mortuo
3535 1548 3716 1626 nos_t_er

469 1616 756 1696 Gregorius
796 1616 1073 1696 regendam
1117 1626 1289 1696 ipsius
1332 1622 1627 1696 Ecclesium
1690 1616 1826 1696 (egre
1862 1620 2117 1696 suscepit,
2175 1634 2265 1671 nec
2308 1619 2494 1696 _serius
2544 1631 2683 1696 anno
2853 1616 3182 1696 ,_si_quideni
3234 1618 3331 1671 hoc
3381 1636 3520 1696 anno
3548 1660 3563 1681 ,
3612 1620 3718 1673 Ec-

468 1683 642 1750 clesiw
684 1683 933 1765 regimine
977 1683 1178 1762 abjecio
1199 1733 1230 1765 ,ν
1253 1691 1545 1765 Seleuciam
1573 1707 1628 1765 se
1655 1683 1866 1759 recepit.
1889 1683 2166 1743 lulianum
2186 1728 2200 1753 ,
2230 1689 2318 1758 qui
2345 1683 2684 1756 equnandis
2718 1685 2932 1740 tributis
2962 1683 3058 1742 [ioc
3092 1704 3231 1742 anno
3265 1692 3545 1757 prwfectus
3577 1700 3715 1754 erat,

470 1778 618 1838 rogat
654 1776 709 1819 ut
741 1761 961 1819 clericos
993 1761 1115 1819 suos
1148 1764 1348 1818 eximat
1374 1779 1406 1816 a
1438 1761 1674 1815 tributis.

536 1942 664 1995 Mihi
697 1949 890 2019 tecum.
910 1938 1164 1993 amicitiae
1190 1935 1410 2008 quidem
1439 1935 1607 1990 multa
1637 1934 1763 2005 jura
1804 1934 2042 1988 interce-
2073 1941 2114 1994 Β

463 2031 621 2094 dunt,
653 2037 706 2084 et
748 2031 792 2082 si
823 2029 958 2082 nihil
1008 2026 1180 2091 aliud,
1215 2026 1411 2080 litterae
1453 2035 1621 2089 certe,
1652 2023 1852 2093 quibus
1896 2021 2040 2092 apud

466 2123 667 2174 inultos
701 2120 839 2173 nihil
879 2117 1248 2173 venerabilius
1291 2126 1398 2180 cst,
1445 2129 1548 2169 nec
1596 2113 1740 2182 quod
1778 2114 2040 2182 majorem

463 2212 529 2265 ad
567 2208 979 2264 conciliandum
1022 2223 1265 2262 amorem
1293 2207 1400 2259 vim
1441 2205 1641 2259 habeat
1673 2224 1687 2260 :
1721 2203 2041 2259 oﬂ‘ensiouis

464 2312 644 2355 autem
689 2309 740 2354 et
772 2299 1074 2352 inimicitia:
1121 2311 1224 2350 nec
1257 2311 1424 2350 causa
1456 2296 1566 2350 ulla
1604 2303 1708 2358 est,
1741 2303 1904 2364 atque
1929 2294 2041 2348 uti-

465 2409 590 2446 nam
632 2408 700 2446 ue
747 2393 820 2446 sit
877 2403 1142 2458 unquam.
1196 2386 1331 2440 Nam
1376 2401 1462 2450 ea,
1514 2385 1585 2440 ob
1608 2400 1731 2456 quae
1778 2385 2042 2439 adversus

467 2485 688 2536 fratrem
733 2479 1057 2535 Nicobulum
1106 2475 1320 2532 infenso
1368 2477 1555 2531 animo
1597 2482 1812 2540 es,,aut
1859 2474 1930 2529 ab
1976 2489 2042 2528 eo

465 2589 699 2628 musrorc
737 2571 964 2627 aﬂ'ectus
994 2586 1075 2636 es,
1128 2585 1238 2624 non
1284 2571 1458 2640 magis
1501 2568 1568 2624 ad
1619 2584 1705 2624 me
1746 2570 2040 2640 pertinent,

462 2679 627 2734 quam
657 2679 778 2732 quae
805 2662 949 2731 apud
972 2661 1134 2716 ludos
1159 2671 1427 2732 geruntur
1455 2679 1467 2714 :
1500 2659 1606 2714 hoc
1650 2676 1761 2714 uno
1794 2667 2040 2730 excepto,

463 2754 607 2824 quod
650 2753 783 2806 nihil
817 2766 1029 2815 eorum,
1066 2765 1187 2820 qua:
1216 2750 1586 2820 contigerunt,
1619 2749 1750 2803 mihi
1774 2751 1879 2821 61
1915 2765 2044 2819 pro.

462 2841 645 2894 batur.
679 2838 1044 2906 Quamobrem
1073 2839 1189 2893 haec
1214 2838 1346 2892 mihi
1375 2855 1444 2894 ne
1475 2838 1730 2909 imputes,
1776 2855 1880 2894 nec
1917 2855 2044 2910 pro-

462 2945 650 3001 pterea
681 2931 923 2986 deterius
945 2930 1218 3000 quoddam
1248 2931 1315 2984 de
1337 2930 1510 3000 teipso
1535 2929 1828 2985 consilium
1853 2931 2040 2988 ineas:

461 3041 650 3080 verum
683 3026 861 3096 reipsa
907 3024 1300 3094 benignitatem
1332 3040 1474 3091 eam,
1505 3039 1670 3095 quam
1703 3025 2040 3096 pauperibus

463 3117 740 3188 pollicitus
785 3131 866 3182 es,
911 3125 1132 3186 prmsta.
1169 3116 1312 3181 Quin
1369 3117 1531 3170 etiam
1579 3117 1819 3174 clericos:
1867 3132 2038 3182 meos,

462 3220 600 3271 quos
643 3219 674 3256 a
723 3213 775 3257 te
823 3203 1068 3274 poposci,
1119 3203 1309 3257 tributi
1352 3203 1616 3273 pensione
1662 3204 1878 3259 libera:
1906 3204 2039 3260 illud

2224 1933 2378 2003 Ἐμοὶ
2404 1931 2539 2003 πρὸς
2574 1932 2634 1984 σὲ
2658 1930 2840 2000 φιλίας
2869 1930 2969 2002 μὲν
2998 1931 3168 1984 πολλὰ
3195 1931 3402 1997 δίκαια,
3429 1931 3525 1986 καὶ
3553 1933 3602 1985 εἰ
3639 1934 3714 2004 μή

2140 2041 2194 2077 τι
2221 2025 2367 2088 ἄλλο,
2396 2025 2446 2077 οἱ
2475 2025 2644 2092 λόγοι,
2675 2018 2749 2079 ὧν
2787 2023 2938 2078 οὐδὲν
2967 2027 3078 2087 τοῖς
3106 2024 3321 2087 πολλοῖς
3370 2024 3718 2096 αἱδεσιμώτε-

2145 2133 2257 2186 ρον,
2292 2113 2410 2168 οὐδὲ
2443 2115 2798 2187 οἰκειότερονο
2834 2115 3130 2185 ἀπεχθείας
3177 2117 3233 2168 δὲ
3269 2116 3522 2179 ὑπόθεσις
3562 2117 3713 2169 οὐδε⁴

2146 2207 2264 2276 μία,
2313 2206 2435 2258 οὔτε
2484 2206 2620 2268 ἐστὶ,
2681 2207 2820 2276 μήτε
2863 2206 3074 2274 γένοιτο
3121 2206 3253 2278 (57).
3311 2209 3375 2259 ’Λ
3419 2209 3528 2279 γάρ
3579 2209 3717 2278 πρὸς

2142 2294 2232 2347 τὸν
2263 2293 2487 2362 ἀδελφὸν
2515 2293 2862 2359 Νικόϐουλον,
2919 2295 2952 2366 ἢ
2986 2293 3135 2365 παρὰ
3179 2295 3508 2348 Νικοϐούλου
3561 2295 3717 2349 λελύ-

2144 2401 2334 2455 πησαι,
2374 2386 2472 2439 οὐκ
2494 2385 2602 2456 ἐμὰ
2635 2384 2855 2455 μᾶλλον,
2881 2386 2914 2456 ἢ
2947 2385 3015 2438 τὰ
3041 2388 3098 2438 ὲν
3129 2385 3308 2449 Ἰνδοῖς
3330 2388 3680 2458 πραττόμενα
3699 2406 3713 2418 ·

2113 2474 2267 2526 ea.»
2308 2474 2401 2526 ἐπὶ
2430 2474 2493 2526 τὸ
2522 2474 2633 2545 (58)
2671 2475 2744 2546 μὴ
2791 2475 3219 2546 συναρέσκεσθαι
3262 2477 3450 2547 μηδενὶ
3478 2477 3588 2530 τῶν
3627 2495 3712 2546 γε-

2144 2567 2478 2638 γενημένων.
2512 2567 2605 2639 Μὴ
2635 2569 2812 2622 τοίνυν
2846 2570 2969 2640 ἐμοὶ
2999 2569 3171 2622 ταῦτα
3209 2569 3420 2640 λογίσῃ.
3459 2571 3590 2641 μηδὲ
3633 2571 3721 2625 διὰ

2143 2657 2302 2711 τοῦτο
2352 2659 2531 2731 χεῖρόν
2575 2676 2628 2712 τι
2677 2658 2939 2732 βουλεύσῃ
2987 2660 3116 2732 περὶ
3170 2661 3434 2714 σεαυτοῦ·
3489 2662 3605 2714 ἀλλ’
3653 2665 3720 2734 ἢν

2145 2747 2384 2818 ὑπέσχου
2414 2752 2526 2812 τοῖς
2577 2753 2812 2819 πτωχοῖς
2862 2750 3293 2822 φιλανθρωπίαν,
3347 2751 3549 2821 ταύτην
3597 2752 3720 2806 ἐπι-

2143 2837 2270 2909 τελῆ
2295 2839 2540 2909 ποίησον.
2572 2840 2682 2892 Καὶ
2714 2840 2814 2910 μέν
2844 2857 2924 2893 τοι
2960 2840 3202 2904 καὶτοὺς
3238 2840 3365 2911 περὶ
3405 2840 3504 2910 ἐμὲ
3532 2840 3722 2911 κληρι-

2144 2929 2305 2992 κοὺς»
2360 2930 2517 2992 ὅσους
2563 2929 3005 3002 παρῃτησάμην,
3054 2931 3155 3001 τῆς
3217 2931 3548 3002 ἀπογραφῆς
3604 2932 3717 3002 (δεῖ)

2144 3017 2527 3088 ὲλευθέρωσον,
2575 3019 2752 3072 ἐκεῖνο
2796 3019 3140 3091 ἐνθυμηθεὶς,
3171 3020 3254 3072 ὅτι
3291 3019 3408 3071 λίαν
3448 3019 3556 3072 τῶν
3594 3019 3720 3072 άτό-

2144 3125 2263 3163 πων
2295 3111 2405 3179 (60)
2440 3110 2609 3175 ἐστὶν,
2649 3109 2839 3174 ἄλλους
2888 3112 2985 3183 μὲν
3013 3111 3108 3165 καὶ
3145 3111 3330 3164 οὐσίαν
3370 3110 3496 3180 ὃλην
3538 3109 3721 3163 καθιε-

2147 3201 2272 3272 ροῦν
2311 3201 2389 3272 τῷ
2429 3201 2570 3272 Θεῷ,
2623 3203 2682 3255 σὲ
2721 3203 2778 3256 δὲ
2827 3203 2960 3273 μηδὲ
3015 3206 3216 3274 προῖκα
3255 3201 3541 3272 βούλεσθαι
3575 3198 3716 3255 εἶναι

462 3303 648 3348 tecum
695 3301 978 3362 reputans,
1015 3308 1130 3348 rem
1179 3309 1302 3349 esse
1349 3308 1679 3364 magnopere
1720 3293 2038 3360 absurdam,

2143 3293 2408 3363 χρηστόν·
2467 3296 2562 3347 καὶ
2593 3293 2785 3358 ἄλλαις
2817 3294 2927 3366 (Gl)
2972 3295 3068 3366 μὲν
3103 3293 3292 3347 πόλεσι
3343 3295 3549 3357 πάντας
3592 3295 3720 3357 τοὺς

463 3386 604 3440 alios
633 3399 763 3438 suas
787 3400 1003 3454 quoque
1029 3399 1223 3438 omnes
1243 3383 1532 3439 facultates
1557 3384 1667 3439 Deo
1690 3400 2038 3452 consecrare,

462 3483 518 3528 te
562 3482 743 3529 autem
787 3489 855 3528 ne
887 3473 1060 3544 gratis
1101 3473 1323 3543 quidem
1355 3473 1650 3544 benignum
1693 3489 1816 3530 esse
1850 3475 1988 3531 velle
2021 3493 2036 3530 :

2150 3384 2280 3454 περὶ
2305 3382 2368 3435 τὸ
2403 3383 2554 3454 βῆμα
2588 3384 2807 3455 δοθῆναι
2838 3385 2971 3456 (62),
3019 3388 3150 3456 ἡμῖν
3179 3385 3238 3438 δὲ
3273 3383 3409 3455 μηδὲ
3439 3385 3567 3448 τοὺς
3598 3400 3721 3437 συν-

2144 3474 2304 3539 όντας
2327 3477 2422 3529 καὶ
2448 3475 2850 3547 θεραπεύοντας
2877 3478 3011 3548 (65),
3053 3479 3146 3530 καὶ
3172 3477 3344 3530 ταῦτα
3390 3477 3518 3548 παρ’
3565 3476 3594 3529 ὑ
3602 3477 3720 3547 μῶν

463 3576 628 3636 atque
655 3567 779 3620 aliis
811 3564 1042 3619 urbibus
1066 3579 1257 3618 omnes
1289 3579 1405 3628 eos,
1442 3564 1535 3633 qui
1579 3563 1883 3618 sacrarium
1924 3579 2040 3617 am-

2140 3564 2248 3618 τῶν
2280 3567 2647 3632 οἰκειοτάτων,
2677 3567 2772 3632 οὓς
2816 3569 2976 3639 τυχὸν
3017 3569 3116 3622 οὐκ
3167 3567 3528 3638 αἰσχυνοῦμεν
3575 3568 3716 3638 (64).

464 3660 643 3721 biunt,
675 3658 891 3722 donari,
933 3658 1095 3713 nobis
1144 3667 1322 3712 autem
1363 3672 1433 3712 ne
1475 3671 1570 3712 eos
1618 3655 1859 3725 quidem,
1905 3671 2043 3724 quo-

463 3768 584 3805 rum
613 3749 1015 3805 consuetudine
1043 3749 1271 3812 utimur,
1304 3756 1356 3802 et
1384 3749 1476 3818 qui
1509 3746 1666 3802 nobis
1707 3746 2040 3812 ministrant,

462 3843 627 3912 idque
652 3858 684 3895 a
713 3841 890 3904 vobis,
917 3840 1244 3910 quibuscum
1273 3854 1488 3895 summa
1511 3839 1672 3893 nobis
1694 3847 1779 3894 est
1802 3837 2040 3892 familia-

464 3934 619 3997 ritas,
651 3940 704 3986 ct
737 3932 937 4002 quibus
983 3930 1218 3986 fortasse
1252 3930 1475 3984 minime
1514 3928 1770 3984 dedecori
1807 3929 2035 3985 erimus.

463 4021 588 4074 llaec
619 4037 648 4075 a
683 4022 842 4077 nobis
881 4021 948 4075 ad
984 4030 1036 4077 te
1077 4021 1244 4076 scribi
1275 4036 1371 4091 par
1416 4020 1541 4076 fuit.
1570 4018 1683 4076 Nec
1725 4020 1868 4076 enim
1909 4035 2040 4076 con-

463 4113 613 4180 gredi
657 4122 834 4168 tecum
865 4115 1042 4176 licuit,
1075 4123 1364 4182 propterea
1405 4111 1553 4183 quod
1585 4112 1810 4168 morbus
1844 4127 1931 4167 me
1965 4111 2036 4166 ad

2143 3655 2328 3710 Ταῦτα
2359 3658 2715 3728 ὲπισταλῆναί
2743 3676 2825 3712 σοι
2863 3661 2992 3730 παρ’
3018 3657 3174 3730 ἡμῶν
3204 3659 3388 3721 καλῶς
3419 3653 3552 3728 εἶχε.
3585 3658 3718 3709 Συν-

2142 3750 2324 3819 τυχεῖν
2355 3748 2412 3801 δὲ
2455 3749 2554 3802 ούκ
2599 3750 2900 3818 ἐξεγένετο,
2950 3749 3135 3821 ἐπειδή
3183 3767 3251 3822 με
3298 3750 3333 3821 ἡ
3364 3750 3518 3812 νόσος
3548 3747 3714 3820 ἐξώρ-

2148 3858 2288 3912 μησε
2334 3842 2471 3913 πρὸς
2518 3841 2586 3896 τὰ
2628 3842 2813 3896 Τύανα
2859 3842 3157 3916 Θεραπείας
3208 3842 3555 3912 τευξόμενον,
3611 3839 3719 3901 ἕως

2145 3931 2356 4003 καιρός.
2389 3934 2501 3987 Καὶ
2536 3929 2890 4003 συγγίνωσκε.
2935 3933 3079 3986 Ἀντὶ
3116 3933 3173 3986 δὲ
3219 3931 3378 4003 ήμῶν
3417 3930 3559 4001 ἔχεις
3586 3929 3718 3981 Θεὸν

2145 4023 2408 4094 παρόντα,
2457 4026 2550 4078 καὶ
2588 4025 2883 4096 βοηθοῦντα
2911 4027 3023 4087 τοῖς
3069 4023 3284 4094 πένησι,
3317 4022 3410 4076 τδν
3457 4020 3591 4075 πολὺ
3619 4021 3719 4090 τῆς
3777 4019 3781 4022 ’

2145 4114 2446 4184 παρουσίας
2473 4117 2505 4185 ἡ
2516 4115 2630 4186 μῶν
2661 4109 3101 4187 αἱδεσὶμώτερον.

463 4200 806 4269 Tyaucusem
854 4203 1044 4255 urbem
1089 4201 1362 4270 proficisci
1407 4201 1608 4272 coegit,
1645 4209 1727 4264 ut,
1807 4200 1936 4254 dum
1985 4215 2083 4270 per
2117 4209 2332 4272 tempus
2378 4204 2526 4267 licet,
2596 4221 2841 4262 curarer.
2885 4209 3050 4278 ldque
3086 4209 3248 4264 velim
3293 4210 3571 4280 ignoscas.
3609 4205 3717 4258 Pro

467 4297 624 4348 nobis
672 4305 852 4349 autem
914 4295 1084 4349 Deum
1129 4303 1453 4364 praesentem
1524 4294 1736 4358 habes,
1786 4308 1851 4348 ac
1921 4295 2255 4364 pauperibus
2301 4311 2459 4367 opem
2497 4297 2780 4367 ferentem,
2828 4302 2919 4372 qui
2969 4305 3257 4377 prmsentia
3312 4310 3501 4361 nostra
3546 4301 3718 4357 mullo

467 4385 749 4456 augustior
782 4400 846 4441 ac
875 4386 1238 4442 venerabilior
1267 4393 1372 4441 est.

539 4625 652 4695 (56)
690 4625 839 4680 Alias
861 4623 1089 4695 CLXVI.
1123 4625 1337 4695 Scripta
1372 4625 1560 4695 eodem
1591 4632 1854 4695 tempore.

538 4693 653 4766 (57)
691 4695 853 4761 Mdu-2
881 4694 1132 4764 γένοιτο.
1183 4693 1261 4748 Ita
1288 4693 1409 4749 cod.
1458 4694 1590 4764 Reg.
1628 4703 1682 4750 et
1709 4693 1954 4750 Combef.
1981 4693 2038 4749 In

468 4766 598 4820 edit.
633 4766 764 4836 μηδὲ
793 4766 1020 4836 γένοιτο.

542 4833 651 4901 (58)
684 4833 874 4888 Ὅσον
895 4835 992 4886 ἐπὶ
1011 4835 1098 4896 τό,
1125 4844 1229 4888 etc.
1260 4833 1530 4888 CombeL:
1557 4849 1618 4887 ea
1646 4846 1779 4888 certe
1809 4833 2036 4897 ratione,

468 4905 605 4972 qttod
635 4922 813 4958 eorum
839 4921 954 4974 qua:
992 4914 1136 4973 gesta
1163 4913 1304 4974 sunt,
1329 4904 1478 4974 nihil
1507 4902 1856 4972 probaverim.
1891 4901 2036 4969 Mox,

469 4974 784 5051 Celinibus?
820 4972 951 5051 μηδὲ
986 4972 1432 5051 συναρέσδςεσθαι.

543 5043 653 5123 (59)
691 5041 803 5110 Τῆς
821 5039 1196 5111 ἀπογραφῆς.
1239 5042 1312 5095 lla
1345 5042 1467 5096 cod.
1505 5039 1638 5112 Reg.
1675 5039 1733 5094 In
1779 5039 1914 5095 edit.
1945 5039 2044 5108 τῆς

473 5127 706 5180 γραφης-
1296 5179 1307 5180 γ
1560 5179 1568 5180 ί
1689 5163 1715 5180 _.

547 5177 660 5250 (ti—0)
690 5180 840 5233 Λίαν
864 5180 983 5232 τῶν
1009 5182 1265 5236 ἀτόπων.
1291 5179 1370 5234 lla
1400 5180 1524 5235 eod.
1552 5179 1610 5233 In
1638 5177 1768 5234 edit.
1797 5178 1916 5232 λίαν
1938 5177 2046 5231 τῶν

477 5250 741 5309 ἀπίστων,
778 5266 887 5301 rem
923 5265 1228 5318 magnopere
1263 5250 1640 5305 incredibilem.

549 5319 655 5386 (6|)
686 5319 792 5370 Καὶ
819 5317 1054 5383 ἄλλαις.
1099 5318 1176 5373 Ita
1205 5335 1393 5377 omnes
1430 5320 1591 5377 codd.
1621 5317 1792 5376 nostri
1822 5326 1876 5374 et
1897 5319 2051 5375 (Zom-

475 5388 583 5442 bct'.
621 5387 762 5442 Edit.
793 5388 886 5441 καὶ
914 5387 1125 5448 ἄλλους.

2071 4625 2114 4682 υ
2151 4623 2505 4726 “9%).To‘iic
2531 4625 2663 4726 περὶ
2702 4626 2770 4710 τε)
2813 4624 2984 4696 ,ϐῆμα
3019 4627 3287 4726 δοςζῖναι.
3328 4627 3599 4693 Combef.,
3629 4631 3720 4726 qui

2147 4697 2388 4766 sacrario
2419 4697 2711 4766 funguntur
2736 4699 2992 4752 immunes
3025 4697 3196 4753 reddi.

2219 4765 2329 4834 (65')
2357 4767 2465 4819 Καὶ
2491 4768 2947 4834 θεραπεύοντας.
2974 4766 3284 4821 Tillemont.
3317 4769 3715 4834 interpretatio-

2148 4851 2268 4889 nem
2304 4836 2603 4904 sequimur.
2630 4837 2898 4897 Combef.,
2923 4838 3011 4905 qui
3042 4849 3220 4891 nostra
3247 4847 3367 4892 sunt
3397 4836 3599 4890 addicti
3627 4837 3719 4889 ob-

2148 4905 2347 4973 sequio.
2379 4905 2494 4960 Non
2531 4907 2666 4960 satis
2698 4916 2822 4974 apte
2853 4905 2998 4970 Bill.,
3023 4923 3055 4958 a
3086 4908 3272 4974 quibus
3299 4907 3522 4960 colimur
3547 4917 3594 4960 et
3623 4907 3716 4958 ob—

2147 4990 2454 5044 servantur;
2490 4975 2571 5029 sic
2591 4977 2735 5030 enini
2761 4974 3056 5044 Gregorius
3081 4991 3110 5028 a
3139 4983 3255 5030 toto
3288 4977 3436 5030 clero
3462 4991 3580 5029 suo.
3610 4974 3717 5028 Sed

2143 5042 2233 5096 hie
2265 5043 2334 5097 de
2379 5044 2487 5098 illis
2535 5059 2714 5099 sermo
2765 5055 2850 5099 est
2879 5042 2984 5114 'qui
3037 5046 3258 5099 domum
3309 5045 3720 5114 constituebant

2142 5114 2575 5184 cpiscopi,quos
2597 5115 2822 5184 speciali
2846 5116 3058 5169 ratione
3081 5115 3355 5170 immunes
3376 5129 3498 5170 esse
3519 5113 3718 5168 debere

2141 5183 2507 5253 contendebat
2539 5183 2852 5253 Gregorius.

2217 5252 2329 5322 (64)
2369 5251 3150 5324 Οὺκγαὶσγξυνοῦμεικϐοιιὰο
3185 5251 3364 5321 Pass.,
3392 5251 3631 5309 Montac.
3663 5258 3715 5309 et

2145 5319 2334 5378 ωσι-ει.
2365 5323 2583 5393 αἰσχύνο
2592 5319 2706 5377 uas.
