4066 6214
483 328 589 385 N5

1710 324 1769 381 S.
1818 322 2146 395 QREGORII
2184 319 2531 380 TIIEOLOGI

3618 324 3721 380 ιιι

481 440 657 504 tiisse,
684 435 1063 509 virginumque
1091 433 1352 507 pudorem
1372 436 1428 492 in
1455 435 1779 493 oblivionem
1810 438 2052 500 venisse,

2173 457 2262 493 των
2311 441 2374 493 ἐκ
2415 439 2515 509 τῆς
2558 434 2898 509 τραχύτητος
2936 435 3029 490 καὶ
3067 434 3158 491 τὸν
3201 435 3366 489 ἔλεον.
3411 436 3551 491 Ἀλλ’
3593 438 3723 503 ἴσως

483 530 875 588 monachorum
918 529 1272 595 modestiam,
1306 544 1605 601 pauperum
1646 529 2009 584 calamitatem
2034 568 2051 593 ,

481 638 621 693 quos
682 622 989 678 animorum
1056 621 1351 678 austeritas
1400 620 1774 676 misericordia
1843 635 2058 690 quoque

485 713 811 784 privaverat.
860 710 1231 767 Nihilominus
1256 720 1441 767 tamen
1476 712 1701 767 lenitate
1737 718 1901 781 atque
1942 711 2057 766 cle-

484 802 685 857 mentia
742 800 820 855 uti
875 799 1108 856 fortasse
1147 801 1321 856 satius
1376 809 1497 865 est,
1544 800 1839 870 multisque
1873 815 1968 870 per
1994 813 2060 854 ea

2163 530 2536 601 μακροθυμεῖν
2578 528 2822 599 ἄμεινον,
2863 528 2958 581 καὶ
2990 527 3205 590 πολλοῖς
3244 527 3303 594 ἐξ
3335 521 3409 581 ὧν
3440 528 3724 600 πάσχομεν

2160 620 2358 673 διδόναι
2394 618 2772 690 μακροθυμίας
2808 617 3133 689 ὑπόδειγμα.
3166 618 3238 671 Οὐ
3266 616 3375 689 γὰρ
3406 617 3578 693 οὕτως
3613 620 3722 689 (2(3)

2160 712 2190 763 6
2211 709 2367 777 λόγος
2396 708 2571 762 πείθει
2599 710 2726 773 τοὺς
2758 708 3008 773 πολλοὺς,
3062 709 3137 773 ὡς
3167 711 3202 779 ἡ
3249 708 3467 780 πρᾶξις,
3513 711 3548 763 ἡ
3594 727 3724 763 σιω-

2164 798 2325 853 πῶσα
2355 796 2691 869 παραίνεσις.

483 913 604 967 quae
656 898 1025 969 perpetimur.
1066 894 1307 950 lenitatis
1364 909 1430 948 ac
1466 894 1751 965 patientia:
1800 894 2194 949 documentum
2238 892 2501 963 praebere.
2554 889 2676 947 Non
2728 891 2875 947 enim
2918 890 3144 962 perinde
3200 890 3378 947 oratio
3439 890 3728 977 plerosque

483 1002 684 1061 movet,
722 1002 886 1063 atque
917 990 1079 1057 actio,
1121 1006 1242 1062 quae
1272 988 1425 1045 taciti
1448 988 1739 1059 cujusdam
1769 989 2057 1044 monitoris
2096 988 2272 1044 instar
2296 994 2401 1043 est.

554 1084 807 1155 Magnum
838 1099 959 1139 esse
974 1099 1287 1151 censemus,
1323 1083 1392 1139 de
1422 1082 1491 1139 iis
1527 1083 1785 1153 aquibus
1814 1083 1924 1139 laesi
1959 1098 2055 1138 su-

481 1191 644 1241 mus,
678 1189 866 1245 punias
916 1175 1220 1245 sumpsisse
1271 1190 1286 1228 :
1337 1189 1628 1243 magnum,
1672 1174 1782 1246 67
1834 1174 2053 1244 inquam

484 1270 630 1339 (nam
662 1274 718 1321 et
747 1266 853 1321 hoc
880 1264 948 1319 ad
981 1265 1212 1320 aliorum
1243 1265 1372 1321 vitia
1405 1266 1728 1337 corrigenda
1755 1264 1887 1320 utile
1915 1266 2053 1336 est),

482 1363 537 1409 at
566 1355 739 1409 multo
768 1354 873 1408 hoc
901 1354 1078 1424 majus
1106 1368 1171 1408 ac
1198 1353 1437 1410 divinius
1467 1363 1569 1421 est,
1596 1360 1875 1424 acceptam
1912 1354 2056 1423 inju-

482 1446 621 1499 riam
660 1446 915 1500 tolerare.
961 1444 1097 1499 Illud
1142 1444 1289 1499 enim
1339 1444 1748 1515 improbitatem
1797 1454 2052 1501 coercet:

482 1532 586 1587 boc
623 1540 806 1586 autem
845 1532 912 1587 ad
957 1532 1285 1603 probitatem
1334 1530 1603 1600 adducit;
1655 1531 1801 1603 quod
1835 1531 2053 1602 quidem

481 1626 643 1695 longe
673 1624 1022 1695 praestantius
1060 1631 1116 1680 et
1166 1623 1464 1695 perfectius
1493 1633 1610 1689 est,
1652 1637 1816 1693 quam
1855 1637 1886 1676 a
1927 1623 2057 1676 vitio

2227 1081 2396 1151 Μέγα
2433 1079 2730 1153 νομίζομεν
2760 1075 2898 1134 εῖναι
2937 1080 2998 1135 τὸ
3024 1080 3178 1145 δίκας
3216 1083 3365 1154 παρὰ
3403 1083 3511 1138 τῶν
3542 1086 3730 1157 ἠδικη-

2160 1174 2335 1227 κότων
2376 1172 2589 1227 λαϐεῖν’
2625 1172 2766 1243 μέγα
2795 1172 2938 1243 φημὶ
2971 1173 3102 1243 (καὶ
3142 1174 3250 1244 γὰρ
3290 1175 3568 1229 καὶτοῦτο
3612 1178 3725 1246 (27)

2162 1265 2429 1336 χρήσιμον
2456 1264 2535 1328 είς
2555 1264 2653 1336 τὴν
2674 1263 2780 1317 τῶν
2805 1264 2978 1318 ἄλλων
3003 1263 3318 1336 διόρθωσιν)
3340 1307 3354 1331 ,
3392 1266 3527 1319 ἀλλά
3550 1268 3730 1338 πολλῷ

2160 1354 2350 1409 τούτου
2401 1355 2537 1427 (ετ)
2586 1356 2768 1426 μεῖζον
2799 1354 2894 1409 καὶ
2925 1354 3281 1427 θεῖκὼτερον,
3336 1356 3398 1409 τὸ
3444 1362 3731 1429 καρτερεῖν

2162 1446 2467 1517 πάσχοντας
2496 1446 2632 1517 (28).
2688 1447 2895 1501 Ἐκεῖνο
2941 1447 3042 1517 μὲν
3080 1446 3188 1518 γὰρ
3221 1448 3320 1519 τὴν
3364 1448 3562 1501 κακίαν
3612 1450 3731 1503 ἐπι-

2166 1540 2439 1609 στομίζει,
2464 1538 2622 1592 τοῦτο
2654 1538 2710 1592 δέ
2752 1540 3025 1609 χρηστοὺς
3056 1533 3196 1593 εἶναι
3232 1538 3440 1594 πείθει·
3476 1539 3504 1591 δ
3531 1538 3623 1592 τοῦ
3656 1540 3731 1610 μὴ

2164 1631 2367 1693 κακοὺς
2396 1625 2557 1695 εἶναι,
2574 1629 2711 1685 πολὺ
2738 1631 2981 1702 κρεῖττόν
3004 1633 3121 1685 ἐστι
3143 1631 3237 1684 καὶ⁸
3257 1629 3579 1702 τελεώτερον
3596 1631 3729 1701 (29).

482 1716 777 1771 abstinere.
832 1713 1111 1785 Ingentem
1176 1715 1337 1773 nobis
1381 1714 1748 1771 humanitatis
1789 1722 2057 1785 quaestum

2173 1721 2418 1791 Μεγάλην
2471 1723 2603 1792 ἡμῖν
2653 1722 2964 1793 νομίσωμεν
2991 1722 3313 1793 προκεῖσθαι
3353 1724 3733 1794 πραγματείαν

482 1808 824 1878 propositum
869 1822 993 1863 esse
1035 1806 1440 1872 existimemus,
1478 1816 1533 1863 et
1582 1822 1666 1874 ea,
1701 1823 1824 1878 qtae
1854 1806 1910 1861 in
1961 1821 2066 1862 nos

483 1897 722 1953 admissa
772 1904 943 1962 sunt,
989 1897 1405 1962 condonemus,
1467 1905 1528 1951 ut
1575 1896 1679 1968 ipsi
1707 1912 1923 1969 quoque
1974 1912 2068 1952 ve-

482 1988 629 2042 niam
691 2003 1115 2061 consequamur,
1172 1998 1228 2044 et
1297 1989 1691 2061 benignitatem
1746 1988 2067 2061 benignitati

483 2075 859 2131 adhibeamus.

532 2167 823 2223 'Zelatoris
867 2178 1289 2240 cognomentum
1324 2168 1455 2224 hinc
1499 2168 1741 2224 obtinuit
1790 2168 2065 2235 Pbinees,

483 2260 629 2332 quod
661 2260 1097 2326 Madianitidem,
1122 2276 1231 2316 una
1266 2276 1391 2315 cum
1427 2275 1493 2315 eo
1540 2261 1632 2331 qui
1672 2270 1925 2331 stuprum
1965 2260 2069 2330 ipsi

485 2350 785 2415 inferebat,
822 2351 1060 2420 pugione
1095 2350 1409 2415 transﬁxit,
1450 2358 1617 2419 atque
1660 2365 1725 2403 ex
1770 2348 2068 2404 Israelitica

483 2438 707 2493 natione
734 2438 994 2508 probrum
1021 2438 1222 2493 exemit
1243 2440 1314 2505 ";
1355 2448 1409 2490 at
1426 2438 1687 2508 majorem
1714 2438 1816 2492 boc
1848 2437 2070 2492 nomine

484 2528 703 2583 Iaudem
749 2527 909 2593 tulit,
941 2527 1088 2599 quod
1133 2543 1233 2599 pro
1272 2528 1474 2599 populo
1520 2527 1575 2582 in
1608 2527 1791 2583 scelus
1825 2528 2069 2596 collapso

484 2634 679 2691 preces
714 2618 874 2674 fudit.
927 2617 1148 2675 Stemus
1198 2618 1362 2690 igitur
1390 2633 1492 2674 nos
1522 2633 1776 2689 quoque,
1828 2625 1888 2671 ut
1920 2615 2070 2671 Scri-

486 2720 660 2781 pturae
706 2709 887 2765 verbis
914 2718 1040 2764 utar
1058 2710 1126 2773 ",
1159 2724 1222 2763 ac
1268 2710 1580 2780 placemus,
1611 2719 1664 2764 et
1698 2716 1876 2764 cesset
1904 2722 2070 2779 quas-

487 2801 664 2868 satio;
714 2801 983 2871 nobisque
1034 2799 1183 2855 istud
1234 2799 1302 2854 ad
1352 2799 1627 2869 justitiam
1684 2800 2068 2870 reputetur".

487 2891 771 2949 Laudibus
818 2893 948 2948 item
999 2890 1229 2947 allectus
1282 2901 1368 2946 est
1412 2891 1612 2957 Moses,
1648 2892 1795 2963 quod
1826 2908 1889 2946 ex
1922 2892 2070 2946 illata

488 2982 746 3040 Israelita:
781 2983 985 3054 injuria
1028 2983 1220 3039 dolore
1245 2991 1575 3047 commotus,
1612 2982 1929 3054 Egyptium
1973 2997 2069 3037 oc-

2169 1808 2595 1881 φιλανθρωπίας,
2629 1810 2721 1863 κάι
2755 1812 3197 1883 συγχωρήσωμεν
3230 1810 3299 1865 τά
3326 1813 3407 1875 είς
3446 1814 3616 1883 ἡμᾶς,
3646 1813 3734 1866 ἵνα

2168 1901 2262 1980 καὶ
2300 1902 2452 1955 αὐτοὶ
2502 1901 2753 1973 τύχωμεν
2794 1904 2894 1974 τῆς
2940 1906 3372 1976 συγχωρήσεως·
3398 1905 3493 1960 καὶ
3518 1922 3735 1977 προεισ-

2169 1994 2481 2062 ενέγκωμεν
2519 1993 2863 2066 χρηστότητα
2892 1996 2959 2065 τῇ
2994 1994 3326 2067 χρηστότητι
3347 1995 3481 2067 (50).

2231 2166 2495 2241 Ζηλωτὴς
2538 2170 2737 2240 ἤκουσε
2774 2170 2991 2239 Φινεὲς,
3029 2171 3111 2226 ὃτι
3148 2171 3250 2244 τὴν
3282 2172 3608 2227 Μαδιανῖτιν
3659 2171 3738 2244 τῷ

2170 2258 2352 2331 πόρνῳ
2406 2260 2846 2333 συνεξεκέντησι,
2893 2262 2988 2315 καὶ
3017 2261 3217 2326 ἐξεῖλεν
3250 2262 3459 2324 Διδνειδος
3498 2264 3559 2330 ἐξ
3606 2264 3739 2317 υἱῶν

2181 2346 2429 2417 Ἰσραήλ*
2473 2346 2587 2399 ἀλλ’
2639 2347 2875 2418 ἐπῃνέθη
2927 2347 3110 2413 πλέον,
3141 2350 3222 2402 ὅτι
3264 2348 3357 2401 τοῦ
3396 2348 3525 2402 λαοῦ
3568 2367 3742 2421 προσ-

2167 2435 2370 2504 ηῦξατο
2404 2436 2513 2506 (31)
2544 2438 3136 2509 πταίσαπος.Στῶμεν
3166 2435 3270 2492 οὖν
3299 2440 3393 2493 καὶ
3426 2442 3613 2512 ἡμεῖς,
3638 2444 3739 2496 καὶ

2169 2525 2579 2596 ἐξιλασώμεθα,
2612 2529 2707 2581 καὶ
2746 2530 3049 2583 κοπασάτω
3090 2531 3124 2601 ή
3176 2530 3435 2601 θραῦσις,
3492 2532 3634 2587 κατά
3678 2535 3741 2588 τὸ

2169 2617 2552 2689 γεγραμμένον
2571 2633 2585 2647 ο
2625 2619 2719 2673 καὶ
2748 2619 3051 2692 λογισθήτω
3086 2621 3244 2675 τοῦτο
3273 2623 3403 2694 ἡμῖν
3433 2625 3513 2688 είς
3536 2624 3742 2679 δικαιο-

2172 2707 2358 2778 σύνην.
2414 2708 2681 2781 Ἐπῃνέθη
2728 2712 2822 2765 καὶ
2875 2712 3115 2779 Μωσῆς,
3160 2714 3241 2767 ὃτι
3296 2715 3388 2768 τὸν
3434 2716 3741 2785 Αίγύπτιον

2170 2796 2351 2851 ἀνεῖλε
2383 2796 2518 2867 (52),
2553 2797 2631 2868 τῷ
2664 2799 2971 2871 Ἰσραηλίτῃ
2996 2802 3376 2874 περιαλγήσας
3396 2819 3410 2832 '
3439 2803 3552 2858 ἀλλ’
3582 2806 3742 2859 ἐθαυ-

2174 2886 2355 2957 μάσθη
2386 2886 2567 2953 πλέον,
2589 2889 2671 2941 ὅτι
2696 2888 2928 2960 Μαριάμ
2951 2888 3307 2963 τὴνάδελφὴν
3336 2894 3423 2947 διὰ
3457 2894 3516 2948 τὸ
3542 2896 3743 2966 γογγῦ-

2170 2997 2261 3033 σαι
2295 2980 2703 3052 λεπρωθεῖσαν,
2734 2980 2823 3035 διὰ
2867 2981 2965 3052 τῇς
3014 2982 3334 3055 sumas)
3389 2984 3739 3057 ἐθεράπευσε.

486 3074 738 3130 ciderit"
769 3091 783 3126 :
827 3090 1017 3130 verum
1055 3074 1317 3143 majorem
1366 3072 1497 3128 hinc
1530 3074 1615 3128 sui
1650 3073 2067 3129 admirationem

2174 3075 2371 3128 Σκόπει
2412 3075 2506 3129 καὶ
2549 3075 2615 3129 τὰ
2654 3074 2799 3145 ἑξῆς.
2844 3075 3217 3130 ’Δπειλοῦνται
3263 3078 3537 3133 Νινευῖται
3577 3097 3745 3134 καταο

486 3165 804 3230 concitavit,
840 3164 985 3236 quod
1017 3163 1243 3219 Mariam
1284 3180 1532 3220 sororem
1570 3165 1748 3235 Iepra,
1778 3172 2067 3234 propterea

488 3257 637 3329 quod
678 3263 1136 3323 murmuraverat,
1169 3257 1509 3312 laborantem
1528 3296 1541 3321 ,
1567 3255 1828 3326 precibus
1850 3256 1979 3312 suis
2005 3255 2067 3310 in

489 3353 779 3409 sanitatem
813 3347 1129 3403 vindicavit.
1187 3343 1325 3412 Quin
1378 3359 1441 3400 ea
1497 3348 1807 3417 etiam.un
1829 3362 2073 3416 sequun-

2177 3165 2447 3236 στροφὴν,
2510 3164 2645 3217 ἀλλὰ
2693 3164 2956 3237 δάκρυσιν
3024 3165 3347 3231 ἐξωνοῦνται
3400 3167 3500 3241 τὴν
3563 3168 3746 3242 ἀμαρ-

2162 3254 2295 3307 υτίαν
2322 3254 2452 3323 (54).
2492 3253 2787 3323 Μανασσῆς
2824 3254 2882 3307 ἐν
2925 3253 3205 3325 βασιὶεῦσι
3257 3256 3741 3329 παρανομὼτατος,

2162 3346 2292 3400 ἀλλ’
2319 3349 2383 3400 ἐν
2405 3348 2514 3409 τοῖς
2552 3346 2768 3399 σωθεῖσι
2801 3345 2890 3400 διὰ
2920 3346 3118 3419 θρῆνον
3152 3348 3636 3418 περιφανέστατος.

488 3456 581 3504 tur
620 3443 1010 3501 animadverte.
1060 3439 1316 3499 Ninivitis
1348 3443 1619 3498 excidium
1664 3441 2063 3506 denuntiatur:
2102 3440 2196 3496 sed
2219 3450 2500 3511 peccatum
2536 3440 2792 3511 lacrymis
2828 3440 3177 3497 redemerunt
3201 3442 3268 3496 ¹⁹.
3298 3439 3573 3501 Manasses
3603 3443 3748 3502 inter

488 3553 649 3610 reges
700 3534 1158 3592 sceleratissimus
1204 3551 1218 3588 :
1265 3541 1319 3587 at
1352 3534 1491 3589 inter
1535 3548 1666 3597 eos,
1719 3533 1811 3603 qui
1847 3533 2077 3587 salutem
2116 3532 2398 3588 consecuti
2430 3540 2580 3595 sunt,
2604 3533 2677 3587 ob
2711 3533 2915 3587 luctum
2949 3534 3371 3590 clarissimus“.

563 3626 704 3695 Quid
736 3626 828 3679 tibi
850 3625 1071 3695 faciam,
1098 3622 1436 3692 Ephraim",
1467 3625 1643 3694 inquit
1670 3622 1849 3678 Deus?
1891 3620 2072 3688 Quan-

490 3727 603 3774 tam
648 3715 989 3772 iracundiam
1028 3731 1137 3787 prae
1168 3731 1227 3771 se
1258 3715 1364 3771 fert
1410 3714 1497 3769 bic
1532 3714 1750 3769 sermo!
1784 3724 1838 3767 et
1889 3723 2074 3766 tamen

493 3810 782 3866 confestim
820 3809 1181 3880 propugnatio
1221 3807 1593 3878 subjungitur.
1651 3804 1790 3871 Quid
1828 3803 2077 3875 benigni-

496 3912 606 3958 tate
644 3901 925 3957 celerius?
981 3898 1378 3954 Sodomiticum
1408 3900 1638 3969 ignem,
1673 3896 1938 3952 adversus
1983 3912 2080 3953 eos

494 3995 588 4066 qui
631 3992 817 4051 Iesum
864 3993 1109 4063 abigunt,
1156 3990 1413 4062 discipuli
1462 3990 1740 4061 postulant
1758 3990 1841 4056 ³⁸;
1895 3996 1950 4043 at
1980 3988 2072 4043 illc

496 4086 759 4141 ultionem
807 4092 1049 4140 recusat.
1094 4082 1326 4149 Malchi,
1378 4080 1543 4136 unius
1587 4096 1655 4135 ex
1696 4080 2073 4151 petulantibus

498 4178 607 4232 illis
648 4184 703 4231 et
730 4174 1141 4230 contumeliosis
1166 4214 1180 4238 ,
1215 4188 1401 4228 aurem
1429 4171 1624 4228 Petrus
1670 4182 1953 4241 amputat;
1984 4171 2075 4227 Je-

497 4280 593 4321 sus
622 4272 801 4319 autem
833 4262 1068 4318 restituit
1088 4261 1152 4313 ⁸³.
1185 4260 1325 4325 Quid
1350 4268 1529 4315 autem
1559 4260 1672 4322 ille,
1704 4260 1818 4329 qui.
1843 4260 2074 4329 septies-

418 4400 421 4403 γ
499 4369 568 4409 ne
629 4353 783 4407 fratri
837 4352 990 4422 lapso
1038 4350 1385 4422 ignosceret,
1429 4357 1816 4419 percunctatus
1857 4349 2078 4403 fuerat!

568 4467 616 4499 "
668 4464 860 4534 Nam,
888 4480 1014 4527 xxv,
1051 4464 1081 4517 7
1113 4479 1234 4534 sqq.
1311 4464 1358 4496 "
1398 4462 1556 4534 Psal.
1583 4479 1671 4534 cv,
1727 4464 1913 4521 ’ὅθ-51.

499 4552 622 4607 sqq.

500 4716 633 4774 edit.
663 4715 851 4777 όντως.

596 4784 687 4856 27)
722 4784 830 4856 Kal
884 4785 992 4855 γὰρ
1019 4785 1115 4837 καὶ
1149 4783 1341 4856 τοῦτο.
1371 4782 1450 4856 ita
1488 4783 1610 4840 cod.
1644 4781 1806 4856 ch.,
1841 4784 2075 4841 Montac.

501 4860 558 4911 et
579 4852 765 4927 Mgrel.
792 4852 848 4908 In
881 4852 1014 4927 edit.
1049 4856 1143 4927 καὶ
1169 4854 1485 4927 γὰρ-τοῦτο.

576 4924 711 4994 (27°)
743 4923 965 4994 Πολ.ιῷ
997 4922 1416 4979 τούτου.ὐιιυ8
1444 4923 1566 4979 cod.
1605 4922 1837 4979 Montac.
1869 4932 1923 4981 et
1964 4923 2080 4979 Mo-

506 4995 621 5063 rel.
641 4993 818 5063 πολλῷ
842 4995 1018 5047 τοῦτο.

582 5062 691 5131 (28)
723 5061 1031 5133 καρτερεῖν
1061 5061 1427 5133 πάσχοντας.
1460 5062 1553 5133 Ita
1577 5070 1687 5118 tres
1732 5061 1893 5116 codd.
1924 5061 2078 5133 Reg.,

510 5131 765 5187 Montac..
803 5131 989 5187 Morel.
1027 5148 1089 5186 ac
1122 5133 1366 5187 Cmnbef.
1403 5131 1460 5186 In
1494 5132 1629 5187 edit.
1661 5133 1954 5200 πάσχοντα.

868 5202 1240 5269 τελεώτερον.
1276 5202 1413 5257 Cod.
1450 5201 1578 5273 Reg.
1619 5211 1673 5257 et
1711 5201 1953 5256 Coutbef.
1989 5200 2084 5253 καὶ

510 5286 627 5323 τελε
635 5286 739 5321 ιοτε
746 5286 837 5325 ρον
844 5313 857 5325 .

586 5286 1117 5409 ἱὲπίὲἓορζστότητα
1157 5339 1230 5408 τῇ
1294 5340 1676 5409 χρηστότητι.
1720 5337 1793 5392 Ita
1851 5338 1974 5396 cod.
2026 5347 2081 5392 et

511 5406 755 5481 gttntbef.
798 5406 875 5481 ΔΙιι
928 5406 1451 5481 ειΙιιηχρηστότητα
1505 5406 1900 5481 χρηστότητος,
1942 5408 2087 5481 quod

514 5477 634 5531 Bill.
677 5476 839 5531 vertit
869 5495 883 5532 :
920 5487 1041 5531 ante
1071 5476 1462 5548 benignitatem,
1494 5476 1862 5549 bénignitatcm
1909 5476 2088 5547 confe-

513 5561 716 5600 ramus.

585 5617 697 5739 $51)
739 5614 1150 5698 Προσηύξατο.
1202 5615 1276 5671 Ita
1304 5616 1413 5674 duo
1458 5616 1617 5673 codd.
1653 5615 1787 5689 Reg.
1835 5624 1890 5674 et
1923 5616 2087 5674 Com-

610 5725 621 5738 .
657 5687 713 5739 In
742 5686 870 5739 edit.
910 5683 1234 5739 προηυξατο.

515 5683 621 5741 bcf.
657 5683 713 5740 In
742 5686 870 5741 edit.
910 5683 1234 5757 προηύξατο.

2003 4462 2260 4539 ’ξε-κού.
2306 4478 2365 4527 ιι,
2565 4464 2625 4539 1"
2646 4462 2820 4539 .Num.
2864 4465 3260 4539 χιιηίθῌεψι.

696 4534 744 4566 ³⁸
774 4532 814 4588 ll
844 4533 1020 4588 Paral.
1062 4532 1254 4594 χχχιιι,
1288 4534 1312 4587 I
1353 4549 1476 4604 sqq.
1542 4533 1584 4565 ³¹
1640 4533 1766 4590 Ose.
1804 4550 1878 4597 γι,
1917 4534 1973 4589 4.
2050 4535 2069 4565 ³

2173 4548 2258 4588 uc.
2288 4549 2364 4598 Ix,
2398 4533 2487 4588 54.
2563 4533 2608 4566 ⁸³
2643 4532 2776 4587 Luc.
2807 4549 2939 4602 χχιι,
2970 4537 3157 4591 50-5I.

572 4644 683 4715 (ἢεῖ)
726 4646 810 4699 οὐ
843 4643 952 4714 γὰρ
979 4644 1184 4711 οὕτως.
1212 4645 1291 4698 Ita
1320 4647 1443 4700 cod.
1466 4644 1603 4715 Reg.
1636 4660 1700 4700 ac
1738 4644 1984 4701 Combef.
2016 4642 2074 4700 In
2110 4649 2153 4705 ι)

2252 3623 2311 3674 Tt'
2341 3637 2415 3675 σε
2447 3621 2647 3687 διαοῶ,
2689 3621 2959 3691 Ἐφραῒμ,
3004 3623 3156 3695 παρά
3191 3623 3283 3677 τοῦ
3326 3624 3461 3678 Θεοῦ
3496 3625 3742 3695 λέγεταις

2178 3714 2349 3784 Ὅσης
2375 3713 2543 3785 ὀργῆς
2575 3716 2603 3767 ό
2636 3714 2827 3783 λόγοςί
2863 3716 2956 3769 καὶ
3002 3715 3418 3788 ὑπερασπισμὸς
3455 3719 3741 3788 ἐπάγεται.

2179 3805 2245 3858 Τί
2284 3808 2382 3876 τῆς
2430 3805 2840 3876 φιλανθρωπίας
2887 3806 3216 3879 ταχύτερονς
3247 3809 3365 3881 Πῦρ
3406 3810 3747 3881 Σοδομιτικὸν

2182 3898 2424 3952 αἰτοῦσιν
2471 3899 2521 3951 oi
2562 3899 2813 3969 ,μαθηταὶ
2859 3899 3000 3953 κατά
3046 3900 3154 3953 τῶν
3195 3901 3436 3969 ἀγόντων
3479 3903 3589 3973 (55)
3655 3905 3747 3957 τὸν

2191 3988 2417 4060 Ἰησοῦν,
2454 3990 2483 4041 6
2515 3988 2571 4042 δὲ
2598 3988 2820 4055 ἀπαξιοῖ
2844 3988 2941 4061 τὴν
2977 3989 3275 4060 ἐκδίκησιν.
3305 3991 3501 4062 Τέμνει
3528 3992 3745 4063 Μάλχου

2177 4079 2241 4133 τὸ
2274 4080 2433 4133 ὠτίον
2484 4080 2693 4151 Πέτρος
2718 4118 2733 4144 ,
2767 4080 2891 4143 ἐνὸς
2924 4082 3031 4133 τῶν
3088 4080 3357 4151 ὑϐριστῶν
3377 4121 3392 4143 ,
3446 4082 3651 4152 Ἰησοῦς
3689 4083 3746 4137 δέ

2179 4170 2598 4239 ἀποκαθίστησι.
2636 4171 2701 4223 Τί
2749 4170 2807 4223 δέ
2846 4173 2875 4223 6
2930 4172 3245 4242 ἐρωτήσας,
3296 4174 3344 4225 εί
3390 4175 3620 4238 ἑπτάκις
3658 4178 3745 4247 τῷ

2179 4258 2396 4328 ἀδελφῷ
2452 4258 2833 4329 συγχωρητέον
2893 4259 3233 4323 πταίσαντι;
3284 4262 3345 4314 οὐ
3397 4264 3748 4336 μικρολογίαν

2182 4346 2686 4417 καταγινώσκεται;
2722 4347 2801 4418 τῷ
2853 4348 2963 4421 γὰρ
3004 4350 3271 4417 ἑπτάκις,
3320 4353 3380 4407 τὸ
3420 4353 3751 4428 ἑϐδομηκον-

3360 4470 3405 4502 ²⁹
3428 4467 3555 4527 Jon.
3597 4486 3681 4537 ιιι,
3715 4474 3751 4527 ι

2254 4642 2364 4715 (32)
2400 4642 2522 4721 Τὸν.
2554 4645 2877 4721 ᾼίγύζττιον
2906 4646 3291 4721 ᾄνεῖλεηῐῖἰη.
3324 4648 3631 4721 Αἱρειριὶιιηι
3659 4652 3749 4707 ob-

2182 4713 2465 4789 truncavit.
2490 4713 2596 4789 Sed
2623 4713 2765 4789 unde
2789 4716 2892 4769 hoc
2923 4717 2997 4770 illi
3024 4713 3636 4789 caidisgenusflieimle,
3657 4724 3748 4777 διὰ

2172 4783 2547 4906 ἓρὰγρέγύσαι.
2576 4783 2658 4839 Ita
2691 4783 2845 4840 Pass.
2868 4795 2925 4840 et
2946 4794 3059 4843 tres
3090 4783 3255 4859 Regg.
3287 4789 3343 4851 In
3364 4790 3526 4846 editis
3551 4783 3749 4847 desunt

2247 4922 2358 4992 ('55)
2397 4923 2658 4998 AttkAtﬁc
2681 4922 2912 4998 3361179
2960 4925 3039 4998 Ita
3068 4926 3189 4998 cod.
3242 4926 3372 4998 Reg.
3416 4938 3470 4984 et
3500 4929 3747 4986 Combef.

2181 4993 2338 5069 Alter
2351 4993 2481 5069 ‘c0t_I_.
2513 4993 2602 5069 δια
2638 4994 2745 5045 τῶν
2772 4993 2973 5069 sulcus}.
3007 4993 3060 5049 In
3086 4997 3214 5050 edit.
3241 4993 3579 5069 ταῖς-εὐχαῖς.

2257 5060 2367 5137 (ὅτι)
2416 5060 2535 5137 Τῂν
2569 5060 2889 5137 ἀμαρτίανζ-
2910 5064 2981 5117 Ita
3012 5074 3122 5118 tres
3144 5066 3317 5137 codd.
3347 5060 3476 5137 Reg:
3508 5060 3560 5123 ct
3588 5069 3750 5122 Com-

2184 5132 2293 5203 bef.
2312 5134 2379 5184 ~In
2404 5132 2533 5203 edit.
2557 5134 2668 5203 τὴν
2687 5134 2977 5202 σωτηρίαν,
3012 5136 3154 5203 quod
3185 5134 3304 5190 Bill.
3332 5132 3527 5193 vertit:
3560 5138 3748 5194 Verum

2186 5200 2409 5253 salutem
2447 5200 2697 5270 lacryutis
2732 5200 3078 5257 red—emerunt.

2262 5270 2387 5345 (55)_
2414 5269 2577 5345 Κατᾶ
2594 5269 2716 5345 τῶν
2762 5271 3044 5345 ἀγόντων.
3081 5274 3341 5329 Adversus
3374 5293 3461 5330 eos
3504 5278 3594 5345 qui
3625 5295 3658 5330 a
3695 5293 3750 5329 se

2187 5338 2543 5417 propeet/ebant
2577 5338 2781 5417 Jesum,
2812 5338 2922 5417 qui
2943 5342 2991 5395 ei
3006 5346 3311 5417 “negabant
3348 5338 3647 5417 hospitium
3694 5355 3749 5399 et

2190 5411 2562 5482 refectionem.
2592 5417 2649 5462 ιιι
2681 5409 2875 5482 legitur
2914 5412 2965 5463 in
3006 5409 3577 5482 Evaingelioﬁombef.
3610 5418 3749 5467 κατὰ

2187 5477 2297 5530 τῶν
2331 5478 2686 5553 ’ἀπαγόντωεῃ
2748 5477 2856 5533 Nec
2901 5482 3066 5553 enim,
3115 5477 3319 5553 inﬂuit.
3341 5485 3564 5553 simplex
3586 5485 3751 5553 ἀγόν-

2187 5564 2295 5622 των
2331 5548 2417 5600 hic
2442 5550 2837 5622 co_n_gt_‘uit,_aut
2880 5550 3030 5622 quod
3082 5548 3257 5607 reddit
3296 5552 3414 5605 Bill.
3445 5548 3533 5622 ξιιιὶ
3564 5548 3751 5606 Jesum

2189 5616 2604 5694 adducunt._Ubi
2652 5618 2795 5694 enim
2848 5616 3142 5694 sic_i_gnem
3193 5616 3472 5694 itnpt‘ecati
3517 5622 3749 5680 fuissent

2189 5687 2440 5757 discipuli
2475 5687 2659 5743 Jesum
2686 5687 3106 5745 adducentib’us?
