4080 6206
364 287 461 342 I57

1669 284 2002 343 EPISTOLA
2042 287 2325 342 LXXXVI.

3484 301 3583 358 158

353 405 413 456 τὸ
438 405 529 455 καὶ
557 401 821 473 γνωρίσαι
857 400 924 456 δι’
947 404 1226 476 ἐπιστολῆς
1249 407 1400 479 ἡμῖν,
1429 406 1510 460 ὅτι
1541 403 1697 479 τοῦτο
1719 407 1910 468 ποιεῖς.

2038 404 2310 469 .3ra2terea,
2357 405 2501 474 quod
2557 413 2610 462 te
2660 406 2762 463 hoc
2791 407 2992 473 facere,
3036 408 3196 466 nobis
3241 427 3340 481 per
3375 415 3586 473 litteras

353 492 426 544 Τὸ
473 493 572 562 μὲν
613 493 722 563 γὰρ
771 493 850 564 τῷ
901 494 1093 565 δικαίῳ
1133 497 1354 567 χαρίζῃ,
1398 495 1462 549 τὸ
1495 496 1552 549 δὲ
1583 497 1742 566 ἡμῖνέ
1780 496 1919 548 Ἀλλ’

349 581 499 645 ὅπως
561 581 638 653 μὴ
696 584 1018 656 ἀποκάμνῃς
1065 588 1198 656 ἡμῖν
1245 586 1340 639 καὶ
1402 587 1540 657 πρὸς
1585 587 1646 660 τὸ
1680 585 1805 654 ἑξῆς
1858 581 1918 640 εὖ

347 671 523 726 ποιῶν
543 689 556 702 ·
590 674 677 726 ἀεὶ
703 675 762 727 δέ
813 692 866 727 τι
891 675 1100 744 φαίνοιο
1127 679 1195 747 τῇ
1229 676 1429 748 σπουδῇ
1468 676 1798 748 προστιθεὶς,
1833 677 1920 730 ἵνα

349 779 414 814 σε
437 764 534 816 καὶ
567 764 728 818 πλέον
749 764 824 835 t2)
866 765 1256 837 θαυμάζωμεν.
1295 767 1354 820 Ὀ
1384 767 1441 819 δὲ
1480 767 1591 830 υἱὸς
1619 768 1918 837 Εὑφήμιος.

343 857 505 910 οὔπω
543 858 640 927 μὲν
664 858 948 930 πάρεστιν,
997 844 1291 924 ἐλπίζεταιὲ
1317 860 1395 926 δὲ,
1427 862 1521 915 καὶ
1559 857 1712 929 οἶμαί
1740 878 1820 914 σοι
1847 861 1921 932 μὴ

342 949 551 1002 πολλοῦ
586 951 746 1003 πόνου
773 951 1007 1022 δεήσειν,
1041 953 1091 1004 εἰ
1123 950 1500 1020 παραγένοιτο.

837 1229 962 1282 ων.
1008 1229 1096 1299 To
1128 1229 1311 1300 ΔΥΤῼ
1345 1229 1446 1299 (3).

2017 493 2315 564 signiﬁces,
2363 493 2550 548 laudo.
2600 494 2738 549 Illud
2784 496 2928 550 enim
2961 497 3187 566 justitia:
3221 500 3433 566 tribuis,
3484 505 3585 559 hoc

2017 584 2196 638 nobis.
2225 582 2429 639 Verum
2461 587 2572 640 noli
2603 586 2670 640 de
2699 587 2859 642 nobis
2886 588 3023 643 bene
3051 590 3308 646 merendo
3333 593 3585 664 deinceps

2015 674 2340 744 defatigari;
2373 676 2467 731 sed
2518 684 2614 730 tuo
2643 691 2770 746 erga
2802 694 2903 732 nos
2947 680 3133 734 studio
3164 683 3442 738 cumulum
3483 687 3584 740 ali-

2014 779 2174 834 quem
2221 764 2462 819 subinde
2493 765 2685 825 addas.
2719 781 2829 836 quo
2862 768 3125 836 majorem
3159 769 3238 823 tui
3269 771 3579 827 admiratio-

2013 870 2140 909 nem
2172 855 2571 924 concipiamus.
2617 855 2790 911 Filius
2841 865 3023 910 autem
3075 859 3411 929 Eupliemius
3450 879 3585 918 non-

2015 945 2144 999 dum
2179 945 2354 1011 adest,
2385 945 2480 1000 sed
2515 961 2643 1016 spes
2673 956 2757 1001 est
2787 962 2916 1001 eum
2946 948 3094 1002 brevi
3127 951 3419 1005 atl'uturum
3446 970 3459 1016 ;
3487 971 3588 1009 nec

2016 1049 2233 1104 magno,
2274 1044 2332 1089 ut
2363 1037 2582 1106 opinor,
2629 1036 2729 1091 tibi
2765 1037 2950 1094 labore
2973 1053 3112 1108 opus
3156 1041 3279 1106 erit,
3321 1041 3368 1096 si
3400 1058 3589 1099 acces-

2017 1123 2172 1179 serit.

2532 1238 2814 1298 LXXXIV.
2854 1241 3082 1301 EIDEM.

885 1344 1024 1399 Petit
1058 1345 1123 1398 ab
1157 1346 1346 1416 Alypio
1380 1355 1434 1399 ut
1469 1343 1784 1415 Fortunato,
1811 1348 1862 1402 in
1892 1350 2082 1420 quibus
2113 1352 2220 1421 ipse
2251 1353 2561 1424 indiguerit,
2595 1357 2891 1410 consultum
2924 1360 3061 1411 velit.

428 1455 845 1527 Φουρτουνάτος,
896 1457 925 1509 ὁ
982 1456 1080 1529 τὴν
1122 1457 1408 1530 ἐπιστολὴν
1449 1459 1769 1531 ἐγχειρίζων
1816 1479 1920 1526 σοι,

2101 1463 2456 1532 Fortunatus,
2488 1469 2581 1538 qui
2607 1469 2749 1524 hanc
2782 1470 2878 1524 tibi
2911 1469 3196 1539 epistolam
3227 1470 3423 1534 reddit,
3456 1471 3589 1524 avnio

347 1546 512 1615 φίλος
538 1547 629 1599 καὶ
653 1547 849 1610 οἰκεῖός
880 1547 1028 1601 ἐστιν
1053 1547 1127 1619 (at)
1149 1548 1415 1620 ἡμέτερος
1433 1565 1448 1579 ⁸
1483 1551 1532 1602 εἰ
1554 1550 1611 1604 δὲ
1640 1552 1722 1605 δεῖ
1755 1569 1923 1624 προσ-

2038 1569 2128 1611 cus
2174 1565 2228 1612 et
2274 1557 2559 1614 familiaris
2590 1567 2774 1614 noster
2816 1568 2900 1615 est
2930 1579 2944 1616 :
2975 1575 3058 1625 ac,
3114 1561 3160 1616 si
3209 1561 3412 1630 aliquid
3455 1577 3592 1630 prae-

345 1640 533 1710 οήκης
573 1639 738 1704 τινὸς,
790 1641 885 1693 καὶ
916 1639 1159 1705 διάκονος
1215 1640 1326 1696 τῶν
1375 1642 1779 1713 ἐπαινουμένων
1819 1645 1917 1714 (5).

2038 1656 2172 1701 terea
2217 1645 2526 1702 addendum
2565 1657 2670 1714 est,
2701 1651 2906 1720 probus
2959 1660 3014 1705 et
3054 1651 3212 1706 laude
3244 1651 3443 1721 dignus
3476 1653 3592 1705 dia-

343 1729 545 1783 Ταῦτα
577 1730 683 1784 ἔδει
727 1747 785 1783 σε
821 1730 1012 1802 μαθεῖν
1053 1734 1180 1804 παρ’
1213 1732 1392 1803 ἡμῶν.
1417 1733 1595 1788 Τᾶλλα
1622 1736 1680 1788 δὲ
1714 1732 1811 1789 οἷδ’
1841 1738 1923 1790 ὅτι

2038 1751 2216 1792 :onus.
2255 1737 2380 1792 llaec
2415 1746 2469 1792 te
2496 1753 2526 1792 a
2558 1740 2716 1795 nobis
2753 1741 2969 1795 discere
3004 1741 3312 1811 oportebat.
3348 1743 3465 1796 Alia
3497 1758 3592 1795 au-

349 1821 514 1889 παρὰ
570 1819 793 1874 σεαυτοῦ
845 1822 1194 1893 προσθήσεις,
1247 1823 1308 1876 τὸ
1362 1825 1577 1889 οἰκείως
1633 1828 1764 1897 ὁρᾷν
1827 1827 1918 1880 τὸν

2038 1841 2154 1891 .em,
2185 1827 2317 1896 quin
2353 1843 2383 1880 a
2417 1828 2592 1897 teipso
2639 1830 2895 1898 adjicias,
2935 1846 3046 1884 non
3091 1831 3310 1896 dubito;
3342 1832 3445 1886 hoc
3484 1840 3590 1897 est,

351 1911 527 1981 ἄνδρα
572 1912 667 1964 κα1⁸
723 1910 1115 1983 κηδεμονικῶς,
1156 1913 1216 1966 ὲν
1251 1907 1334 1976 οἷς
1376 1913 1446 1967 ἂν
1481 1915 1667 1985 δέηται
1693 1918 1791 1987 τῆς
1823 1917 1924 1986 σῆς

2038 1925 2084 1970 ιι
2115 1933 2237 1971 eum
2283 1919 2546 1974 benevolo
2576 1921 2762 1974 animo
2806 1922 3139 1990 conspicias,
3177 1923 3361 1990 eique,
3389 1923 3594 1991 quibus

351 2001 662 2065 εὐλαὸείας.
701 2003 787 2066 Ὧς
823 2004 852 2057 ὃ
875 2021 926 2057 τι
950 2002 1016 2058 ἂν
1060 2003 1247 2058 τοῦτον
1276 2001 1335 2060 εὖ
1361 2009 1610 2080 ποιήσῃς,
1635 2009 1924 2082 εὐεργετή-

353 2110 470 2146 σων
503 2088 554 2147 εῐ
582 2095 730 2165 ἡμᾶς
764 2095 864 2167 (6).

851 2296 976 2350 ne.
1008 2295 1096 2366 τᾳ
1127 2297 1308 2368 arm
1335 2296 1434 2358 t7).

2023 2007 2079 2062 in
2123 2007 2290 2062 rebus
2320 2010 2520 2077 pietate
2567 2017 2659 2064 tua
2707 2018 2762 2065 et
2793 2026 2894 2080 ope
2929 2012 3242 2080 indiguerit,
3282 2013 3591 2068 consultum

2026 2098 2180 2152 velis.
2215 2098 2374 2152 Certe
2405 2099 2670 2169 quidquid
2715 2101 2773 2155 in
2815 2117 2939 2156 eum
2975 2101 3228 2156 beneficii
3271 2102 3590 2168 contuleris,

2028 2202 2095 2242 eo
2117 2203 2218 2244 nos
2245 2188 2541 2245 all‘ecturus
2570 2205 2654 2246 es.

2543 2300 2804 2356 LXXXV.
2844 2300 3076 2357 EIDEM.

571 2401 738 2475 Rogat
773 2414 828 2458 ut
859 2404 1148 2460 Luciannm
1175 2407 1335 2460 hilari
1357 2406 1507 2461 oculo
1531 2406 1779 2475 aspiciat,
1811 2407 2010 2479 ipsique
2030 2424 2212 2463 caram
2243 2409 2429 2464 domus
2463 2422 2801 2481 cognatorum
2839 2427 3052 2466 suorum
3088 2411 3386 2465 demandet.

431 2518 728 2572 οἰκείωσαι
763 2521 833 2574 τὰ
877 2522 1144 2592 ἡμέτερα,
1181 2521 1369 2592 ὥσπερ
1397 2517 1490 2576 οὖν
1516 2523 1608 2578 καὶ
1642 2521 1929 2594 προλαϐὼν

357 2608 650 2673 οἱκειιὶισω,
673 2612 766 2664 καὶ
788 2611 854 2664 δι’
889 2612 1064 2684 ἔργων
1101 2611 1258 2666 τοῦτο
1298 2612 1623 2684 δεδήλωκας.
1660 2611 1930 2686 Οἰκειὼσῃ

356 2699 437 2762 δὲ,
498 2700 588 2752 τὸν
641 2701 921 2772 ἀγαπητὸν
983 2701 1242 2770 ἀδελφὸν,
1297 2704 1390 2755 καὶ
1455 2703 1932 2776 συμπρεσϐύτερον

357 2788 525 2860 ἡμῶν
546 2791 862 2859 Λουκιανδν,
885 2792 954 2846 τά
989 2809 1048 2846 τε
1084 2793 1220 2848 ἄλλα
1245 2791 1416 2865 ἡδέως
1450 2795 1580 2866 ὀρᾷν
1611 2794 1798 2861 ἀξιῶν,
1835 2795 1929 2848 καὶ

361 2880 812 2951 προτρεψάμενος
865 2881 1123 2953 κήδεσθαι
1161 2883 1262 2952 τῆς
1299 2883 1484 2937 αὐτόθι
1513 2883 1622 2939 τῶν
1653 2884 1928 2954 συγγενῶν

364 2970 526 3040 ⁴ἡμῶν
548 2971 725 3034 οἰκίας
742 2988 756 3001 ·
782 2973 968 3044 ἐπειδὴ
993 2975 1087 3028 σὺν
1105 2974 1224 3044 Θεῷ
1247 2974 1340 3028 καὶ
1353 2974 1420 3028 τὰ
1439 2976 1741 3046 πράγματα
1758 2977 1932 3047 πέρας

2097 2522 2204 2579 Res
2224 2534 2441 2579 nostras
2465 2525 2814 2593 amplectere,
2847 2534 3080 2592 tuasque
3105 2523 3383 2584 existima,
3407 2539 3598 2593 quem-

2027 2613 2320 2667 admodum
2353 2621 2407 2667 et
2441 2615 2594 2684 prius
2623 2613 2907 2681 amplexus
2939 2628 3021 2676 es,
3059 2612 3222 2682 idque
3252 2628 3309 2667 re
3334 2613 3448 2682 ipsa
3478 2629 3598 2682 per-

2027 2704 2277 2772 spicuum
2335 2698 2538 2759 fecisti.
2583 2703 2948 2772 Amplecteris
2994 2711 3199 2766 autem,
3248 2703 3294 2758 si
3340 2703 3596 2757 dilectum

2032 2792 2255 2847 fratrem
2307 2801 2361 2845 et
2404 2793 2909 2863 compresbyterum
2973 2801 3220 2847 nostrum
3275 2793 3598 2856 Lucianum,

2033 2897 2156 2937 cum
2186 2881 2399 2936 caeteris
2432 2881 2489 2936 in
2519 2882 2684 2937 rebus
2719 2881 2843 2935 laeto
2879 2887 3044 2950 atque
3071 2882 3228 2934 hilari
3259 2881 3419 2936 oculo
3452 2881 3602 2950 aspi-

2034 2971 2170 3038 cias,
2207 2981 2320 3026 tum
2363 2986 2490 3026 eum
2525 2985 2748 3025 moneas
2785 2980 2838 3024 et
2870 2970 3128 3034 horteris,
3170 2978 3228 3024 ut
3258 2969 3454 3024 domus
3501 2985 3598 3022 co-

369 3059 528 3112 ἱλαὸε
557 3060 748 3126 δεξιὸν,
789 3064 966 3136 κρίσει
979 3081 1038 3118 τε
1057 3065 1300 3138 ἡμετέρᾳ
1329 3065 1406 3137 (8)
1439 3067 1534 3120 καὶ
1555 3065 1930 3139 φιλανθρωπίᾳ

2038 3072 2319 3132 gnatorum
2351 3073 2687 3124 nostrorum,
2732 3075 2857 3130 quae
2889 3059 2998 3115 illic
3032 3070 3136 3124 est,
3175 3074 3361 3114 curam
3405 3068 3596 3128 gerat:

371 3147 466 3204 τοῦ
490 3152 830 3223 Κρεεττονος.

862 3465 1002 3534 [ις’.
1037 3467 1122 3536 τᾳ
1148 3466 1329 3537 arm
1350 3456 1470 3537 (9).

2037 3152 2477 3224 quandoquidem
2508 3151 2684 3207 divini
2723 3152 2965 3207 numinis
2999 3151 3186 3206 favore
3231 3152 3447 3221 negotia
3475 3167 3601 3222 pro-

2037 3258 2257 3312 sperum
2305 3243 2464 3298 linem
2509 3243 2851 3310 habuerunt;
2895 3241 3040 3312 quod
3076 3251 3189 3296 tttm
3235 3242 3306 3295 ob
3351 3251 3599 3298 nostrum

2033 3332 2324 3403 judicium,
2361 3341 2474 3388 tum
2503 3333 2574 3388 ob
2597 3332 2691 3389 Dei
2723 3333 3109 3404 benignitatem
3143 3333 3393 3403 cortigit.

2462 3465 2566 3536 75
2613 3464 2896 3521 LXXXVI.
2949 3464 3180 3519 EIDEM.

941 3581 1186 3652 Alypium
1217 3598 1413 3635 necnon
1431 3590 1480 3635 et
1510 3598 1750 3646 sororem_
1771 3582 1844 3635 ad
1871 3591 2042 3637 votum
2066 3590 2114 3636 et
2141 3581 2489 3650 precationem
2525 3584 2713 3636 invitat
2741 3582 3045 3653 Gregorius.

441 3687 545 3747 οἷα
598 3695 882 3763 τυραννεῖς
935 3696 1082 3766 ἡμᾶς
1125 3697 1189 3750 ἐκ
1218 3695 1943 3768 φιλίαςῑΔιακινεῖταιὴμῖν

376 3783 435 3838 τὸ
481 3785 664 3854 δόγμα
713 3786 775 3838 τὸ
821 3787 949 3857 περὶ
995 3788 1093 3851 τὰς
1138 3787 1330 3858 εὐχάςο
1362 3787 1456 3841 καὶ
1493 3788 1617 3851 τοὺς
1661 3788 1945 3858 χλαινοφό-

382 3892 502 3944 ρους
563 3877 676 3947 (10)
731 3878 1074 3949 έγκρίνομεν.
1131 3877 1298 3933 Οὔπω
1339 3879 1437 3950 μὲν
1470 3879 1722 3932 τοσοῦτον
1763 3896 1943 3950 παρα-

381 3968 667 4039 νομοῦντες
696 3969 832 4038 (ll),
861 3970 985 4024 ὅσον
1009 3972 1060 4023 oi.
1078 3971 1239 4024 δεινοὶ
1274 3971 1342 4025 τὰ
1373 3970 1610 4042 ἐρωτικὰ
1658 3971 1786 4040 παρ’
1819 3971 1946 4023 Ἕλ-

380 4055 552 4127 λησιν.
602 4058 681 4110 Ui;
723 4057 832 4127 γὰρ
873 4056 1061 4111 θύουσι
1108 4059 1286 4130 μόνον,
1338 4058 1413 4122 ὡς
1457 4057 1598 4129 Θεῷ,
1641 4055 1719 4127 τῷ
1758 4056 1942 4119 πάθει,

383 4147 513 4200 ἀλλὰ
563 4148 660 4200 καὶ
706 4150 819 4210 τοῖς
839 4149 1022 4218 ὅρκοις
1054 4149 1164 4218 (η)
1199 4147 1529 4220 συγγνώμην
1547 4147 1790 4217 νέμουσι,
1830 4149 1943 4210 τοῖς

384 4238 444 4290 δι’
469 4239 668 4310 ἔρωτα.
723 4241 786 4292 El
823 4240 882 4294 δέ
907 4258 960 4294 τι
989 4241 1084 4294 καὶ
1118 4240 1228 4310 (15)
1269 4237 1711 4310 παρανομοῦμεν,
1743 4237 1825 4290 ὃτι
1857 4237 1944 4289 διὰ

2113 3695 2264 3752 Heu!
2316 3711 2478 3767 quam
2529 3697 2689 3751 nobis
2733 3711 2797 3752 ex
2845 3697 3086 3751 amicitia
3133 3694 3240 3749 vim
3288 3692 3488 3748 infers!
3531 3691 3612 3744 De

2041 3787 2185 3842 votis
2220 3803 2283 3841 ac
2317 3787 2572 3857 precibus
2607 3788 2768 3842 nobis
2815 3787 3008 3857 dogma
3052 3793 3297 3840 movetur
3326 3802 3338 3838 :
3367 3792 3420 3839 et
3454 3785 3610 3854 palu-

2041 3877 2199 3933 datos
2233 3878 2596 3933 admittimus.
2630 3879 2748 3944 Qua
2793 3885 2975 3931 tamen
3009 3879 3063 3930 in
3101 3893 3159 3930 re
3197 3891 3302 3928 non
3335 3886 3442 3928 tam
3486 3889 3590 3943 gra-

2041 3969 2182 4023 viter
2222 3983 2551 4037 peccamus,
2603 3983 2766 4038 quam
2822 3968 2914 4037 qni
2959 3967 3102 4038 apud
3158 3967 3384 4035 gentiles
3425 3980 3606 4018 rerum

2043 4057 2433 4111 amatoriarum
2476 4059 2634 4127 periti
2667 4065 2814 4113 sunt.
2847 4056 2981 4110 Nam
3029 4057 3105 4110 illi
3133 4070 3240 4109 non
3287 4054 3448 4108 modo
3483 4054 3610 4108 huic

2047 4145 2291 4210 all'cctui,
2327 4155 2585 4217 tanquam
2615 4146 2745 4214 Deo,
2780 4161 2934 4202 sacra
2971 4146 3198 4210 faciunt,
3228 4161 3418 4200 verum
3445 4145 3607 4198 etiam

2051 4238 2305 4308 perjuriis
2346 4239 2416 4293 ob
2464 4253 2706 4293 amorem
2757 4238 3037 4308 conceptis
3078 4238 3290 4292 veniam
3343 4237 3607 4290 tribuunt.

388 4330 560 4398 ρελίαν
617 4330 922 4401 πάσχομεν,
973 4331 1131 4385 τοῦτο
1179 4331 1278 4401 οὐχ
1325 4329 1749 4400 ἁμαρτάνοντες.
1805 4321 1937 4380 Ἦκε

2053 4329 2209 4395 Quod
2253 4330 2300 4385 si
2346 4330 2476 4400 quid
2524 4330 2685 4386 etiam
2727 4329 3117 4400 delinquimus,
3159 4337 3340 4381 tamen
3383 4325 3514 4396 quia
3542 4325 3610 4378 ob

388 4575 404 4588 .
454 4507 531 4573 (‘2)
557 4507 684 4558 Ἵνα
711 4521 785 4559 σε
814 4506 910 4560 καὶ
931 4507 1139 4562 πλέον.
1169 4505 1302 4562 Cod.
1330 4506 1459 4578 Reg.
1491 4506 1577 4559 ἵνα
1611 4522 1670 4558 σε
1697 4505 1792 4557 καὶ
1818 4504 1952 4575 μᾶλ-

391 4589 533 4712 mli")
568 4646 610 4695 Α
638 4645 718 4696 ias
747 4643 877 4698 CLI.
913 4644 1125 4712 Scripta
1153 4644 1342 4699 eodem
1373 4653 1633 4711 tempore.

457 4714 532 4778 (4)
567 4713 798 4778 Οὶκεῖός
821 4715 991 4766 ἐστιν
1042 4713 1096 4766 In
1129 4713 1258 4769 edit.
1289 4713 1441 4766 deest
1471 4715 1637 4764 ἐστιν.

457 4777 535 4850 (5)
571 4777 853 4847 Διιὶκονος
875 4781 990 4834 τῶν
1013 4781 1475 4850 ἐπαινουμένων.
1501 4780 1702 4834 Probus
1728 4789 1777 4832 et
1800 4777 1956 4832 laude

392 4851 579 4918 dignus
621 4851 896 4904 diaconus.
939 4850 1030 4905 Sic
1084 4853 1245 4905 etiam
1290 4851 1552 4903 intellexit
1603 4850 1952 4913 'I‘illemont.;

394 4929 629 4972 attamen
659 4935 839 4973 nonne
869 4923 1048 4988 potius
1080 4939 1094 4974 :
1121 4919 1310 4974 Rerum
1340 4919 1414 4973 vel
1434 4935 1772 4989 personarum
1802 4918 1956 4970 laude

393 4991 669 5058 dignarum
699 4990 981 5042 minister?

461 5059 538 5127 (6)
560 5059 988 5127 Εὑεργετήσων
1019 5059 1076 5111 εἴ
1092 5057 1267 5128 ἡμᾶς.
1297 5057 1375 5128 Ιιὲ
1394 5055 1519 5128 cod.
1543 5063 1597 5109 et
1619 5055 1862 5128 Cornliel'.
1896 5055 1954 5128 In

397 5124 527 5181 edit.
583 5124 1154 5197 ebepvssﬁ'astqigpag',
1179 5129 1321 5196 quod
1345 5126 1465 5178 Bill.
1490 5142 1549 5179 eo
1576 5143 1666 5178 nos
1699 5124 1954 5192 olfeceris.

463 5197 540 5263 (7)
583 5195 735 5251 Alias
759 5195 912 5250 CLII.
944 5195 1155 5264 Scripta
1185 5195 1372 5250 eodem
1399 5203 1660 5264 tempore.

465 5261 542 5332 (δ’)
573 5265 784 5333 Κρίσει
816 5281 878 5335 τε
910 5261 1183 5332 ἡμετέρᾳ.
1218 5261 1804 5335 Legendumproponit
1836 5261 1955 5316 Bill.

401 5335 575 5402 κρίσει
602 5332 665 5386 τε
692 5333 955 5404 ὑμετέρα,
980 5345 1087 5386 tum
1115 5337 1177 5386 ob
1196 5332 1421 5388 vestiunt
1450 5332 1731 5402 judicium.

489 5405 545 5469 9)
578 5391 741 5472 Alias.
762 5391 876 5456 Cl...
901 5391 1112 5472 scripta
1143 5403 1330 5456 eodem
1359 5391 1620 5471 tempore.

497 5473 582 5540 l0)
616 5471 764 5536 Τοὺς
791 5469 1246 5540 χλαινοςρόρους.
1274 5469 1496 5535 Χλαῖνα,
1533 5483 1742 5525 summa
1795 5469 1963 5540 vestis

746 5538 797 5593 θ’
814 5538 1062 5608 tempore
1085 5538 1325 5596 Stimitttr
1351 5541 1418 5593 ad
1459 5548 1684 5608 ventos,
1703 5538 1934 5608 pluviam
1950 5572 1964 5598 .

415 5607 646 5679 lrigtisre
672 5607 1072 5680 depellendum.
1107 5609 1246 5666 llinc
1273 5625 1405 5668 sane
1437 5607 1815 5680 χλαινοφόρους
1843 5607 1966 5662 red-

408 5551 484 5610 est
512 5556 634 5610 quae

2050 4506 2129 4561 dit
2167 4504 2437 4566 Combcl.,
2469 4505 2559 4573 qui
2588 4503 2778 4558 lwnam
2820 4511 3036 4576 gestent.
3084 4499 3234 4576 Quod
3263 4499 3497 4576 (rigoris,
3533 4497 3617 4576 inn

2051 4576 2188 4644 quit,
2239 4569 2614 4644 ventorumque
2659 4569 3008 4644 ἀμυντήριος,
3060 4569 3406 4644 superinjccta
3456 4569 3608 4618 restis

2052 4637 2302 4700 crassior,
2343 4637 2538 4695 allusit}
2571 4643 2636 4695 ait
2667 4637 2734 4693 ad
2763 4637 2998 4699 liieii'iem.
3047 4654 3135 4705 per
3159 4637 3312 4706 cujus
3335 4646 3611 4706 tempesta:

2055 4722 2174 4776 tem,
2208 4713 2283 4765 rel
2308 4728 2368 4764 ea
2412 4728 2515 4763 non
2555 4712 2686 4763 satis
2725 4711 2928 4770 sedata,
2963 4701 3178 4776 Alypius
3211 4701 3243 4758 2;
3273 4705 3518 4771 Gregorio
3543 4701 3612 4752 ad

2054 4783 2243 4860 festuni
2271 4791 2486 4860 rotaqne
2509 4781 2776 4860 invitetur,
2813 4780 2916 4860 sire
2933 4779 3050 4860 ipse.
3065 4776 3234 4841 potius
3261 4776 3403 4860 ultro
3431 4787 3618 4860 accu‘ro

2055 4841 2158 4903 rat.
2207 4850 2298 4904 Est
2343 4841 2505 4902 etiam
2539 4848 2730 4917 χλαῖνα
2767 4841 3237 4915 quoddam‘gcnns
3269 4841 3436 4895 vestis
3475 4841 3615 4918 mili-

2057 4921 2212 4980 laris,
2249 4918 2330 4971 vel
2363 4918 2716 4985 magistratus
2739 4918 3112 4985 insigne.quo
3142 4925 3304 4985 sensu
3335 4923 3618 4985 accepisse

2056 4988 2269 5042 videtur
2300 4987 2424 5041 Bill.
2455 4979 2687 5051 Quinam
2734 4985 2804 5038 sit
2843 4979 3110 5051 genuinus
3143 4979 3396 5051 epistola:
3422 4993 3618 5051 sensus

2059 5073 2167 5111 non
2205 5057 2339 5111 satis
2374 5047 2560 5124 liquet,
2588 5069 2818 5124 eamque
2845 5047 3047 5105 claram
3082 5047 3264 5103 minus
3302 5063 3364 5101 ac
3387 5047 3618 5101 nitidam

2060 5143 2168 5180 non
2202 5122 2471 5178 immerito
2499 5122 2746 5176 dixerim.
3469 5171 3472 5174 ,

2134 5195 2244 5263 (ll)
2301 5191 2808 5263 Παρανομοῦντες.
2865 5189 3098 5243 Μοηιιιο.
3157 5183 3616 5258 παρανομοῦν-ται,

2063 5262 2186 5318 Non
2222 5272 2328 5314 tam
2361 5262 2587 5330 graviter
2616 5268 2848 5330 peccant.

2079 5355 2084 5358 ·
2131 5331 2242 5453 92)
2279 5323 2405 5395 Τοῗς
2446 5323 2661 5395 ὅρκοις,
2693 5328 2960 5396 perjuriis.
2998 5346 3015 5378 ι
3052 5325 3312 5392 Nimium,
3353 5325 3428 5377 ait
3459 5323 3619 5378 Com-

2079 5416 2129 5453 )e
2159 5441 2171 5453 .
2205 5399 2391 5452 Melius
2422 5399 2751 5453 iuramentis.
2795 5418 2812 5448 ι

2062 5399 2171 5456 hei.
2205 5399 2391 5452 Melius
2413 5399 2751 5466 juramentis.
2795 5418 2812 5448 ι

2134 5469 2246 5538 (15)
2285 5470 2352 5521 El
2379 5457 2446 5519 δέ
2473 5466 2691 5538 φιλίαι.
2726 5465 2800 5520 Ita
2838 5468 2978 5521 cod.”
3017 5467 3145 5538 Reg.
3176 5479 3238 5519 ac
3280 5460 3524 5538 (ξοιῐιὶιοΐ.
3562 5457 3616 5538 In

2061 5532 2194 5610 edit.
2215 5532 2508 5610 Δὶ1ιξοειιιαί.
2541 5534 2684 5610 Mox,
2708 5551 2807 5606 pro
2838 5532 3274 5610 παρανομόὖμεν,
3307 5532 3538 5586 Montac.
3566 5534 3622 5580 ct

2066 5607 2250 5663 Morel.
2286 5605 2709 5678 παρανομοῦσιν.
