4066 6214
580 350 682 404 173
1854 347 1913 403 S.
1949 347 2160 403 GREG(

2270 352 2274 401 l
2311 349 2652 407 TllliOLOGl
2866 372 2869 374 '
3724 351 3824 407 176

577 465 781 538 quidem
800 465 887 536 vel
931 465 1052 538 inde
1089 474 1318 538 constat,
1363 465 1501 536 quod
1556 481 1673 520 cum
1700 465 2119 534 Apollinaristis,
2160 482 2290 535 quos
2319 468 2578 538 exagitat,
2621 467 3032 521 controversia»:
3059 482 3163 520 non
3187 466 3390 527 habuit,
3424 467 3528 520 nisi
3549 475 3824 535 postquam

577 536 1036 603 Constantinopoli
1069 536 1248 589 rediit.

649 606 860 674 Scripta
892 606 1071 674 itaque
1098 607 1269 674 prima
1303 603 1550 672 epistola,
1579 619 1697 656 eum
1727 603 2130 671 Apollinarium
2149 645 2163 664 ,
2205 621 2336 672 quos
2371 606 2619 659 furantes
2645 614 3032 674 raptautesque
3063 604 3440 658 Nazianzenus
3471 620 3586 658 oves
3628 605 3825 674 Grego-

577 677 687 728 rius
757 673 1094 729 Naziansum
1147 691 1381 729 reversus
1422 674 1726 736 inveniens,
1781 690 1844 725 ea
1878 688 1966 740 spe
2009 675 2330 740 pertulerat.
2368 686 2423 727 ut
2469 673 3152 729 lenitatesua-mansuetos
3183 676 3421 729 redderet
3471 691 3532 728 ac
3559 673 3822 740 placidos.

576 745 930 814 paulatimque
988 746 1274 815 emolliret,
1334 745 1454 797 hinc
1497 748 1697 811 pejores
1753 743 1953 815 effecti.
2007 761 2110 796 non
2150 743 2303 796 modo
2345 746 2776 812 simplicioribus
2831 747 3033 800 animis
3079 761 3303 815 pravam
3335 759 3488 798 suam
3520 745 3824 815 doctrinam

578 812 887 877 infundere,
923 815 1011 886 sed
1044 813 1354 886 Gregorium
1398 815 1558 868 etiam
1587 813 2031 886 tanquant__idcm
2077 828 2261 866 sv‘cum
2296 819 2618 886 sentientem
2655 819 2773 867 ausi
2800 827 2922 869 sunt
2947 812 3278 870 insimulare.
3308 815 3441 886 Tum
3479 830 3598 886 vero
3629 812 3826 886 Grego-

577 886 686 937 rius
711 927 724 946 ,
778 901 841 937 ne
875 885 1073 954 malum
1129 881 1289 938 latius
1335 881 1704 954 grassaretur,
1744 881 1982 954 scribere
2008 892 2236 954 coactus
2276 893 2373 937 est.
2421 883 2495 936 Ne
2525 899 2668 954 nunc
2709 887 2962 954 quidem,
2998 888 3201 954 inquit.
3245 884 3439 938 credas
3471 883 3601 937 mihi
3640 881 3822 954 velim,

577 953 998 1023 scripsissemus
1018 995 1032 1015 .
1066 955 1170 1010 nisi
1205 952 1501 1008 Ecclesium
1529 952 1756 1007 lacerari
1792 959 1956 1023 atque
1987 952 2237 1023 discindi
2262 955 2585 1006 videremus.
2620 953 2709 1007 Sic
2729 952 2928 1008 celeres
2960 952 3197 1008 nonnisi
3231 955 3542 1007 necessitate
3569 953 3831 1020 compulsi

576 1021 842 1077 calamum
872 1025 1217 1094 stringebant.
1266 1023 1446 1092 Neque
1479 1023 1617 1076 alius
1645 1021 1988 1094 epistolarum
2013 1021 2081 1074 ad
2110 1022 2419 1076 Cledonium
2444 1039 2650 1094 scapus,
2686 1035 2776 1076 aut
2812 1027 2922 1078 alia
2969 1028 3200 1082 occasio.
3238 1026 3342 1077 nisi
3372 1023 3512 1092 quod
3542 1023 3827 1075 secundum

576 1095 630 1145 in
664 1095 893 1162 gratiam
924 1092 1318 1148 Catholicorum
1351 1094 1514 1162 magis
1546 1093 1820 1160 scripsisse
1871 1092 2138 1162 videatur.
2189 1109 2276 1144 seu
2323 1094 2386 1147 de
2431 1094 2534 1161 ﬁde
2571 1093 2816 1162 Tlteologi
2852 1095 3091 1148 nonnihil
3125 1096 3204 1147 illi
3234 1094 3533 1146 dubitarent
3557 1134 3569 1152 .
3615 1109 3726 1152 seu,
3769 1104 3829 1144 ut

575 1161 750 1231 placet
781 1163 938 1226 Elim,
972 1165 1026 1217 id
1063 1175 1263 1218 tantum
1307 1161 1554 1232 peterent,
1594 1170 1650 1214 ut
1682 1162 1921 1232 regulam
1959 1161 2075 1214 ﬁdei
2111 1163 2401 1229 quaunlam
2451 1175 2498 1215 ct
2542 1161 2808 1218 canonein
2845 1165 3142 1232 haberent,
3179 1168 3242 1216 azl
3281 1181 3402 1232 quas
3433 1178 3630 1232 pravas
3655 1163 3830 1216 hatre-

579 1227 813 1304 t_i_corum
838 1233 1106 1288 doctrinas
1137 1227 1421 1304 exigerent.
1463 1231 1631 1304 Porro
1664 1227 1974 1290 Clithitius,
1995 1227 2262 1304 aduquem
2295 1244 2514 1302 utraque
2549 1235 2747 1302 scripta
2776 1244 2854 1287 est
2882 1275 2895 1296 ,
2929 1236 2973 1287 is
2999 1227 3227 1299 ipse'est
3260 1273 3273 1290 .
3301 1227 3358 1285 ut
3392 1227 3594 1304 ridetur
3617 1271 3633 1292 ,
3678 1247 3829 1304 quem

579 1301 941 1372 Nazianzente
991 1300 1267 1358 diwceseos
1311 1303 1614 1372 solitarium
1654 1304 1940 1372 principem
1986 1300 2226 1372 Hellenio
2275 1300 2664 1356 commendans
2699 1306 2850 1356 miris
2892 1305 3184 1372 Thcotogus
3212 1304 3364 1372 effert
3398 1302 3691 1362 laudibus;
3738 1302 3828 1371 qui

580 1371 818 1442 Gregorii
861 1373 1198 1428 Testamento
1222 1373 1494 1442 presbyter
1528 1369 1694 1423 lconii
1721 1371 2052 1442 subscripsit.
2087 1369 2226 1438 Ipsis
2249 1382 2455 1425 constat
2491 1375 2680 1425 litteris
2701 1413 2716 1436 ,
2749 1373 3059 1428 Cledonium
3086 1369 3101 1437 ,
3151 1374 3219 1425 ad
3243 1369 3400 1442 quem
3440 1374 3651 1439 scriptae
3680 1369 3826 1434 situt,

577 1441 935 1512 presbyterum
963 1443 1148 1511 fuisse,
1178 1441 1397 1511 eumque
1431 1445 1632 1512 pietate
1661 1457 1723 1493 ac
1757 1441 1860 1508 [ide
1895 1441 2186 1512 insignem;
2218 1442 2366 1497 cuius
2408 1444 2599 1495 eratin
2633 1443 2872 1497 Ecclesia
2900 1445 3098 1498 docere
3134 1453 3184 1496 et
3209 1441 3527 1511 cdarguere.
3571 1457 3828 1512 pravum-

576 1509 683 1577 que
733 1509 930 1582 dogma
963 1509 1050 1567 ﬁne
1103 1509 1344 1580 serperet
1389 1509 1686 1582 advigilare
1717 1549 1733 1582 ,
1773 1520 1879 1582 etc.
1912 1539 1982 1547 —
2009 1509 2025 1582 λ
2056 1509 2436 1582 [hereticorum
2491 1512 2717 1564 novandi
2749 1514 2912 1568 libido
2943 1553 2956 1572 .
3003 1514 3313 1581 fraudesque
3347 1509 3418 1564 ἀι
3485 1509 3829 1580 simpliciores

576 1579 834 1648 decipiani
856 1599 874 1634 :
897 1584 1038 1636 circa
1066 1579 1378 1652 Trinitatem
1401 1595 1447 1636 et
1477 1579 1605 1633 Filii
1642 1579 1735 1632 Dei
1765 1581 2180 1652 incarnationem
2212 1580 2573 1652 Christianum
2597 1583 2788 1651 dogma
2808 1579 3342 1652 :Apcllinaristarum
3379 1579 3606 1634 maxime
3628 1597 3831 1652 errores

575 1663 624 1705 et
652 1653 899 1723 ﬁgmenta
928 1654 1218 1706 insectatur
1249 1651 1529 1723 Gregorius
1556 1659 1600 1704 et
1626 1659 1789 1703 tentat
1821 1651 2180 1718 comprimere.
2209 1654 2436 1721 petitque
2456 1671 2486 1705 a
2518 1649 2768 1706 Cledonio
2798 1663 2853 1706 ut
2884 1649 3000 1723 quia
3026 1654 3125 1721 ipsi
3153 1651 3358 1716 scribit,
3387 1653 3499 1705 lucc
3529 1651 3671 1720 apud
3693 1649 3832 1703 mul-

579 1722 855 1774 titudinent
886 1723 1005 1776 velit
1036 1725 1299 1776 attestari.

578 1839 663 1896 Cl.
690 1839 786 1894 AD
813 1835 1262 1896 CLEDONIUM
1302 1833 1834 1893 PRESBYTERUM
1860 1833 2157 1890 CONTRA

1070 1903 1648 1964 APOLLINARIUM

1140 2016 1478 2071 EPISTULA
1516 2016 1558 2072 ι.

2335 1837 2457 1892 PA'.
2503 1841 2701 1892 ΠΡΟΣ
2755 1839 3178 1892 ΚΛΗΔΟΝΙΟΝ
3223 1836 3767 1890 ΠΡΕΣΒΥΤΕΡΟΝ

2663 1911 2849 1962 ΚΑΤΑ
2884 1907 3442 1962 ΛΙΙΟΛΛΙΝΑΡΙΟΥ

2747 2020 3091 2079 ΕΠιΣΤοΑιι
3124 2023 3181 2073 Αο
3218 2019 3351 2090 (t7).

649 2133 924 2206 Perquam
954 2132 1276 2188 honorando
1300 2149 1364 2188 ac
1403 2132 1512 2186 Deo
1551 2132 1881 2186 charissima
1919 2129 2073 2183 fratri
2097 2139 2149 2184 et

2341 2135 2432 2206 Τῷ
2488 2138 2804 2207 τιμιωτάτῳ
2859 2138 2951 2190 καὶ
3014 2136 3411 2206 Θεοφιλεστάτῳ
3463 2132 3676 2203 ἀδελφῷ
3719 2131 3831 2201 (18)

578 2225 1028 2296 compresbytero
1055 2223 1341 2286 Ciedonio,
1373 2221 1670 2292 Gregorius
1698 2224 1750 2276 in
1775 2221 1998 2276 Christo
2027 2238 2154 2292 gau-

580 2321 728 2374 dere.

654 2407 811 2461 Scire
838 2407 1115 2474 cupimus,
1149 2416 1402 2473 quamam
1440 2404 1553 2457 haec
1576 2411 1725 2458 tanta
1763 2403 1834 2457 sit
1865 2403 2010 2457 circa
2058 2405 2160 2457 Ec-

581 2499 806 2553 clesium
833 2495 1070 2551 novandi
1103 2495 1293 2559 libido,
1326 2503 1384 2546 ut
1413 2495 1587 2549 cuivis
1617 2493 1817 2548 volenti
1845 2493 1934 2556 ⁸⁹·,
1971 2502 2155 2562 atque,

583 2598 645 2645 ut
676 2589 976 2658 Scriptura:
1010 2587 1278 2641 vocabulo
1320 2593 1462 2649 utar,
1507 2585 1619 2657 84
1666 2584 2156 2654 praetergredienti,

583 2681 729 2734 ovile
762 2679 1021 2748 praeclare
1043 2678 1271 2731 ductum
1305 2687 1356 2731 et
1391 2677 1698 2732 institutum
1724 2677 2061 2744 discerpere,
2097 2691 2160 2728 ac

585 2787 682 2841 per
712 2770 941 2822 furtivos
988 2769 1244 2838 impetus,
1301 2767 1385 2822 vel
1437 2769 1621 2837 potius
1682 2767 2044 2837 praedatorias
2104 2774 2160 2819 et

585 2862 857 2916 absurdas
887 2861 1172 2915 doctrinas
1222 2859 1460 2930 diripere
1511 2861 1690 2913 liceat.
1753 2858 1886 2912 Nam
1931 2860 1976 2912 si
2028 2856 2158 2928 quid

587 2954 870 3016 baberent,
899 2967 1010 3023 quo
1033 2954 1044 3004 ι
1069 2952 1122 3005 in
1157 2951 1318 3006 nobis
1349 2953 1494 3006 circa
1527 2951 1682 3004 ﬁdem
1729 2951 2042 3020 improbare
2097 2965 2161 3004 ac

585 3047 951 3100 condemnare
976 3053 1216 3113 possent,
1260 3043 1351 3114 qui
1383 3058 1528 3096 nunc
1568 3042 1830 3112 impetum
1888 3041 2158 3105 fecerunt,

587 3151 654 3192 ne
684 3136 766 3189 sic
788 3134 1008 3204 quidem
1039 3144 1244 3195 tamen,
1277 3134 1438 3187 nobis
1479 3148 1586 3186 non
1619 3148 1649 3184 a
1672 3132 1937 3194 lmonitis,
1964 3132 2162 3200 hujus-

590 3222 736 3275 modi
795 3222 1014 3275 facinus
1063 3221 1285 3291 aggredi
1345 3237 1444 3290 par
1471 3230 1606 3274 erat.
1662 3220 1820 3276 Prius
1857 3223 2026 3284 enim,
2076 3221 2160 3274 vel

589 3311 938 3380 persuadere.
967 3312 1049 3366 vel
1078 3310 1395 3381 persuaderi
1421 3311 1558 3364 velle
1583 3311 1872 3381 oportebat
1901 3311 1970 3380 (si
2001 3309 2162 3364 modo

589 3419 690 3457 nos
717 3417 936 3472 quoque
968 3402 1154 3469 aliquo
1188 3408 1243 3454 et
1273 3415 1505 3454 numero
1533 3415 1748 3464 sumus,
1781 3408 1840 3454 ut
1865 3401 1959 3470 qui
1992 3399 2159 3454 Deum

2261 2224 2355 2277 καὶ
2383 2226 2849 2297 συμπρεσΰυτέρῳ
2897 2226 3173 2296 Κληδονίῳ
3214 2225 3513 2298 Γρηγόριος
3549 2226 3607 2277 ἐν
3644 2223 3833 2294 Κυρίῳ

2260 2316 2491 2384 χαίρειν.

2331 2405 2640 2476 Βουλόμεθα
2675 2406 2789 2478 (19)
2851 2404 3083 2476 μαθεῖν,
3119 2404 3201 2468 τίς
3253 2404 3286 2475 ἡ
3333 2402 3656 2473 καινοτομία
3706 2402 3834 2474 περὶ

2257 2497 2357 2567 τὴν
2411 2497 2738 2567 Ἐκκλησίαν
2763 2537 2777 2561 ,
2820 2498 2888 2550 ἵν’
2917 2498 3009 2569 ἐξῇ
3058 2498 3220 2552 παντὶ
3253 2495 3560 2566 βουλομένῳ
3595 2496 3691 2548 καὶ
3729 2511 3834 2548 m-

2263 2585 2686 2656 ραπορευομένῳ
2709 2627 2724 2650 ,
2765 2586 2907 2639 κατὰ
2936 2587 2994 2640 τὸ
3018 2586 3403 2658 γεγραμμένον
3425 2625 3439 2647 ,
3463 2585 3697 2655 διασπᾷν
3735 2584 3833 2654 τὴν

2261 2677 2497 2747 ποίμνην
2551 2677 2730 2740 καλῶς
2786 2678 3065 2748 ἠγμένην,
3107 2679 3198 2731 καὶ
3259 2675 3595 2744 συλαγωγεῖν
3642 2676 3834 2728 κλοπι-

2265 2769 2442 2839 μαίοις
2472 2769 2706 2838 ἐφόδοις,
2739 2770 2936 2839 μᾶλλον
2959 2770 3016 2822 δὲ
3044 2769 3354 2840 ληστρικοίς
3383 2769 3474 2821 καὶ
3505 2767 3834 2838 παραλόγοις

2259 2859 2598 2931 διδάγμασιν.
2660 2861 2723 2912 Ei
2788 2859 2887 2928 μὲν
2939 2861 3048 2930 γὰρ
3087 2855 3229 2929 εἶχόν
3292 2878 3342 2912 τι
3405 2857 3835 2926 καταγινώσκειν

2261 2951 2419 3022 ἡμῶν
2455 2952 2582 3023 περὶ
2605 2950 2704 3022 τὴν
2746 2953 2927 3005 πίστιν
2970 2951 3020 3002 οἱ
3069 2950 3162 3003 νῦν
3198 2950 3513 3013 ἐπελθόντες
3541 2949 3682 3026 (20),
3723 2949 3833 3001 οὐδ’

2260 3040 2405 3095 οὕτω
2436 3044 2533 3113 μὲν
2577 3045 2744 3116 χωρὶς
2790 3044 3146 3114 ὑπομνήσεως
3175 3043 3329 3114 ἡμῶν
3371 3042 3476 3094 ἔδει
3513 3042 3582 3095 τὰ
3610 3039 3835 3094 τοιαῦτα

2261 3131 2484 3204 τολμᾷν.
2515 3133 2703 3186 Πεῖσαι
2729 3135 2838 3206 γὰρ
2871 3135 3034 3204 ἐχρῆν
3061 3135 3092 3204 ἢ
3124 3133 3413 3204 πεισθῆναι
3445 3133 3666 3203 θελῆσαι
3705 3131 3836 3202 πρό-

2261 3240 2417 3294 τερον
2445 3224 2624 3295 (εἰπερ
2657 3242 2741 3287 τις
2789 3225 2884 3278 καὶ
2928 3225 3083 3295 ἡμῶν
3115 3224 3270 3290 λόγος
3292 3267 3306 3290 ,
3347 3225 3423 3288 ὡς
3449 3224 3541 3277 τὸν
3574 3224 3835 3296 Θεὸνοφο-
3924 3237 3932 3243 ·

2264 3313 2541 3386 σουμένων
2572 3316 2667 3368 καὶ
2695 3316 3071 3369 κοπιασάντων
3105 3319 3244 3388 ὑπὲρ
3271 3316 3365 3369 τοῦ
3398 3316 3554 3383 λόγου
3574 3354 3588 3377 ,
3620 3315 3715 3368 καὶ
3739 3313 3836 3384 τὴν

2278 3405 2603 3475 Ἐκκλησίαν
2643 3406 3095 3476 ὠφελησάντων),
3139 3410 3233 3460 καὶ
3276 3409 3395 3461 τότε
3422 3447 3436 3468 ,
3491 3406 3648 3477 εἴπερ
3705 3406 3834 3476 ἄρα,

591 3505 918 3555 metuamus,
954 3502 1008 3546 et
1039 3508 1139 3560 pro
1180 3491 1302 3546 ﬁdei
1335 3491 1653 3546 defensione
1688 3508 1914 3562 magnos
1937 3493 2156 3548 labores

2270 3468 2637 3568 καινοτομεῖν,
2680 3468 2827 3564 πλὴν⁷
2870 3500 2964 3552 καὶ
3018 3468 3281 3567 ἀπολογία
3328 3516 3410 3561 τις
3456 3493 3524 3568 ἦν
3565 3468 3692 3560 ἴσως
3727 3468 3839 3559 τοῖς

589 3586 946 3645 subierimus.
993 3585 1172 3655 deque
1235 3583 1481 3638 Ecclesia
1536 3583 1673 3638 bene
1713 3585 1892 3637 meriti
1939 3585 2158 3654 simus),

590 3691 655 3732 ac
682 3686 820 3740 tum,
859 3677 905 3732 si
938 3685 1051 3730 tum
1085 3679 1271 3735 etiam.
1315 3691 1404 3730 res
1453 3691 1623 3731 novas
1661 3676 1873 3742 moliri;
1929 3675 2022 3732 sed
2080 3684 2162 3730 ta-

594 3783 712 3821 men
750 3767 851 3820 hac
881 3768 1093 3821 ratione
1137 3765 1508 3835 petulantibus
1543 3773 1596 3818 et
1623 3765 2039 3820 contumeliosis
2063 3767 2161 3820 lio-

592 3859 829 3915 minibus
859 3860 1038 3930 aliqua
1067 3857 1322 3912 fortassis
1343 3857 1626 3911 excusatio
1653 3864 1987 3926 suppeteret.
2008 3857 2162 3912 Post-

589 3966 754 4020 quam
794 3959 976 4005 autem
1024 3949 1159 4005 ﬁdes
1209 3955 1421 4012 nostra,
1468 3955 1522 4002 et
1561 3947 1784 4017 scriptis
1821 3948 2161 4018 consignata.

2270 3589 2572 3660 ὑϐρισταῖς.
2616 3590 2832 3661 Ἐπειδὴ
2871 3590 2926 3642 δὲ
2975 3591 3068 3643 καὶ
3101 3591 3393 3660 ἐγγράφως
3427 3589 3520 3642 καὶ
3553 3589 3834 3659 ἀγράφως.

2267 3677 2363 3731 καὶ
2390 3678 2622 3731 ἐνταῦθα
2651 3681 2745 3732 καὶ
2773 3680 3124 3751 πορρωτέρω,
3155 3682 3246 3732 καὶ
3279 3680 3416 3750 μετὰ
3451 3679 3709 3732 κινδύνων
3727 3679 3836 3749 (21)

2268 3767 2364 3840 καὶ
2410 3767 2738 3832 ἀκινδύνως,
2791 3771 2823 3841 ἡ
2873 3771 3052 3834 πίστις
3103 3771 3257 3840 ἡμῶν
3291 3773 3665 3842 κεκήρυκται,
3723 3769 3840 3832 πῶς

2266 3859 2314 3910 oi
2377 3857 2474 3929 μὲν
2532 3859 2840 3930 ἐγχειροῦσι
2895 3863 3008 3924 τοῖς
3066 3861 3325 3924 τοιούτοις
3351 3901 3367 3925 ,
3421 3861 3470 3913 oi
3528 3860 3584 3913 δὲ
3637 3859 3839 3932 ἡσυχά-

2269 3945 2422 4011 ζουσι
2455 3948 2607 4018 (ἳῖ);

587 4053 646 4099 ct
670 4046 848 4101 verbis
883 4061 1162 4114 expressa.
1191 4052 1246 4098 et
1280 4043 1369 4097 hic
1400 4049 1454 4096 et
1486 4042 1725 4111 longius.
1755 4051 1812 4096 et
1859 4044 1912 4096 in
1943 4043 2204 4113 periculis
2231 4050 2285 4098 et
2321 4043 2375 4097 in
2431 4043 2829 4115 tranquillitate
2887 4044 3182 4116 praedicata
3242 4053 3348 4108 est,
3401 4057 3641 4114 quonam
3683 4049 3843 4112 pacto

594 4137 669 4189 illi
709 4134 928 4205 quidem
962 4150 1051 4190 res
1081 4133 1396 4202 bujusmodi
1423 4140 1656 4198 tentant,
1698 4133 1753 4187 bi
1797 4143 1980 4188 autem
2006 4135 2247 4204 quietem
2276 4134 2490 4204 agunt?

689 4219 800 4282 Nec
855 4242 984 4280 vero
1046 4227 1226 4280 adhuc
1294 4227 1426 4280 illud
1481 4225 1766 4295 indignum
1826 4227 2160 4281 censendum

595 4326 678 4373 ut
707 4315 990 4386 (quamvis
1045 4317 1236 4384 utique
1294 4329 1457 4384 grave
1499 4323 1666 4383 atque
1716 4315 1997 4384 indignum
2041 4315 2158 4381 sit),

597 4406 738 4478 quod
804 4405 1056 4460 homines
1126 4405 1214 4459 isti
1269 4419 1493 4474 pravam
1573 4419 1728 4458 suam
1823 4407 2157 4460 st-ntentiam

597 4495 1024 4566 simplicioribus
1049 4495 1248 4549 animis
1273 4510 1368 4564 per
1397 4495 1734 4550 versutiores
1771 4504 1823 4546 ct
1862 4495 2159 4567 improbio-

600 4601 686 4644 res
716 4584 1035 4649 infundunt,
1077 4583 1173 4638 sed
1203 4581 1352 4652 quod
1394 4582 1462 4636 de
1507 4583 1664 4638 nobis
1698 4583 1834 4636 falso
1874 4583 2162 4636 commini-

599 4685 848 4738 scuntur,
881 4688 1139 4746 tanquam
1167 4676 1312 4730 idem
1345 4689 1408 4728 ac
1441 4675 1517 4728 illi
1543 4675 1848 4730 sentiamus
1885 4684 1940 4727 et
1983 4679 2164 4744 sapia-

603 4781 740 4829 mus,
767 4771 950 4820 escam
978 4765 1232 4819 videlicet
1281 4763 1444 4816 hamo
1485 4760 1911 4823 circumdantcs,
1963 4761 2167 4829 impro-

2339 4229 2448 4280 Καὶ
2485 4229 2605 4297 οὐχὶ
2654 4229 2811 4280 τοῦτό
2848 4245 2935 4280 πω
2977 4229 3174 4294 δεινὸν,
3207 4229 3405 4298 καίπερ
3447 4229 3505 4280 ὃν
3532 4230 3707 4284 δεινὸν
3729 4271 3745 4295 ,
3791 4231 3840 4284 ιι

2267 4313 2367 4382 τὴν
2415 4315 2624 4366 ἑαυτῶν
2673 4315 2992 4381 κακοδοξίαν
3046 4318 3156 4384 (Ξδ)
3209 4317 3485 4387 ἄνθρωποι
3541 4321 3662 4379 ταῖς
3714 4321 3842 4373 dxe-

2271 4403 2576 4473 ραιοτέραις
2605 4405 2801 4474 ψυχαῖς
2845 4406 2932 4460 διὰ
2974 4407 3080 4460 τῶν
3123 4409 3574 4480 κακουργοτὲρων
3603 4411 3843 4464 ἐναποτί-

2270 4490 2450 4544 Θενται
2482 4493 2624 4561 (24),
2669 4495 2782 4546 ἀλλ’
2817 4497 2898 4549 ὃτι
2936 4497 3029 4549 καὶ
3073 4497 3227 4567 ἡμῶν
3280 4497 3734 4566 καταψεύδονται,
3766 4499 3842 4562 ὡς

2270 4583 2538 4653 ὁμοδόξων
2561 4587 2652 4638 καὶ
2689 4588 3006 4660 ὁμοφρόνων
3027 4629 3038 4650 ,
3092 4589 3170 4660 τῷ
3204 4589 3388 4661 χαλκῷ
3433 4591 3494 4642 τὸ
3525 4590 3716 4661 δέλεαρ
3747 4608 3841 4642 πε-

2276 4675 2649 4746 ριϐάλλοντες,
2690 4681 2784 4732 καὶ
2821 4681 2908 4734 διὰ
2960 4681 3054 4734 τοῦ
3100 4684 3486 4754 προσχήματος
3535 4683 3723 4735 τούτου
3783 4683 3842 4735 τὸ

2272 4765 2477 4818 ἑαυτῶν
2505 4766 2712 4839 θέλημα
2744 4769 2929 4833 κακῶς
2968 4771 3368 4842 ἐκπληροῦντες
3388 4811 3402 4834 ,
3433 4772 3526 4823 καὶ
3552 4771 3648 4839 τὴν
3674 4769 3844 4822 ἁπλό-

598 4857 772 4926 beque
797 4870 891 4926 per
913 4854 1057 4908 hunc
1081 4855 1363 4908 obtentum
1386 4853 1738 4923 cupiditatem
1771 4866 1924 4906 suam
1949 4851 2160 4921 explen-

2271 4873 2409 4925 τητα
2449 4858 2606 4928 ἡμῶν
2626 4899 2643 4924 ,
2691 4860 2750 4926 ἐξ
2781 4856 2850 4932 ἧς
2886 4861 3185 4932 ἁδελφικῶς
3219 4863 3414 4926 αὐτοὺς
3443 4861 3722 4933 ἑωρῶμεν,
3749 4862 3846 4916 καὶ

667 4976 734 5008 ³⁸⁸
773 4973 918 5031 Psal.
956 4991 1141 5042 LXXIX,
1175 4974 1256 5028 15.

673 5084 780 5154 (17)
826 5085 974 5138 Alias
1019 5095 1155 5140 orat.
1206 5082 1265 5138 L.
1312 5084 1522 5153 Scripta
1561 5097 1706 5154 anno
1745 5081 1869 5154 582.
1897 5083 2167 5154 -ΑἘπι-

601 5151 794 5220 στολὴ
827 5161 894 5206 α’.
928 5155 1082 5209 Colb.
1112 5158 1144 5208 5
1173 5155 1312 5208 κατὰ
1339 5151 1748 5222 ’Δπολλιναρίου
1778 5152 1934 5220 λόγος
1965 5151 2028 5222 β’.
2056 5153 2168 5205 Mo-

609 5226 704 5277 rel.
740 5223 896 5285 λόγος
935 5224 1006 5276 α’.

675 5239 1276 5360 ἒο1ἒῖγὸἓοέίλεστάτῳ
1313 5292 1552 5362 ἁδελφῲ
1607 5293 1664 5347 In
1708 5291 1832 5347 Cod.
1869 5291 1998 5361 Reg.
2032 5291 2072 5344 Β
2114 5299 2169 5346 et

611 5362 756 5417 Orat.
790 5363 826 5414 2
858 5363 1007 5416 drcsl
1039 5362 1272 5432 ἀδελφῷ.
1868 5366 1876 5372 ’

673 5432 785 5503 (19)
820 5432 1179 5503 Βρυλόμεθα.
1216 5431 1462 5503 Couibef.
1501 5433 1779 5503 βούλομαι.

676 5499 787 5566 (20⁷)
816 5499 942 5554 Νῦν
977 5501 1350 5566 ἐπελθόντες.
1377 5499 1636 5568 nontam,
1663 5499 1866 5557 Morel.
1911 5515 1976 5554 ac
2005 5500 2167 5555 Com-

603 5571 714 5627 bcl‘.
746 5568 1165 5629 ἐπεισελθόντες.

680 5640 788 5708 (2|)
816 5639 971 5692 Μετὰ
1017 5638 1331 5709 κινδύνων,
1378 5648 1486 5694 etc.
1523 5640 1675 5694 (λιιι).
1715 5641 1768 5703 5,
1807 5638 1944 5709 μετὰ
1989 5639 2168 5691 κινδύ-

605 5725 719 5771 νου,
755 5709 847 5762 καὶ
880 5709 1006 5762 ἄνευ
1034 5708 1292 5762 κινδύνου.

2348 5084 2458 5151 (ΞΞ)
2496 5089 2559 5138 Ol
2582 5086 2649 5139 δὲ
2675 5085 3067 5154 ἡσυχάζουσι.
3097 5087 3344 5142 Combel’.
3379 5088 3450 5139 sli
3472 5096 3645 5139 autem
3665 5085 3842 5139 silent.
3930 5141 3935 5149 ,

2347 5155 2880 5226 (ἓὸλκακοδυξίαν.
2916 5156 2989 5209 Ita
3033 5157 3186 5210 (οη).
3229 5156 3281 5218 ὃ,
3330 5165 3383 5209 ct
3430 5160 3482 5210 in
3515 5156 3843 5226 quibusdam

2274 5225 2402 5278 edit.
2442 5224 2649 5279 Habent
2689 5227 2937 5280 nonnulli
2969 5227 3291 5292 κενοδοξίαν,
3324 5244 3511 5280 uanam
3536 5224 3692 5278 suam
3721 5242 3837 5278 scttv

2277 5296 2514 5347 tentiam.

2346 5365 2456 5435 (94)
2485 5367 2983 5419 Ἑναποτίθενται.
3009 5366 3265 5431 Merulae,
3295 5365 3480 5419 Morel.
3512 5380 3575 5419 ac
3595 5363 3844 5420 Combel‘.

2276 5434 2462 5504 legunt
2491 5435 2897 5488 ἑναποτίθενται
2925 5435 3118 5504 λόγων,
3158 5452 3250 5504 per
3269 5438 3578 5490 rersutiores
3606 5435 3849 5504 fallaciae

2280 5503 2463 5573 resque
2512 5521 2772 5557 sermones
2822 5503 3126 5572 infundunt.
3176 5506 3295 5559 Mox
3343 5509 3504 5560 vertit
3538 5506 3656 5559 Bill.
3689 5525 3702 5559 :
3740 5503 3845 5560 Sed

2275 5577 2411 5642 quod
2433 5593 2532 5646 nos
2560 5577 2720 5646 etiam
2747 5577 3080 5646 insimulant,
3113 5586 3363 5646 tanquam
3393 5578 3528 5630 idem
3563 5577 3842 5630 sentientes

2275 5655 2322 5696 et
2345 5644 2520 5698 eodem
2559 5645 2710 5698 modo
2741 5645 2977 5713 n/frctus.
