4066 6214
566 244 667 296 179

1825 242 1879 296 S.
1926 241 2250 297 GREGORII
2289 241 2631 298 THEOLOCI

3708 245 3802 299 180

565 361 800 414 subiisse
829 358 997 420 dicat,
1029 359 1364 414 damnationi
1403 360 1675 416 obnoxius
1707 371 1811 417 est.
1845 363 1958 417 lloc
1987 364 2130 418 enim

2243 363 2380 430 λέγοι
2440 361 2594 423 Θεὸν,
2661 361 3006 432 κατάκριτος.
3068 362 3145 415 Οὐ
3203 361 3308 432 γὰρ
3365 361 3614 433 γέννησις
3671 361 3804 416 θεοῦ

565 465 673 504 non
706 449 798 503 Dei
829 449 1107 519 generatio
1147 450 1330 512 fuerit,
1360 450 1454 507 sed
1488 453 1854 522 generationis
1893 453 2036 524 fuga.
2071 454 2126 508 Si

563 542 688 608 quis
717 540 856 594 duos
893 540 1050 602 ﬁlios,
1082 541 1310 594 alterunt
1349 557 1414 594 ex
1450 541 1560 594 Deo
1601 552 1652 596 et
1683 541 1862 605 Patre,
1899 544 2127 597 alterum

563 645 626 682 ex
659 639 849 686 matre.
884 645 990 681 non
1025 637 1205 682 autem
1239 645 1406 682 unum
1433 637 1597 698 atque
1625 631 1873 683 eumdem
1902 631 2128 684 induxe-

565 721 658 781 rit,
697 721 742 772 is
772 721 840 772 ab
868 737 928 773 ea
974 735 1193 788 qtioque
1229 720 1460 774 ﬁliorum
1494 721 1788 790 adeptione
1813 723 1858 752 ⁵ο
1891 721 2125 785 excidat,

564 828 684 879 quae
714 821 860 865 recte
899 811 1250 865 credentibus
1283 813 1550 880 promissa
1571 822 1672 866 est.
1706 813 1963 878 Quamvis
1985 814 2128 867 enim

564 903 685 954 dum
717 911 924 955 naturae
965 905 1073 956 sint
1113 902 1254 955 Deus
1297 910 1350 955 et
1380 902 1562 964 homo,
1595 903 1793 973 quippe
1819 905 1909 972 qui
1949 904 2128 956 anima

571 995 635 1047 sit
664 1002 715 1045 et
747 1009 967 1061 corpus,
1007 1009 1112 1044 non
1150 1001 1329 1046 tamen
1367 993 1475 1045 duo
1512 992 1604 1045 lilii
1639 1001 1694 1046 et
1723 995 1793 1046 dii
1828 1013 1840 1048 :
1870 996 2130 1064 quemad-

575 1086 785 1137 modum
833 1100 900 1138 ne
936 1085 1022 1136 hic
1059 1083 1274 1152 quidem
1308 1084 1416 1138 duo
1450 1085 1722 1147 homines,
1747 1086 1960 1140 tametsi
1989 1084 2131 1140 Pau—

568 1177 650 1231 lus
682 1178 746 1229 ad
779 1177 924 1230 hunc
954 1175 1171 1228 modum
1213 1175 1481 1229 internam
1509 1184 1562 1228 et
1583 1183 1862 1229 externam
1894 1177 2129 1232 hominis

566 1274 772 1335 partem
810 1268 1160 1336 appellaverit
1188 1269 1252 1321 “.
1285 1269 1479 1334 Atque,
1518 1275 1575 1318 ut
1615 1267 1804 1335 paucis
1835 1283 1945 1321 rem
1977 1284 2129 1322 com-

567 1359 795 1427 plectar,
831 1358 976 1411 aliud
1005 1359 1224 1427 quidem
1269 1366 1431 1427 atque
1459 1358 1606 1411 aliud
1634 1364 1766 1412 sunt
1803 1373 1888 1424 ea,
1922 1374 1986 1412 ex
2012 1360 2129 1428 qui-

568 1454 670 1507 bus
703 1454 972 1513 Salvator.
1005 1453 1115 1523 86
1148 1454 1368 1523 (quippe
1409 1467 1532 1506 cum
1567 1467 1672 1504 non
1709 1452 1847 1506 idem
1879 1453 2128 1522 sit'qnod

567 1546 717 1598 cerni
751 1561 859 1598 non
891 1554 1094 1614 potest,
1136 1560 1257 1597 cum
1290 1559 1355 1598 eo
1386 1542 1528 1611 quod
1565 1543 1617 1596 in
1657 1551 1934 1612 aspectum
1963 1544 2128 1609 cadit;

566 1647 612 1690 et
655 1637 798 1705 quod
845 1636 1108 1705 temporis
1159 1650 1353 1705 expers
1392 1645 1508 1694 est,
1550 1650 1673 1688 cum
1717 1649 1779 1688 eo
1813 1635 1955 1704 quod
2003 1643 2134 1688 tem-

569 1728 684 1797 ριντί
717 1728 936 1797 subest)
975 1743 986 1777 :
1052 1742 1158 1780 non
1184 1735 1364 1781 tamen
1392 1728 1531 1781 alius
1566 1735 1726 1796 atque
1750 1727 1888 1780 alius
1916 1744 1928 1776 :
1965 1727 2127 1782 absit.

568 1819 742 1873 Ambo
771 1819 914 1872 enim
947 1819 1060 1872 hac
1082 1819 1420 1874 eonnexione
1444 1835 1612 1872 unum
1639 1828 1787 1884 sunt,
1823 1820 1932 1875 Deo
1964 1820 2129 1874 nimi-
2163 1783 2205 1837 Β

567 1926 686 1960 rum
722 1909 1136 1969 humanitatem,
1160 1915 1322 1976 atque
1347 1908 1564 1963 homine
1588 1909 1921 1964 divinitatem
1955 1912 2130 1965 susci-

570 2000 773 2065 piente.
829 2006 918 2051 aut.
969 2013 1295 2067 quocunque
1340 1999 1554 2052 tandem
1591 2000 1809 2054 nomine
1855 2000 2126 2069 quispiam

2229 454 2384 506 τοῦτό
2423 456 2599 514 ἐστιν,
2643 453 2777 505 ἀλλὰ
2821 453 2965 522 φυγὴ
3009 453 3334 522 γεννήσεως.
3375 452 3441 504 El'
3475 470 3559 515 τις
3597 453 3806 520 εἰσάγει

2228 547 2320 599 δύο
2357 547 2537 608 Υἱοὺς,
2563 546 2659 598 ἕνα
2690 545 2787 615 μὲν
2813 544 2903 596 τὸν
2936 546 2998 596 ἐκ
3025 543 3159 596 Θεοῦ
3184 543 3278 596 καὶ
3300 543 3530 613 Πατρὸς,
3556 542 3806 614 δεύτερον

2229 637 2286 687 δὲ
2317 636 2405 687 τὸν
2445 637 2507 686 ἐκ
2546 635 2641 704 τῆς
2685 635 2908 705 μητρὸς,
2946 633 3058 685 ἀλλ’
3092 633 3212 703 οὐχὶ
3243 634 3339 686 ’ένα
3373 635 3464 685 καὶ
3491 634 3582 686 τὸν
3621 633 3802 696 αὐτὸν,

2232 723 2322 775 καὶ
2370 723 2467 792 τῆς
2516 723 2782 784 υἱοθεσίας
2831 722 3052 775 ἐκπέσοι
3091 722 3188 790 τῆς
3229 721 3642 791 ἐπηγγελμένης
3691 725 3804 785 τοῖς

2230 815 2402 885 ὀρθῶς
2457 813 2786 866 πιστεύουσι.
2843 812 3036 875 Φύσεις
3084 814 3179 883 μὲν
3231 812 3339 883 γὰρ
3390 812 3483 864 δύο
3529 813 3660 872 Θεὸς
3711 813 3804 866 καὶ

2230 905 2535 976 ἄνθρωπος,
2567 905 2688 956 ἐπεὶ
2720 905 2813 956 καὶ¹
2844 903 2987 973 ψυχὴ
3031 905 3122 956 καὶ
3153 903 3313 972 σῶμα
3353 903 3484 973 (55)·
3516 903 3621 954 υἱοὶ⁵
3659 903 3716 955 δὲ
3742 903 3805 955 οὑ

2228 996 2340 1059 δύο,
2379 994 2498 1047 οὐδὲ
2531 995 2673 1050 Θεοί.
2715 995 2847 1047 Οὐδὲ
2882 995 2990 1066 γὰρ
3026 993 3258 1047 ἐνταῦθα
3292 994 3385 1046 δύο
3423 993 3806 1064 ἅνθρωποι,τεὶ

2230 1071 2324 1144 καὶ
2348 1089 2521 1152 οὕτως
2553 1091 2580 1141 ὁ
2614 1087 2822 1149 Παῦλος
2862 1088 2921 1140 τὸ
2949 1087 3103 1150 ἐντὸς
3137 1086 3227 1139 τοῦ
3276 1086 3580 1157 ἀνθρώπου,
3617 1089 3710 1138 καὶ
3747 1085 3809 1138 τὸ

2230 1183 2384 1243 ἐκτὸς
2433 1181 2856 1252 προσηγόρευσε.
2911 1180 3019 1232 Καὶ
3071 1181 3118 1232 εἰ
3164 1179 3242 1231 δεῖ
3289 1178 3569 1248 συντόμως
3605 1177 3800 1239 εἰπεῖν,

2230 1271 2357 1325 ἄλλο
2381 1271 2478 1341 μὲν
2506 1272 2598 1324 καὶ
2628 1270 2754 1324 ἄλλο
2772 1270 2838 1322 τὰ
2865 1270 2922 1334 ἐξ
2947 1263 3019 1321 ὧν
3045 1273 3072 1322 ὁ
3097 1269 3288 1339 Σωτὴρ
3311 1269 3490 1338 (εἴπερ
3514 1267 3589 1337 μὴ
3614 1266 3805 1319 ταυτὸν

2229 1363 2290 1414 τὸ
2316 1363 2544 1432 ἀόρατον
2572 1362 2648 1432 τῷ
2676 1361 2880 1432 ὁρατῷ,
2929 1363 3022 1413 καὶ
3059 1361 3116 1413 τὸ
3153 1362 3376 1431 ἄχρονον
3417 1359 3494 1429 τῷ
3535 1359 3640 1411 ὑπὸ
3680 1357 3806 1427 χρό-

2231 1457 2373 1520 νον),
2419 1454 2516 1505 οὐκ
2553 1453 2709 1516 ἄλλος
2744 1453 2800 1504 δὲ
2851 1454 2943 1505 καὶ
2979 1453 3154 1514 ἄλλος’
3204 1451 3278 1522 μὴ
3310 1450 3535 1517 γένοιτο.
3580 1448 3662 1502 Τὰ
3697 1448 3806 1518 γὰρ

2231 1547 2514 1617 ἀμφότερα
2543 1545 2600 1598 ἓν
2637 1549 2701 1616 τῇ
2746 1544 3043 1614 συγκράσει
3075 1544 3207 1612 (56),
3242 1543 3376 1595 Θεοῦ
3411 1542 3507 1612 μὲν
3539 1538 3806 1610 ὲνανθρω-

2233 1641 2524 1707 πήσαντος,
2575 1636 2861 1705 ἀνθρώπου
2907 1635 2963 1687 δὲ
3007 1634 3315 1697 θεωθέντος,
3355 1634 3388 1702 ἢ
3439 1634 3587 1694 ὅπως
3623 1632 3689 1686 ἄν
3721 1648 3806 1693 τις

2233 1727 2537 1798 ὀνομάσειε.
2581 1727 2738 1794 Λέγω
2776 1727 2832 1779 δὲ
2877 1727 3003 1780 ἄλλο
3041 1728 3131 1778 καὶ
3161 1725 3288 1778 ἄλλο
3323 1725 3458 1793 (37),
3502 1722 3738 1793 ἔμπαλιν
3771 1721 3806 1790 ἢ

2235 1818 2327 1870 ἐπὶ
2376 1819 2474 1887 τῆς
2523 1817 2751 1888 Τριὰδος
2804 1817 2934 1886 ἔχει.
2993 1819 3138 1869 Ἑκεῖ
3193 1817 3293 1886 μὲν
3341 1816 3447 1886 γὰρ
3505 1814 3660 1877 ἄλλος
3715 1813 3810 1866 καὶ

2237 1909 2422 1972 ἄλλος,
2453 1909 2538 1960 ἵνα
2570 1908 2644 1979 μὴ
2676 1909 2774 1970 τὰς
2815 1908 3140 1969 ὑποστάσεις
3172 1905 3504 1975 συγχέωμεν·
3543 1905 3644 1957 οὒκ
3682 1902 3812 1956 ἄλλο

2235 2001 2292 2054 δὲ
2324 2001 2416 2055 καὶ
2445 2001 2591 2063 ἄλλο,
2628 2001 2683 2051 ἓν
2707 2000 2812 2069 γὰρ
2841 1999 2905 2051 τὰ
2939 2000 3064 2070 τρία
3093 1998 3184 2050 καὶ
3214 1998 3408 2050 ταυτὸν
3434 2000 3499 2066 τῇ
3525 1995 3756 2066 θεότητι.

570 2089 648 2142 uti
709 2089 878 2142 malit.
914 2088 1080 2142 Porro
1115 2089 1260 2142 aliud
1295 2096 1348 2143 et
1379 2088 1523 2142 aliud
1555 2089 1696 2146 dico.
1733 2097 1923 2144 contra
1959 2106 2122 2160 quam
2162 2091 2215 2144 in
2245 2091 2511 2146 Trinitate
2539 2107 2626 2146 res
2663 2091 2842 2145 habet.
2875 2089 2986 2144 lliic
3018 2091 3162 2145 enim
3225 2090 3366 2142 alius
3423 2099 3584 2156 atque
3648 2085 3812 2146 alius,

570 2197 637 2232 ne
674 2195 931 2249 person-is
961 2178 1361 2235 confundamns
1392 2197 1404 2231 :
1430 2195 1536 2233 non
1567 2189 1748 2233 autem
1785 2181 1931 2236 aliud
2001 2192 2162 2252 atque
2199 2182 2369 2246 aliud,

569 2271 709 2324 idem
747 2281 892 2325 sum.

643 2367 698 2417 Si
728 2367 849 2432 quis
875 2364 1214 2418 divinitatem
1249 2366 1300 2418 in
1334 2381 1420 2428 eo,
1453 2368 1600 2420 velut.
1629 2367 1680 2418 in
1716 2369 2000 2436 prepheta,
2043 2385 2138 2436 per

573 2456 802 2524 gratiam
858 2461 1134 2524 operatam
1184 2455 1374 2514 fuisse,
1427 2471 1534 2508 non
1595 2465 1773 2509 autem
1835 2457 2134 2510 secundum

571 2547 861 2602 essentiam
893 2547 1193 2615 copulatam
1230 2545 1396 2600 fuisse
1433 2555 1594 2616 atque
1629 2547 1868 2616 copulari
1919 2547 2134 2605 dixerit.

574 2655 601 2690 a
642 2638 1004 2706 priestantiori
1072 2637 1256 2690 afﬂatu
1301 2654 1507 2691 vacuus
1552 2640 1641 2699 sit,
1704 2640 1812 2690 imo
1858 2639 2136 2692 contrario

575 2728 883 2795 impleatur.
910 2725 966 2779 Si
989 2727 1113 2794 quis
1137 2725 1457 2780 crucilixum
1483 2742 1588 2779 non
1614 2726 1822 2786 adorat,
1847 2727 2134 2780 anathema

574 2818 669 2879 sit,
713 2826 877 2886 atque
930 2817 984 2869 in
1028 2832 1217 2870 eorum
1252 2817 1343 2886 qui
1381 2816 1546 2871 Deum
1598 2817 1994 2870 interemerunt
2039 2832 2138 2869 nu-

576 2923 779 2961 merum
810 2908 1138 2963 ascribatur.
1169 2907 1373 2976 Siquis
1399 2897 1520 2961 en’m
1563 2924 1627 2961 ex
1653 2908 1910 2977 Operihus
1968 2902 2141 2977 pérl‘e-

575 3010 722 3055 ctum
743 3001 764 3053 l
767 3002 932 3061 uisse.
953 3007 1046 3054 aut
1069 3007 1191 3068 post
1213 3000 1564 3068 baptismum,
1579 3000 1663 3053 vel
1689 3001 2139 3054 resurrectionem

577 3108 605 3144 a
635 3092 888 3153 mortuis,
934 3095 987 3146 in
1041 3091 1210 3143 lilium
1244 3090 1558 3158 adeptatum
1607 3089 1845 3156 dixerit,
1881 3090 2144 3160 quemad-

651 3250 693 3279 ⁸ο
751 3247 948 3317 Ephes.
1002 3263 1037 3300 ι.
1074 3247 1128 3300 5.

2450 2183 2706 2252 quoniam
2757 2183 2860 2236 tria
2914 2182 3091 2251 quoad
3147 2181 3486 2234 divinitatem
3537 2195 3703 2234 unum
3753 2187 3812 2231 et

2307 2369 2372 2420 Εἴ
2394 2383 2497 2428 τις,
2528 2365 2602 2427 ὡς
2630 2365 2689 2416 ἐν
2721 2363 2972 2431 προφήτῃ
2993 2401 3006 2416 ,
3038 2361 3184 2428 λέγοι
3216 2358 3355 2411 κατὰ
3387 2358 3544 2429 χάριν
3575 2361 3816 2434 ἐνηργη-

2235 2457 2415 2518 κέναι,
2459 2453 2596 2508 ἀλλὰ
2657 2453 2730 2523 μὴ
2762 2453 2881 2505 κατ’
2925 2451 3109 2504 οὐσίαν
3150 2449 3418 2519 συνῆφθαί
3455 2467 3513 2502 τε
3550 2452 3644 2503 καὶ
3683 2470 3816 2505 συν-

2234 2546 2515 2607 ἅπτεσθαι,
2549 2544 2631 2613 εἴη
2661 2543 2810 2606 κενὸς
2837 2543 2933 2612 τῆς
2962 2542 3264 2612 κρείττονος
3286 2542 3580 2612 ἐνεργείας,
3613 2544 3816 2612 μᾶλλον

2231 2637 2286 2689 δὲ
2335 2636 2546 2706 πλήρης
2594 2635 2690 2702 τῆς
2735 2635 2998 2696 ἐναντίας.
3050 2635 3114 2685 Ei
3145 2650 3225 2696 τις
3265 2633 3340 2703 μὴ
3388 2636 3678 2703 προσκυνεῖ
3717 2633 3815 2686 τὸν

2238 2725 2664 2796 ἐσταυρωμένον,
2718 2724 2964 2794 ἀνάθεμα
3010 2724 3172 2783 ἔστω,
3233 2725 3326 2776 καὶ
3374 2723 3618 2794 τετάχθω
3672 2727 3815 2795 μετὰ

2237 2817 2346 2870 τῶν
2378 2817 2672 2870 θεοκτόνων
2709 2817 2837 2883 (58ν.
2869 2817 2934 2871 Εἰ
2961 2833 3041 2877 τις
3075 2816 3132 2878 ἐξ
3163 2815 3336 2882 ἔργων
3369 2816 3811 2885 τετελειωμένον,

2241 2909 2273 2978 ἢ
2309 2907 2446 2978 μετὰ
2481 2908 2542 2960 τὸ
2566 2907 2864 2976 βάπτισμα,
2891 2906 2923 2975 ἦ
2959 2906 3094 2976 μετὰ
3122 2907 3218 2975 τὴν
3253 2907 3313 2958 ὲκ
3343 2907 3552 2977 νεκρῶν
3577 2905 3814 2958 ἀνάστα-

2245 3017 2328 3053 σιν
2359 2999 2628 3061 υἱοθεσίας
2658 2999 2917 3068 ἠξιῶσθαι
2946 2998 3112 3065 λέγοι,
3151 2998 3399 3068 καθάπερ
3426 2997 3518 3061 οὓς
3551 2998 3813 3068 ’Έλληνες

2239 3091 2697 3162 παρεγγράπτους
2731 3090 3039 3159 εἰσάγουσιν
3083 3089 3215 3160 (59),
3253 3089 3500 3160 ἀνάθεμα
3540 3089 3698 3146 ἔστω.
3735 3091 3812 3144 Τὸ

1221 3245 1262 3276 δ’
1295 3247 1318 3298 ῐ
1349 3243 1474 3298 Cor.
1524 3260 1627 3306 xv,
1665 3244 1771 3311 45;
1806 3243 1850 3298 ll
1875 3245 2000 3298 Cor.
2038 3261 2110 3308 tv,
2143 3245 2238 3310 16;
2275 3244 2470 3313 Ephes.
2503 3259 2597 3304 ιιι,
2641 3243 2723 3297 16.

652 3402 759 3477 ('55)
805 3399 955 3452 Ἐπεὶ
979 3399 1072 3452 καὶ
1108 3397 1276 3477 ψυχῇ
1310 3397 1408 3450 καὶ
1434 3395 1622 3477 aqua,
1652 3399 1740 3462 qui
1762 3396 1966 3477 quidem
1987 3397 2139 3477 homo
2167 3401 2208 3455 C
2241 3397 2362 3463 quia
2399 3407 2446 3449 et
2465 3395 2793 3477 hell-pariter
2817 3397 3587 3477 simplexnpariterqtuehonuni
3603 3409 3700 3462 est,
3725 3401 3814 3477 ig-

580 3485 625 3525 et
651 3474 918 3524 animaest
941 3479 988 3522 et
1003 3485 1209 3537 corpus.
1238 3467 1308 3520 Ea
1333 3479 1410 3537 est
1429 3467 1570 3520 enim
1597 3467 1827 3537 humana
1859 3474 2053 3537 natura
2066 3467 2142 3537 de

583 3557 688 3609 qua
725 3540 985 3608 Gregorio
1030 3534 1400 3609 co‘ntrow-rsia
1423 3551 1544 3588 cum
1575 3534 2144 3609 _Apol|inaristis.__l‘lec

583 3603 721 3664 bene
755 3603 861 3661 Bili
901 3629 913 3662 :
942 3605 1388 3672 Quemadmodum
1411 3615 1459 3658 et
1498 3603 1676 3658 anima
1695 3613 1742 3657 et
1772 3619 1977 3671 corpus.
2006 3603 2141 3657 Num

581 3683 702 3735 dum
733 3679 976 3732 naturae?
1027 3687 1079 3730 at
1109 3692 1304 3730 sensus
1354 3677 1441 3728 hic
1488 3674 1680 3728 falsum
1732 3684 1909 3727 sonat.
1951 3674 2142 3727 Anima

584 3764 821 3818 namque
850 3760 901 3802 et
929 3763 1128 3818 corpus
1169 3755 1349 3818 partes
1393 3753 1521 3798 sunt
1569 3744 1732 3798 unius
1755 3744 2028 3818 -ltnmanze
2059 3759 2148 3796 na-

584 3813 748 3874 turai
770 3829 821 3871 et
846 3818 930 3870 his
959 3813 1229 3871 Christus.
1261 3815 1494 3867 humana
1517 3826 1705 3866 natura
1755 3813 1917 3866 homo
1942 3821 2044 3874 est,
2089 3820 2146 3865 ut

583 3899 639 3942 et
697 3888 984 3941 divinitate
1019 3884 1179 3940 Deus.
1237 3883 1491 3938 Nouimus
1551 3894 1597 3936 et
1645 3894 1908 3943 tenemus,
1974 3883 2146 3952 inquit

587 3961 624 4010 S
671 3959 880 4028 August
913 3997 927 4019 ,
957 3971 1121 4028 serm_.

587 4045 732 4092 num,
761 4023 1035 4080 'hominem
1069 4025 1335 4078 Christum
1363 4023 1564 4084 Jesum,
1607 4024 1661 4076 in
1702 4031 1972 4092 quantum
1996 4023 2146 4076 homo

585 4091 726 4159 erat,
761 4097 873 4164 ejus
903 4112 1014 4148 esse
1051 4106 1256 4147 natura:
1299 4097 1448 4162 cujus
1476 4103 1524 4147 et
1558 4111 1650 4146 nos
1671 4091 1874 4164 sumus.
1904 4129 1922 4164 ε
1941 4091 2018 4164 Et
2048 4095 2149 4146 sic-

590 4177 645 4217 ut
705 4176 758 4217 tu
784 4163 922 4217 unus
953 4165 1127 4223 homo,
1166 4164 1342 4216 anima
1362 4179 1414 4217 es
1449 4173 1496 4216 et
1526 4180 1670 4225 caro,
1701 4163 1776 4214 sic
1817 4171 1864 4216 et
1907 4163 1997 4215 ille
2014 4179 2148 4216 unus

589 4235 851 4288 Christus.
902 4232 1039 4283 Deus
1064 4243 1110 4284 et
1142 4233 1315 4283 homo.

663 4301 772 4369 (56)
812 4305 920 4353 Ἓν
949 4301 1019 4366 τῇ
1053 4298 1402 4366 συγκράσει.
1431 4298 1662 4351 (.Iomhel'
1717 4314 1739 4369 :_
1765 4297 1929 4350 Ambo
1957 4300 2149 4352 coadu-

591 4367 802 4423 natione
846 4385 1007 4422 unum
1056 4378 1192 4421 sunt.
1230 4368 1388 4420 Addit
1419 4376 1595 4436 autem
1629 4383 1642 4418 :
1681 4367 1978 4436 σύγκρασιν
2011 4384 2148 4420 con-

593 4441 1017 4507 temperatiouem
1042 4437 1169 4489 dicit
1194 4436 1405 4491 Cicero.
1439 4435 1568 4507 Quae
1584 4451 1687 4507 vos
1725 4435 1844 4507 post
1876 4436 2146 4507 Eutychen

592 4503 908 4576 exponenda
944 4517 1001 4560 ut
1041 4507 1426 4576 commercium
1471 4503 1600 4576 illud
1641 4505 1938 4576 divinitatis
1967 4503 2018 4558 et
2046 4505 2148 4558 hu-

594 4573 872 4631 manitatis
905 4578 956 4630 in
995 4592 1104 4630 uno
1125 4574 1342 4628 Christo
1371 4573 1657 4642 signiticet,
1685 4573 1890 4640 integra
1921 4585 2149 4642 utraque

594 4649 951 4702 substantia:
1014 4646 1102 4698 illa
1156 4644 1538 4696 coadunatione
1586 4641 1727 4696 Deus
1765 4642 1924 4697 homo
1975 4641 2148 4699 factus

593 4729 698 4774 est.
733 4728 790 4771 et
826 4718 985 4770 homo
1012 4715 1207 4768 deitate
1239 4713 1476 4767 imbutus
1510 4728 1682 4780 eoque
1715 4711 1875 4767 Deus.

667 4789 779 4850 (37)
808 4786 968 4855 Λέγω
1008 4783 1261 4855 defluo
1313 4783 1406 4855 zeal
1436 4781 1608 4855 ἀλλλοΓ
1657 4781 1810 4836 Alius
1865 4791 1949 4836 est
1973 4781 2154 4844 Pater,

595 4858 672 4910 ait
709 4858 802 4911 Bill
835 4898 849 4918 ,
886 4851 1026 4909 alius
1055 4851 1245 4913 Filius,
1291 4852 1430 4906 alius
1462 4851 1698 4920 Spiritus
1744 4860 1968 4905 sanctus
2007 4861 2158 4908 :tres

597 4928 740 4980 omini
784 4927 1054 4982 distincta:
1091 4937 1334 4991 personae
1364 4931 1520 4985 sunt;
1564 4927 1620 4972 at
1665 4935 1773 4991 non
1826 4922 1969 4974 aliud
2009 4930 2156 4976 sunt.

601 4995 716 5048 Una
765 4999 908 5049 enim
953 4989 1258 5048 substantia
1287 4999 1389 5044 est.
1453 4992 1505 5043 In
1569 4989 1785 5044 Christo
1828 4999 2004 5044 autem
2057 4993 2161 5044 alia

601 5073 685 5118 est
717 5065 918 5126 divina,
960 5063 1063 5116 alia
1106 5063 1336 5114 humana
1377 5067 1567 5113 natura
1597 5075 1609 5110 :
1653 5075 1759 5113 non
1793 5067 1970 5113 tamen
1999 5061 2159 5124 alius,

602 5143 765 5200 atque
812 5133 951 5186 alius
1011 5133 1281 5186 Christus.
1325 5129 1416 5183 Sic
1469 5129 1804 5200 Augustinus
1852 5128 1943 5182 lib.
1993 5145 2045 5183 χι
2087 5129 2162 5184 De

603 5199 811 5256 civitate
864 5201 992 5261 Dei,
1058 5217 1177 5268 cap.
1233 5201 1327 5260 l0,
1379 5200 1602 5253 istorum
1658 5199 2157 5268 duornuLvoeabu-

607 5273 778 5326 lorum
830 5271 966 5323 alius
1017 5277 1069 5322 et
1111 5266 1256 5321 aliud
1311 5271 1465 5338 longe
1517 5269 1570 5321 in
1619 5269 1828 5321 ratione
1877 5266 2160 5338 Trinitatis

607 5343 876 5395 diverSam
919 5355 1040 5393 esse
1093 5335 1539 5402 signiﬁcationem
1594 5338 1865 5391 admonet.
1908 5335 2157 5406 Spiritus,

609 5411 805 5480 inquit.
840 5407 1021 5480 Patris
1037 5419 1085 5480 et
1118 5407 1247 5460 Filii
1282 5408 1507 5480 Spiritus
1541 5410 1996 5480 sanctuspropria
2035 5425 2161 5477 qua-

608 5476 731 5531 dam
766 5479 970 5531 ratione
998 5477 1151 5544 hujus
1187 5477 1411 5529 nominis
1438 5479 1489 5529 in
1517 5481 1683 5530 sacris
1714 5476 1925 5529 Litteris
1957 5476 2155 5530 nuncu-

609 5559 784 5614 patur.
823 5547 972 5600 Alius
1000 5556 1076 5600 est
1116 5556 1287 5614 autem
1316 5562 1471 5614 quam
1509 5545 1666 5600 Pater
1704 5559 1750 5599 et
1801 5545 1968 5598 Filius
1998 5563 2015 5598 :
2041 5548 2161 5612 quia

613 5635 702 5672 nec
728 5617 883 5671 Pater
917 5625 992 5670 est
1032 5632 1119 5667 nec
1168 5613 1368 5677 Filius;
1401 5615 1488 5666 scd
1518 5618 1655 5669 alius
1684 5617 1818 5679 dixi,
1850 5632 1950 5669 non
1992 5615 2158 5677 aliud,

1193 3955 1314 4020 ΓΜ,
1368 3953 1709 4007 mediatorem
1757 3952 1850 4006 Dei
1899 3961 1946 4005 et
1979 3947 2189 4006 hoini-’

2247 3465 2616 3519 commutabile
2646 3476 2694 3518 et
2729 3475 2999 3520 (uernum.
3036 3465 3125 3520 Sic
3154 3465 3316 3520 etiam
3337 3467 3505 3520 llilar.
3536 3470 3627 3523 lib.
3663 3485 3699 3522 ll
3735 3470 3814 3523 De

2250 3535 2509 3588 Trinitate
2544 3551 2561 3587 :
2595 3535 2768 3595 Alius.
2801 3536 2993 3602 inquit,
3026 3536 3088 3588 ab
3116 3537 3243 3597 alia,
3291 3539 3414 3604 quia
3451 3538 3610 3591 Pater
3638 3549 3687 3592 el
3716 3539 3811 3592 Fi—

2247 3605 2348 3656 lius
2379 3622 2396 3657 :
2427 3621 2528 3657 non
2560 3615 2752 3658 natura
2797 3605 3089 3658 divinitatis
3122 3606 3230 3658 alia
3262 3616 3310 3659 et
3347 3606 3478 3668 alia,
3508 3610 3630 3676 quia
3655 3610 3806 3661 ambo

2245 3691 2314 3726 un
2320 3691 2349 3725 ιι
2358 3691 2424 3727 ηι.
3756 3687 3770 3708 ιι

2319 3742 2430 3812 (58)
2458 3745 2615 3798 Μετὰ
2662 3741 2778 3796 τῶν
2826 3744 3170 3797 θεοκτόνων.
3223 3743 3478 3810 Montac.,
3517 3745 3701 3801 Morel.
3755 3756 3808 3802 et

2246 3805 2917 3884 Coiiibel.xptorox-:6vwv.
2945 3828 3104 3882 quam
3146 3815 3426 3884 lectionem
3462 3805 3686 3871 secutus
3727 3829 3810 3871 est

2250 3882 2390 3940 Bill.,
2409 3883 2500 3952 qui
2526 3882 2732 3938 vertere
2756 3899 2861 3935 non
2890 3891 3171 3944 aususest,
3209 3883 3374 3935 Deum
3396 3885 3768 3938 interemerunt
3791 3904 3808 3940 :

2249 3952 2580 4018 Θεοκτόνων,
2613 3953 2755 4022 quod
2797 3960 2976 4006 tamen
3010 3953 3336 4006 catholicum
3373 3956 3614 4008 omnino.
3649 3954 3812 4008 Proli-

2249 4029 2427 4076 tetnur
2454 4024 2597 4076 enim
2646 4037 2806 4075 unam
2854 4023 2906 4074 in
2950 4022 3168 4076 Christo
3201 4037 3264 4075 ex
3313 4023 3525 4077 duabus
3581 4027 3808 4082 naturis.

2249 4093 2429 4144 divina
2458 4093 2780 4163 ethumana.
2806 4106 3114 4163 personam,
3139 4098 3330 4163 etcum
3367 4091 3632 4163 Ephesina
3657 4109 3816 4163 syno-

2250 4163 2339 4220 do,
2371 4168 2510 4226 part.
2543 4177 2581 4221 I,
2614 4175 2663 4214 c.
2704 4160 2794 4220 26,
2825 4176 2878 4211 η.
2907 4161 2938 4212 4
2972 4179 2984 4212 :
3013 4159 3194 4226 Ipsum
3229 4160 3547 4227 unigenitum
3598 4159 3814 4216 Dei'Fi-

2251 4229 2377 4280 lium
2415 4243 2479 4279 ea:
2519 4229 2680 4280 Patre
2717 4236 2920 4298 natum,
2955 4229 3165 4280 etiamsi
3221 4228 3504 4280 secundum
3541 4234 3817 4298 propriam

2250 4307 2495 4348 naturam
2513 4295 2853 4361 impassibilis
2883 4299 2970 4352 sit.
2999 4298 3164 4348 nostri
3198 4306 3366 4348 tamen
3407 4313 3569 4350 causa
3595 4295 3815 4355 mortem

2249 4367 2302 4416 in
2343 4380 2498 4416 carne
2526 4364 2806 4438 secundum
2838 4363 3138 4432 Scripturas
3173 4381 3383 4438 passum
3419 4382 3550 4438 esse,
3581 4372 3819 4438 proprie-

2249 4449 2344 4499 que
2393 4434 2567 4486 carnis
2616 4432 2939 4554 apiictiones.
2995 4451 3124 4503 quas
3169 4435 3415 4488 nimirum
3472 4437 3524 4488 in
3561 4432 3816 4507 cruciﬁxo

2249 4517 2459 4554 corpore
2494 4513 2640 4554 pertu
2669 4503 2737 4554 it.
2767 4503 2901 4554 citra
2942 4504 3092 4554 illam
3137 4507 3220 4554 sui
3254 4507 3548 4554 passionem
3588 4509 3688 4554 sibi
3717 4509 3816 4554 ad-

2249 4517 2459 4568 corpore
2494 4503 2737 4569 pertulit,
2767 4503 2901 4555 citra
2942 4504 3092 4556 illam
3137 4507 3220 4557 sui
3254 4507 3548 4571 passionem
3588 4509 3688 4561 sibi
3706 4503 3817 4562 ἀά-

2251 4573 2477 4642 scivisse.
2524 4571 2630 4642 Ne_c
2677 4572 2820 4624 aliud
2868 4588 2966 4627 nos
3026 4574 3184 4626 docet
3223 4575 3515 4642 Apostolus
3568 4579 3685 4631 Act.
3721 4595 3815 4641 xx,

2252 4640 2534 4724 Ephesium
2583 4640 2838 4722 Ecclesiae
2877 4641 3218 4724 presbyteros
3257 4640 3594 4724 alloquens:
3635 4654 3818 4700 Atten-

2189 4718 2230 4773 ι)
2258 4712 2365 4764 dite
2391 4711 2529 4764 vobis
2551 4720 2597 4783 et
2628 4711 2888 4783 universo
2909 4711 3050 4782 gregi
3080 4715 3132 4765 in
3163 4729 3263 4783 quo
3303 4711 3396 4766 vos
3431 4714 3660 4781 Spiritus
3691 4734 3814 4770 san-

2258 4790 2371 4833 ctus
2401 4782 2590 4854 posuit
2647 4781 2914 4854 episcopos
2965 4798 3144 4854 regere,
3176 4781 3472 4836 'lt‘cclesiam
3507 4784 3600 4838 Dei
3654 4803 3815 4854 quam

2260 4851 2815 4922 acquisivitﬂsanguine
2846 4867 2961 4905 suo.
2997 4853 3277 4922 Al’rol'tlsus
3310 4855 3469 4922 igitur
3503 4854 3556 4906 in
3603 4851 3814 4909 redem-

2263 4923 2498 4990 ptionem
2528 4919 2781 4974 Ecclesiae
2819 4920 3060 4990 sanguis,
3097 4919 3440 4990 sanguis'est
3481 4924 3650 4991 ipsius
3693 4925 3810 4987 Dei,

2263 4992 2352 5058 qui
2401 4991 2634 5060 seipsum
2670 4991 2908 5049 tradidit,
2945 5001 3002 5043 ut
3039 4993 3302 5060 sanguine
3336 5007 3434 5045 suo
3483 4996 3811 5060 acqtlireret,

2265 5059 2572 5132 Inundaret.
2599 5059 3382 5132 sanctiliearet,exhiberetque
3408 5063 3514 5127 ipse
3564 5059 3666 5115 sibi
3701 5063 3817 5132 glo-

2262 5130 2459 5202 riosam
2487 5127 2772 5202 Ecclesium
2796 5145 2897 5202 non
2921 5129 3188 5202 habentem
3213 5127 3471 5202 nauculam
3504 5141 3593 5183 aut
3613 5127 3818 5202 rugam,

2267 5197 2356 5251 sed
2387 5207 2443 5268 ut
2475 5199 2538 5250 sit
2569 5207 2754 5249 sancta
2781 5208 2827 5250 et
2859 5201 3199 5252 immaculata
3239 5199 3450 5268 (Ephes.
3488 5217 3538 5264 ν,
3562 5202 3674 5262 27).

2337 5267 2447 5340 (59)
2487 5268 2973 5340 Πίιρεγγρᾴπζτους
3023 5267 3393 5340 study-ovain
3430 5268 3640 5340 Momns
3679 5271 3819 5340 apud

2266 5334 2562 5406 Lueianum
2627 5337 2678 5387 in
2725 5337 2939 5404 dialogo
2964 5337 3048 5390 cui
3087 5334 3275 5392 titulus
3305 5347 3388 5391 est.
3425 5358 3437 5391 :
3477 5337 3684 5406 Jupiter
3711 5334 3819 5392 ira-

2263 5406 2465 5473 g‘edus,
2492 5405 2577 5457 his
2621 5406 2802 5457 verbis
2832 5407 3001 5459 utitur
3036 5422 3049 5456 :
3079 5407 3154 5460 Ac
3201 5408 3326 5460 mihi
3358 5407 3452 5460 hac
3489 5405 3622 5469 loco,
3648 5427 3676 5462 ο
3720 5409 3820 5462 Ju-

2265 5477 2419 5541 piter,
2453 5474 2552 5527 soli
2591 5474 2728 5526 enim
2774 5490 2976 5536 sumus,
3025 5492 3115 5529 nec
3160 5477 3299 5529 ullus
3342 5476 3608 5530 hominum
3640 5481 3693 5531 in
3729 5482 3822 5531 hoc

2267 5554 2396 5615 coetu
2443 5553 2540 5615 est,
2573 5553 2762 5608 prwter
2782 5560 2951 5615 unum
2994 5544 3300 5609 Herculem,
3332 5563 3393 5599 ac
3417 5547 3726 5615 Dionysium
3775 5556 3820 5600 et

2270 5612 2618 5682 Ganymedem
2656 5621 2704 5665 et
2748 5612 3115 5681 Esca/apium
3161 5617 3249 5679 qui
3302 5619 3465 5670 tiostri
3507 5612 3629 5670 sunt
3673 5627 3721 5670 et
3750 5617 3822 5668 dii
