4080 6206
420 258 526 317 185

1868 261 2205 319 EPISTOLA
2243 261 2329 318 Cl.

3570 270 3670 329 186

484 370 596 425 Ποῦ
639 370 697 424 δὲ
738 370 836 424 καὶ
884 368 1089 433 τέλειος
1138 369 1266 435 νοῦς
1322 373 1616 442 ἀνθρώπου
1656 373 1690 446 ἢ
1739 374 1989 443 ἀγγέλου,

2166 374 2285 430 1am
2316 391 2446 431 vero
2475 391 2715 447 quonam
2750 386 2913 448 pacto
2958 392 3118 434 mens
3144 377 3401 446 hominis,
3440 389 3535 437 aut
3566 399 3671 438 an-

406 459 694 530 συγκρίσει
724 457 999 529 θεότητος,
1043 459 1131 512 ῐνα
1156 459 1219 512 τὸ
1246 460 1433 532 ἕτερον
1460 460 1684 533 ἐκθλιϐῇ
1721 463 1993 535 παρουσίᾳ

405 551 502 603 τοῦ
538 550 812 620 μείζονοςς
834 549 957 602 οὐδὲ
986 549 1093 621 γὰρ
1113 550 1257 621 αὐγή
1284 566 1337 603 τι
1362 549 1473 619 (60)
1504 550 1642 623 πρὸς
1667 552 1840 622 ἥλιον,
1871 553 1993 607 οὐδὲ

402 644 550 704 νοτὶς
572 640 729 711 ὀλίγη
765 641 899 713 πρὸς
932 641 1202 710 ποταμὸν,
1246 641 1333 695 ῐνα
1361 641 1429 695 τὰ
1471 642 1644 713 μικρὰ
1680 644 2006 715 προανέλωο.

407 748 512 803 μεν
534 731 671 801 (61),
702 731 852 809 οἴκου
890 731 989 801 μὲν
1018 731 1213 802 αὐγὴν,
1248 732 1353 802 γῆς
1385 732 1444 786 δὲ
1484 733 1683 796 νοτίδα,
1718 735 1814 788 καὶ
1848 734 1992 787 οὕτω

404 822 632 892 χωρηθῇ
665 821 734 875 τὰ
766 821 937 892 μείζω
968 822 1063 874 κα.)¹
1097 821 1421 892 τελεώτερα.
1458 823 1583 888 Πῶς
1608 824 1717 896 γὰρ
1751 826 1992 897 χωρήσει

404 914 505 966 δύο
534 912 731 974 τέλεια,
765 907 915 977 οἶκος
946 913 1045 983 μὲν
1075 914 1251 984 αὐγὴν
1281 916 1378 968 καὶ
1410 915 1584 985 ἥλιον,
1618 917 1693 987 γῆ
1722 918 1779 971 δὲ
1812 917 1992 971 νοτίδα

407 1006 508 1058 καὶ
540 1006 801 1075 ποταμὸν,
840 1004 999 1059 τοῦτο
1037 1004 1476 1077 διασκεψώμεθαο
1515 1007 1609 1060 καὶ
1649 1007 1757 1079 γὰρ
1791 1007 1992 1079 πολλῆς

403 1097 580 1160 ὅντως
613 1096 674 1150 τὸ
703 1098 936 1167 πρᾶγμα
958 1096 1238 1168 φροντίδος
1264 1093 1431 1162 ἄξιον.
1465 1099 1537 1152 Ἢ
1568 1100 1882 1168 ἀγνοοῦσιν,
1908 1100 1991 1154 ὅτι

406 1186 472 1240 τὺ
508 1188 645 1260 πρός
683 1206 735 1242 τι
775 1188 979 1241 τέλειον
1022 1188 1158 1260 πρὸς
1207 1189 1393 1260 ἕτερον
1436 1191 1643 1255 ἀτελὲς,
1693 1192 1769 1256 ὡς
1804 1193 1992 1263 βουνὸς

410 1282 551 1349 πρὸς
585 1281 729 1353 690;,
767 1283 863 1335 καὶ
901 1282 1099 1346 κόκκος
1145 1283 1349 1348 νάπυος
1399 1286 1535 1357 πρὸς
1580 1285 1813 1358 κύαμον,
1864 1288 1900 1359 ἡ
1936 1305 1991 1340 τι

405 1371 543 1424 ἄλλο
581 1373 687 1425 τῶν
732 1372 991 1443 μειζόνων
1032 1376 1381 1447 σπερμάτων,
1427 1377 1530 1430 κᾶν
1568 1379 1676 1432 τῶν
1712 1380 1992 1449 ὁμογενῶν

410 1464 600 1534 μεῖζον
631 1462 878 1534 λέγηται·
911 1466 961 1525 51
980 1465 1038 1518 δὲ
1066 1465 1265 1535 βούλει,
1296 1468 1392 1521 καὶ
1420 1467 1652 1538 ἄγγελος
1672 1469 1808 1533 πρὸς
1836 1471 1987 1539 Θεὸν,

406 1554 507 1609 καὶ
545 1555 682 1627 πρὸς
702 1554 948 1624 ἄγγελον
985 1556 1300 1628 ἄνθρωποςς
1340 1558 1554 1613 Τέλειον
1592 1556 1688 1614 οὖν
1729 1561 1993 1632 ἡμέτερος

402 1646 554 1711 νοῦς,
586 1647 680 1700 καὶ
702 1649 1055 1718 ἡγεμονικὸν,
1092 1648 1227 1703 ἀλλὰ
1255 1649 1435 1721 ψυχῆς
1467 1652 1562 1705 καὶ
1590 1650 1858 1722 σώματος,
1893 1653 1991 1725 οὐχ

2092 468 2219 538 geli,
2252 469 2298 523 si
2342 483 2467 523 cum
2512 470 2799 525 divinitate
2846 479 3220 540 comparetur,
3275 472 3515 542 perfecta
3558 474 3669 532 dici

2090 569 2276 630 queat.
2303 569 2362 614 ut
2390 562 2620 616 alterum
2652 562 2773 615 loco
2802 560 2998 615 cedere
3025 572 3256 631 cogatur
3286 562 3507 631 majoris
3532 580 3671 633 prae-

2091 652 2307 706 sentia?
2336 649 2524 721 Neque
2550 652 2693 705 enim
2742 653 3000 721 Splendor
3040 653 3272 722 aliquid.
3315 654 3360 708 si
3396 670 3520 707 eum
3556 657 3672 711 sole

2090 744 2427 804 Conferatur,
2462 759 2561 797 nec
2588 744 2701 813 89
2737 744 2934 797 humor
2962 746 3215 813 exiguus,
3251 744 3296 797 si
3327 760 3450 799 cum
3482 744 3669 811 fluvio;

2092 840 2151 887 ut
2192 848 2314 903 quze
2354 848 2518 902 parva
2571 841 2700 888 sunt
2735 833 2887 902 prius
2937 835 3386 895 suhmoVeamus.
3435 850 3466 890 e
3504 834 3671 888 domo

2092 923 2465 994 splendorem,
2495 939 2526 978 e
2560 932 2706 977 terra
2739 923 3047 989 humorem,
3096 931 3261 992 atque
3301 924 3372 977 ita
3404 940 3524 994 qua;
3553 940 3671 999 ma-

2084 1018 2207 1088 jora
2247 1027 2376 1072 sunt
2410 1028 2461 1072 et
2505 1017 2831 1087 perfectiora
2886 1017 3196 1085 capiantur.
3236 1015 3482 1082 Quonam
3523 1017 3669 1070 enim

2090 1111 2254 1165 modo
2286 1110 2395 1164 duo
2419 1108 2657 1179 perfecta
2682 1110 3063 1173 continebunt,
3098 1109 3226 1162 hinc
3253 1124 3444 1178 nempe
3474 1108 3671 1163 domus

2090 1200 2438 1271 splendorem
2475 1208 2529 1253 et
2564 1200 2756 1258 solem.
2794 1200 2919 1253 hinc
2956 1214 3175 1253 rursum
3207 1209 3352 1253 terra
3381 1200 3670 1252 humorem

2088 1294 2143 1342 et
2186 1285 2434 1350 ﬂuvium,
2481 1287 2584 1341 hoc
2626 1286 3081 1349 consideremus;
3121 1302 3317 1357 magna
3366 1293 3508 1341 enim
3544 1303 3672 1356 pro-

2091 1377 2238 1433 fecto
2266 1393 2397 1431 cura
2427 1385 2483 1431 et
2517 1378 2995 1432 animadversione
3032 1393 3120 1432 res
3148 1378 3313 1447 digna
3359 1386 3465 1431 est.
3500 1379 3580 1429 An
3613 1377 3673 1430 il—

2091 1469 2183 1524 lud
2224 1483 2322 1524 eos
2361 1468 2518 1539 fugit,
2568 1468 2712 1538 quod
2766 1484 2852 1524 res
2903 1469 3117 1534 eadem,
3161 1485 3285 1538 qua:
3320 1484 3445 1522 cum
3487 1468 3670 1536 aliqua

2090 1560 2288 1615 collata
2312 1559 2553 1630 perfecta
2589 1571 2695 1623 est,
2724 1560 2951 1616 alterius
2981 1561 3193 1615 ratione
3223 1559 3541 1630 imperfecta
3575 1559 3667 1622 sit,

2092 1659 2153 1704 ut
2188 1651 2353 1705 collis
2394 1666 2519 1705 cum
2563 1660 2750 1706 monte
2793 1651 3050 1716 collatus,
3083 1659 3137 1705 et
3184 1666 3416 1721 granum
3459 1649 3670 1719 sinapis

406 1738 601 1801 ἁπλῶς
630 1739 859 1802 τέλειον,
896 1739 1036 1793 Θεοῦ
1070 1741 1126 1793 δὲ
1160 1741 1345 1795 δοῦλον
1378 1743 1473 1797 καὶ
1508 1745 1835 1816 ὑποχείριον,
1877 1746 1989 1799 ἀλλ’

2092 1757 2220 1795 cum
2253 1741 2395 1807 faba,
2425 1750 2518 1795 aut
2545 1742 2654 1795 alio
2683 1742 2942 1811 quopiam
2972 1742 3165 1812 majori
3196 1742 3427 1805 semine,
3453 1740 3670 1795 etiamsi

404 1830 469 1883 ού
496 1830 946 1901 συνηγεμονικὸν,
974 1829 1094 1883 οὐδὲ
1118 1831 1403 1903 ὁμότιμον.
1434 1834 1587 1886 Ἐπεὶ
1613 1835 1706 1888 καὶ
1733 1835 1993 1907 Μωῦσῆς,

405 1917 608 1989 Φαραὼ
625 1919 724 1989 μὲν
747 1918 885 1983 θεὸς,
909 1919 1045 1973 Θεοῦ
1066 1920 1122 1973 δὲ
1145 1920 1418 1992 θεράπων,
1453 1923 1530 1986 ὡς
1553 1924 1989 1995 ἁναγέγραπται’

406 2012 505 2064 καὶ
538 2011 766 2082 ἀστέρες
796 2011 967 2065 νύκτα
1006 2014 1105 2083 μὲν
1143 2013 1578 2085 περιλάμτωυσιν
1606 2015 1740 2084 (62),
1766 2016 1901 2088 ἡλίῳ
1936 2018 1994 2071 δὲ

407 2104 773 2172 κρύπτονται,
799 2103 903 2171 ὡς,
936 2103 1056 2174 μηδ’
1085 2105 1168 2157 ὅτι
1198 2105 1369 2168 εἰσὶν,
1398 2105 1580 2176 ἡμέρᾳ
1609 2105 1989 2177 γνωρίζεσθαι·

406 2193 508 2247 καὶ
542 2192 765 2263 λαμπὰς
793 2194 947 2264 ὀλίγη
994 2193 1207 2267 μεγάλῃ
1242 2197 1487 2266 πυρκαῖᾷ
1520 2195 1631 2265 (65)
1667 2202 1992 2269 προσχωρή-

408 2298 580 2342 σασα,
613 2280 739 2334 οὔτε
776 2282 1103 2346 ἀπόλλυται,
1137 2281 1261 2335 οὔτε
1292 2282 1562 2352 φαίνεται,
1600 2282 1723 2337 οὔτε
1760 2285 1990 2356 χωρίζει

406 2389 501 2425 ται
564 2374 700 2442 (64),
743 2373 859 2426 ἀλλ’
899 2373 1018 2427 ὅλον
1061 2374 1177 2427 ἐστὶ
1221 2374 1464 2445 πυρκαϊὰ
1503 2374 1638 2446 (65),
1687 2374 1782 2429 τοῦ
1820 2376 1991 2447 ὑπερ-

402 2462 622 2531 έχοντος
654 2464 843 2535 ἐκνική
851 2480 1061 2527 σαντος.

2094 1833 2184 1897 iis,
2214 1848 2336 1903 quae
2360 1833 2608 1902 ejusdem
2648 1840 2777 1887 sunt
2800 1829 3041 1903 generis,
3076 1832 3256 1902 majus
3278 1832 3495 1886 dicatur
3522 1848 3536 1883 :
3571 1846 3672 1885 an-

2093 1925 2246 1994 gelus
2272 1924 2437 1979 etiam
2480 1924 2525 1979 si
2561 1924 2636 1978 ita
2678 1925 2854 1985 lnhet,
2902 1939 3025 1977 cum
3066 1922 3199 1987 Deo,
3245 1932 3299 1977 et
3339 1923 3502 1976 homo
3544 1935 3673 1975 cum

2095 2014 2329 2081 angelo?
2348 2014 2620 2078 Quocirca
2645 2029 2800 2069 mens
2825 2021 3040 2074 nostra,
3066 2013 3308 2082 perfecta
3332 2012 3422 2064 illa
3448 2010 3670 2079 quidem

2094 2114 2201 2166 est,
2244 2112 2299 2177 et
2336 2105 2705 2175 principatum
2749 2112 2921 2168 tenet,
2966 2120 3157 2159 rerum
3215 2104 3272 2157 in
3324 2102 3563 2156 animam
3613 2109 3673 2155 et

2096 2210 2334 2265 corpus;
2367 2211 2475 2250 non
2506 2205 2689 2251 autem
2737 2197 3059 2267 simpliciter
3089 2195 3368 2266 perfecta;
3402 2193 3497 2249 Dei
3537 2207 3672 2249 vero

2096 2302 2254 2342 serva
2291 2296 2347 2342 et
2397 2271 2616 2342 subdita
2665 2295 2771 2350 est,
2806 2300 2914 2341 non
2964 2286 3309 2357 principatus
3344 2286 3514 2346 socia,
3570 2299 3672 2339 nec

2095 2376 2226 2445 pari,
2251 2376 2461 2431 honore
2496 2375 2744 2446 prazdita.
2774 2374 3232 2445 Quandoquidem
3261 2376 3424 2429 etiam
3464 2372 3668 2436 Moses,

2096 2465 2399 2521 Pharaonis
2421 2467 2641 2537 quidem
2664 2467 2800 2523 deus
2818 2467 2887 2529 ",
2908 2466 3002 2521 Dei
3027 2475 3209 2520 autem
3238 2464 3477 2520 famulus
3499 2470 3670 2527 est",

403 2560 470 2605 ut
518 2550 743 2607 Litteris
798 2554 977 2608 sacris
1023 2553 1300 2624 proditum
1354 2553 1624 2620 habetur;
1668 2565 1722 2609 et
1760 2555 1934 2611 stellae
1968 2566 2183 2611 noctem
2220 2558 2534 2625 illustrant,
2570 2574 2599 2612 a
2629 2558 2746 2614 sole
2776 2568 2955 2613 autem
2987 2559 3357 2623 occultantur,
3390 2560 3462 2612 ita
3495 2566 3553 2610 ut
3581 2557 3669 2611 in-

401 2645 586 2700 terdiu
628 2664 697 2701 ne
732 2664 828 2703 eas
884 2649 1106 2719 quidem
1156 2662 1279 2703 esse
1335 2649 1564 2718 agnosci
1616 2650 1829 2718 possit;
1884 2657 1940 2705 et
1991 2651 2187 2721 exigua
2234 2655 2459 2707 lucerna
2508 2668 2708 2722 magno
2757 2652 3027 2707 accedens
3081 2667 3316 2708 accenso
3369 2667 3522 2723 rogo,
3569 2666 3672 2707 nec

400 2739 796 2808 exstinguitur,
828 2756 931 2795 nec
958 2741 1123 2805 lucet,
1170 2753 1273 2793 nec
1312 2738 1673 2808 disjungitur,
1709 2739 1804 2794 sed
1849 2747 2027 2795 totum
2065 2756 2233 2813 rogus
2270 2750 2357 2798 est
2400 2757 2466 2797 ac
2495 2741 2736 2808 ﬂamma,
2778 2752 3078 2811 superante
3120 2742 3380 2797 nimirum
3417 2757 3483 2797 eo
3522 2742 3671 2813 quod

398 2831 756 2900 prmstantius
786 2839 884 2886 est.

487 2922 649 2975 Ἀλλὰ
698 2922 1044 2992 κατάκριτος,
1095 2923 1281 2994 φησὶν,
1329 2924 1360 3003 ρ
1398 2920 1666 2991 ἡμέτερος
1711 2920 1856 2983 νοῦς.
1911 2921 1977 2972 Τί

2156 2921 2227 2971 At
2256 2934 2406 2973 mens
2435 2928 2643 2985 nostra,
2666 2917 2863 2989 inquit,
2895 2920 3151 2974 damnata
3171 2930 3275 2976 est.
3310 2920 3451 2988 Quid
3476 2934 3658 2982 autem

397 3012 493 3065 δα).
523 3014 559 3082 ἡ
596 3012 764 3082 σάρξ;
815 3014 876 3066 οὐ
930 3014 1297 3085 κατάκριτος;
1356 3012 1425 3065 Ἦ
1470 3012 1564 3066 καὶ
1607 3011 1812 3082 ταύτην
1848 3012 1975 3064 ἀπο-

2089 3010 2251 3064 caro?
2301 3026 2485 3065 annon
2542 3010 2834 3064 damnata?
2887 3009 3069 3078 Quare
3127 3022 3223 3066 aut
3269 3014 3408 3067 hanc
3450 3031 3670 3085 quoque

403 3103 674 3158 σκεύασαι
702 3103 789 3157 διὰ
810 3105 909 3175 τὴν
937 3104 1230 3176 ἁμαρτίαν.
1265 3104 1298 3174 ἦ
1331 3105 1581 3158 κάκεῖνον
1608 3102 1851 3173 πρόσαγε
1874 3101 1986 3173 (66)

397 3193 496 3246 διὰ
526 3194 626 3264 τὴν
680 3195 973 3266 σωτηρίαν.
1012 3196 1076 3248 Et
1108 3196 1170 3248 τὸ
1216 3197 1400 3267 χεῖρον
1448 3194 1869 3265 προσείληπται,
1921 3192 1986 3245 ἵν’

401 3286 645 3357 ἁγιασθῇ
679 3286 767 3340 διὰ
797 3287 896 3356 τῆς
929 3285 1278 3358 σαρκώσεως,
1326 3286 1390 3339 τὸ
1424 3288 1674 3357 κρεῖττον
1704 3285 1766 3338 ού
1816 3301 1986 3354 προσ-

396 3378 768 3449 ληφθήσεται,
800 3380 867 3432 ἵν’
902 3378 1135 3450 ἁγιασθῇ
1166 3378 1255 3432 διὰ
1284 3378 1384 3448 τῆς
1410 3377 1908 3450 ἐνανθρωπήσεως;
1939 3378 1988 3429 εί

395 3475 433 3526 ὁ
465 3470 636 3539 πηλὸς
669 3470 926 3543 ἐζυμώθη
979 3472 1073 3525 καὶ
1101 3469 1220 3525 νέον
1261 3468 1491 3542 φύραμα
1533 3456 1776 3538 γέγονεν,
1819 3462 1864 3521 ὦ
1909 3484 1990 3520 σο-

399 3562 518 3632 φοὶ,
561 3564 596 3632 ἡ
630 3560 795 3615 είκὼν
836 3564 897 3617 οὐ
932 3562 1338 3634 ζυμωθήσεται,
1378 3562 1474 3616 καὶ
1506 3561 1644 3635 πρὸς
1686 3560 1819 3614 Θεὸν
1858 3561 1988 3613 ἀνα-

399 3652 743 3724 κραθήσεται
788 3653 921 3725 (67),
972 3652 1239 3706 θεωθεῖσα
1270 3650 1362 3706 διὰ
1410 3652 1510 3723 τῆς
1552 3651 1833 3722 θεότητος;
1871 3650 1987 3704 Κὰ-

400 3746 559 3797 κείνο
593 3743 649 3796 δὲ
687 3743 798 3815 (68)
834 3745 1244 3815 προσθήσομεν
1278 3745 1327 3797 εί
1355 3742 1673 3797 διέπτυσται
1712 3742 1930 3804 πάντως
1958 3741 1989 3796 ὁ

401 3833 529 3897 νοῦς
563 3834 639 3898 ὼς
672 3835 1042 3906 ἁμαρτητικὸς
1068 3836 1163 3890 κα)⁸
1193 3835 1544 3905 κατάκριτος,
1583 3832 1675 3887 καὶ
1702 3833 1793 3887 διὰ
1830 3831 1989 3885 τοῦτο

401 3926 571 3997 σῶμα
625 3927 726 3995 μὲν
775 3927 1195 3998 προσείληπται,
1253 3925 1379 3990 νοῦς
1426 3926 1484 3979 δὲ
1538 3924 1985 3996 παραλέλειπται,

408 4016 709 4088 συγγνώμη
752 4020 867 4080 τοῖς
899 4017 1150 4072 πταίουσι
1189 4018 1316 4089 περὶ
1346 4016 1492 4070 νοῦν.
1542 4015 1832 4086 Μαρτυρία
1878 4015 1987 4086 γὰρ

402 4104 545 4157 Θεοῦ
590 4100 731 4159 κατὰ
775 4106 836 4159 σὲ
868 4105 977 4177 (69)
1028 4106 1215 4176 σαφῶς
1248 4107 1416 4171 ἔδειξε
1447 4106 1509 4160 τὸ
1551 4106 1649 4176 τῆς
1690 4104 1988 4172 θεραπείας

403 4196 691 4250 ἀδύνατον.
722 4198 878 4251 Εἴπω
922 4198 982 4251 τὸ
1030 4199 1247 4270 μεῖξον·
1297 4199 1362 4251 σὺ
1409 4198 1507 4268 μὲν
1552 4197 1641 4249 διὰ
1674 4194 1835 4248 τοῦτο
1866 4197 1986 4249 ἀτι-

408 4278 625 4359 μάζεις,
692 4282 738 4342 ὦ
805 4289 1070 4360 βέλτιστε,
1135 4290 1226 4353 τὸν
1281 4289 1413 4360 ὲμὸν
1453 4288 1578 4343 νοῦν
1639 4287 1735 4359 (ὡς
1784 4303 1986 4357 σαρκο-

402 4380 630 4452 mm,
651 4379 808 4452 εἴπερ
831 4380 1290 4453 ἀνθρωπολάτρης
1307 4380 1418 4448 ἐγώ
1454 4378 1587 4448 ('70),
1603 4379 1690 4433 ἴνα
1713 4378 1980 4451 συνδήσῃς

474 4492 526 4522 ⁸⁸
559 4490 729 4547 Exod.
756 4508 855 4553 vn,
890 4492 941 4547 1.
1019 4492 1064 4523 ⁸⁸
1119 4490 1237 4546 los.
1282 4507 1322 4558 ι,
1362 4490 1449 4545 15.

402 4677 538 4731 edit.
566 4677 687 4758 οῦδὲ
855 4674 1107 4759 com-et;
1138 4677 1274 4759 πρὸς
1306 4677 1476 4759 ἥλιον,
1510 4675 1653 4759 quod
1682 4675 1837 4759 ΒηΙά
1872 4674 1982 4729 Ne-

404 4762 507 4885 Τιε
525 4750 665 4798 enim
693 4746 876 4800 radius
900 4746 1140 4817 quidam,
1166 4746 1213 4802 si
1245 4746 1363 4801 cunt
1385 4747 1496 4801 sole
1522 4746 1848 4816 conferatur,
1871 4760 1984 4814 per-

432 4826 576 4869 ecttts
606 4825 706 4869 est.
877 4859 885 4865 .

432 4826 576 4869 actus
606 4825 706 4869 est.
877 4859 885 4865 .

476 4885 749 4952 (619Ἵνα
791 4886 864 4940 τὰ
912 4886 1095 4955 μικρὰ
1136 4884 1577 4956 προανέλωμεν.
1620 4885 1784 4939 Bill.:
1831 4883 1980 4956 Libet

405 4956 547 5008 enim
574 4971 741 5021 parva
768 4954 923 5023 prius
946 4954 1185 5016 sumere,
1224 4958 1477 5010 nimirum
1516 4956 1705 5010 domus
1735 4954 1980 5024 splendo-

410 5040 539 5084 rem,
561 5034 612 5078 et
637 5025 822 5087 salem,
860 5035 1016 5081 terra:
1048 5037 1223 5080 autem
1261 5027 1527 5081 humorem
1560 5036 1610 5079 et
1636 5025 1889 5095 pluviam,
1922 5034 1979 5079 ut

408 5094 486 5146 sic
513 5095 721 5165 majora
749 5104 798 5150 et
830 5096 1145 5164 perfectiora
1175 5097 1493 5165 concipiant.

479 5164 590 5233 (63)
621 5163 890 5236 Neaera...
914 5163 1413 5236 περιλάμπουάιν.
1435 5165 1673 5220 Montac.
1702 5173 1758 5219 et
1788 5163 1976 5221 Morel.

410 5236 561 5305 animi.
594 5233 945 5305 περιλάμπου
954 5233 1054 5290 σιν.

482 5304 589 5373 (63)
619 5301 863 5373 arma"
891 5303 1169 5373 πυρκατᾷ,
1187 5313 1294 5359 etc.
1329 5303 1448 5359 Bill.
1478 5321 1492 5358 :
1526 5302 1720 5372 Magno
1745 5301 1980 5356 incendio

415 5373 661 5438 adjuncta
690 5390 783 5426 nec
797 5375 1153 5441 exstinguitur
1170 5390 1261 5428 nec
1287 5382 1522 5443 apparet.

480 5443 773 5525 (6‘)th
788 5440 1102 5513 χωρίζεται.
1126 5444 1283 5500 Colb.
1303 5440 1362 5498 5⁷
1389 5441 1736 5513 γνωρίζεται,
1778 5457 1870 5495 nec
1894 5440 1979 5494 di-

482 5524 699 5565 oscttltr.

417 5524 809 5647 ᾳῖίξὲἱῖιξέὶζίον
839 5583 968 5637 ἐστὶ
1002 5582 1280 5651 πυρκαῒὰ.
1311 5582 1430 5636 Bill.
1457 5581 1682 5636 :-Totunt
1726 5578 1874 5636 istud
1896 5589 1973 5651 est

421 5652 724 5708 incendium.
782 5650 939 5718 Legit
974 5650 1218 5711 Combef.
1268 5652 1389 5708 ὅλον
1417 5651 1537 5706 ἐστὶ
1568 5651 1669 5723 μία
1707 5650 1969 5723 πυρκαϊὰ,

1549 4492 1595 4523 ⁵¹
1627 4489 1646 4543 1
1679 4489 1807 4544 Cor.
1855 4506 1911 4554 ν,
1945 4489 1997 4545 7.
2060 4510 2063 4513 ν

479 4605 616 4681 160)-
633 4606 787 4681 ρίοδᾲ
808 4607 920 4681 γὰρ
943 4607 1097 4681 αὐγή
1124 4626 1200 4661 τι.
1218 4606 1608 4681 ‘Sicdemendat
1639 4604 1979 4681 ‘Cgmbelen
2015 4615 2058 4670 υ

2091 3107 2313 3170 propter
2358 3108 2641 3170 peccatum
2683 3100 2880 3170 abjice,
2936 3107 3030 3153 aut
3073 3101 3221 3155 illam
3257 3104 3419 3157 etiam
3448 3113 3669 3175 propter

2088 3192 2317 3245 salutem
2350 3191 2605 3262 adjuuge.
2640 3191 2697 3245 Si
2737 3190 2883 3261 quod
2919 3191 3161 3245 deterius
3191 3203 3296 3257 est,
3323 3203 3665 3265 assumptum

2088 3290 2194 3346 est,
2248 3290 2309 3336 ut
2361 3297 2460 3351 per
2522 3281 2957 3337 incarnationem
3010 3282 3425 3352 sam-liticetur;
3456 3301 3664 3351 annon,

2088 3372 2233 3442 quod
2259 3374 2613 3443 praestantius
2640 3384 2744 3438 est,
2779 3382 3113 3435 assumetur,
3143 3382 3201 3427 ut
3220 3390 3317 3444 per
3356 3375 3668 3431 humanita-

2089 3464 2161 3517 tis
2215 3466 2620 3534 susceptionem
2677 3467 2969 3522 sanctitate
3035 3463 3347 3520 afficiatur?
3391 3467 3446 3521 Si
3492 3469 3665 3524 lutum

2088 3554 2473 3609 fermentatum
2517 3564 2681 3619 est,o
2720 3557 2998 3627 sapientes
3051 3556 3177 3621 viri,
3220 3573 3285 3612 ac
3338 3575 3479 3614 nova
3527 3576 3663 3617 con-

2088 3648 2302 3717 spersio
2329 3648 2540 3702 exstitit
2588 3650 2656 3715 ",
2713 3649 2891 3718 imago
2927 3649 3044 3718 ipsa
3082 3664 3187 3701 non
3223 3649 3662 3718 fermentahitur,

2087 3749 2141 3794 et
2164 3755 2288 3794 cum
2313 3739 2425 3795 Deo
2455 3741 2868 3810 temperabitur,
2897 3756 2992 3809 per
3013 3739 3355 3795 divinitatem
3393 3743 3668 3801 deificata?

2088 3831 2231 3898 Quin
2261 3831 2366 3885 hoc
2419 3847 2635 3902 quoque
2675 3833 3041 3902 adjiciemns:
3076 3834 3121 3887 si
3157 3849 3332 3895 mens,
3382 3841 3443 3888 ut
3470 3850 3659 3905 pecca-

2089 3923 2197 3976 trix
2232 3929 2286 3977 et
2317 3923 2594 3986 damnata,
2644 3925 2868 3977 omnino
2917 3931 3100 3992 spreta
3128 3932 3182 3977 et
3217 3924 3419 3992 rejecta
3457 3936 3561 3989 est,
3592 3927 3665 3981 ob

2086 4027 2319 4083 eamque
2347 4028 2570 4067 causam
2622 4014 3045 4089 omissa‘mente
3076 4029 3280 4083 corpus
3317 4023 3662 4084 assumptum

2085 4111 2192 4167 est,
2226 4103 2435 4174 ignosci
2501 4103 2688 4173 utique
2730 4119 2827 4174 par
2863 4111 2945 4158 est
2975 4105 3064 4169 iis,
3106 4104 3198 4175 qui
3245 4104 3390 4160 circa
3426 4115 3661 4161 mentem

2088 4205 2334 4264 peccant.
2384 4191 2475 4248 Dei
2536 4193 2681 4249 enim
2731 4194 3073 4259 testimonio,
3118 4196 3185 4250 de
3235 4204 3326 4249 tua
3366 4197 3660 4265 sententia,

2088 4295 2275 4357 aperte
2294 4288 2735 4342 demonstratum
2760 4299 2866 4353 est,
2895 4303 3014 4343 eam
3046 4289 3197 4343 nulla
3232 4290 3446 4343 ratione
3477 4291 3660 4346 curari

2088 4395 2271 4450 posse.
2326 4378 2582 4437 Dicamne
2627 4380 2775 4451 quod
2814 4380 2991 4450 majus
3026 4382 3139 4437 est?
3160 4378 3242 4436 Tu
3282 4383 3522 4453 quidem,
3565 4398 3662 4454 op-

2087 4611 2253 4657 tatum
2281 4618 2415 4655 unus
2442 4610 2518 4655 est
2541 4618 2720 4671 rogus.
2752 4617 2858 4653 una
2889 4600 3128 4671 ﬂamma.

2157 4672 2267 4741 (66)
2295 4671 2588 4741 Κᾴκεῖνον
2606 4668 2904 4739 πρόσαγε.
2936 4668 3181 4724 Combef.
3216 4669 3470 4721 κάκεῖνον
3495 4685 3661 4739 προσ-

2083 4739 2280 4811 ἀγαγε,
2317 4739 2428 4793 Fac
2456 4741 2785 4811 adjunateris.

2154 4806 2271 4882 (6'7)
2315 4806 2827 4882 Ἀνακραθήσετιιι,
2867 4806 3261 4882 temperabitur,
3309 4822 3430 4882 qua:
3477 4808 3657 4882 νει-εἰη

2087 4875 2292 4936 Graecis
2328 4875 2651 4949 respondet;
2685 4880 2776 4934 sed
2809 4892 2932 4949 cum
2960 4875 3180 4949 Patrum
3221 4878 3443 4949 vocibus
3499 4876 3653 4932 abusi

2083 4952 2287 5007 fuerint
2325 4944 2584 5014 iamretici,
2635 4949 2819 5003 mallet
2846 4944 3095 5001 Combef.
3124 4944 3537 5009 consociabilur,
3563 4964 3655 5000 co-

2120 5021 2376 5075 elabitur.

2081 5040 2376 5093 putavuur.

2158 5090 2270 5161 (68)
2304 5086 2713 5161 AKdesi'v-qdé.
2772 5085 2850 5140 lta
2903 5085 3060 5140 Colb.
3093 5085 3147 5152 5,
3202 5100 3256 5150 a,
3299 5084 3533 5141 Montac.
3590 5102 3655 5143 ac

2086 5155 2273 5216 Morel.
2302 5159 2361 5212 In
2395 5158 2528 5214 edit.
2557 5156 2613 5209 δέ
2648 5155 2821 5211 deest.

2158 5229 2268 5300 (69)
2299 5226 2604 5300 Map‘t’ppt'q
2631 5225 2740 5293 γὰρ
2763 5223 2911 5300 Θεοῦ
2929 5222 3091 5300 ,κατὰ
3131 5223 3226 5280 σέ.
3267 5222 3323 5278 In
3354 5225 3476 5280 cod.
3518 5224 3651 5297 Reg.

2158 5246 2268 5300 (ου)
2299 5246 2604 5350 Μιῦρτυρια
2631 5246 2740 5293 γαρ
2764 5246 2911 5277 σεου
2942 5246 3091 5277 κατα

2086 5300 2147 5364 Β,
2179 5309 2234 5352 et
2264 5313 2367 5367 apo
2432 5293 2788 5367 Morel.x_ar:a‘t
2817 5296 2878 5367 σε
2913 5293 3131 5367 desunt.

2157 5369 2276 5439 (70)
2298 5362 2837 5439 ”ᾼῂᾷρωπολάτρης
2855 5362 2986 5439 ἐντί).
3008 5362 3077 5439 l_J_t
3105 5363 3404 5439 idololatraa
3436 5380 3565 5418 voca
3577 5383 3643 5439 ηΑ-

2084 5434 2195 5499 tur,
2231 5434 2307 5489 ait
2342 5435 2460 5488 Bill.
2484 5473 2498 5494 .
2528 5434 2620 5502 qui
2667 5434 2979 5488 simulacris
3011 5434 3225 5488 divinos
3271 5435 3505 5489 honores
3551 5436 3653 5487 tri-

2084 5508 2278 5570 huunt,
2313 5505 2387 5557 ita
2420 5504 2826 5573 Apollinarista:
2853 5503 3186 5558 orthodoxos
3210 5506 3650 5573 antiiropolatras

2079 5576 2444 5647 appellabant.
2469 5571 2616 5647 quod
2644 5583 2815 5647 totum
2841 5574 3112 5647 hominem
3138 5587 3167 5626 a
3199 5571 3651 5647 Qhristoassum-

2079 5638 2233 5718 ptum
2260 5645 2426 5701 fuisse
2438 5638 2743 5709 crederent,
2769 5643 3127 5715 sicqueillum
3150 5642 3412 5697 colerent.
3437 5638 3638 5698 Eodem
