  <div class='ocr_page' id='page_1' title='image "/cluster/home/n/w/nwhite01/storage/ocr_20150623/37/hvd.32044069549996/099.png"; bbox 0 0 4012 6220; ppageno 0'>
   <div class='ocr_carea' id='block_1_1' title="bbox 406 261 507 314">
    <p class='ocr_par' dir='ltr' id='par_1_1' title="bbox 406 261 507 314">
     <span class='ocr_line' id='line_1_1' title="bbox 406 261 507 314; baseline -0.02 -1"><span class='ocrx_word' id='word_1_1' title='bbox 406 261 507 314; x_wconf 60' lang='lat' dir='ltr'><strong>I97</strong></span> 
     </span>
    </p>
   </div>
   <div class='ocr_carea' id='block_1_2' title="bbox 1652 255 2464 314">
    <p class='ocr_par' dir='ltr' id='par_1_2' title="bbox 1652 255 2464 314">
     <span class='ocr_line' id='line_1_2' title="bbox 1652 255 2464 314; baseline 0.002 -4"><span class='ocrx_word' id='word_1_2' title='bbox 1652 255 1709 313; x_wconf 89' lang='lat' dir='ltr'><strong>S.</strong></span> <span class='ocrx_word' id='word_1_3' title='bbox 1757 256 2082 314; x_wconf 77' lang='lat' dir='ltr'><strong>GREGORll</strong></span> <span class='ocrx_word' id='word_1_4' title='bbox 2123 257 2464 313; x_wconf 81' lang='lat' dir='ltr'><strong>THEOLOGI</strong></span> 
     </span>
    </p>
   </div>
   <div class='ocr_carea' id='block_1_3' title="bbox 3552 259 3650 317">
    <p class='ocr_par' dir='ltr' id='par_1_3' title="bbox 3552 259 3650 317">
     <span class='ocr_line' id='line_1_3' title="bbox 3552 259 3650 317; baseline 0.041 -4"><span class='ocrx_word' id='word_1_5' title='bbox 3552 259 3650 317; x_wconf 77' lang='lat' dir='ltr'><strong>l83</strong></span> 
     </span>
    </p>
   </div>
   <div class='ocr_carea' id='block_1_4' title="bbox 403 368 1979 443">
    <p class='ocr_par' dir='ltr' id='par_1_4' title="bbox 403 368 1972 439">
     <span class='ocr_line' id='line_1_4' title="bbox 403 368 1972 439; baseline -0.003 -12"><span class='ocrx_word' id='word_1_6' title='bbox 403 375 535 427; x_wconf 79' lang='lat' dir='ltr'><strong>tituc</strong></span> <span class='ocrx_word' id='word_1_7' title='bbox 567 371 647 424; x_wconf 81' lang='lat' dir='ltr'><strong>vir</strong></span> <span class='ocrx_word' id='word_1_8' title='bbox 688 371 965 439; x_wconf 91' lang='lat' dir='ltr'><strong>(tanquam</strong></span> <span class='ocrx_word' id='word_1_9' title='bbox 992 371 1309 438; x_wconf 80' lang='lat' dir='ltr'><strong>sarcolatra,</strong></span> <span class='ocrx_word' id='word_1_10' title='bbox 1333 368 1596 438; x_wconf 74' lang='lat' dir='ltr'><strong>siquidem</strong></span> <span class='ocrx_word' id='word_1_11' title='bbox 1627 385 1726 438; x_wconf 76' lang='lat' dir='ltr'><strong>ego</strong></span> <span class='ocrx_word' id='word_1_12' title='bbox 1757 370 1972 423; x_wconf 80' lang='lat' dir='ltr'><strong>antbro-</strong></span> 
     </span>
    </p>
   </div>
   <div class='ocr_carea' id='block_1_5' title="bbox 2082 368 3648 443">
    <p class='ocr_par' dir='ltr' id='par_1_5' title="bbox 2082 369 3648 443">
     <span class='ocr_line' id='line_1_5' title="bbox 2082 369 3648 443; baseline 0.003 -20"><span class='ocrx_word' id='word_1_13' title='bbox 2082 371 2213 424; x_wconf 79' lang='grc' dir='ltr'>Θεὸν</span> <span class='ocrx_word' id='word_1_14' title='bbox 2241 372 2375 443; x_wconf 65' lang='lat' dir='ltr'><strong>rego;</strong></span> <span class='ocrx_word' id='word_1_15' title='bbox 2404 371 2600 443; x_wconf 84' lang='grc' dir='ltr'>σάρκα,</span> <span class='ocrx_word' id='word_1_16' title='bbox 2631 371 2704 432; x_wconf 81' lang='grc' dir='ltr'>ὼς</span> <span class='ocrx_word' id='word_1_17' title='bbox 2737 370 2836 422; x_wconf 75' lang='grc' dir='ltr'><strong>οὐκ</strong></span> <span class='ocrx_word' id='word_1_18' title='bbox 2883 370 3057 434; x_wconf 78' lang='grc' dir='ltr'>ἄλλως</span> <span class='ocrx_word' id='word_1_19' title='bbox 3082 369 3299 440; x_wconf 81' lang='grc' dir='ltr'><strong>δεθῆναι</strong></span> <span class='ocrx_word' id='word_1_20' title='bbox 3333 371 3648 443; x_wconf 78' lang='grc' dir='ltr'><strong>δυνάμενον,</strong></span> 
     </span>
    </p>
   </div>
   <div class='ocr_carea' id='block_1_6' title="bbox 406 460 1982 532">
    <p class='ocr_par' dir='ltr' id='par_1_6' title="bbox 406 460 1982 532">
     <span class='ocr_line' id='line_1_6' title="bbox 406 460 1982 532; baseline -0.001 -17"><span class='ocrx_word' id='word_1_21' title='bbox 406 463 617 532; x_wconf 87' lang='lat' dir='ltr'><strong>polatra</strong></span> <span class='ocrx_word' id='word_1_22' title='bbox 645 463 811 528; x_wconf 84' lang='lat' dir='ltr'><strong>sum),</strong></span> <span class='ocrx_word' id='word_1_23' title='bbox 843 460 1048 514; x_wconf 90' lang='lat' dir='ltr'><strong>idcirco</strong></span> <span class='ocrx_word' id='word_1_24' title='bbox 1081 471 1311 516; x_wconf 80' lang='lat' dir='ltr'><strong>mentem</strong></span> <span class='ocrx_word' id='word_1_25' title='bbox 1350 476 1522 515; x_wconf 86' lang='lat' dir='ltr'>meam</span> <span class='ocrx_word' id='word_1_26' title='bbox 1559 462 1887 523; x_wconf 90' lang='lat' dir='ltr'><strong>contemnis,</strong></span> <span class='ocrx_word' id='word_1_27' title='bbox 1924 470 1982 515; x_wconf 92' lang='lat' dir='ltr'><strong>ut</strong></span> 
     </span>
    </p>
   </div>
   <div class='ocr_carea' id='block_1_7' title="bbox 407 551 1983 622">
    <p class='ocr_par' dir='ltr' id='par_1_7' title="bbox 407 551 1983 622">
     <span class='ocr_line' id='line_1_7' title="bbox 407 551 1983 622; baseline 0.001 -17"><span class='ocrx_word' id='word_1_28' title='bbox 407 555 575 606; x_wconf 70' lang='lat' dir='ltr'><strong>Deum</strong></span> <span class='ocrx_word' id='word_1_29' title='bbox 605 568 726 607; x_wconf 86' lang='lat' dir='ltr'><strong>cum</strong></span> <span class='ocrx_word' id='word_1_30' title='bbox 761 567 928 606; x_wconf 89' lang='lat' dir='ltr'><strong>carne</strong></span> <span class='ocrx_word' id='word_1_31' title='bbox 950 551 1229 608; x_wconf 89' lang='lat' dir='ltr'><strong>devincias</strong></span> <span class='ocrx_word' id='word_1_32' title='bbox 1259 553 1369 622; x_wconf 84' lang='lat'><strong>90</strong></span> <span class='ocrx_word' id='word_1_33' title='bbox 1392 552 1616 622; x_wconf 89' lang='lat' dir='ltr'><strong>perinde</strong></span> <span class='ocrx_word' id='word_1_34' title='bbox 1638 561 1802 622; x_wconf 83' lang='lat' dir='ltr'><strong>alque</strong></span> <span class='ocrx_word' id='word_1_35' title='bbox 1826 553 1983 607; x_wconf 77' lang='lat' dir='ltr'><strong>aliter</strong></span> 
     </span>
    </p>
   </div>
   <div class='ocr_carea' id='block_1_8' title="bbox 403 644 1980 714">
    <p class='ocr_par' dir='ltr' id='par_1_8' title="bbox 403 644 1980 714">
     <span class='ocr_line' id='line_1_8' title="bbox 403 644 1980 714; baseline -0.001 -16"><span class='ocrx_word' id='word_1_36' title='bbox 403 645 631 710; x_wconf 74' lang='lat' dir='ltr'><strong>astringi</strong></span> <span class='ocrx_word' id='word_1_37' title='bbox 681 653 936 713; x_wconf 90' lang='lat' dir='ltr'><strong>nequeat,</strong></span> <span class='ocrx_word' id='word_1_38' title='bbox 982 645 1052 697; x_wconf 88' lang='lat' dir='ltr'><strong>oh</strong></span> <span class='ocrx_word' id='word_1_39' title='bbox 1079 644 1239 714; x_wconf 90' lang='lat' dir='ltr'><strong>idque</strong></span> <span class='ocrx_word' id='word_1_40' title='bbox 1288 644 1671 697; x_wconf 84' lang='lat' dir='ltr'><strong>intermedium</strong></span> <span class='ocrx_word' id='word_1_41' title='bbox 1719 645 1980 712; x_wconf 83' lang='lat' dir='ltr'><strong>parietem</strong></span> 
     </span>
    </p>
   </div>
   <div class='ocr_carea' id='block_1_9' title="bbox 404 732 1984 796">
    <p class='ocr_par' dir='ltr' id='par_1_9' title="bbox 404 732 1984 796">
     <span class='ocr_line' id='line_1_9' title="bbox 404 732 1984 796; baseline -0.001 -10"><span class='ocrx_word' id='word_1_42' title='bbox 404 734 554 787; x_wconf 89' lang='lat' dir='ltr'><strong>tollis</strong></span> <span class='ocrx_word' id='word_1_43' title='bbox 570 734 637 787; x_wconf 85' lang='grc'><strong>⁸³.</strong></span> <span class='ocrx_word' id='word_1_44' title='bbox 652 734 771 787; x_wconf 90' lang='lat' dir='ltr'><strong>Mea</strong></span> <span class='ocrx_word' id='word_1_45' title='bbox 791 740 968 787; x_wconf 90' lang='lat' dir='ltr'><strong>autem</strong></span> <span class='ocrx_word' id='word_1_46' title='bbox 989 733 1150 795; x_wconf 84' lang='lat' dir='ltr'><strong>ratio,</strong></span> <span class='ocrx_word' id='word_1_47' title='bbox 1171 733 1270 785; x_wconf 85' lang='lat' dir='ltr'><strong>hoc.</strong></span> <span class='ocrx_word' id='word_1_48' title='bbox 1284 740 1388 796; x_wconf 89' lang='lat' dir='ltr'><strong>est,</strong></span> <span class='ocrx_word' id='word_1_49' title='bbox 1410 732 1644 788; x_wconf 89' lang='lat' dir='ltr'><strong>hominis</strong></span> <span class='ocrx_word' id='word_1_50' title='bbox 1661 733 1882 787; x_wconf 90' lang='lat' dir='ltr'><strong>minime</strong></span> <span class='ocrx_word' id='word_1_51' title='bbox 1903 747 1984 787; x_wconf 88' lang='lat' dir='ltr'><strong>sa-</strong></span> 
     </span>
    </p>
   </div>
   <div class='ocr_carea' id='block_1_10' title="bbox 407 821 1979 892">
    <p class='ocr_par' dir='ltr' id='par_1_10' title="bbox 407 821 1979 892">
     <span class='ocr_line' id='line_1_10' title="bbox 407 821 1979 892; baseline 0.001 -18"><span class='ocrx_word' id='word_1_52' title='bbox 407 823 603 890; x_wconf 77' lang='lat' dir='ltr'><strong>pientis</strong></span> <span class='ocrx_word' id='word_1_53' title='bbox 634 829 687 876; x_wconf 88' lang='lat' dir='ltr'><strong>et</strong></span> <span class='ocrx_word' id='word_1_54' title='bbox 704 823 925 885; x_wconf 90' lang='lat' dir='ltr'><strong>eruditi,</strong></span> <span class='ocrx_word' id='word_1_55' title='bbox 966 838 1211 890; x_wconf 74' lang='lat' dir='ltr'><strong>qnzenam</strong></span> <span class='ocrx_word' id='word_1_56' title='bbox 1244 822 1364 876; x_wconf 91' lang='lat' dir='ltr'><strong>est?</strong></span> <span class='ocrx_word' id='word_1_57' title='bbox 1387 821 1537 876; x_wconf 89' lang='lat' dir='ltr'><strong>Mens</strong></span> <span class='ocrx_word' id='word_1_58' title='bbox 1553 823 1740 884; x_wconf 90' lang='lat' dir='ltr'><strong>menti,</strong></span> <span class='ocrx_word' id='word_1_59' title='bbox 1765 831 1823 876; x_wconf 93' lang='lat' dir='ltr'><strong>ut</strong></span> <span class='ocrx_word' id='word_1_60' title='bbox 1853 839 1979 892; x_wconf 89' lang='lat' dir='ltr'><strong>pro-</strong></span> 
     </span>
    </p>
   </div>
   <div class='ocr_carea' id='block_1_11' title="bbox 407 909 1976 979">
    <p class='ocr_par' dir='ltr' id='par_1_11' title="bbox 407 909 1976 979">
     <span class='ocr_line' id='line_1_11' title="bbox 407 909 1976 979; baseline 0 -17"><span class='ocrx_word' id='word_1_61' title='bbox 407 910 682 978; x_wconf 88' lang='lat' dir='ltr'><strong>pinquiori</strong></span> <span class='ocrx_word' id='word_1_62' title='bbox 700 916 752 964; x_wconf 89' lang='lat' dir='ltr'><strong>et</strong></span> <span class='ocrx_word' id='word_1_63' title='bbox 773 909 1159 978; x_wconf 85' lang='lat' dir='ltr'><strong>eonjunetiori.</strong></span> <span class='ocrx_word' id='word_1_64' title='bbox 1180 909 1448 978; x_wconf 84' lang='lat' dir='ltr'><strong>jungitur,</strong></span> <span class='ocrx_word' id='word_1_65' title='bbox 1463 924 1525 962; x_wconf 93' lang='lat' dir='ltr'><strong>ac</strong></span> <span class='ocrx_word' id='word_1_66' title='bbox 1554 925 1650 979; x_wconf 88' lang='lat' dir='ltr'><strong>per</strong></span> <span class='ocrx_word' id='word_1_67' title='bbox 1665 925 1782 964; x_wconf 90' lang='lat' dir='ltr'><strong>eam</strong></span> <span class='ocrx_word' id='word_1_68' title='bbox 1801 911 1976 970; x_wconf 89' lang='lat' dir='ltr'><strong>carni,</strong></span> 
     </span>
    </p>
   </div>
   <div class='ocr_carea' id='block_1_12' title="bbox 406 997 1976 1060">
    <p class='ocr_par' dir='ltr' id='par_1_12' title="bbox 406 997 1976 1060">
     <span class='ocr_line' id='line_1_12' title="bbox 406 997 1976 1060; baseline 0 -9"><span class='ocrx_word' id='word_1_69' title='bbox 406 998 549 1052; x_wconf 89' lang='lat' dir='ltr'><strong>inter</strong></span> <span class='ocrx_word' id='word_1_70' title='bbox 573 998 906 1051; x_wconf 85' lang='lat' dir='ltr'><strong>divinitatem</strong></span> <span class='ocrx_word' id='word_1_71' title='bbox 939 1007 993 1050; x_wconf 89' lang='lat' dir='ltr'><strong>et</strong></span> <span class='ocrx_word' id='word_1_72' title='bbox 1021 998 1204 1051; x_wconf 89' lang='lat' dir='ltr'><strong>carnis</strong></span> <span class='ocrx_word' id='word_1_73' title='bbox 1237 997 1429 1050; x_wconf 86' lang='lat' dir='ltr'><strong>molem</strong></span> <span class='ocrx_word' id='word_1_74' title='bbox 1456 1037 1470 1060; x_wconf 91' lang='lat'><strong>,</strong></span> <span class='ocrx_word' id='word_1_75' title='bbox 1506 998 1976 1053; x_wconf 88' lang='lat' dir='ltr'><strong>intervenientem.</strong></span> 
     </span>
    </p>
   </div>
   <div class='ocr_carea' id='block_1_13' title="bbox 479 1089 1975 1160">
    <p class='ocr_par' dir='ltr' id='par_1_13' title="bbox 479 1089 1975 1160">
     <span class='ocr_line' id='line_1_13' title="bbox 479 1089 1975 1160; baseline 0.002 -18"><span class='ocrx_word' id='word_1_76' title='bbox 479 1089 651 1142; x_wconf 81' lang='lat' dir='ltr'><strong>Porro</strong></span> <span class='ocrx_word' id='word_1_77' title='bbox 681 1098 883 1148; x_wconf 90' lang='lat' dir='ltr'><strong>autem,</strong></span> <span class='ocrx_word' id='word_1_78' title='bbox 913 1104 1077 1158; x_wconf 83' lang='lat' dir='ltr'><strong>quam</strong></span> <span class='ocrx_word' id='word_1_79' title='bbox 1117 1089 1471 1144; x_wconf 85' lang='lat' dir='ltr'><strong>humanitatis</strong></span> <span class='ocrx_word' id='word_1_80' title='bbox 1514 1099 1832 1160; x_wconf 62' lang='lat' dir='ltr'><strong>assumpta),</strong></span> <span class='ocrx_word' id='word_1_81' title='bbox 1870 1091 1975 1156; x_wconf 77' lang='lat' dir='ltr'><strong>vel,</strong></span> 
     </span>
    </p>
   </div>
   <div class='ocr_carea' id='block_1_14' title="bbox 410 1179 1977 1249">
    <p class='ocr_par' dir='ltr' id='par_1_14' title="bbox 410 1179 1977 1249">
     <span class='ocr_line' id='line_1_14' title="bbox 410 1179 1977 1249; baseline 0.004 -18"><span class='ocrx_word' id='word_1_82' title='bbox 410 1186 469 1232; x_wconf 91' lang='grc' dir='ltr'>ιιι</span> <span class='ocrx_word' id='word_1_83' title='bbox 499 1179 599 1249; x_wconf 86' lang='lat' dir='ltr'><strong>ipsi</strong></span> <span class='ocrx_word' id='word_1_84' title='bbox 632 1179 950 1248; x_wconf 87' lang='lat' dir='ltr'><strong>loquuntur,</strong></span> <span class='ocrx_word' id='word_1_85' title='bbox 988 1180 1405 1238; x_wconf 88' lang='lat' dir='ltr'><strong>incarnationis.</strong></span> <span class='ocrx_word' id='word_1_86' title='bbox 1461 1196 1682 1236; x_wconf 84' lang='lat' dir='ltr'><strong>causam</strong></span> <span class='ocrx_word' id='word_1_87' title='bbox 1727 1181 1977 1249; x_wconf 80' lang='lat' dir='ltr'><strong>aﬂ‘erant,</strong></span> 
     </span>
    </p>
   </div>
   <div class='ocr_carea' id='block_1_15' title="bbox 409 1267 1969 1342">
    <p class='ocr_par' dir='ltr' id='par_1_15' title="bbox 409 1267 1969 1342">
     <span class='ocr_line' id='line_1_15' title="bbox 409 1267 1969 1342; baseline 0.004 -21"><span class='ocrx_word' id='word_1_88' title='bbox 409 1269 714 1326; x_wconf 84' lang='lat' dir='ltr'><strong>videamus.</strong></span> <span class='ocrx_word' id='word_1_89' title='bbox 749 1267 1029 1338; x_wconf 87' lang='lat' dir='ltr'><strong>Siquidem</strong></span> <span class='ocrx_word' id='word_1_90' title='bbox 1061 1278 1120 1322; x_wconf 91' lang='lat' dir='ltr'><strong>ut</strong></span> <span class='ocrx_word' id='word_1_91' title='bbox 1151 1269 1294 1323; x_wconf 89' lang='lat' dir='ltr'><strong>Deus</strong></span> <span class='ocrx_word' id='word_1_92' title='bbox 1317 1271 1520 1340; x_wconf 87' lang='lat' dir='ltr'><strong>alioqui</strong></span> <span class='ocrx_word' id='word_1_93' title='bbox 1554 1273 1969 1342; x_wconf 82' lang='lat' dir='ltr'><strong>incomprehen-</strong></span> 
     </span>
    </p>
   </div>
   <div class='ocr_carea' id='block_1_16' title="bbox 407 1360 1977 1432">
    <p class='ocr_par' dir='ltr' id='par_1_16' title="bbox 407 1360 1977 1432">
     <span class='ocr_line' id='line_1_16' title="bbox 407 1360 1977 1432; baseline 0.002 -18"><span class='ocrx_word' id='word_1_94' title='bbox 407 1360 616 1424; x_wconf 85' lang='lat' dir='ltr'><strong>sibilis,</strong></span> <span class='ocrx_word' id='word_1_95' title='bbox 648 1361 1158 1429; x_wconf 87' lang='lat' dir='ltr'><strong>comprehendatur,</strong></span> <span class='ocrx_word' id='word_1_96' title='bbox 1201 1376 1265 1414; x_wconf 83' lang='lat' dir='ltr'><strong>ac</strong></span> <span class='ocrx_word' id='word_1_97' title='bbox 1305 1362 1407 1414; x_wconf 90' lang='lat' dir='ltr'><strong>sub</strong></span> <span class='ocrx_word' id='word_1_98' title='bbox 1442 1377 1629 1422; x_wconf 90' lang='lat' dir='ltr'><strong>carne,</strong></span> <span class='ocrx_word' id='word_1_99' title='bbox 1660 1364 1816 1432; x_wconf 89' lang='lat' dir='ltr'><strong>quasi</strong></span> <span class='ocrx_word' id='word_1_100' title='bbox 1859 1365 1977 1418; x_wconf 87' lang='lat' dir='ltr'><strong>velo</strong></span> 
     </span>
    </p>
   </div>
   <div class='ocr_carea' id='block_1_17' title="bbox 404 1449 1967 1518">
    <p class='ocr_par' dir='ltr' id='par_1_17' title="bbox 404 1449 1967 1518">
     <span class='ocr_line' id='line_1_17' title="bbox 404 1449 1967 1518; baseline 0.003 -17"><span class='ocrx_word' id='word_1_101' title='bbox 404 1450 665 1518; x_wconf 88' lang='lat' dir='ltr'><strong>quodam,</strong></span> <span class='ocrx_word' id='word_1_102' title='bbox 705 1464 829 1503; x_wconf 89' lang='lat' dir='ltr'><strong>eum</strong></span> <span class='ocrx_word' id='word_1_103' title='bbox 871 1449 1181 1503; x_wconf 81' lang='lat' dir='ltr'><strong>hominibus</strong></span> <span class='ocrx_word' id='word_1_104' title='bbox 1220 1458 1486 1510; x_wconf 81' lang='lat' dir='ltr'><strong>versetur,</strong></span> <span class='ocrx_word' id='word_1_105' title='bbox 1519 1451 1651 1504; x_wconf 85' lang='lat' dir='ltr'><strong>scita</strong></span> <span class='ocrx_word' id='word_1_106' title='bbox 1694 1466 1826 1506; x_wconf 86' lang='lat' dir='ltr'><strong>sane</strong></span> <span class='ocrx_word' id='word_1_107' title='bbox 1852 1451 1967 1506; x_wconf 67' lang='lat' dir='ltr'><strong>haec</strong></span> 
     </span>
    </p>
   </div>
   <div class='ocr_carea' id='block_1_18' title="bbox 408 1540 1973 1610">
    <p class='ocr_par' dir='ltr' id='par_1_18' title="bbox 408 1540 1973 1610">
     <span class='ocr_line' id='line_1_18' title="bbox 408 1540 1973 1610; baseline 0.003 -18"><span class='ocrx_word' id='word_1_108' title='bbox 408 1541 546 1609; x_wconf 87' lang='lat' dir='ltr'><strong>ipsis</strong></span> <span class='ocrx_word' id='word_1_109' title='bbox 574 1542 722 1593; x_wconf 85' lang='lat' dir='ltr'><strong>larva</strong></span> <span class='ocrx_word' id='word_1_110' title='bbox 745 1549 852 1603; x_wconf 90' lang='lat' dir='ltr'><strong>est,</strong></span> <span class='ocrx_word' id='word_1_111' title='bbox 883 1549 937 1595; x_wconf 88' lang='lat' dir='ltr'><strong>et</strong></span> <span class='ocrx_word' id='word_1_112' title='bbox 965 1541 1270 1610; x_wconf 84' lang='lat' dir='ltr'><strong>hypocrisis</strong></span> <span class='ocrx_word' id='word_1_113' title='bbox 1299 1540 1478 1594; x_wconf 77' lang='lat' dir='ltr'><strong>fabula</strong></span> <span class='ocrx_word' id='word_1_114' title='bbox 1501 1559 1512 1594; x_wconf 88' lang='lat'>:</span> <span class='ocrx_word' id='word_1_115' title='bbox 1535 1549 1592 1594; x_wconf 91' lang='lat' dir='ltr'><strong>ut</strong></span> <span class='ocrx_word' id='word_1_116' title='bbox 1622 1541 1836 1595; x_wconf 88' lang='lat' dir='ltr'><strong>interim</strong></span> <span class='ocrx_word' id='word_1_117' title='bbox 1866 1558 1973 1596; x_wconf 85' lang='lat' dir='ltr'><strong>non</strong></span> 
     </span>
    </p>
   </div>
   <div class='ocr_carea' id='block_1_19' title="bbox 405 1631 1971 1702">
    <p class='ocr_par' dir='ltr' id='par_1_19' title="bbox 405 1631 1971 1702">
     <span class='ocr_line' id='line_1_19' title="bbox 405 1631 1971 1702; baseline 0.001 -18"><span class='ocrx_word' id='word_1_118' title='bbox 405 1631 584 1684; x_wconf 89' lang='lat' dir='ltr'><strong>dicam</strong></span> <span class='ocrx_word' id='word_1_119' title='bbox 615 1632 723 1685; x_wconf 89' lang='lat' dir='ltr'><strong>alio</strong></span> <span class='ocrx_word' id='word_1_120' title='bbox 753 1647 968 1702; x_wconf 88' lang='lat' dir='ltr'><strong>quoque</strong></span> <span class='ocrx_word' id='word_1_121' title='bbox 997 1631 1154 1684; x_wconf 92' lang='lat' dir='ltr'><strong>modo</strong></span> <span class='ocrx_word' id='word_1_122' title='bbox 1179 1631 1293 1685; x_wconf 81' lang='lat' dir='ltr'><strong>ﬁeri</strong></span> <span class='ocrx_word' id='word_1_123' title='bbox 1320 1632 1585 1701; x_wconf 88' lang='lat' dir='ltr'><strong>potuisse,</strong></span> <span class='ocrx_word' id='word_1_124' title='bbox 1607 1641 1664 1685; x_wconf 91' lang='lat' dir='ltr'><strong>ut</strong></span> <span class='ocrx_word' id='word_1_125' title='bbox 1689 1634 1971 1688; x_wconf 90' lang='lat' dir='ltr'><strong>nobiscum</strong></span> 
     </span>
    </p>
   </div>
   <div class='ocr_carea' id='block_1_20' title="bbox 2081 460 3650 531">
    <p class='ocr_par' dir='ltr' id='par_1_20' title="bbox 2081 460 3650 531">
     <span class='ocr_line' id='line_1_20' title="bbox 2081 460 3650 531; baseline -0.001 -15"><span class='ocrx_word' id='word_1_126' title='bbox 2081 461 2175 516; x_wconf 77' lang='grc' dir='ltr'>καὶ</span> <span class='ocrx_word' id='word_1_127' title='bbox 2223 462 2310 515; x_wconf 89' lang='grc' dir='ltr'>διά</span> <span class='ocrx_word' id='word_1_128' title='bbox 2354 462 2510 514; x_wconf 79' lang='grc' dir='ltr'>τοῦτο</span> <span class='ocrx_word' id='word_1_129' title='bbox 2555 460 2792 530; x_wconf 83' lang='grc' dir='ltr'>ἐξαιρείς</span> <span class='ocrx_word' id='word_1_130' title='bbox 2840 460 2900 512; x_wconf 75' lang='grc' dir='ltr'><strong>τὸ</strong></span> <span class='ocrx_word' id='word_1_131' title='bbox 2948 460 3278 530; x_wconf 85' lang='grc' dir='ltr'><strong>μεσότοιχον.</strong></span> <span class='ocrx_word' id='word_1_132' title='bbox 3331 465 3386 514; x_wconf 90' lang='grc' dir='ltr'>Ὀ</span> <span class='ocrx_word' id='word_1_133' title='bbox 3419 463 3474 515; x_wconf 75' lang='grc' dir='ltr'><strong>δὲ</strong></span> <span class='ocrx_word' id='word_1_134' title='bbox 3519 465 3650 531; x_wconf 78' lang='grc' dir='ltr'>ἐμὸς</span> 
     </span>
    </p>
   </div>
   <div class='ocr_carea' id='block_1_21' title="bbox 2079 548 3649 617">
    <p class='ocr_par' dir='ltr' id='par_1_21' title="bbox 2079 548 3649 617">
     <span class='ocr_line' id='line_1_21' title="bbox 2079 548 3649 617; baseline 0.001 -17"><span class='ocrx_word' id='word_1_135' title='bbox 2079 549 2235 616; x_wconf 83' lang='grc' dir='ltr'>λόγος</span> <span class='ocrx_word' id='word_1_136' title='bbox 2277 550 2379 612; x_wconf 84' lang='grc' dir='ltr'>τίς,</span> <span class='ocrx_word' id='word_1_137' title='bbox 2414 549 2506 601; x_wconf 73' lang='grc' dir='ltr'>τοῦ</span> <span class='ocrx_word' id='word_1_138' title='bbox 2540 548 2870 617; x_wconf 74' lang='grc' dir='ltr'>ἀφιλοσόφου</span> <span class='ocrx_word' id='word_1_139' title='bbox 2903 549 2996 601; x_wconf 77' lang='grc' dir='ltr'>καὶ</span> <span class='ocrx_word' id='word_1_140' title='bbox 3039 549 3400 615; x_wconf 78' lang='grc' dir='ltr'>ἀπαιδεύτους</span> <span class='ocrx_word' id='word_1_141' title='bbox 3441 554 3469 602; x_wconf 85' lang='grc' dir='ltr'>ὁ</span> <span class='ocrx_word' id='word_1_142' title='bbox 3523 551 3649 614; x_wconf 76' lang='grc' dir='ltr'>νοῦς</span> 
     </span>
    </p>
   </div>
   <div class='ocr_carea' id='block_1_22' title="bbox 2079 641 3648 712">
    <p class='ocr_par' dir='ltr' id='par_1_22' title="bbox 2079 641 3648 712">
     <span class='ocr_line' id='line_1_22' title="bbox 2079 641 3648 712; baseline 0 -18"><span class='ocrx_word' id='word_1_143' title='bbox 2079 641 2157 711; x_wconf 83' lang='grc' dir='ltr'>τῷ</span> <span class='ocrx_word' id='word_1_144' title='bbox 2184 641 2262 694; x_wconf 79' lang='grc' dir='ltr'><strong>νοτ</strong></span> <span class='ocrx_word' id='word_1_145' title='bbox 2291 642 2564 712; x_wconf 86' lang='grc' dir='ltr'>μίγνυται,</span> <span class='ocrx_word' id='word_1_146' title='bbox 2608 641 2683 703; x_wconf 87' lang='grc' dir='ltr'>ὼς</span> <span class='ocrx_word' id='word_1_147' title='bbox 2735 641 3014 712; x_wconf 78' lang='grc' dir='ltr'><strong>ἐγγυτέρῳ</strong></span> <span class='ocrx_word' id='word_1_148' title='bbox 3059 643 3152 694; x_wconf 85' lang='grc' dir='ltr'><strong>καὶ</strong></span> <span class='ocrx_word' id='word_1_149' title='bbox 3187 643 3515 712; x_wconf 83' lang='grc' dir='ltr'>οἰκειοτέρῳ,</span> <span class='ocrx_word' id='word_1_150' title='bbox 3554 643 3648 694; x_wconf 75' lang='grc' dir='ltr'><strong>καὶ</strong></span> 
     </span>
    </p>
   </div>
   <div class='ocr_carea' id='block_1_23' title="bbox 2078 733 3650 806">
    <p class='ocr_par' dir='ltr' id='par_1_23' title="bbox 2078 733 3650 806">
     <span class='ocr_line' id='line_1_23' title="bbox 2078 733 3650 806; baseline 0.001 -20"><span class='ocrx_word' id='word_1_151' title='bbox 2078 734 2167 786; x_wconf 76' lang='grc' dir='ltr'>διὰ</span> <span class='ocrx_word' id='word_1_152' title='bbox 2199 733 2388 787; x_wconf 85' lang='grc' dir='ltr'>τούτου</span> <span class='ocrx_word' id='word_1_153' title='bbox 2419 735 2580 806; x_wconf 73' lang='grc' dir='ltr'>σαρκὶ</span> <span class='ocrx_word' id='word_1_154' title='bbox 2621 733 2994 804; x_wconf 82' lang='grc' dir='ltr'>μεσιτεύοντος</span> <span class='ocrx_word' id='word_1_155' title='bbox 3028 734 3138 805; x_wconf 82' lang='grc'><strong>(71)</strong></span> <span class='ocrx_word' id='word_1_156' title='bbox 3173 735 3386 788; x_wconf 65' lang='grc' dir='ltr'>θεότυτι</span> <span class='ocrx_word' id='word_1_157' title='bbox 3420 734 3513 788; x_wconf 78' lang='grc' dir='ltr'><strong>καὶ</strong></span> <span class='ocrx_word' id='word_1_158' title='bbox 3548 752 3650 788; x_wconf 82' lang='grc' dir='ltr'>πα-</span> 
     </span>
    </p>
   </div>
   <div class='ocr_carea' id='block_1_24' title="bbox 2078 839 2288 894">
    <p class='ocr_par' dir='ltr' id='par_1_24' title="bbox 2078 839 2288 894">
     <span class='ocr_line' id='line_1_24' title="bbox 2078 839 2288 894; baseline 0.01 -20"><span class='ocrx_word' id='word_1_159' title='bbox 2078 839 2288 894; x_wconf 86' lang='grc' dir='ltr'>χυτητι.</span> 
     </span>
    </p>
   </div>
   <div class='ocr_carea' id='block_1_25' title="bbox 2149 1082 3646 1154">
    <p class='ocr_par' dir='ltr' id='par_1_25' title="bbox 2149 1082 3646 1154">
     <span class='ocr_line' id='line_1_25' title="bbox 2149 1082 3646 1154; baseline -0.001 -17"><span class='ocrx_word' id='word_1_160' title='bbox 2149 1086 2244 1147; x_wconf 85' lang='grc' dir='ltr'>Τίς</span> <span class='ocrx_word' id='word_1_161' title='bbox 2285 1085 2341 1138; x_wconf 79' lang='grc' dir='ltr'><strong>δὲ</strong></span> <span class='ocrx_word' id='word_1_162' title='bbox 2386 1085 2480 1138; x_wconf 73' lang='grc' dir='ltr'>καὶ</span> <span class='ocrx_word' id='word_1_163' title='bbox 2520 1085 2548 1138; x_wconf 83' lang='grc' dir='ltr'>ὁ</span> <span class='ocrx_word' id='word_1_164' title='bbox 2591 1084 2749 1153; x_wconf 84' lang='grc' dir='ltr'>λόγος</span> <span class='ocrx_word' id='word_1_165' title='bbox 2795 1082 2978 1146; x_wconf 82' lang='grc' dir='ltr'>αὐτοῖς</span> <span class='ocrx_word' id='word_1_166' title='bbox 3022 1083 3121 1152; x_wconf 83' lang='grc' dir='ltr'>τῆς</span> <span class='ocrx_word' id='word_1_167' title='bbox 3165 1082 3646 1154; x_wconf 82' lang='grc' dir='ltr'>ἐνανθρωπήσεως,</span> 
     </span>
    </p>
   </div>
   <div class='ocr_carea' id='block_1_26' title="bbox 2079 1172 3644 1246">
    <p class='ocr_par' dir='ltr' id='par_1_26' title="bbox 2079 1172 3644 1246">
     <span class='ocr_line' id='line_1_26' title="bbox 2079 1172 3644 1246; baseline -0.002 -16"><span class='ocrx_word' id='word_1_168' title='bbox 2079 1176 2296 1246; x_wconf 71' lang='grc' dir='ltr'>ἴδωμεν,</span> <span class='ocrx_word' id='word_1_169' title='bbox 2333 1176 2508 1228; x_wconf 76' lang='grc' dir='ltr'>εῖτουν</span> <span class='ocrx_word' id='word_1_170' title='bbox 2550 1174 2898 1246; x_wconf 85' lang='grc' dir='ltr'>σαρκώσεως,</span> <span class='ocrx_word' id='word_1_171' title='bbox 2951 1172 3025 1236; x_wconf 85' lang='grc' dir='ltr'>ὡς</span> <span class='ocrx_word' id='word_1_172' title='bbox 3077 1174 3228 1226; x_wconf 69' lang='grc' dir='ltr'><strong>αὐτο)⁸</strong></span> <span class='ocrx_word' id='word_1_173' title='bbox 3272 1174 3542 1240; x_wconf 82' lang='grc' dir='ltr'>λέγουσιν.</span> <span class='ocrx_word' id='word_1_174' title='bbox 3582 1176 3644 1227; x_wconf 82' lang='lat' dir='ltr'><strong>Ei</strong></span> 
     </span>
    </p>
   </div>
   <div class='ocr_carea' id='block_1_27' title="bbox 2079 1261 3644 1336">
    <p class='ocr_par' dir='ltr' id='par_1_27' title="bbox 2079 1261 3644 1336">
     <span class='ocr_line' id='line_1_27' title="bbox 2079 1261 3644 1336; baseline 0 -19"><span class='ocrx_word' id='word_1_175' title='bbox 2079 1265 2179 1336; x_wconf 85' lang='grc' dir='ltr'>μὲν</span> <span class='ocrx_word' id='word_1_176' title='bbox 2223 1265 2308 1317; x_wconf 77' lang='grc' dir='ltr'><strong>ἵνα</strong></span> <span class='ocrx_word' id='word_1_177' title='bbox 2337 1264 2557 1335; x_wconf 83' lang='grc' dir='ltr'>χωρηθῇ</span> <span class='ocrx_word' id='word_1_178' title='bbox 2587 1264 2739 1327; x_wconf 79' lang='grc' dir='ltr'>Θεὸς,</span> <span class='ocrx_word' id='word_1_179' title='bbox 2783 1262 2958 1325; x_wconf 79' lang='grc' dir='ltr'>ἄλλως</span> <span class='ocrx_word' id='word_1_180' title='bbox 2989 1261 3270 1333; x_wconf 76' lang='grc' dir='ltr'>ἀχώρητος</span> <span class='ocrx_word' id='word_1_181' title='bbox 3299 1262 3396 1326; x_wconf 81' lang='grc' dir='ltr'><strong>ὢν,</strong></span> <span class='ocrx_word' id='word_1_182' title='bbox 3430 1263 3525 1317; x_wconf 72' lang='grc' dir='ltr'><strong>καὶ</strong></span> <span class='ocrx_word' id='word_1_183' title='bbox 3568 1265 3644 1328; x_wconf 86' lang='grc' dir='ltr'>ὠς</span> 
     </span>
    </p>
   </div>
   <div class='ocr_carea' id='block_1_28' title="bbox 2079 1353 3645 1427">
    <p class='ocr_par' dir='ltr' id='par_1_28' title="bbox 2079 1353 3645 1427">
     <span class='ocr_line' id='line_1_28' title="bbox 2079 1353 3645 1427; baseline 0 -18"><span class='ocrx_word' id='word_1_184' title='bbox 2079 1357 2182 1409; x_wconf 79' lang='grc' dir='ltr'>ὑπὸ</span> <span class='ocrx_word' id='word_1_185' title='bbox 2213 1358 2671 1427; x_wconf 75' lang='grc' dir='ltr'><strong>παραπετάσματι</strong></span> <span class='ocrx_word' id='word_1_186' title='bbox 2699 1357 2766 1424; x_wconf 80' lang='grc' dir='ltr'>τῇ</span> <span class='ocrx_word' id='word_1_187' title='bbox 2799 1353 2961 1425; x_wconf 76' lang='grc' dir='ltr'>σαρκὶ</span> <span class='ocrx_word' id='word_1_188' title='bbox 2992 1357 3100 1417; x_wconf 85' lang='grc' dir='ltr'>τοῖς</span> <span class='ocrx_word' id='word_1_189' title='bbox 3147 1354 3452 1425; x_wconf 81' lang='grc' dir='ltr'>ἀνθρώποις</span> <span class='ocrx_word' id='word_1_190' title='bbox 3481 1373 3645 1426; x_wconf 82' lang='grc' dir='ltr'>προσ-</span> 
     </span>
    </p>
   </div>
   <div class='ocr_carea' id='block_1_29' title="bbox 2076 1447 3644 1519">
    <p class='ocr_par' dir='ltr' id='par_1_29' title="bbox 2076 1447 3644 1519">
     <span class='ocr_line' id='line_1_29' title="bbox 2076 1447 3644 1519; baseline 0.001 -19"><span class='ocrx_word' id='word_1_191' title='bbox 2076 1449 2328 1519; x_wconf 78' lang='grc' dir='ltr'>ομιλήσῃ,</span> <span class='ocrx_word' id='word_1_192' title='bbox 2383 1447 2590 1516; x_wconf 75' lang='grc' dir='ltr'>κομψὸν</span> <span class='ocrx_word' id='word_1_193' title='bbox 2648 1447 2708 1500; x_wconf 79' lang='grc' dir='ltr'><strong>τὸ</strong></span> <span class='ocrx_word' id='word_1_194' title='bbox 2759 1448 3099 1517; x_wconf 87' lang='grc' dir='ltr'>προσωπεῖον</span> <span class='ocrx_word' id='word_1_195' title='bbox 3159 1447 3368 1510; x_wconf 79' lang='grc' dir='ltr'>αὐτοῖς,</span> <span class='ocrx_word' id='word_1_196' title='bbox 3435 1447 3529 1500; x_wconf 68' lang='grc' dir='ltr'><strong>κα)⁸</strong></span> <span class='ocrx_word' id='word_1_197' title='bbox 3582 1447 3644 1501; x_wconf 81' lang='grc' dir='ltr'>τὺ</span> 
     </span>
    </p>
   </div>
   <div class='ocr_carea' id='block_1_30' title="bbox 2075 1537 3646 1609">
    <p class='ocr_par' dir='ltr' id='par_1_30' title="bbox 2075 1537 3646 1609">
     <span class='ocr_line' id='line_1_30' title="bbox 2075 1537 3646 1609; baseline 0 -17"><span class='ocrx_word' id='word_1_198' title='bbox 2075 1539 2256 1609; x_wconf 90' lang='grc' dir='ltr'>δράμα</span> <span class='ocrx_word' id='word_1_199' title='bbox 2279 1539 2377 1608; x_wconf 85' lang='grc' dir='ltr'>τῆς</span> <span class='ocrx_word' id='word_1_200' title='bbox 2407 1539 2747 1609; x_wconf 80' lang='grc' dir='ltr'>ὑποκρίσεως</span> <span class='ocrx_word' id='word_1_201' title='bbox 2770 1556 2784 1570; x_wconf 88' lang='grc'><strong>·</strong></span> <span class='ocrx_word' id='word_1_202' title='bbox 2820 1539 2905 1592; x_wconf 85' lang='grc' dir='ltr'><strong>ἵνα</strong></span> <span class='ocrx_word' id='word_1_203' title='bbox 2943 1539 3017 1609; x_wconf 85' lang='grc' dir='ltr'>μὴ</span> <span class='ocrx_word' id='word_1_204' title='bbox 3057 1537 3200 1605; x_wconf 83' lang='grc' dir='ltr'>λέγω</span> <span class='ocrx_word' id='word_1_205' title='bbox 3231 1537 3311 1605; x_wconf 86' lang='grc' dir='ltr'>ὅτι</span> <span class='ocrx_word' id='word_1_206' title='bbox 3353 1540 3446 1592; x_wconf 72' lang='grc' dir='ltr'><strong>καὶ</strong></span> <span class='ocrx_word' id='word_1_207' title='bbox 3473 1539 3646 1603; x_wconf 65' lang='grc' dir='ltr'>ἄλλως</span> 
     </span>
    </p>
   </div>
   <div class='ocr_carea' id='block_1_31' title="bbox 2075 1626 3645 1702">
    <p class='ocr_par' dir='ltr' id='par_1_31' title="bbox 2075 1626 3645 1702">
     <span class='ocr_line' id='line_1_31' title="bbox 2075 1626 3645 1702; baseline -0.001 -19"><span class='ocrx_word' id='word_1_208' title='bbox 2075 1631 2334 1702; x_wconf 77' lang='grc' dir='ltr'><strong>ὁμιλῆσαι</strong></span> <span class='ocrx_word' id='word_1_209' title='bbox 2379 1633 2510 1701; x_wconf 81' lang='grc' dir='ltr'>ἡμῖν</span> <span class='ocrx_word' id='word_1_210' title='bbox 2559 1626 2668 1683; x_wconf 71' lang='grc' dir='ltr'>οἷόν</span> <span class='ocrx_word' id='word_1_211' title='bbox 2706 1649 2763 1683; x_wconf 91' lang='grc' dir='ltr'><strong>τε</strong></span> <span class='ocrx_word' id='word_1_212' title='bbox 2798 1627 2886 1701; x_wconf 78' lang='grc' dir='ltr'>ἦν,</span> <span class='ocrx_word' id='word_1_213' title='bbox 2937 1630 3126 1702; x_wconf 83' lang='grc' dir='ltr'>ὥσπερ</span> <span class='ocrx_word' id='word_1_214' title='bbox 3177 1632 3234 1683; x_wconf 88' lang='grc' dir='ltr'><strong>ἐν</strong></span> <span class='ocrx_word' id='word_1_215' title='bbox 3287 1629 3432 1700; x_wconf 83' lang='grc' dir='ltr'><strong>βάτῳ</strong></span> <span class='ocrx_word' id='word_1_216' title='bbox 3475 1632 3645 1702; x_wconf 71' lang='grc' dir='ltr'>πυρὸς</span> 
     </span>
    </p>
   </div>
   <div class='ocr_carea' id='block_1_32' title="bbox 407 1721 1979 1793">
    <p class='ocr_par' dir='ltr' id='par_1_32' title="bbox 407 1723 1973 1792">
     <span class='ocr_line' id='line_1_32' title="bbox 407 1723 1973 1792; baseline 0.001 -17"><span class='ocrx_word' id='word_1_217' title='bbox 407 1731 758 1788; x_wconf 87' lang='lat' dir='ltr'><strong>versaretur,</strong></span> <span class='ocrx_word' id='word_1_218' title='bbox 808 1723 1262 1792; x_wconf 88' lang='lat' dir='ltr'><strong>quemadmodum</strong></span> <span class='ocrx_word' id='word_1_219' title='bbox 1307 1725 1459 1792; x_wconf 89' lang='lat' dir='ltr'><strong>prius</strong></span> <span class='ocrx_word' id='word_1_220' title='bbox 1487 1724 1539 1776; x_wconf 90' lang='lat' dir='ltr'><strong>in</strong></span> <span class='ocrx_word' id='word_1_221' title='bbox 1574 1724 1714 1792; x_wconf 76' lang='lat' dir='ltr'><strong>ignis</strong></span> <span class='ocrx_word' id='word_1_222' title='bbox 1751 1725 1887 1778; x_wconf 90' lang='lat' dir='ltr'><strong>rubo</strong></span> <span class='ocrx_word' id='word_1_223' title='bbox 1909 1725 1973 1785; x_wconf 76' lang='lat'><strong>“,</strong></span> 
     </span>
    </p>
   </div>
   <div class='ocr_carea' id='block_1_33' title="bbox 2082 1721 3645 1793">
    <p class='ocr_par' dir='ltr' id='par_1_33' title="bbox 2082 1721 3645 1793">
     <span class='ocr_line' id='line_1_33' title="bbox 2082 1721 3645 1793; baseline 0.001 -20"><span class='ocrx_word' id='word_1_224' title='bbox 2082 1723 2170 1775; x_wconf 64' lang='grc' dir='ltr'><strong>καὶ⁴</strong></span> <span class='ocrx_word' id='word_1_225' title='bbox 2206 1721 2531 1792; x_wconf 79' lang='grc' dir='ltr'>ἀνθρωπίνῳ</span> <span class='ocrx_word' id='word_1_226' title='bbox 2582 1721 2708 1774; x_wconf 84' lang='grc' dir='ltr'>εἴδει</span> <span class='ocrx_word' id='word_1_227' title='bbox 2759 1721 2870 1790; x_wconf 71' lang='grc'><strong>(72)</strong></span> <span class='ocrx_word' id='word_1_228' title='bbox 2905 1722 2965 1774; x_wconf 83' lang='grc' dir='ltr'><strong>τὸ</strong></span> <span class='ocrx_word' id='word_1_229' title='bbox 3011 1722 3292 1793; x_wconf 84' lang='grc' dir='ltr'>πρότερον.</span> <span class='ocrx_word' id='word_1_230' title='bbox 3351 1723 3412 1775; x_wconf 79' lang='lat' dir='ltr'><strong>Et</strong></span> <span class='ocrx_word' id='word_1_231' title='bbox 3458 1721 3513 1775; x_wconf 77' lang='grc' dir='ltr'><strong>δὲ</strong></span> <span class='ocrx_word' id='word_1_232' title='bbox 3559 1723 3645 1775; x_wconf 80' lang='grc' dir='ltr'><strong>ἵνα</strong></span> 
     </span>
    </p>
   </div>
   <div class='ocr_carea' id='block_1_34' title="bbox 404 1812 1978 1884">
    <p class='ocr_par' dir='ltr' id='par_1_34' title="bbox 404 1812 1978 1884">
     <span class='ocr_line' id='line_1_34' title="bbox 404 1812 1978 1884; baseline 0.003 -18"><span class='ocrx_word' id='word_1_233' title='bbox 404 1820 461 1866; x_wconf 89' lang='lat' dir='ltr'><strong>et</strong></span> <span class='ocrx_word' id='word_1_234' title='bbox 487 1812 658 1867; x_wconf 82' lang='lat' dir='ltr'><strong>forma</strong></span> <span class='ocrx_word' id='word_1_235' title='bbox 693 1815 928 1868; x_wconf 90' lang='lat' dir='ltr'><strong>humana</strong></span> <span class='ocrx_word' id='word_1_236' title='bbox 950 1815 1015 1867; x_wconf 74' lang='grc'>⁸⁸.</span> <span class='ocrx_word' id='word_1_237' title='bbox 1049 1813 1104 1866; x_wconf 91' lang='lat' dir='ltr'><strong>Si</strong></span> <span class='ocrx_word' id='word_1_238' title='bbox 1136 1822 1317 1866; x_wconf 87' lang='lat' dir='ltr'><strong>autem</strong></span> <span class='ocrx_word' id='word_1_239' title='bbox 1379 1822 1438 1867; x_wconf 92' lang='lat' dir='ltr'><strong>ut</strong></span> <span class='ocrx_word' id='word_1_240' title='bbox 1481 1815 1646 1867; x_wconf 84' lang='lat' dir='ltr'><strong>simili</strong></span> <span class='ocrx_word' id='word_1_241' title='bbox 1676 1832 1771 1884; x_wconf 90' lang='lat' dir='ltr'><strong>per</strong></span> <span class='ocrx_word' id='word_1_242' title='bbox 1799 1817 1978 1871; x_wconf 90' lang='lat' dir='ltr'><strong>simile</strong></span> 
     </span>
    </p>
   </div>
   <div class='ocr_carea' id='block_1_35' title="bbox 405 1902 1966 1974">
    <p class='ocr_par' dir='ltr' id='par_1_35' title="bbox 405 1902 1966 1974">
     <span class='ocr_line' id='line_1_35' title="bbox 405 1902 1966 1974; baseline 0.001 -17"><span class='ocrx_word' id='word_1_243' title='bbox 405 1903 748 1957; x_wconf 86' lang='lat' dir='ltr'><strong>sanetilicato</strong></span> <span class='ocrx_word' id='word_1_244' title='bbox 783 1903 986 1972; x_wconf 87' lang='lat' dir='ltr'><strong>peccati</strong></span> <span class='ocrx_word' id='word_1_245' title='bbox 1041 1902 1441 1956; x_wconf 77' lang='lat' dir='ltr'><strong>damnationem</strong></span> <span class='ocrx_word' id='word_1_246' title='bbox 1482 1905 1676 1968; x_wconf 88' lang='lat' dir='ltr'><strong>solvat,</strong></span> <span class='ocrx_word' id='word_1_247' title='bbox 1715 1907 1966 1974; x_wconf 83' lang='lat' dir='ltr'><strong>profecto</strong></span> 
     </span>
    </p>
   </div>
   <div class='ocr_carea' id='block_1_36' title="bbox 405 1992 1974 2062">
    <p class='ocr_par' dir='ltr' id='par_1_36' title="bbox 405 1992 1974 2062">
     <span class='ocr_line' id='line_1_36' title="bbox 405 1992 1974 2062; baseline 0.003 -17"><span class='ocrx_word' id='word_1_248' title='bbox 405 1992 859 2062; x_wconf 86' lang='lat' dir='ltr'><strong>quemadmodum</strong></span> <span class='ocrx_word' id='word_1_249' title='bbox 918 2009 1086 2047; x_wconf 88' lang='lat' dir='ltr'><strong>carne</strong></span> <span class='ocrx_word' id='word_1_250' title='bbox 1123 2000 1345 2062; x_wconf 90' lang='lat' dir='ltr'><strong>propter</strong></span> <span class='ocrx_word' id='word_1_251' title='bbox 1377 2009 1595 2048; x_wconf 91' lang='lat' dir='ltr'><strong>carnem</strong></span> <span class='ocrx_word' id='word_1_252' title='bbox 1640 1995 1974 2060; x_wconf 87' lang='lat' dir='ltr'><strong>damnatam,</strong></span> 
     </span>
    </p>
   </div>
   <div class='ocr_carea' id='block_1_37' title="bbox 404 2084 1976 2154">
    <p class='ocr_par' dir='ltr' id='par_1_37' title="bbox 404 2084 1976 2154">
     <span class='ocr_line' id='line_1_37' title="bbox 404 2084 1976 2154; baseline 0.001 -17"><span class='ocrx_word' id='word_1_253' title='bbox 404 2096 460 2137; x_wconf 90' lang='lat' dir='ltr'><strong>et</strong></span> <span class='ocrx_word' id='word_1_254' title='bbox 505 2084 685 2137; x_wconf 87' lang='lat' dir='ltr'><strong>anima</strong></span> <span class='ocrx_word' id='word_1_255' title='bbox 739 2092 958 2154; x_wconf 84' lang='lat' dir='ltr'><strong>propter</strong></span> <span class='ocrx_word' id='word_1_256' title='bbox 1019 2084 1255 2137; x_wconf 87' lang='lat' dir='ltr'><strong>animam</strong></span> <span class='ocrx_word' id='word_1_257' title='bbox 1287 2099 1424 2153; x_wconf 92' lang='lat' dir='ltr'><strong>opus</strong></span> <span class='ocrx_word' id='word_1_258' title='bbox 1452 2085 1661 2147; x_wconf 90' lang='lat' dir='ltr'><strong>habuit,</strong></span> <span class='ocrx_word' id='word_1_259' title='bbox 1698 2087 1770 2138; x_wconf 90' lang='lat' dir='ltr'><strong>ita</strong></span> <span class='ocrx_word' id='word_1_260' title='bbox 1813 2088 1976 2139; x_wconf 87' lang='lat' dir='ltr'><strong>etiam</strong></span> 
     </span>
    </p>
   </div>
   <div class='ocr_carea' id='block_1_38' title="bbox 404 2174 1974 2246">
    <p class='ocr_par' dir='ltr' id='par_1_38' title="bbox 404 2174 1974 2246">
     <span class='ocr_line' id='line_1_38' title="bbox 404 2174 1974 2246; baseline 0.002 -19"><span class='ocrx_word' id='word_1_261' title='bbox 404 2184 588 2229; x_wconf 90' lang='lat' dir='ltr'><strong>mente</strong></span> <span class='ocrx_word' id='word_1_262' title='bbox 613 2183 831 2244; x_wconf 87' lang='lat' dir='ltr'><strong>propter</strong></span> <span class='ocrx_word' id='word_1_263' title='bbox 855 2185 1112 2240; x_wconf 87' lang='lat' dir='ltr'><strong>mentem,</strong></span> <span class='ocrx_word' id='word_1_264' title='bbox 1155 2184 1343 2246; x_wconf 88' lang='lat' dir='ltr'><strong>utpote</strong></span> <span class='ocrx_word' id='word_1_265' title='bbox 1373 2191 1493 2245; x_wconf 65' lang='lat' dir='ltr'><strong>qua:</strong></span> <span class='ocrx_word' id='word_1_266' title='bbox 1525 2175 1576 2228; x_wconf 91' lang='lat' dir='ltr'><strong>in</strong></span> <span class='ocrx_word' id='word_1_267' title='bbox 1631 2174 1838 2229; x_wconf 85' lang='lat' dir='ltr'><strong>Adamn</strong></span> <span class='ocrx_word' id='word_1_268' title='bbox 1866 2193 1974 2230; x_wconf 88' lang='lat' dir='ltr'><strong>non</strong></span> 
     </span>
    </p>
   </div>
   <div class='ocr_carea' id='block_1_39' title="bbox 404 2264 1974 2335">
    <p class='ocr_par' dir='ltr' id='par_1_39' title="bbox 404 2264 1974 2335">
     <span class='ocr_line' id='line_1_39' title="bbox 404 2264 1974 2335; baseline 0.003 -20"><span class='ocrx_word' id='word_1_269' title='bbox 404 2264 585 2316; x_wconf 90' lang='lat' dir='ltr'><strong>solum</strong></span> <span class='ocrx_word' id='word_1_270' title='bbox 659 2267 999 2333; x_wconf 81' lang='lat' dir='ltr'><strong>peccaverit,</strong></span> <span class='ocrx_word' id='word_1_271' title='bbox 1061 2266 1156 2320; x_wconf 89' lang='lat' dir='ltr'><strong>sed</strong></span> <span class='ocrx_word' id='word_1_272' title='bbox 1209 2274 1262 2319; x_wconf 88' lang='lat' dir='ltr'><strong>et</strong></span> <span class='ocrx_word' id='word_1_273' title='bbox 1306 2267 1480 2335; x_wconf 89' lang='lat' dir='ltr'><strong>prima</strong></span> <span class='ocrx_word' id='word_1_274' title='bbox 1543 2265 1734 2319; x_wconf 78' lang='lat' dir='ltr'><strong>aﬂecta</strong></span> <span class='ocrx_word' id='word_1_275' title='bbox 1791 2267 1974 2330; x_wconf 85' lang='lat' dir='ltr'><strong>fuerit,</strong></span> 
     </span>
    </p>
   </div>
   <div class='ocr_carea' id='block_1_40' title="bbox 407 2354 1975 2423">
    <p class='ocr_par' dir='ltr' id='par_1_40' title="bbox 407 2354 1975 2423">
     <span class='ocr_line' id='line_1_40' title="bbox 407 2354 1975 2423; baseline 0.003 -17"><span class='ocrx_word' id='word_1_276' title='bbox 407 2354 868 2421; x_wconf 87' lang='lat' dir='ltr'><strong>quemadmodum</strong></span> <span class='ocrx_word' id='word_1_277' title='bbox 896 2355 1092 2408; x_wconf 89' lang='lat' dir='ltr'><strong>medici</strong></span> <span class='ocrx_word' id='word_1_278' title='bbox 1127 2355 1180 2408; x_wconf 93' lang='lat' dir='ltr'><strong>in</strong></span> <span class='ocrx_word' id='word_1_279' title='bbox 1210 2356 1418 2409; x_wconf 90' lang='lat' dir='ltr'><strong>morbis</strong></span> <span class='ocrx_word' id='word_1_280' title='bbox 1464 2356 1784 2423; x_wconf 78' lang='lat' dir='ltr'><strong>loquuntur.</strong></span> <span class='ocrx_word' id='word_1_281' title='bbox 1821 2355 1975 2420; x_wconf 84' lang='lat' dir='ltr'><strong>Quod</strong></span> 
     </span>
    </p>
   </div>
   <div class='ocr_carea' id='block_1_41' title="bbox 405 2440 1979 2514">
    <p class='ocr_par' dir='ltr' id='par_1_41' title="bbox 405 2440 1979 2514">
     <span class='ocr_line' id='line_1_41' title="bbox 405 2440 1979 2514; baseline 0.001 -18"><span class='ocrx_word' id='word_1_282' title='bbox 405 2445 554 2498; x_wconf 82' lang='lat' dir='ltr'><strong>enim</strong></span> <span class='ocrx_word' id='word_1_283' title='bbox 590 2447 902 2497; x_wconf 85' lang='lat' dir='ltr'><strong>mandatum</strong></span> <span class='ocrx_word' id='word_1_284' title='bbox 945 2447 1174 2513; x_wconf 86' lang='lat' dir='ltr'><strong>accepit,</strong></span> <span class='ocrx_word' id='word_1_285' title='bbox 1205 2445 1307 2498; x_wconf 88' lang='lat' dir='ltr'><strong>hoc</strong></span> <span class='ocrx_word' id='word_1_286' title='bbox 1349 2445 1604 2498; x_wconf 87' lang='lat' dir='ltr'><strong>mandato</strong></span> <span class='ocrx_word' id='word_1_287' title='bbox 1639 2440 1855 2514; x_wconf 83' lang='lat' dir='ltr'><strong>quoque</strong></span> <span class='ocrx_word' id='word_1_288' title='bbox 1880 2446 1979 2498; x_wconf 88' lang='lat' dir='ltr'><strong>Ini-</strong></span> 
     </span>
    </p>
   </div>
   <div class='ocr_carea' id='block_1_42' title="bbox 406 2533 1973 2602">
    <p class='ocr_par' dir='ltr' id='par_1_42' title="bbox 406 2533 1973 2602">
     <span class='ocr_line' id='line_1_42' title="bbox 406 2533 1973 2602; baseline 0.002 -17"><span class='ocrx_word' id='word_1_289' title='bbox 406 2533 554 2586; x_wconf 84' lang='lat' dir='ltr'><strong>nime</strong></span> <span class='ocrx_word' id='word_1_290' title='bbox 611 2533 790 2602; x_wconf 90' lang='lat' dir='ltr'><strong>paruit</strong></span> <span class='ocrx_word' id='word_1_291' title='bbox 841 2533 1038 2602; x_wconf 76' lang='lat' dir='ltr'><strong>:Quod</strong></span> <span class='ocrx_word' id='word_1_292' title='bbox 1089 2542 1268 2587; x_wconf 88' lang='lat' dir='ltr'><strong>autem</strong></span> <span class='ocrx_word' id='word_1_293' title='bbox 1331 2533 1554 2587; x_wconf 89' lang='lat' dir='ltr'><strong>minime</strong></span> <span class='ocrx_word' id='word_1_294' title='bbox 1614 2535 1822 2602; x_wconf 89' lang='lat' dir='ltr'><strong>paruit,</strong></span> <span class='ocrx_word' id='word_1_295' title='bbox 1870 2535 1973 2588; x_wconf 87' lang='lat' dir='ltr'><strong>hoc</strong></span> 
     </span>
    </p>
   </div>
   <div class='ocr_carea' id='block_1_43' title="bbox 405 2621 1968 2692">
    <p class='ocr_par' dir='ltr' id='par_1_43' title="bbox 405 2621 1968 2692">
     <span class='ocr_line' id='line_1_43' title="bbox 405 2621 1968 2692; baseline 0.001 -18"><span class='ocrx_word' id='word_1_296' title='bbox 405 2621 571 2674; x_wconf 90' lang='lat' dir='ltr'><strong>etiam</strong></span> <span class='ocrx_word' id='word_1_297' title='bbox 603 2637 667 2676; x_wconf 94' lang='lat' dir='ltr'><strong>eo</strong></span> <span class='ocrx_word' id='word_1_298' title='bbox 695 2622 936 2676; x_wconf 67' lang='lat' dir='ltr'><strong>audacize</strong></span> <span class='ocrx_word' id='word_1_299' title='bbox 958 2637 1305 2692; x_wconf 83' lang='lat' dir='ltr'><strong>progressum</strong></span> <span class='ocrx_word' id='word_1_300' title='bbox 1341 2631 1447 2685; x_wconf 88' lang='lat' dir='ltr'><strong>est,</strong></span> <span class='ocrx_word' id='word_1_301' title='bbox 1475 2630 1533 2675; x_wconf 88' lang='lat' dir='ltr'><strong>ut</strong></span> <span class='ocrx_word' id='word_1_302' title='bbox 1565 2623 1695 2675; x_wconf 89' lang='lat' dir='ltr'><strong>illud</strong></span> <span class='ocrx_word' id='word_1_303' title='bbox 1724 2623 1968 2690; x_wconf 90' lang='lat' dir='ltr'><strong>violaret;</strong></span> 
     </span>
    </p>
   </div>
   <div class='ocr_carea' id='block_1_44' title="bbox 404 2712 1972 2782">
    <p class='ocr_par' dir='ltr' id='par_1_44' title="bbox 404 2712 1972 2782">
     <span class='ocr_line' id='line_1_44' title="bbox 404 2712 1972 2782; baseline 0.004 -20"><span class='ocrx_word' id='word_1_304' title='bbox 404 2712 552 2780; x_wconf 86' lang='lat' dir='ltr'><strong>quod</strong></span> <span class='ocrx_word' id='word_1_305' title='bbox 607 2719 785 2767; x_wconf 85' lang='lat' dir='ltr'><strong>autem</strong></span> <span class='ocrx_word' id='word_1_306' title='bbox 820 2713 1057 2776; x_wconf 79' lang='lat' dir='ltr'><strong>violavit,</strong></span> <span class='ocrx_word' id='word_1_307' title='bbox 1091 2713 1192 2766; x_wconf 90' lang='lat' dir='ltr'><strong>hoc</strong></span> <span class='ocrx_word' id='word_1_308' title='bbox 1222 2713 1275 2766; x_wconf 90' lang='lat' dir='ltr'><strong>in</strong></span> <span class='ocrx_word' id='word_1_309' title='bbox 1314 2712 1504 2782; x_wconf 89' lang='lat' dir='ltr'><strong>primis</strong></span> <span class='ocrx_word' id='word_1_310' title='bbox 1543 2728 1760 2782; x_wconf 88' lang='lat' dir='ltr'><strong>quoque</strong></span> <span class='ocrx_word' id='word_1_311' title='bbox 1799 2714 1972 2769; x_wconf 86' lang='lat' dir='ltr'><strong>salute</strong></span> 
     </span>
    </p>
   </div>
   <div class='ocr_carea' id='block_1_45' title="bbox 2073 1811 3646 1886">
    <p class='ocr_par' dir='ltr' id='par_1_45' title="bbox 2073 1811 3646 1886">
     <span class='ocr_line' id='line_1_45' title="bbox 2073 1811 3646 1886; baseline 0.001 -22"><span class='ocrx_word' id='word_1_312' title='bbox 2073 1813 2206 1886; x_wconf 74' lang='grc' dir='ltr'><strong>λύσῃ</strong></span> <span class='ocrx_word' id='word_1_313' title='bbox 2256 1812 2317 1866; x_wconf 77' lang='grc' dir='ltr'>τὸ</span> <span class='ocrx_word' id='word_1_314' title='bbox 2372 1813 2690 1882; x_wconf 81' lang='grc' dir='ltr'>κατάκριμα</span> <span class='ocrx_word' id='word_1_315' title='bbox 2733 1815 2834 1884; x_wconf 83' lang='grc' dir='ltr'>τῆς</span> <span class='ocrx_word' id='word_1_316' title='bbox 2888 1813 3162 1883; x_wconf 83' lang='grc' dir='ltr'>ἁμαρτίας</span> <span class='ocrx_word' id='word_1_317' title='bbox 3221 1811 3300 1882; x_wconf 84' lang='grc' dir='ltr'>τῷ</span> <span class='ocrx_word' id='word_1_318' title='bbox 3359 1811 3526 1881; x_wconf 80' lang='grc' dir='ltr'>ὁμοίῳ</span> <span class='ocrx_word' id='word_1_319' title='bbox 3586 1813 3646 1865; x_wconf 73' lang='grc' dir='ltr'>τὸ</span> 
     </span>
    </p>
   </div>
   <div class='ocr_carea' id='block_1_46' title="bbox 2071 1901 3649 1974">
    <p class='ocr_par' dir='ltr' id='par_1_46' title="bbox 2071 1901 3649 1974">
     <span class='ocr_line' id='line_1_46' title="bbox 2071 1901 3649 1974; baseline -0.001 -18"><span class='ocrx_word' id='word_1_320' title='bbox 2071 1903 2252 1972; x_wconf 81' lang='grc' dir='ltr'>ὅμοιον</span> <span class='ocrx_word' id='word_1_321' title='bbox 2287 1903 2542 1970; x_wconf 83' lang='grc' dir='ltr'>ἁγιάσας,</span> <span class='ocrx_word' id='word_1_322' title='bbox 2569 1902 2756 1973; x_wconf 83' lang='grc' dir='ltr'>ὥσπερ</span> <span class='ocrx_word' id='word_1_323' title='bbox 2781 1903 2984 1974; x_wconf 73' lang='grc' dir='ltr'>σαρκὸς</span> <span class='ocrx_word' id='word_1_324' title='bbox 3014 1902 3198 1973; x_wconf 80' lang='grc' dir='ltr'>ἐδέησε</span> <span class='ocrx_word' id='word_1_325' title='bbox 3225 1902 3312 1955; x_wconf 80' lang='grc' dir='ltr'><strong>διὰ</strong></span> <span class='ocrx_word' id='word_1_326' title='bbox 3339 1901 3435 1972; x_wconf 83' lang='grc' dir='ltr'><strong>τὴν</strong></span> <span class='ocrx_word' id='word_1_327' title='bbox 3472 1902 3649 1973; x_wconf 82' lang='grc' dir='ltr'>σάρκα</span> 
     </span>
    </p>
   </div>
   <div class='ocr_carea' id='block_1_47' title="bbox 2073 1993 3648 2065">
    <p class='ocr_par' dir='ltr' id='par_1_47' title="bbox 2073 1993 3648 2065">
     <span class='ocr_line' id='line_1_47' title="bbox 2073 1993 3648 2065; baseline -0.003 -17"><span class='ocrx_word' id='word_1_328' title='bbox 2073 1993 2513 2065; x_wconf 79' lang='grc' dir='ltr'>κατακριθεῖσαν,</span> <span class='ocrx_word' id='word_1_329' title='bbox 2552 1994 2643 2046; x_wconf 70' lang='grc' dir='ltr'><strong>καὶ</strong></span> <span class='ocrx_word' id='word_1_330' title='bbox 2682 1994 2860 2064; x_wconf 75' lang='grc' dir='ltr'>ψυχῆς</span> <span class='ocrx_word' id='word_1_331' title='bbox 2889 1994 2975 2046; x_wconf 79' lang='grc' dir='ltr'><strong>διὰ</strong></span> <span class='ocrx_word' id='word_1_332' title='bbox 3018 1993 3116 2064; x_wconf 79' lang='grc' dir='ltr'>τὴν</span> <span class='ocrx_word' id='word_1_333' title='bbox 3145 1993 3342 2064; x_wconf 73' lang='grc' dir='ltr'>ψυχὴν,</span> <span class='ocrx_word' id='word_1_334' title='bbox 3387 1993 3527 2046; x_wconf 70' lang='grc' dir='ltr'>οὕτω</span> <span class='ocrx_word' id='word_1_335' title='bbox 3557 1993 3648 2045; x_wconf 74' lang='grc' dir='ltr'><strong>καὶ</strong></span> 
     </span>
    </p>
   </div>
   <div class='ocr_carea' id='block_1_48' title="bbox 2071 2083 3641 2154">
    <p class='ocr_par' dir='ltr' id='par_1_48' title="bbox 2071 2083 3641 2154">
     <span class='ocr_line' id='line_1_48' title="bbox 2071 2083 3641 2154; baseline -0.001 -18"><span class='ocrx_word' id='word_1_336' title='bbox 2071 2084 2160 2138; x_wconf 79' lang='grc' dir='ltr'>νοῦ</span> <span class='ocrx_word' id='word_1_337' title='bbox 2190 2085 2278 2138; x_wconf 83' lang='grc' dir='ltr'><strong>διὰ</strong></span> <span class='ocrx_word' id='word_1_338' title='bbox 2305 2084 2396 2136; x_wconf 80' lang='grc' dir='ltr'><strong>τὸν</strong></span> <span class='ocrx_word' id='word_1_339' title='bbox 2435 2083 2579 2146; x_wconf 80' lang='grc' dir='ltr'>νοῦν,</span> <span class='ocrx_word' id='word_1_340' title='bbox 2611 2086 2670 2137; x_wconf 78' lang='grc' dir='ltr'><strong>οὐ</strong></span> <span class='ocrx_word' id='word_1_341' title='bbox 2721 2084 3023 2136; x_wconf 75' lang='grc' dir='ltr'>πταίσαντα</span> <span class='ocrx_word' id='word_1_342' title='bbox 3061 2085 3217 2153; x_wconf 83' lang='grc' dir='ltr'>μόνον</span> <span class='ocrx_word' id='word_1_343' title='bbox 3248 2086 3304 2137; x_wconf 85' lang='grc' dir='ltr'><strong>ἐν</strong></span> <span class='ocrx_word' id='word_1_344' title='bbox 3330 2083 3407 2154; x_wconf 78' lang='grc' dir='ltr'><strong>τῷ</strong></span> <span class='ocrx_word' id='word_1_345' title='bbox 3449 2084 3641 2154; x_wconf 75' lang='grc' dir='ltr'>Ἀδάμ,</span> 
     </span>
    </p>
   </div>
   <div class='ocr_carea' id='block_1_49' title="bbox 2073 2175 3648 2247">
    <p class='ocr_par' dir='ltr' id='par_1_49' title="bbox 2073 2175 3648 2247">
     <span class='ocr_line' id='line_1_49' title="bbox 2073 2175 3648 2247; baseline -0.003 -16"><span class='ocrx_word' id='word_1_346' title='bbox 2073 2178 2209 2231; x_wconf 84' lang='grc' dir='ltr'>ἀλλά</span> <span class='ocrx_word' id='word_1_347' title='bbox 2232 2178 2326 2230; x_wconf 70' lang='grc' dir='ltr'>καὶ</span> <span class='ocrx_word' id='word_1_348' title='bbox 2349 2177 2874 2246; x_wconf 84' lang='grc' dir='ltr'>πρωτοπαθήσαντα,</span> <span class='ocrx_word' id='word_1_349' title='bbox 2898 2176 3084 2247; x_wconf 84' lang='grc' dir='ltr'>ὥσπερ</span> <span class='ocrx_word' id='word_1_350' title='bbox 3107 2179 3154 2228; x_wconf 77' lang='grc' dir='ltr'><strong>οἱ</strong></span> <span class='ocrx_word' id='word_1_351' title='bbox 3188 2176 3358 2247; x_wconf 77' lang='grc' dir='ltr'>ἰατροὶ</span> <span class='ocrx_word' id='word_1_352' title='bbox 3405 2175 3648 2243; x_wconf 80' lang='grc' dir='ltr'>λέγουσιν</span> 
     </span>
    </p>
   </div>
   <div class='ocr_carea' id='block_1_50' title="bbox 2074 2266 3645 2339">
    <p class='ocr_par' dir='ltr' id='par_1_50' title="bbox 2074 2266 3645 2339">
     <span class='ocr_line' id='line_1_50' title="bbox 2074 2266 3645 2339; baseline -0.002 -18"><span class='ocrx_word' id='word_1_353' title='bbox 2074 2270 2166 2321; x_wconf 79' lang='grc' dir='ltr'><strong>ἐπὶ</strong></span> <span class='ocrx_word' id='word_1_354' title='bbox 2196 2269 2304 2320; x_wconf 84' lang='grc' dir='ltr'><strong>τῶν</strong></span> <span class='ocrx_word' id='word_1_355' title='bbox 2329 2269 2796 2339; x_wconf 72' lang='grc' dir='ltr'>ἀρρωστημάτων.</span> <span class='ocrx_word' id='word_1_356' title='bbox 2828 2270 2892 2320; x_wconf 87' lang='grc' dir='ltr'>Ὃ</span> <span class='ocrx_word' id='word_1_357' title='bbox 2918 2267 3024 2337; x_wconf 76' lang='grc' dir='ltr'><strong>γὰρ</strong></span> <span class='ocrx_word' id='word_1_358' title='bbox 3048 2267 3145 2336; x_wconf 80' lang='grc' dir='ltr'><strong>τὴν</strong></span> <span class='ocrx_word' id='word_1_359' title='bbox 3169 2267 3387 2336; x_wconf 83' lang='grc' dir='ltr'>ἐντολὴν</span> <span class='ocrx_word' id='word_1_360' title='bbox 3414 2266 3645 2330; x_wconf 79' lang='grc' dir='ltr'>ἐδέξατο.</span> 
     </span>
    </p>
   </div>
   <div class='ocr_carea' id='block_1_51' title="bbox 2072 2355 3646 2427">
    <p class='ocr_par' dir='ltr' id='par_1_51' title="bbox 2072 2355 3646 2427">
     <span class='ocr_line' id='line_1_51' title="bbox 2072 2355 3646 2427; baseline -0.001 -17"><span class='ocrx_word' id='word_1_361' title='bbox 2072 2357 2226 2410; x_wconf 81' lang='grc' dir='ltr'>τοῦτο</span> <span class='ocrx_word' id='word_1_362' title='bbox 2267 2357 2361 2409; x_wconf 78' lang='grc' dir='ltr'>καὶ</span> <span class='ocrx_word' id='word_1_363' title='bbox 2397 2357 2494 2426; x_wconf 80' lang='grc' dir='ltr'>τὴν</span> <span class='ocrx_word' id='word_1_364' title='bbox 2539 2357 2753 2427; x_wconf 81' lang='grc' dir='ltr'>ἐντολὴν</span> <span class='ocrx_word' id='word_1_365' title='bbox 2786 2358 2885 2409; x_wconf 80' lang='grc' dir='ltr'><strong>οὐκ</strong></span> <span class='ocrx_word' id='word_1_366' title='bbox 2931 2357 3211 2424; x_wconf 73' lang='grc' dir='ltr'>ἐφύλαξεν·</span> <span class='ocrx_word' id='word_1_367' title='bbox 3244 2356 3272 2408; x_wconf 78' lang='grc' dir='ltr'><strong>ὃ</strong></span> <span class='ocrx_word' id='word_1_368' title='bbox 3307 2356 3362 2407; x_wconf 86' lang='grc' dir='ltr'><strong>δέ</strong></span> <span class='ocrx_word' id='word_1_369' title='bbox 3387 2356 3487 2407; x_wconf 82' lang='grc' dir='ltr'><strong>οὐκ</strong></span> <span class='ocrx_word' id='word_1_370' title='bbox 3518 2355 3646 2424; x_wconf 78' lang='grc' dir='ltr'>ἐφύ-</span> 
     </span>
    </p>
   </div>
   <div class='ocr_carea' id='block_1_52' title="bbox 2074 2445 3648 2517">
    <p class='ocr_par' dir='ltr' id='par_1_52' title="bbox 2074 2445 3648 2517">
     <span class='ocr_line' id='line_1_52' title="bbox 2074 2445 3648 2517; baseline -0.001 -19"><span class='ocrx_word' id='word_1_371' title='bbox 2074 2448 2234 2510; x_wconf 85' lang='grc' dir='ltr'>λαξε,</span> <span class='ocrx_word' id='word_1_372' title='bbox 2279 2446 2437 2498; x_wconf 80' lang='grc' dir='ltr'>τοῦτο</span> <span class='ocrx_word' id='word_1_373' title='bbox 2484 2447 2578 2498; x_wconf 73' lang='grc' dir='ltr'><strong>καὶ</strong></span> <span class='ocrx_word' id='word_1_374' title='bbox 2629 2448 2726 2517; x_wconf 83' lang='grc' dir='ltr'>τὴν</span> <span class='ocrx_word' id='word_1_375' title='bbox 2781 2447 3092 2517; x_wconf 77' lang='grc' dir='ltr'>παράϐασιν</span> <span class='ocrx_word' id='word_1_376' title='bbox 3147 2446 3476 2516; x_wconf 84' lang='grc' dir='ltr'>ἐτόλμησεν·</span> <span class='ocrx_word' id='word_1_377' title='bbox 3521 2446 3549 2498; x_wconf 85' lang='grc' dir='ltr'><strong>ὃ</strong></span> <span class='ocrx_word' id='word_1_378' title='bbox 3591 2445 3648 2498; x_wconf 81' lang='grc' dir='ltr'><strong>δὲ</strong></span> 
     </span>
    </p>
   </div>
   <div class='ocr_carea' id='block_1_53' title="bbox 2077 2536 3651 2609">
    <p class='ocr_par' dir='ltr' id='par_1_53' title="bbox 2077 2536 3651 2609">
     <span class='ocr_line' id='line_1_53' title="bbox 2077 2536 3651 2609; baseline -0.001 -19"><span class='ocrx_word' id='word_1_379' title='bbox 2077 2538 2310 2609; x_wconf 78' lang='grc' dir='ltr'>παρέϐη,</span> <span class='ocrx_word' id='word_1_380' title='bbox 2354 2537 2511 2590; x_wconf 82' lang='grc' dir='ltr'>τοῦτο</span> <span class='ocrx_word' id='word_1_381' title='bbox 2559 2541 2651 2591; x_wconf 72' lang='grc' dir='ltr'><strong>καὶ</strong></span> <span class='ocrx_word' id='word_1_382' title='bbox 2699 2539 2970 2608; x_wconf 77' lang='grc' dir='ltr'>σωτηρίας</span> <span class='ocrx_word' id='word_1_383' title='bbox 3024 2537 3188 2590; x_wconf 84' lang='grc' dir='ltr'>ἐδεῖτο</span> <span class='ocrx_word' id='word_1_384' title='bbox 3239 2538 3507 2608; x_wconf 84' lang='grc' dir='ltr'>μάλιστα;</span> <span class='ocrx_word' id='word_1_385' title='bbox 3534 2537 3562 2589; x_wconf 83' lang='grc' dir='ltr'><strong>ὃ</strong></span> <span class='ocrx_word' id='word_1_386' title='bbox 3593 2536 3651 2589; x_wconf 82' lang='grc' dir='ltr'><strong>δὲ</strong></span> 
     </span>
    </p>
   </div>
   <div class='ocr_carea' id='block_1_54' title="bbox 2075 2626 3650 2700">
    <p class='ocr_par' dir='ltr' id='par_1_54' title="bbox 2075 2626 3650 2700">
     <span class='ocr_line' id='line_1_54' title="bbox 2075 2626 3650 2700; baseline -0.001 -20"><span class='ocrx_word' id='word_1_387' title='bbox 2075 2628 2175 2697; x_wconf 79' lang='grc' dir='ltr'>τῆς</span> <span class='ocrx_word' id='word_1_388' title='bbox 2223 2628 2491 2700; x_wconf 82' lang='grc' dir='ltr'>σωτηρίας</span> <span class='ocrx_word' id='word_1_389' title='bbox 2526 2628 2713 2692; x_wconf 83' lang='grc' dir='ltr'>ἐδεῖτο,</span> <span class='ocrx_word' id='word_1_390' title='bbox 2743 2629 2898 2682; x_wconf 82' lang='grc' dir='ltr'>τοῦτο</span> <span class='ocrx_word' id='word_1_391' title='bbox 2926 2628 3020 2682; x_wconf 78' lang='grc' dir='ltr'>καὶ</span> <span class='ocrx_word' id='word_1_392' title='bbox 3048 2627 3392 2700; x_wconf 68' lang='grc' dir='ltr'>προσελήφθη</span> <span class='ocrx_word' id='word_1_393' title='bbox 3414 2643 3427 2656; x_wconf 80' lang='grc'><em>’</em></span> <span class='ocrx_word' id='word_1_394' title='bbox 3463 2630 3505 2681; x_wconf 79' lang='lat'><strong>6:</strong></span> <span class='ocrx_word' id='word_1_395' title='bbox 3527 2626 3650 2692; x_wconf 81' lang='grc' dir='ltr'>νοῦς</span> 
     </span>
    </p>
   </div>
   <div class='ocr_carea' id='block_1_55' title="bbox 2077 2717 2629 2789">
    <p class='ocr_par' dir='ltr' id='par_1_55' title="bbox 2077 2717 2629 2789">
     <span class='ocr_line' id='line_1_55' title="bbox 2077 2717 2629 2789; baseline 0.002 -18"><span class='ocrx_word' id='word_1_396' title='bbox 2077 2717 2184 2789; x_wconf 78' lang='grc' dir='ltr'>ἄρα</span> <span class='ocrx_word' id='word_1_397' title='bbox 2214 2718 2629 2789; x_wconf 84' lang='grc' dir='ltr'>προσείληπται.</span> 
     </span>
    </p>
   </div>
   <div class='ocr_carea' id='block_1_56' title="bbox 407 2803 3334 2878">
    <p class='ocr_par' dir='ltr' id='par_1_56' title="bbox 407 2803 3334 2878">
     <span class='ocr_line' id='line_1_56' title="bbox 407 2803 3334 2878; baseline 0.001 -20"><span class='ocrx_word' id='word_1_398' title='bbox 407 2803 714 2874; x_wconf 76' lang='lat' dir='ltr'><strong>indigebat;</strong></span> <span class='ocrx_word' id='word_1_399' title='bbox 739 2804 879 2872; x_wconf 90' lang='lat' dir='ltr'><strong>quod</strong></span> <span class='ocrx_word' id='word_1_400' title='bbox 911 2813 1086 2857; x_wconf 86' lang='lat' dir='ltr'><strong>autem</strong></span> <span class='ocrx_word' id='word_1_401' title='bbox 1114 2805 1288 2857; x_wconf 88' lang='lat' dir='ltr'><strong>salute</strong></span> <span class='ocrx_word' id='word_1_402' title='bbox 1317 2803 1607 2872; x_wconf 76' lang='lat' dir='ltr'><strong>indigebat,</strong></span> <span class='ocrx_word' id='word_1_403' title='bbox 1635 2803 1738 2856; x_wconf 88' lang='lat' dir='ltr'><strong>hoc</strong></span> <span class='ocrx_word' id='word_1_404' title='bbox 1771 2805 1930 2857; x_wconf 81' lang='lat' dir='ltr'><strong>etiam</strong></span> <span class='ocrx_word' id='word_1_405' title='bbox 1962 2818 2303 2878; x_wconf 85' lang='lat' dir='ltr'><strong>assumptum</strong></span> <span class='ocrx_word' id='word_1_406' title='bbox 2319 2817 2438 2874; x_wconf 89' lang='lat' dir='ltr'><strong>est;</strong></span> <span class='ocrx_word' id='word_1_407' title='bbox 2474 2809 2547 2861; x_wconf 89' lang='lat' dir='ltr'><strong>ita</strong></span> <span class='ocrx_word' id='word_1_408' title='bbox 2574 2809 2650 2870; x_wconf 86' lang='lat' dir='ltr'><strong>tit,</strong></span> <span class='ocrx_word' id='word_1_409' title='bbox 2675 2816 2736 2861; x_wconf 91' lang='grc' dir='ltr'><strong>ιιι</strong></span> <span class='ocrx_word' id='word_1_410' title='bbox 2766 2823 2920 2862; x_wconf 89' lang='lat' dir='ltr'><strong>mens</strong></span> <span class='ocrx_word' id='word_1_411' title='bbox 2948 2816 3224 2877; x_wconf 85' lang='lat' dir='ltr'><strong>assumpta</strong></span> <span class='ocrx_word' id='word_1_412' title='bbox 3247 2809 3334 2864; x_wconf 88' lang='lat' dir='ltr'><strong>sit.</strong></span> 
     </span>
    </p>
   </div>
   <div class='ocr_carea' id='block_1_57' title="bbox 480 2892 1979 2971">
    <p class='ocr_par' dir='ltr' id='par_1_57' title="bbox 480 2892 1971 2959">
     <span class='ocr_line' id='line_1_57' title="bbox 480 2892 1971 2959; baseline -0.001 -12"><span class='ocrx_word' id='word_1_413' title='bbox 480 2893 594 2948; x_wconf 85' lang='lat' dir='ltr'><strong>Hoc</strong></span> <span class='ocrx_word' id='word_1_414' title='bbox 651 2910 826 2958; x_wconf 90' lang='lat' dir='ltr'><strong>nunc,</strong></span> <span class='ocrx_word' id='word_1_415' title='bbox 873 2895 1037 2948; x_wconf 87' lang='lat' dir='ltr'><strong>velint</strong></span> <span class='ocrx_word' id='word_1_416' title='bbox 1106 2895 1316 2958; x_wconf 81' lang='lat' dir='ltr'><strong>nolint,</strong></span> <span class='ocrx_word' id='word_1_417' title='bbox 1362 2892 1792 2948; x_wconf 82' lang='lat' dir='ltr'><strong>demonstratum</strong></span> <span class='ocrx_word' id='word_1_418' title='bbox 1853 2902 1971 2959; x_wconf 90' lang='lat' dir='ltr'><strong>est,</strong></span> 
     </span>
    </p>
   </div>
   <div class='ocr_carea' id='block_1_58' title="bbox 2082 2892 3649 2971">
    <p class='ocr_par' dir='ltr' id='par_1_58' title="bbox 2147 2898 3649 2971">
     <span class='ocr_line' id='line_1_58' title="bbox 2147 2898 3649 2971; baseline 0.001 -20"><span class='ocrx_word' id='word_1_419' title='bbox 2147 2898 2316 2952; x_wconf 74' lang='grc' dir='ltr'>Τοῦτο</span> <span class='ocrx_word' id='word_1_420' title='bbox 2353 2899 2446 2953; x_wconf 79' lang='grc' dir='ltr'>νῦν</span> <span class='ocrx_word' id='word_1_421' title='bbox 2477 2900 2866 2962; x_wconf 82' lang='grc' dir='ltr'>ἀποδέδεικται,</span> <span class='ocrx_word' id='word_1_422' title='bbox 2896 2900 2999 2952; x_wconf 77' lang='grc' dir='ltr'><strong>κᾶν</strong></span> <span class='ocrx_word' id='word_1_423' title='bbox 3033 2899 3106 2971; x_wconf 84' lang='grc' dir='ltr'>μὴ</span> <span class='ocrx_word' id='word_1_424' title='bbox 3138 2898 3454 2969; x_wconf 78' lang='grc' dir='ltr'>βούλωνται,</span> <span class='ocrx_word' id='word_1_425' title='bbox 3504 2917 3649 2970; x_wconf 86' lang='grc' dir='ltr'>γεω-</span> 
     </span>
    </p>
   </div>
   <div class='ocr_carea' id='block_1_59' title="bbox 403 2985 1984 3055">
    <p class='ocr_par' dir='ltr' id='par_1_59' title="bbox 403 2985 1984 3055">
     <span class='ocr_line' id='line_1_59' title="bbox 403 2985 1984 3055; baseline -0.001 -15"><span class='ocrx_word' id='word_1_426' title='bbox 403 2985 770 3055; x_wconf 70' lang='lat' dir='ltr'><strong>geometricis,</strong></span> <span class='ocrx_word' id='word_1_427' title='bbox 817 2992 875 3038; x_wconf 89' lang='lat' dir='ltr'><strong>ut</strong></span> <span class='ocrx_word' id='word_1_428' title='bbox 919 2986 1021 3054; x_wconf 90' lang='lat' dir='ltr'><strong>ipsi</strong></span> <span class='ocrx_word' id='word_1_429' title='bbox 1069 2985 1242 3047; x_wconf 90' lang='lat' dir='ltr'><strong>aiunt,</strong></span> <span class='ocrx_word' id='word_1_430' title='bbox 1284 3000 1346 3039; x_wconf 92' lang='lat' dir='ltr'><strong>ac</strong></span> <span class='ocrx_word' id='word_1_431' title='bbox 1393 2988 1726 3042; x_wconf 83' lang='lat' dir='ltr'><strong>necessariis</strong></span> <span class='ocrx_word' id='word_1_432' title='bbox 1757 2987 1984 3040; x_wconf 80' lang='lat' dir='ltr'><strong>demon-</strong></span> 
     </span>
    </p>
   </div>
   <div class='ocr_carea' id='block_1_60' title="bbox 406 3072 1982 3143">
    <p class='ocr_par' dir='ltr' id='par_1_60' title="bbox 406 3072 1982 3143">
     <span class='ocr_line' id='line_1_60' title="bbox 406 3072 1982 3143; baseline 0.001 -14"><span class='ocrx_word' id='word_1_433' title='bbox 406 3073 789 3129; x_wconf 79' lang='lat' dir='ltr'><strong>stratiouibns.</strong></span> <span class='ocrx_word' id='word_1_434' title='bbox 850 3072 930 3126; x_wconf 90' lang='lat' dir='ltr'><strong>Tu</strong></span> <span class='ocrx_word' id='word_1_435' title='bbox 988 3089 1116 3127; x_wconf 83' lang='lat' dir='ltr'><strong>vero</strong></span> <span class='ocrx_word' id='word_1_436' title='bbox 1150 3074 1376 3143; x_wconf 46' lang='lat' dir='ltr'><strong>p‘rinde</strong></span> <span class='ocrx_word' id='word_1_437' title='bbox 1426 3073 1596 3137; x_wconf 82' lang='lat' dir='ltr'><strong>facis,</strong></span> <span class='ocrx_word' id='word_1_438' title='bbox 1639 3091 1703 3128; x_wconf 89' lang='lat' dir='ltr'><strong>ac</strong></span> <span class='ocrx_word' id='word_1_439' title='bbox 1750 3077 1816 3134; x_wconf 89' lang='lat' dir='ltr'><strong>si,</strong></span> <span class='ocrx_word' id='word_1_440' title='bbox 1857 3077 1982 3130; x_wconf 62' lang='lat' dir='ltr'><strong>laeso</strong></span> 
     </span>
    </p>
   </div>
   <div class='ocr_carea' id='block_1_61' title="bbox 409 3163 1984 3235">
    <p class='ocr_par' dir='ltr' id='par_1_61' title="bbox 409 3163 1984 3235">
     <span class='ocr_line' id='line_1_61' title="bbox 409 3163 1984 3235; baseline 0.002 -19"><span class='ocrx_word' id='word_1_441' title='bbox 409 3164 651 3218; x_wconf 87' lang='lat' dir='ltr'><strong>hominis</strong></span> <span class='ocrx_word' id='word_1_442' title='bbox 675 3165 860 3228; x_wconf 92' lang='lat' dir='ltr'><strong>oculo,</strong></span> <span class='ocrx_word' id='word_1_443' title='bbox 890 3180 952 3217; x_wconf 89' lang='lat' dir='ltr'><strong>ac</strong></span> <span class='ocrx_word' id='word_1_444' title='bbox 994 3163 1128 3233; x_wconf 90' lang='lat' dir='ltr'><strong>pede</strong></span> <span class='ocrx_word' id='word_1_445' title='bbox 1161 3164 1389 3233; x_wconf 90' lang='lat' dir='ltr'><strong>insuper</strong></span> <span class='ocrx_word' id='word_1_446' title='bbox 1427 3165 1656 3227; x_wconf 82' lang='lat' dir='ltr'><strong>oll&#39;enso,</strong></span> <span class='ocrx_word' id='word_1_447' title='bbox 1715 3165 1834 3235; x_wconf 81' lang='lat' dir='ltr'><strong>pedi</strong></span> <span class='ocrx_word' id='word_1_448' title='bbox 1863 3167 1984 3234; x_wconf 91' lang='lat' dir='ltr'><strong>qui-</strong></span> 
     </span>
    </p>
   </div>
   <div class='ocr_carea' id='block_1_62' title="bbox 408 3253 1985 3317">
    <p class='ocr_par' dir='ltr' id='par_1_62' title="bbox 408 3253 1985 3317">
     <span class='ocr_line' id='line_1_62' title="bbox 408 3253 1985 3317; baseline 0.003 -11"><span class='ocrx_word' id='word_1_449' title='bbox 408 3257 532 3307; x_wconf 90' lang='lat' dir='ltr'><strong>dem</strong></span> <span class='ocrx_word' id='word_1_450' title='bbox 567 3254 889 3308; x_wconf 76' lang='lat' dir='ltr'><strong>medicinam</strong></span> <span class='ocrx_word' id='word_1_451' title='bbox 933 3253 1241 3317; x_wconf 77' lang='lat' dir='ltr'><strong>adliibcres,</strong></span> <span class='ocrx_word' id='word_1_452' title='bbox 1289 3256 1508 3308; x_wconf 90' lang='lat' dir='ltr'><strong>oculum</strong></span> <span class='ocrx_word' id='word_1_453' title='bbox 1546 3265 1722 3310; x_wconf 84' lang='lat' dir='ltr'><strong>autem</strong></span> <span class='ocrx_word' id='word_1_454' title='bbox 1770 3257 1985 3310; x_wconf 86' lang='lat' dir='ltr'><strong>incura-</strong></span> 
     </span>
    </p>
   </div>
   <div class='ocr_carea' id='block_1_63' title="bbox 409 3345 1983 3416">
    <p class='ocr_par' dir='ltr' id='par_1_63' title="bbox 409 3345 1983 3416">
     <span class='ocr_line' id='line_1_63' title="bbox 409 3345 1983 3416; baseline 0.003 -20"><span class='ocrx_word' id='word_1_455' title='bbox 409 3352 526 3397; x_wconf 86' lang='lat' dir='ltr'><strong>tum</strong></span> <span class='ocrx_word' id='word_1_456' title='bbox 579 3345 916 3414; x_wconf 87' lang='lat' dir='ltr'><strong>relinqueres</strong></span> <span class='ocrx_word' id='word_1_457' title='bbox 949 3355 1101 3408; x_wconf 80' lang='lat' dir='ltr'><strong>:aut,</strong></span> <span class='ocrx_word' id='word_1_458' title='bbox 1133 3361 1257 3398; x_wconf 90' lang='lat' dir='ltr'><strong>cum</strong></span> <span class='ocrx_word' id='word_1_459' title='bbox 1308 3347 1482 3414; x_wconf 84' lang='lat' dir='ltr'><strong>pictor</strong></span> <span class='ocrx_word' id='word_1_460' title='bbox 1544 3347 1747 3416; x_wconf 89' lang='lat' dir='ltr'><strong>aliquid</strong></span> <span class='ocrx_word' id='word_1_461' title='bbox 1805 3348 1983 3403; x_wconf 91' lang='lat' dir='ltr'><strong>minus</strong></span> 
     </span>
    </p>
   </div>
   <div class='ocr_carea' id='block_1_64' title="bbox 415 3436 1982 3508">
    <p class='ocr_par' dir='ltr' id='par_1_64' title="bbox 415 3436 1982 3508">
     <span class='ocr_line' id='line_1_64' title="bbox 415 3436 1982 3508; baseline 0.003 -20"><span class='ocrx_word' id='word_1_462' title='bbox 415 3443 562 3490; x_wconf 84' lang='lat' dir='ltr'><strong>recte</strong></span> <span class='ocrx_word' id='word_1_463' title='bbox 615 3436 903 3505; x_wconf 72' lang='lat' dir='ltr'><strong>pinxisset,</strong></span> <span class='ocrx_word' id='word_1_464' title='bbox 963 3438 1232 3506; x_wconf 88' lang='lat' dir='ltr'><strong>picturam</strong></span> <span class='ocrx_word' id='word_1_465' title='bbox 1277 3437 1496 3507; x_wconf 89' lang='lat' dir='ltr'><strong>quidem</strong></span> <span class='ocrx_word' id='word_1_466' title='bbox 1535 3440 1870 3501; x_wconf 87' lang='lat' dir='ltr'><strong>immutares,</strong></span> <span class='ocrx_word' id='word_1_467' title='bbox 1900 3439 1982 3508; x_wconf 88' lang='lat' dir='ltr'><strong>pi-</strong></span> 
     </span>
    </p>
   </div>
   <div class='ocr_carea' id='block_1_65' title="bbox 411 3528 1978 3592">
    <p class='ocr_par' dir='ltr' id='par_1_65' title="bbox 411 3528 1978 3592">
     <span class='ocr_line' id='line_1_65' title="bbox 411 3528 1978 3592; baseline 0.001 -12"><span class='ocrx_word' id='word_1_468' title='bbox 411 3536 615 3580; x_wconf 86' lang='lat' dir='ltr'><strong>ctorem</strong></span> <span class='ocrx_word' id='word_1_469' title='bbox 670 3535 874 3590; x_wconf 89' lang='lat' dir='ltr'><strong>autem,</strong></span> <span class='ocrx_word' id='word_1_470' title='bbox 937 3528 1087 3581; x_wconf 89' lang='lat' dir='ltr'><strong>velut</strong></span> <span class='ocrx_word' id='word_1_471' title='bbox 1129 3545 1354 3583; x_wconf 86' lang='lat' dir='ltr'><strong>munere</strong></span> <span class='ocrx_word' id='word_1_472' title='bbox 1393 3545 1494 3582; x_wconf 92' lang='lat' dir='ltr'><strong>suo</strong></span> <span class='ocrx_word' id='word_1_473' title='bbox 1522 3539 1668 3583; x_wconf 90' lang='lat' dir='ltr'><strong>recte</strong></span> <span class='ocrx_word' id='word_1_474' title='bbox 1715 3529 1978 3592; x_wconf 73' lang='lat' dir='ltr'><strong>functura,</strong></span> 
     </span>
    </p>
   </div>
   <div class='ocr_carea' id='block_1_66' title="bbox 414 3618 1982 3690">
    <p class='ocr_par' dir='ltr' id='par_1_66' title="bbox 414 3618 1982 3690">
     <span class='ocr_line' id='line_1_66' title="bbox 414 3618 1982 3690; baseline 0.004 -22"><span class='ocrx_word' id='word_1_475' title='bbox 414 3618 746 3686; x_wconf 79' lang='lat' dir='ltr'><strong>pra-terires.</strong></span> <span class='ocrx_word' id='word_1_476' title='bbox 813 3618 967 3683; x_wconf 86' lang='lat' dir='ltr'><strong>Quod</strong></span> <span class='ocrx_word' id='word_1_477' title='bbox 1028 3621 1097 3685; x_wconf 90' lang='lat' dir='ltr'><strong>si,</strong></span> <span class='ocrx_word' id='word_1_478' title='bbox 1160 3621 1243 3675; x_wconf 85' lang='lat' dir='ltr'><strong>his</strong></span> <span class='ocrx_word' id='word_1_479' title='bbox 1293 3621 1600 3676; x_wconf 88' lang='lat' dir='ltr'><strong>rationibus</strong></span> <span class='ocrx_word' id='word_1_480' title='bbox 1634 3621 1892 3690; x_wconf 88' lang='lat' dir='ltr'><strong>prohibiti</strong></span> <span class='ocrx_word' id='word_1_481' title='bbox 1918 3636 1982 3674; x_wconf 89' lang='lat' dir='ltr'><strong>eo</strong></span> 
     </span>
    </p>
   </div>
   <div class='ocr_carea' id='block_1_67' title="bbox 407 3707 1980 3778">
    <p class='ocr_par' dir='ltr' id='par_1_67' title="bbox 407 3707 1980 3778">
     <span class='ocr_line' id='line_1_67' title="bbox 407 3707 1980 3778; baseline 0.003 -17"><span class='ocrx_word' id='word_1_482' title='bbox 407 3707 758 3778; x_wconf 79' lang='lat' dir='ltr'><strong>confugiunt,</strong></span> <span class='ocrx_word' id='word_1_483' title='bbox 795 3717 853 3762; x_wconf 95' lang='lat' dir='ltr'><strong>ut</strong></span> <span class='ocrx_word' id='word_1_484' title='bbox 895 3709 1085 3774; x_wconf 90' lang='lat' dir='ltr'><strong>Deum,</strong></span> <span class='ocrx_word' id='word_1_485' title='bbox 1111 3723 1316 3766; x_wconf 88' lang='lat' dir='ltr'><strong>remota</strong></span> <span class='ocrx_word' id='word_1_486' title='bbox 1345 3713 1509 3768; x_wconf 88' lang='lat' dir='ltr'><strong>etiam</strong></span> <span class='ocrx_word' id='word_1_487' title='bbox 1543 3721 1742 3775; x_wconf 87' lang='lat' dir='ltr'><strong>mente,</strong></span> <span class='ocrx_word' id='word_1_488' title='bbox 1778 3713 1980 3767; x_wconf 87' lang='lat' dir='ltr'><strong>homini</strong></span> 
     </span>
    </p>
   </div>
   <div class='ocr_carea' id='block_1_68' title="bbox 413 3801 1979 3874">
    <p class='ocr_par' dir='ltr' id='par_1_68' title="bbox 413 3801 1979 3874">
     <span class='ocr_line' id='line_1_68' title="bbox 413 3801 1979 3874; baseline 0.003 -22"><span class='ocrx_word' id='word_1_489' title='bbox 413 3801 647 3854; x_wconf 87' lang='lat' dir='ltr'><strong>salutem</strong></span> <span class='ocrx_word' id='word_1_490' title='bbox 690 3801 886 3857; x_wconf 69' lang='lat' dir='ltr'><strong>aﬂ‘crre</strong></span> <span class='ocrx_word' id='word_1_491' title='bbox 915 3817 1076 3872; x_wconf 90' lang='lat' dir='ltr'><strong>posse</strong></span> <span class='ocrx_word' id='word_1_492' title='bbox 1102 3804 1309 3868; x_wconf 87' lang='lat' dir='ltr'><strong>dicant,</strong></span> <span class='ocrx_word' id='word_1_493' title='bbox 1351 3805 1539 3874; x_wconf 89' lang='lat' dir='ltr'><strong>utique</strong></span> <span class='ocrx_word' id='word_1_494' title='bbox 1580 3805 1760 3873; x_wconf 87' lang='lat' dir='ltr'><strong>potuit</strong></span> <span class='ocrx_word' id='word_1_495' title='bbox 1791 3804 1979 3868; x_wconf 89' lang='lat' dir='ltr'><strong>etiam,</strong></span> 
     </span>
    </p>
   </div>
   <div class='ocr_carea' id='block_1_69' title="bbox 415 3894 1982 3962">
    <p class='ocr_par' dir='ltr' id='par_1_69' title="bbox 415 3894 1982 3962">
     <span class='ocr_line' id='line_1_69' title="bbox 415 3894 1982 3962; baseline 0.003 -21"><span class='ocrx_word' id='word_1_496' title='bbox 415 3898 626 3946; x_wconf 87' lang='lat' dir='ltr'><strong>remota</strong></span> <span class='ocrx_word' id='word_1_497' title='bbox 656 3906 824 3946; x_wconf 89' lang='lat' dir='ltr'><strong>carne</strong></span> <span class='ocrx_word' id='word_1_498' title='bbox 862 3909 956 3962; x_wconf 87' lang='lat' dir='ltr'><strong>per</strong></span> <span class='ocrx_word' id='word_1_499' title='bbox 998 3894 1172 3948; x_wconf 88' lang='lat' dir='ltr'><strong>solam</strong></span> <span class='ocrx_word' id='word_1_500' title='bbox 1221 3895 1580 3958; x_wconf 89' lang='lat' dir='ltr'><strong>voluntatem,</strong></span> <span class='ocrx_word' id='word_1_501' title='bbox 1627 3894 1982 3962; x_wconf 83' lang='lat' dir='ltr'><strong>quemadmo-</strong></span> 
     </span>
    </p>
   </div>
   <div class='ocr_carea' id='block_1_70' title="bbox 412 3982 1984 4057">
    <p class='ocr_par' dir='ltr' id='par_1_70' title="bbox 412 3982 1984 4057">
     <span class='ocr_line' id='line_1_70' title="bbox 412 3982 1984 4057; baseline 0.001 -21"><span class='ocrx_word' id='word_1_502' title='bbox 412 3982 542 4037; x_wconf 87' lang='lat' dir='ltr'><strong>dum</strong></span> <span class='ocrx_word' id='word_1_503' title='bbox 571 3985 674 4037; x_wconf 88' lang='lat' dir='ltr'><strong>alia</strong></span> <span class='ocrx_word' id='word_1_504' title='bbox 708 4001 924 4056; x_wconf 87' lang='lat' dir='ltr'><strong>quoque</strong></span> <span class='ocrx_word' id='word_1_505' title='bbox 953 3987 1137 4041; x_wconf 89' lang='lat' dir='ltr'><strong>omnia</strong></span> <span class='ocrx_word' id='word_1_506' title='bbox 1160 3987 1296 4041; x_wconf 89' lang='lat' dir='ltr'><strong>citra</strong></span> <span class='ocrx_word' id='word_1_507' title='bbox 1330 3987 1578 4057; x_wconf 88' lang='lat' dir='ltr'><strong>corporis</strong></span> <span class='ocrx_word' id='word_1_508' title='bbox 1603 4001 1821 4056; x_wconf 88' lang='lat' dir='ltr'><strong>operam</strong></span> <span class='ocrx_word' id='word_1_509' title='bbox 1854 4000 1984 4055; x_wconf 89' lang='lat' dir='ltr'><strong>ope-</strong></span> 
     </span>
    </p>
   </div>
   <div class='ocr_carea' id='block_1_71' title="bbox 412 4076 1977 4145">
    <p class='ocr_par' dir='ltr' id='par_1_71' title="bbox 412 4076 1977 4145">
     <span class='ocr_line' id='line_1_71' title="bbox 412 4076 1977 4145; baseline 0.003 -19"><span class='ocrx_word' id='word_1_510' title='bbox 412 4083 566 4128; x_wconf 80' lang='lat' dir='ltr'><strong>ratus</strong></span> <span class='ocrx_word' id='word_1_511' title='bbox 617 4083 721 4138; x_wconf 88' lang='lat' dir='ltr'><strong>est,</strong></span> <span class='ocrx_word' id='word_1_512' title='bbox 763 4085 818 4130; x_wconf 91' lang='lat' dir='ltr'><strong>et</strong></span> <span class='ocrx_word' id='word_1_513' title='bbox 849 4089 1122 4145; x_wconf 85' lang='lat' dir='ltr'><strong>operatur.</strong></span> <span class='ocrx_word' id='word_1_514' title='bbox 1149 4076 1331 4142; x_wconf 85' lang='lat' dir='ltr'><strong>Quare</strong></span> <span class='ocrx_word' id='word_1_515' title='bbox 1365 4093 1487 4131; x_wconf 89' lang='lat' dir='ltr'><strong>cum</strong></span> <span class='ocrx_word' id='word_1_516' title='bbox 1537 4085 1715 4132; x_wconf 87' lang='lat' dir='ltr'><strong>mente</strong></span> <span class='ocrx_word' id='word_1_517' title='bbox 1758 4091 1977 4130; x_wconf 85' lang='lat' dir='ltr'><strong>carnem</strong></span> 
     </span>
    </p>
   </div>
   <div class='ocr_carea' id='block_1_72' title="bbox 415 4168 1978 4238">
    <p class='ocr_par' dir='ltr' id='par_1_72' title="bbox 415 4168 1978 4238">
     <span class='ocr_line' id='line_1_72' title="bbox 415 4168 1978 4238; baseline 0.003 -20"><span class='ocrx_word' id='word_1_518' title='bbox 415 4181 633 4234; x_wconf 87' lang='lat' dir='ltr'><strong>quoque</strong></span> <span class='ocrx_word' id='word_1_519' title='bbox 669 4168 817 4229; x_wconf 91' lang='lat' dir='ltr'><strong>tolle,</strong></span> <span class='ocrx_word' id='word_1_520' title='bbox 842 4177 897 4220; x_wconf 90' lang='lat' dir='ltr'><strong>ut</strong></span> <span class='ocrx_word' id='word_1_521' title='bbox 923 4169 1079 4236; x_wconf 89' lang='lat' dir='ltr'><strong>plena</strong></span> <span class='ocrx_word' id='word_1_522' title='bbox 1105 4178 1158 4223; x_wconf 93' lang='lat' dir='ltr'><strong>et</strong></span> <span class='ocrx_word' id='word_1_523' title='bbox 1191 4169 1429 4238; x_wconf 81' lang='lat' dir='ltr'><strong>perfecta</strong></span> <span class='ocrx_word' id='word_1_524' title='bbox 1451 4170 1549 4222; x_wconf 90' lang='lat' dir='ltr'><strong>tibi</strong></span> <span class='ocrx_word' id='word_1_525' title='bbox 1575 4170 1642 4224; x_wconf 91' lang='lat' dir='ltr'><strong>sit</strong></span> <span class='ocrx_word' id='word_1_526' title='bbox 1679 4171 1978 4224; x_wconf 87' lang='lat' dir='ltr'><strong>temeritas.</strong></span> 
     </span>
    </p>
   </div>
   <div class='ocr_carea' id='block_1_73' title="bbox 2087 2991 3652 3061">
    <p class='ocr_par' dir='ltr' id='par_1_73' title="bbox 2087 2991 3652 3061">
     <span class='ocr_line' id='line_1_73' title="bbox 2087 2991 3652 3061; baseline 0.001 -19"><span class='ocrx_word' id='word_1_527' title='bbox 2087 2993 2390 3060; x_wconf 87' lang='grc' dir='ltr'>μετρικαῖς,</span> <span class='ocrx_word' id='word_1_528' title='bbox 2444 2991 2518 3055; x_wconf 81' lang='grc' dir='ltr'>ὥς</span> <span class='ocrx_word' id='word_1_529' title='bbox 2562 3009 2724 3061; x_wconf 85' lang='grc' dir='ltr'>φασιν</span> <span class='ocrx_word' id='word_1_530' title='bbox 2780 2992 2953 3052; x_wconf 76' lang='grc' dir='ltr'>αὐτοὶ.</span> <span class='ocrx_word' id='word_1_531' title='bbox 3001 2993 3092 3044; x_wconf 79' lang='grc' dir='ltr'><strong>καὶ</strong></span> <span class='ocrx_word' id='word_1_532' title='bbox 3144 2992 3474 3059; x_wconf 81' lang='grc' dir='ltr'>ἀναγκαίαις</span> <span class='ocrx_word' id='word_1_533' title='bbox 3513 2993 3652 3044; x_wconf 59' lang='grc' dir='ltr'>ἀπο-</span> 
     </span>
    </p>
   </div>
   <div class='ocr_carea' id='block_1_74' title="bbox 2083 3079 3651 3151">
    <p class='ocr_par' dir='ltr' id='par_1_74' title="bbox 2083 3079 3651 3151">
     <span class='ocr_line' id='line_1_74' title="bbox 2083 3079 3651 3151; baseline 0.001 -20"><span class='ocrx_word' id='word_1_534' title='bbox 2083 3079 2299 3146; x_wconf 80' lang='grc' dir='ltr'>δείξεσι.</span> <span class='ocrx_word' id='word_1_535' title='bbox 2361 3082 2432 3134; x_wconf 77' lang='grc' dir='ltr'><strong>Σὺ</strong></span> <span class='ocrx_word' id='word_1_536' title='bbox 2485 3082 2540 3134; x_wconf 83' lang='grc' dir='ltr'><strong>δὲ</strong></span> <span class='ocrx_word' id='word_1_537' title='bbox 2583 3083 2755 3143; x_wconf 87' lang='grc' dir='ltr'>ποιεῖς</span> <span class='ocrx_word' id='word_1_538' title='bbox 2797 3080 3198 3151; x_wconf 82' lang='grc' dir='ltr'>παραπλήσιον,</span> <span class='ocrx_word' id='word_1_539' title='bbox 3250 3081 3435 3151; x_wconf 78' lang='grc' dir='ltr'>ὥσπερ</span> <span class='ocrx_word' id='word_1_540' title='bbox 3481 3079 3548 3134; x_wconf 86' lang='grc' dir='ltr'>ἂν</span> <span class='ocrx_word' id='word_1_541' title='bbox 3603 3083 3651 3132; x_wconf 80' lang='grc' dir='ltr'><strong>εί</strong></span> 
     </span>
    </p>
   </div>
   <div class='ocr_carea' id='block_1_75' title="bbox 2082 3171 3654 3242">
    <p class='ocr_par' dir='ltr' id='par_1_75' title="bbox 2082 3171 3654 3242">
     <span class='ocr_line' id='line_1_75' title="bbox 2082 3171 3654 3242; baseline -0.002 -16"><span class='ocrx_word' id='word_1_542' title='bbox 2082 3171 2356 3242; x_wconf 74' lang='grc' dir='ltr'><strong>ὀφθαλμοῦ</strong></span> <span class='ocrx_word' id='word_1_543' title='bbox 2401 3171 2684 3242; x_wconf 76' lang='grc' dir='ltr'>ἀνθρώπου</span> <span class='ocrx_word' id='word_1_544' title='bbox 2739 3172 3066 3234; x_wconf 84' lang='grc' dir='ltr'>πταίσαντος</span> <span class='ocrx_word' id='word_1_545' title='bbox 3126 3171 3221 3224; x_wconf 75' lang='grc' dir='ltr'>καὶ</span> <span class='ocrx_word' id='word_1_546' title='bbox 3273 3172 3433 3233; x_wconf 81' lang='grc' dir='ltr'>ποδὸς</span> <span class='ocrx_word' id='word_1_547' title='bbox 3489 3188 3654 3240; x_wconf 86' lang='grc' dir='ltr'>προσ-</span> 
     </span>
    </p>
   </div>
   <div class='ocr_carea' id='block_1_76' title="bbox 2084 3259 3653 3331">
    <p class='ocr_par' dir='ltr' id='par_1_76' title="bbox 2084 3259 3653 3331">
     <span class='ocr_line' id='line_1_76' title="bbox 2084 3259 3653 3331; baseline -0.001 -17"><span class='ocrx_word' id='word_1_548' title='bbox 2084 3263 2424 3323; x_wconf 80' lang='grc' dir='ltr'>πταίσαντος,</span> <span class='ocrx_word' id='word_1_549' title='bbox 2451 3262 2541 3313; x_wconf 81' lang='grc' dir='ltr'><strong>τὸν</strong></span> <span class='ocrx_word' id='word_1_550' title='bbox 2574 3260 2709 3313; x_wconf 78' lang='grc' dir='ltr'>πόδα</span> <span class='ocrx_word' id='word_1_551' title='bbox 2737 3260 2833 3331; x_wconf 82' lang='grc' dir='ltr'><strong>μὲν</strong></span> <span class='ocrx_word' id='word_1_552' title='bbox 2862 3261 3213 3330; x_wconf 75' lang='grc' dir='ltr'>ἐθεράπευες,</span> <span class='ocrx_word' id='word_1_553' title='bbox 3245 3259 3338 3312; x_wconf 79' lang='grc' dir='ltr'><strong>τὸν</strong></span> <span class='ocrx_word' id='word_1_554' title='bbox 3367 3260 3423 3312; x_wconf 79' lang='grc' dir='ltr'><strong>δὲ</strong></span> <span class='ocrx_word' id='word_1_555' title='bbox 3456 3259 3653 3328; x_wconf 79' lang='grc' dir='ltr'>ὀφθαλ-</span> 
     </span>
    </p>
   </div>
   <div class='ocr_carea' id='block_1_77' title="bbox 2085 3348 3654 3426">
    <p class='ocr_par' dir='ltr' id='par_1_77' title="bbox 2085 3348 3654 3426">
     <span class='ocr_line' id='line_1_77' title="bbox 2085 3348 3654 3426; baseline -0.003 -20"><span class='ocrx_word' id='word_1_556' title='bbox 2085 3355 2185 3426; x_wconf 76' lang='grc' dir='ltr'><strong>μὸν</strong></span> <span class='ocrx_word' id='word_1_557' title='bbox 2239 3354 2612 3425; x_wconf 80' lang='grc' dir='ltr'>ἀθεράπευτον</span> <span class='ocrx_word' id='word_1_558' title='bbox 2661 3354 2812 3414; x_wconf 86' lang='grc' dir='ltr'>εῐας·</span> <span class='ocrx_word' id='word_1_559' title='bbox 2847 3351 2879 3422; x_wconf 83' lang='grc' dir='ltr'>ἢ</span> <span class='ocrx_word' id='word_1_560' title='bbox 2912 3348 3202 3421; x_wconf 81' lang='grc' dir='ltr'>ζωγράφου</span> <span class='ocrx_word' id='word_1_561' title='bbox 3250 3368 3303 3402; x_wconf 88' lang='grc' dir='ltr'><strong>τι</strong></span> <span class='ocrx_word' id='word_1_562' title='bbox 3355 3350 3430 3420; x_wconf 82' lang='grc' dir='ltr'>μὴ</span> <span class='ocrx_word' id='word_1_563' title='bbox 3475 3350 3654 3412; x_wconf 83' lang='grc' dir='ltr'>καλῶς</span> 
     </span>
    </p>
   </div>
   <div class='ocr_carea' id='block_1_78' title="bbox 2083 3439 3656 3516">
    <p class='ocr_par' dir='ltr' id='par_1_78' title="bbox 2083 3439 3656 3516">
     <span class='ocr_line' id='line_1_78' title="bbox 2083 3439 3656 3516; baseline -0.004 -18"><span class='ocrx_word' id='word_1_564' title='bbox 2083 3444 2410 3516; x_wconf 70' lang='grc' dir='ltr'>γράψαντος,</span> <span class='ocrx_word' id='word_1_565' title='bbox 2439 3443 2500 3496; x_wconf 78' lang='grc' dir='ltr'>τὸ</span> <span class='ocrx_word' id='word_1_566' title='bbox 2535 3443 2633 3512; x_wconf 82' lang='grc' dir='ltr'><strong>μὲν</strong></span> <span class='ocrx_word' id='word_1_567' title='bbox 2660 3443 2868 3512; x_wconf 79' lang='grc' dir='ltr'>γραφὲν</span> <span class='ocrx_word' id='word_1_568' title='bbox 2900 3441 3222 3511; x_wconf 87' lang='grc' dir='ltr'>μετεποίεις,</span> <span class='ocrx_word' id='word_1_569' title='bbox 3249 3439 3338 3493; x_wconf 81' lang='grc' dir='ltr'><strong>τὸν</strong></span> <span class='ocrx_word' id='word_1_570' title='bbox 3360 3440 3415 3492; x_wconf 82' lang='grc' dir='ltr'><strong>δέ</strong></span> <span class='ocrx_word' id='word_1_571' title='bbox 3444 3439 3656 3509; x_wconf 76' lang='grc' dir='ltr'>ζωγρά-</span> 
     </span>
    </p>
   </div>
   <div class='ocr_carea' id='block_1_79' title="bbox 2085 3531 3656 3606">
    <p class='ocr_par' dir='ltr' id='par_1_79' title="bbox 2085 3531 3656 3606">
     <span class='ocr_line' id='line_1_79' title="bbox 2085 3531 3656 3606; baseline -0.003 -18"><span class='ocrx_word' id='word_1_572' title='bbox 2085 3553 2181 3604; x_wconf 84' lang='grc' dir='ltr'>φον</span> <span class='ocrx_word' id='word_1_573' title='bbox 2212 3535 2286 3597; x_wconf 80' lang='grc' dir='ltr'><strong>ὡς</strong></span> <span class='ocrx_word' id='word_1_574' title='bbox 2329 3533 2696 3606; x_wconf 82' lang='grc' dir='ltr'>κατορθοῦντα</span> <span class='ocrx_word' id='word_1_575' title='bbox 2745 3533 3096 3603; x_wconf 83' lang='grc' dir='ltr'>παρέτρεχες.</span> <span class='ocrx_word' id='word_1_576' title='bbox 3141 3533 3203 3585; x_wconf 85' lang='grc' dir='ltr'><strong>Εἰ</strong></span> <span class='ocrx_word' id='word_1_577' title='bbox 3237 3531 3292 3584; x_wconf 86' lang='grc' dir='ltr'><strong>δέ</strong></span> <span class='ocrx_word' id='word_1_578' title='bbox 3324 3532 3428 3585; x_wconf 79' lang='grc' dir='ltr'><strong>ὑπὸ</strong></span> <span class='ocrx_word' id='word_1_579' title='bbox 3455 3531 3656 3584; x_wconf 82' lang='grc' dir='ltr'>τούτων</span> 
     </span>
    </p>
   </div>
   <div class='ocr_carea' id='block_1_80' title="bbox 2083 3620 3657 3694">
    <p class='ocr_par' dir='ltr' id='par_1_80' title="bbox 2083 3620 3657 3694">
     <span class='ocr_line' id='line_1_80' title="bbox 2083 3620 3657 3694; baseline -0.003 -18"><span class='ocrx_word' id='word_1_580' title='bbox 2083 3624 2449 3694; x_wconf 78' lang='grc' dir='ltr'>ἐξειργόμενοι</span> <span class='ocrx_word' id='word_1_581' title='bbox 2492 3622 2598 3676; x_wconf 85' lang='grc' dir='ltr'>τῶν</span> <span class='ocrx_word' id='word_1_582' title='bbox 2644 3621 2946 3692; x_wconf 85' lang='grc' dir='ltr'>λογισμῶν,</span> <span class='ocrx_word' id='word_1_583' title='bbox 2996 3620 3428 3690; x_wconf 77' lang='grc' dir='ltr'>καταφεύγουσιν</span> <span class='ocrx_word' id='word_1_584' title='bbox 3476 3622 3566 3673; x_wconf 77' lang='grc' dir='ltr'><strong>ἐπὶ</strong></span> <span class='ocrx_word' id='word_1_585' title='bbox 3596 3620 3657 3672; x_wconf 69' lang='grc' dir='ltr'>τὸ</span> 
     </span>
    </p>
   </div>
   <div class='ocr_carea' id='block_1_81' title="bbox 2080 3710 3654 3784">
    <p class='ocr_par' dir='ltr' id='par_1_81' title="bbox 2080 3710 3654 3784">
     <span class='ocr_line' id='line_1_81' title="bbox 2080 3710 3654 3784; baseline -0.004 -15"><span class='ocrx_word' id='word_1_586' title='bbox 2080 3715 2306 3769; x_wconf 86' lang='grc' dir='ltr'>δυνατὸν</span> <span class='ocrx_word' id='word_1_587' title='bbox 2335 3710 2476 3768; x_wconf 72' lang='grc' dir='ltr'>εἶναι</span> <span class='ocrx_word' id='word_1_588' title='bbox 2501 3713 2637 3784; x_wconf 81' lang='grc' dir='ltr'>Θεῷ,</span> <span class='ocrx_word' id='word_1_589' title='bbox 2669 3713 2763 3766; x_wconf 73' lang='grc' dir='ltr'>καὶ</span> <span class='ocrx_word' id='word_1_590' title='bbox 2793 3713 2959 3782; x_wconf 73' lang='grc' dir='ltr'>χωρὶς</span> <span class='ocrx_word' id='word_1_591' title='bbox 2989 3711 3100 3775; x_wconf 79' lang='grc' dir='ltr'>νοῦ,</span> <span class='ocrx_word' id='word_1_592' title='bbox 3134 3712 3305 3764; x_wconf 85' lang='grc' dir='ltr'>σῶσαι</span> <span class='ocrx_word' id='word_1_593' title='bbox 3336 3712 3424 3764; x_wconf 80' lang='grc' dir='ltr'><strong>τὸν</strong></span> <span class='ocrx_word' id='word_1_594' title='bbox 3448 3711 3654 3782; x_wconf 80' lang='grc' dir='ltr'>ἀνορω-</span> 
     </span>
    </p>
   </div>
   <div class='ocr_carea' id='block_1_82' title="bbox 2085 3801 3655 3876">
    <p class='ocr_par' dir='ltr' id='par_1_82' title="bbox 2085 3801 3655 3876">
     <span class='ocr_line' id='line_1_82' title="bbox 2085 3801 3655 3876; baseline 0.004 -16"><span class='ocrx_word' id='word_1_595' title='bbox 2085 3825 2204 3870; x_wconf 87' lang='grc' dir='ltr'>πον,</span> <span class='ocrx_word' id='word_1_596' title='bbox 2255 3806 2473 3860; x_wconf 81' lang='grc' dir='ltr'>δυνατὸν</span> <span class='ocrx_word' id='word_1_597' title='bbox 2527 3806 2592 3876; x_wconf 83' lang='grc' dir='ltr'><strong>δή</strong></span> <span class='ocrx_word' id='word_1_598' title='bbox 2638 3822 2739 3858; x_wconf 87' lang='grc' dir='ltr'><strong>που</strong></span> <span class='ocrx_word' id='word_1_599' title='bbox 2787 3805 2880 3857; x_wconf 71' lang='grc' dir='ltr'><strong>καὶ</strong></span> <span class='ocrx_word' id='word_1_600' title='bbox 2926 3805 3092 3874; x_wconf 78' lang='grc' dir='ltr'>χωρὶς</span> <span class='ocrx_word' id='word_1_601' title='bbox 3147 3804 3366 3874; x_wconf 79' lang='grc' dir='ltr'>σαρκὸς,</span> <span class='ocrx_word' id='word_1_602' title='bbox 3418 3802 3562 3872; x_wconf 79' lang='grc' dir='ltr'>μόνῳ</span> <span class='ocrx_word' id='word_1_603' title='bbox 3582 3801 3655 3871; x_wconf 74' lang='grc' dir='ltr'><strong>τῷ</strong></span> 
     </span>
    </p>
   </div>
   <div class='ocr_carea' id='block_1_83' title="bbox 2085 3893 3654 3968">
    <p class='ocr_par' dir='ltr' id='par_1_83' title="bbox 2085 3893 3654 3968">
     <span class='ocr_line' id='line_1_83' title="bbox 2085 3893 3654 3968; baseline -0.004 -18"><span class='ocrx_word' id='word_1_604' title='bbox 2085 3898 2401 3968; x_wconf 77' lang='grc' dir='ltr'>βούλεσθαι,</span> <span class='ocrx_word' id='word_1_605' title='bbox 2434 3897 2619 3968; x_wconf 82' lang='grc' dir='ltr'>ὥσπερ</span> <span class='ocrx_word' id='word_1_606' title='bbox 2652 3899 2746 3952; x_wconf 75' lang='grc' dir='ltr'><strong>καὶ</strong></span> <span class='ocrx_word' id='word_1_607' title='bbox 2792 3896 2860 3949; x_wconf 73' lang='grc' dir='ltr'>τὰ</span> <span class='ocrx_word' id='word_1_608' title='bbox 2897 3896 3031 3950; x_wconf 81' lang='grc' dir='ltr'><strong>ἄλλα</strong></span> <span class='ocrx_word' id='word_1_609' title='bbox 3063 3896 3238 3948; x_wconf 87' lang='grc' dir='ltr'>πάντα</span> <span class='ocrx_word' id='word_1_610' title='bbox 3270 3896 3514 3965; x_wconf 87' lang='grc' dir='ltr'>ἐνεργεῖ,</span> <span class='ocrx_word' id='word_1_611' title='bbox 3565 3893 3654 3944; x_wconf 84' lang='lat' dir='ltr'><strong>xai</strong></span> 
     </span>
    </p>
   </div>
   <div class='ocr_carea' id='block_1_84' title="bbox 2084 3980 3652 4061">
    <p class='ocr_par' dir='ltr' id='par_1_84' title="bbox 2084 3980 3652 4061">
     <span class='ocr_line' id='line_1_84' title="bbox 2084 3980 3652 4061; baseline -0.007 -18"><span class='ocrx_word' id='word_1_612' title='bbox 2084 3991 2387 4061; x_wconf 80' lang='grc' dir='ltr'>ἐνήργηκεν</span> <span class='ocrx_word' id='word_1_613' title='bbox 2433 3989 2758 4058; x_wconf 87' lang='grc' dir='ltr'>ἀσωμάτως.</span> <span class='ocrx_word' id='word_1_614' title='bbox 2791 3987 2988 4039; x_wconf 67' lang='grc' dir='ltr'>Ἀνελει</span> <span class='ocrx_word' id='word_1_615' title='bbox 3016 3982 3109 4038; x_wconf 74' lang='grc' dir='ltr'><strong>οὖν</strong></span> <span class='ocrx_word' id='word_1_616' title='bbox 3159 3983 3296 4054; x_wconf 83' lang='grc' dir='ltr'><strong>μετά</strong></span> <span class='ocrx_word' id='word_1_617' title='bbox 3326 3982 3419 4035; x_wconf 82' lang='grc' dir='ltr'>τοῦ</span> <span class='ocrx_word' id='word_1_618' title='bbox 3448 3981 3539 4034; x_wconf 81' lang='grc' dir='ltr'>νοῦ</span> <span class='ocrx_word' id='word_1_619' title='bbox 3565 3980 3652 4032; x_wconf 62' lang='grc' dir='ltr'>κατ</span> 
     </span>
    </p>
   </div>
   <div class='ocr_carea' id='block_1_85' title="bbox 2084 4068 3656 4148">
    <p class='ocr_par' dir='ltr' id='par_1_85' title="bbox 2084 4068 3656 4148">
     <span class='ocr_line' id='line_1_85' title="bbox 2084 4068 3656 4148; baseline -0.006 -18"><span class='ocrx_word' id='word_1_620' title='bbox 2084 4078 2179 4148; x_wconf 82' lang='grc' dir='ltr'><strong>τὴν</strong></span> <span class='ocrx_word' id='word_1_621' title='bbox 2215 4078 2411 4148; x_wconf 82' lang='grc' dir='ltr'>σάρκα,</span> <span class='ocrx_word' id='word_1_622' title='bbox 2450 4071 2575 4148; x_wconf 84' lang='grc' dir='ltr'>ἴν’ᾖ</span> <span class='ocrx_word' id='word_1_623' title='bbox 2611 4093 2693 4127; x_wconf 81' lang='grc' dir='ltr'><strong>σοι</strong></span> <span class='ocrx_word' id='word_1_624' title='bbox 2723 4075 2924 4127; x_wconf 82' lang='grc' dir='ltr'>τέλειον</span> <span class='ocrx_word' id='word_1_625' title='bbox 2967 4073 3029 4125; x_wconf 83' lang='grc' dir='ltr'><strong>τὸ</strong></span> <span class='ocrx_word' id='word_1_626' title='bbox 3067 4072 3165 4141; x_wconf 84' lang='grc' dir='ltr'><strong>τῆς</strong></span> <span class='ocrx_word' id='word_1_627' title='bbox 3198 4072 3470 4132; x_wconf 85' lang='grc' dir='ltr'>ἀπονοίας.</span> <span class='ocrx_word' id='word_1_628' title='bbox 3522 4068 3656 4121; x_wconf 78' lang='grc' dir='ltr'><strong>Ἀλλ’</strong></span> 
     </span>
    </p>
   </div>
   <div class='ocr_carea' id='block_1_86' title="bbox 2087 4159 3657 4233">
    <p class='ocr_par' dir='ltr' id='par_1_86' title="bbox 2087 4159 3657 4233">
     <span class='ocr_line' id='line_1_86' title="bbox 2087 4159 3657 4233; baseline -0.008 -12"><span class='ocrx_word' id='word_1_629' title='bbox 2087 4168 2400 4222; x_wconf 86' lang='grc' dir='ltr'>ἀπατῶνται</span> <span class='ocrx_word' id='word_1_630' title='bbox 2455 4166 2556 4218; x_wconf 81' lang='grc' dir='ltr'><strong>ὑπὸ</strong></span> <span class='ocrx_word' id='word_1_631' title='bbox 2600 4165 2692 4217; x_wconf 81' lang='grc' dir='ltr'>τοῦ</span> <span class='ocrx_word' id='word_1_632' title='bbox 2739 4165 3095 4233; x_wconf 83' lang='grc' dir='ltr'>γράμματος,</span> <span class='ocrx_word' id='word_1_633' title='bbox 3141 4161 3235 4213; x_wconf 74' lang='grc' dir='ltr'>καὶ</span> <span class='ocrx_word' id='word_1_634' title='bbox 3268 4160 3354 4212; x_wconf 81' lang='grc' dir='ltr'>διὰ</span> <span class='ocrx_word' id='word_1_635' title='bbox 3395 4159 3550 4210; x_wconf 81' lang='grc' dir='ltr'>τοῦτο</span> <span class='ocrx_word' id='word_1_636' title='bbox 3589 4161 3657 4228; x_wconf 77' lang='grc' dir='ltr'>τῇ</span> 
     </span>
    </p>
   </div>
   <div class='ocr_carea' id='block_1_87' title="bbox 414 4247 1979 4329">
    <p class='ocr_par' dir='ltr' id='par_1_87' title="bbox 414 4254 1972 4329">
     <span class='ocr_line' id='line_1_87' title="bbox 414 4254 1972 4329; baseline 0.003 -20"><span class='ocrx_word' id='word_1_637' title='bbox 414 4254 522 4310; x_wconf 85' lang='lat' dir='ltr'><strong>Sed</strong></span> <span class='ocrx_word' id='word_1_638' title='bbox 553 4256 761 4311; x_wconf 89' lang='lat' dir='ltr'><strong>scilicet</strong></span> <span class='ocrx_word' id='word_1_639' title='bbox 789 4272 819 4310; x_wconf 92' lang='lat' dir='ltr'><strong>a</strong></span> <span class='ocrx_word' id='word_1_640' title='bbox 861 4258 1038 4312; x_wconf 89' lang='lat' dir='ltr'><strong>littera</strong></span> <span class='ocrx_word' id='word_1_641' title='bbox 1075 4258 1444 4329; x_wconf 90' lang='lat' dir='ltr'><strong>decipiuntur,</strong></span> <span class='ocrx_word' id='word_1_642' title='bbox 1481 4268 1876 4329; x_wconf 71' lang='lat' dir='ltr'><strong>proptereaque</strong></span> <span class='ocrx_word' id='word_1_643' title='bbox 1906 4261 1972 4314; x_wconf 92' lang='lat' dir='ltr'><strong>ad</strong></span> 
     </span>
    </p>
   </div>
   <div class='ocr_carea' id='block_1_88' title="bbox 2082 4247 3658 4329">
    <p class='ocr_par' dir='ltr' id='par_1_88' title="bbox 2082 4247 3658 4327">
     <span class='ocr_line' id='line_1_88' title="bbox 2082 4247 3658 4327; baseline -0.006 -18"><span class='ocrx_word' id='word_1_644' title='bbox 2082 4257 2241 4327; x_wconf 72' lang='grc' dir='ltr'>σαρκὶ</span> <span class='ocrx_word' id='word_1_645' title='bbox 2303 4254 2732 4326; x_wconf 82' lang='grc' dir='ltr'>προστρέχουσι,</span> <span class='ocrx_word' id='word_1_646' title='bbox 2788 4253 2883 4322; x_wconf 84' lang='grc' dir='ltr'><strong>τὴν</strong></span> <span class='ocrx_word' id='word_1_647' title='bbox 2946 4250 3233 4322; x_wconf 83' lang='grc' dir='ltr'>συνήθειαν</span> <span class='ocrx_word' id='word_1_648' title='bbox 3280 4251 3379 4319; x_wconf 84' lang='grc' dir='ltr'>τῆς</span> <span class='ocrx_word' id='word_1_649' title='bbox 3438 4247 3658 4319; x_wconf 84' lang='grc' dir='ltr'>Γραφῆς</span> 
     </span>
    </p>
   </div>
   <div class='ocr_carea' id='block_1_89' title="bbox 508 4475 2209 4548">
    <p class='ocr_par' dir='ltr' id='par_1_89' title="bbox 508 4475 2209 4548">
     <span class='ocr_line' id='line_1_89' title="bbox 508 4475 2209 4548; baseline 0.001 -20"><span class='ocrx_word' id='word_1_650' title='bbox 508 4477 559 4510; x_wconf 84' lang='grc'><strong>⁸³</strong></span> <span class='ocrx_word' id='word_1_651' title='bbox 597 4475 881 4548; x_wconf 60' lang='lat' dir='ltr'><strong>Ephesi&quot;,</strong></span> <span class='ocrx_word' id='word_1_652' title='bbox 920 4479 997 4532; x_wconf 71' lang='grc'><strong>14.</strong></span> <span class='ocrx_word' id='word_1_653' title='bbox 1071 4479 1117 4510; x_wconf 65' lang='grc'>⁸⁸</span> <span class='ocrx_word' id='word_1_654' title='bbox 1145 4477 1310 4532; x_wconf 78' lang='lat' dir='ltr'><strong>Exod.</strong></span> <span class='ocrx_word' id='word_1_655' title='bbox 1345 4492 1424 4539; x_wconf 90' lang='grc' dir='ltr'>ιιι,</span> <span class='ocrx_word' id='word_1_656' title='bbox 1457 4479 1511 4530; x_wconf 75' lang='lat'><strong>2.</strong></span> <span class='ocrx_word' id='word_1_657' title='bbox 1587 4479 1632 4509; x_wconf 79' lang='grc'><strong>⁸⁵</strong></span> <span class='ocrx_word' id='word_1_658' title='bbox 1666 4475 1798 4531; x_wconf 85' lang='lat' dir='ltr'><strong>Gen.</strong></span> <span class='ocrx_word' id='word_1_659' title='bbox 1831 4493 1993 4539; x_wconf 66' lang='lat' dir='ltr'><strong>xvm,</strong></span> <span class='ocrx_word' id='word_1_660' title='bbox 2027 4478 2049 4531; x_wconf 85' lang='lat' dir='ltr'><strong>l</strong></span> <span class='ocrx_word' id='word_1_661' title='bbox 2089 4491 2209 4546; x_wconf 85' lang='lat' dir='ltr'><strong>sqq.</strong></span> 
     </span>
    </p>
   </div>
   <div class='ocr_carea' id='block_1_90' title="bbox 3661 4527 3690 4544">
    <p class='ocr_par' dir='ltr' id='par_1_90' title="bbox 3661 4527 3690 4544">
     <span class='ocr_line' id='line_1_90' title="bbox 3661 4527 3690 4544; baseline 0 0"><span class='ocrx_word' id='word_1_662' title='bbox 3661 4527 3690 4544; x_wconf 55' lang='grc' dir='ltr'>δ</span> 
     </span>
    </p>
   </div>
   <div class='ocr_carea' id='block_1_91' title="bbox 416 4673 3652 4746">
    <p class='ocr_par' dir='ltr' id='par_1_91' title="bbox 416 4673 3652 4746">
     <span class='ocr_line' id='line_1_91' title="bbox 416 4673 3652 4746; baseline -0.002 -15"><span class='ocrx_word' id='word_1_663' title='bbox 416 4675 605 4746; x_wconf 80' lang='lat' dir='ltr'><strong>itaque</strong></span> <span class='ocrx_word' id='word_1_664' title='bbox 650 4675 813 4729; x_wconf 88' lang='lat' dir='ltr'><strong>modo</strong></span> <span class='ocrx_word' id='word_1_665' title='bbox 857 4673 1157 4746; x_wconf 76' lang='lat' dir='ltr'><strong>Gregorius</strong></span> <span class='ocrx_word' id='word_1_666' title='bbox 1203 4673 1520 4744; x_wconf 87' lang='lat' dir='ltr'><strong>Apollinarii</strong></span> <span class='ocrx_word' id='word_1_667' title='bbox 1577 4688 1838 4743; x_wconf 84' lang='lat' dir='ltr'><strong>sequaces</strong></span> <span class='ocrx_word' id='word_1_668' title='bbox 1869 4690 1986 4729; x_wconf 85' lang='lat' dir='ltr'><strong>sar-</strong></span> <span class='ocrx_word' id='word_1_669' title='bbox 2081 4684 2194 4728; x_wconf 88' lang='lat' dir='ltr'><strong>erat</strong></span> <span class='ocrx_word' id='word_1_670' title='bbox 2224 4674 2439 4746; x_wconf 79' lang='lat' dir='ltr'><strong>futurus</strong></span> <span class='ocrx_word' id='word_1_671' title='bbox 2467 4675 2694 4746; x_wconf 50' lang='lat' dir='ltr'><strong>inﬂue.</strong></span> <span class='ocrx_word' id='word_1_672' title='bbox 2730 4674 2984 4746; x_wconf 72' lang='lat' dir='ltr'><strong>Asscrunt</strong></span> <span class='ocrx_word' id='word_1_673' title='bbox 3010 4673 3245 4746; x_wconf 70' lang='lat' dir='ltr'><strong>quidam,</strong></span> <span class='ocrx_word' id='word_1_674' title='bbox 3284 4673 3360 4746; x_wconf 82' lang='lat' dir='ltr'><strong>ait</strong></span> <span class='ocrx_word' id='word_1_675' title='bbox 3402 4673 3652 4746; x_wconf 73' lang='lat' dir='ltr'><strong>Augusti-</strong></span> 
     </span>
    </p>
   </div>
   <div class='ocr_carea' id='block_1_92' title="bbox 415 4742 3648 4814">
    <p class='ocr_par' dir='ltr' id='par_1_92' title="bbox 415 4742 3648 4814">
     <span class='ocr_line' id='line_1_92' title="bbox 415 4742 3648 4814; baseline -0.002 -14"><span class='ocrx_word' id='word_1_676' title='bbox 415 4742 657 4801; x_wconf 77' lang='lat' dir='ltr'><strong>colatras</strong></span> <span class='ocrx_word' id='word_1_677' title='bbox 708 4753 888 4808; x_wconf 86' lang='lat' dir='ltr'><strong>vocat,</strong></span> <span class='ocrx_word' id='word_1_678' title='bbox 934 4742 1076 4814; x_wconf 81' lang='lat' dir='ltr'><strong>quod</strong></span> <span class='ocrx_word' id='word_1_679' title='bbox 1133 4742 1353 4798; x_wconf 83' lang='lat' dir='ltr'><strong>carnem</strong></span> <span class='ocrx_word' id='word_1_680' title='bbox 1383 4746 1554 4799; x_wconf 88' lang='lat' dir='ltr'><strong>solam</strong></span> <span class='ocrx_word' id='word_1_681' title='bbox 1583 4742 1745 4798; x_wconf 80' lang='lat' dir='ltr'><strong>abeo</strong></span> <span class='ocrx_word' id='word_1_682' title='bbox 1773 4760 1990 4798; x_wconf 88' lang='lat' dir='ltr'><strong>assum-</strong></span> <span class='ocrx_word' id='word_1_683' title='bbox 2087 4742 2347 4804; x_wconf 28' lang='lat' dir='ltr'><strong>nus,’lib.</strong></span> <span class='ocrx_word' id='word_1_684' title='bbox 2384 4759 2470 4797; x_wconf 81' lang='grc' dir='ltr'>ιινι</span> <span class='ocrx_word' id='word_1_685' title='bbox 2522 4743 2596 4796; x_wconf 84' lang='lat' dir='ltr'><strong>De</strong></span> <span class='ocrx_word' id='word_1_686' title='bbox 2623 4746 2721 4797; x_wconf 81' lang='lat' dir='ltr'><strong>civ.</strong></span> <span class='ocrx_word' id='word_1_687' title='bbox 2756 4744 2870 4802; x_wconf 83' lang='lat' dir='ltr'><strong>Dei,</strong></span> <span class='ocrx_word' id='word_1_688' title='bbox 2896 4759 3013 4812; x_wconf 71' lang='lat' dir='ltr'><strong>cap.</strong></span> <span class='ocrx_word' id='word_1_689' title='bbox 3055 4743 3142 4808; x_wconf 70' lang='lat'><strong>29,</strong></span> <span class='ocrx_word' id='word_1_690' title='bbox 3174 4742 3457 4814; x_wconf 79' lang='lat' dir='ltr'><strong>Dominum</strong></span> <span class='ocrx_word' id='word_1_691' title='bbox 3506 4742 3648 4814; x_wconf 84' lang='lat' dir='ltr'><strong>Chri-</strong></span> 
     </span>
    </p>
   </div>
   <div class='ocr_carea' id='block_1_93' title="bbox 419 4814 1992 4887">
    <p class='ocr_par' dir='ltr' id='par_1_93' title="bbox 419 4814 1992 4887">
     <span class='ocr_line' id='line_1_93' title="bbox 419 4814 1992 4887; baseline -0.002 -17"><span class='ocrx_word' id='word_1_692' title='bbox 419 4828 566 4887; x_wconf 81' lang='lat' dir='ltr'><strong>ptam</strong></span> <span class='ocrx_word' id='word_1_693' title='bbox 593 4817 760 4871; x_wconf 81' lang='lat' dir='ltr'><strong>fuisse</strong></span> <span class='ocrx_word' id='word_1_694' title='bbox 794 4817 1205 4887; x_wconf 79' lang='lat' dir='ltr'><strong>contenderent.</strong></span> <span class='ocrx_word' id='word_1_695' title='bbox 1243 4815 1510 4887; x_wconf 70' lang='lat' dir='ltr'><strong>superius</strong></span> <span class='ocrx_word' id='word_1_696' title='bbox 1555 4815 1698 4867; x_wconf 89' lang='lat' dir='ltr'><strong>enim</strong></span> <span class='ocrx_word' id='word_1_697' title='bbox 1743 4814 1992 4883; x_wconf 84' lang='lat' dir='ltr'><strong>probavit</strong></span> 
     </span>
    </p>
   </div>
   <div class='ocr_carea' id='block_1_94' title="bbox 413 4886 1994 4956">
    <p class='ocr_par' dir='ltr' id='par_1_94' title="bbox 413 4886 1994 4956">
     <span class='ocr_line' id='line_1_94' title="bbox 413 4886 1994 4956; baseline -0.001 -16"><span class='ocrx_word' id='word_1_698' title='bbox 413 4886 512 4956; x_wconf 83' lang='lat' dir='ltr'><strong>eos</strong></span> <span class='ocrx_word' id='word_1_699' title='bbox 557 4887 650 4956; x_wconf 89' lang='lat' dir='ltr'><strong>qui</strong></span> <span class='ocrx_word' id='word_1_700' title='bbox 690 4894 919 4941; x_wconf 89' lang='lat' dir='ltr'><strong>mentem</strong></span> <span class='ocrx_word' id='word_1_701' title='bbox 957 4886 1173 4943; x_wconf 88' lang='lat' dir='ltr'><strong>tollunt,</strong></span> <span class='ocrx_word' id='word_1_702' title='bbox 1204 4886 1448 4956; x_wconf 84' lang='lat' dir='ltr'><strong>animam</strong></span> <span class='ocrx_word' id='word_1_703' title='bbox 1494 4898 1713 4952; x_wconf 72' lang='lat' dir='ltr'><strong>quoque</strong></span> <span class='ocrx_word' id='word_1_704' title='bbox 1765 4899 1994 4956; x_wconf 88' lang='lat' dir='ltr'><strong>prorsus</strong></span> 
     </span>
    </p>
   </div>
   <div class='ocr_carea' id='block_1_95' title="bbox 419 4954 1952 5024">
    <p class='ocr_par' dir='ltr' id='par_1_95' title="bbox 419 4954 1952 5024">
     <span class='ocr_line' id='line_1_95' title="bbox 419 4954 1952 5024; baseline -0.001 -16"><span class='ocrx_word' id='word_1_705' title='bbox 419 4954 627 5019; x_wconf 78' lang='lat' dir='ltr'><strong>tollere,</strong></span> <span class='ocrx_word' id='word_1_706' title='bbox 657 4964 842 5024; x_wconf 91' lang='lat' dir='ltr'><strong>utpote</strong></span> <span class='ocrx_word' id='word_1_707' title='bbox 870 4956 920 5008; x_wconf 91' lang='lat' dir='ltr'><strong>in</strong></span> <span class='ocrx_word' id='word_1_708' title='bbox 950 4971 1055 5024; x_wconf 89' lang='lat' dir='ltr'><strong>qua</strong></span> <span class='ocrx_word' id='word_1_709' title='bbox 1084 4955 1213 5024; x_wconf 81' lang='lat' dir='ltr'><strong>nihil</strong></span> <span class='ocrx_word' id='word_1_710' title='bbox 1249 4955 1318 5007; x_wconf 89' lang='lat' dir='ltr'><strong>sit</strong></span> <span class='ocrx_word' id='word_1_711' title='bbox 1353 4961 1542 5024; x_wconf 65' lang='lat' dir='ltr'><strong>mente</strong></span> <span class='ocrx_word' id='word_1_712' title='bbox 1576 4954 1952 5024; x_wconf 65' lang='lat' dir='ltr'><strong>prmstantius.</strong></span> 
     </span>
    </p>
   </div>
   <div class='ocr_carea' id='block_1_96' title="bbox 497 5021 1984 5093">
    <p class='ocr_par' dir='ltr' id='par_1_96' title="bbox 497 5021 1984 5093">
     <span class='ocr_line' id='line_1_96' title="bbox 497 5021 1984 5093; baseline -0.002 -16"><span class='ocrx_word' id='word_1_713' title='bbox 497 5027 609 5093; x_wconf 82' lang='lat'><strong>(7|)</strong></span> <span class='ocrx_word' id='word_1_714' title='bbox 647 5021 1098 5093; x_wconf 61' lang='grc' dir='ltr'>Μὲᾳιτεὺονίτος.</span> <span class='ocrx_word' id='word_1_715' title='bbox 1137 5023 1368 5093; x_wconf 81' lang='lat' dir='ltr'><strong>Montac.</strong></span> <span class='ocrx_word' id='word_1_716' title='bbox 1403 5031 1458 5074; x_wconf 83' lang='lat' dir='ltr'><strong>et</strong></span> <span class='ocrx_word' id='word_1_717' title='bbox 1497 5021 1682 5075; x_wconf 82' lang='lat' dir='ltr'><strong>Morel.</strong></span> <span class='ocrx_word' id='word_1_718' title='bbox 1704 5021 1788 5093; x_wconf 61' lang='lat' dir='ltr'><strong>ti);</strong></span> <span class='ocrx_word' id='word_1_719' title='bbox 1827 5038 1984 5093; x_wconf 77' lang='grc' dir='ltr'>μεσι-</span> 
     </span>
    </p>
   </div>
   <div class='ocr_carea' id='block_1_97' title="bbox 414 5089 1985 5158">
    <p class='ocr_par' dir='ltr' id='par_1_97' title="bbox 414 5089 1985 5158">
     <span class='ocr_line' id='line_1_97' title="bbox 414 5089 1985 5158; baseline -0.003 -9"><span class='ocrx_word' id='word_1_720' title='bbox 414 5089 685 5156; x_wconf 76' lang='grc' dir='ltr'>τεύοντος.</span> <span class='ocrx_word' id='word_1_721' title='bbox 746 5092 917 5147; x_wconf 87' lang='lat' dir='ltr'><strong>Vertit</strong></span> <span class='ocrx_word' id='word_1_722' title='bbox 969 5089 1212 5147; x_wconf 69' lang='lat' dir='ltr'><strong>Conubef.</strong></span> <span class='ocrx_word' id='word_1_723' title='bbox 1253 5112 1265 5146; x_wconf 90' lang='lat'>:</span> <span class='ocrx_word' id='word_1_724' title='bbox 1308 5092 1436 5158; x_wconf 66' lang='lat' dir='ltr'><strong>Quae</strong></span> <span class='ocrx_word' id='word_1_725' title='bbox 1477 5093 1648 5144; x_wconf 87' lang='lat' dir='ltr'><strong>media</strong></span> <span class='ocrx_word' id='word_1_726' title='bbox 1696 5089 1985 5144; x_wconf 70' lang='lat' dir='ltr'><strong>intercedat</strong></span> 
     </span>
    </p>
   </div>
   <div class='ocr_carea' id='block_1_98' title="bbox 416 5163 1338 5218">
    <p class='ocr_par' dir='ltr' id='par_1_98' title="bbox 416 5163 1338 5218">
     <span class='ocr_line' id='line_1_98' title="bbox 416 5163 1338 5218; baseline -0.004 0"><span class='ocrx_word' id='word_1_727' title='bbox 416 5167 556 5218; x_wconf 85' lang='lat' dir='ltr'><strong>inter</strong></span> <span class='ocrx_word' id='word_1_728' title='bbox 575 5164 821 5217; x_wconf 80' lang='lat' dir='ltr'><strong>deitatem</strong></span> <span class='ocrx_word' id='word_1_729' title='bbox 847 5173 894 5213; x_wconf 88' lang='lat' dir='ltr'><strong>et</strong></span> <span class='ocrx_word' id='word_1_730' title='bbox 919 5164 1095 5215; x_wconf 84' lang='lat' dir='ltr'><strong>carnis</strong></span> <span class='ocrx_word' id='word_1_731' title='bbox 1130 5163 1338 5215; x_wconf 82' lang='lat' dir='ltr'><strong>molem.</strong></span> 
     </span>
    </p>
   </div>
   <div class='ocr_carea' id='block_1_99' title="bbox 492 5229 1987 5301">
    <p class='ocr_par' dir='ltr' id='par_1_99' title="bbox 492 5229 1987 5301">
     <span class='ocr_line' id='line_1_99' title="bbox 492 5229 1987 5301; baseline -0.003 -15"><span class='ocrx_word' id='word_1_732' title='bbox 492 5233 604 5301; x_wconf 72' lang='grc' dir='ltr'><strong>(Η)</strong></span> <span class='ocrx_word' id='word_1_733' title='bbox 651 5234 752 5284; x_wconf 84' lang='grc' dir='ltr'><strong>Ἑν</strong></span> <span class='ocrx_word' id='word_1_734' title='bbox 808 5231 1156 5298; x_wconf 73' lang='grc' dir='ltr'>ἀνθρωπίνῳ</span> <span class='ocrx_word' id='word_1_735' title='bbox 1211 5231 1376 5285; x_wconf 80' lang='grc' dir='ltr'>εἴδει.</span> <span class='ocrx_word' id='word_1_736' title='bbox 1429 5229 1499 5301; x_wconf 80' lang='grc' dir='ltr'><strong>ιιι</strong></span> <span class='ocrx_word' id='word_1_737' title='bbox 1540 5230 1768 5301; x_wconf 85' lang='lat' dir='ltr'><strong>humana</strong></span> <span class='ocrx_word' id='word_1_738' title='bbox 1795 5231 1987 5301; x_wconf 79' lang='lat' dir='ltr'><strong>specie,</strong></span> 
     </span>
    </p>
   </div>
   <div class='ocr_carea' id='block_1_100' title="bbox 421 5300 1987 5369">
    <p class='ocr_par' dir='ltr' id='par_1_100' title="bbox 421 5300 1987 5369">
     <span class='ocr_line' id='line_1_100' title="bbox 421 5300 1987 5369; baseline -0.003 -13"><span class='ocrx_word' id='word_1_739' title='bbox 421 5300 674 5357; x_wconf 75' lang='lat' dir='ltr'><strong>videlicet</strong></span> <span class='ocrx_word' id='word_1_740' title='bbox 697 5303 823 5354; x_wconf 89' lang='lat' dir='ltr'><strong>dum</strong></span> <span class='ocrx_word' id='word_1_741' title='bbox 856 5302 938 5353; x_wconf 89' lang='lat' dir='ltr'><strong>sui</strong></span> <span class='ocrx_word' id='word_1_742' title='bbox 975 5302 1316 5368; x_wconf 73' lang='lat' dir='ltr'><strong>praesentiam</strong></span> <span class='ocrx_word' id='word_1_743' title='bbox 1368 5300 1693 5369; x_wconf 82' lang='lat' dir='ltr'><strong>patriarchis</strong></span> <span class='ocrx_word' id='word_1_744' title='bbox 1719 5300 1987 5352; x_wconf 86' lang='lat' dir='ltr'><strong>exhibuit.</strong></span> 
     </span>
    </p>
   </div>
   <div class='ocr_carea' id='block_1_101' title="bbox 419 5370 1993 5424">
    <p class='ocr_par' dir='ltr' id='par_1_101' title="bbox 419 5370 1993 5424">
     <span class='ocr_line' id='line_1_101' title="bbox 419 5370 1993 5424; baseline -0.003 0"><span class='ocrx_word' id='word_1_745' title='bbox 419 5373 698 5424; x_wconf 76' lang='lat' dir='ltr'><strong>Christum</strong></span> <span class='ocrx_word' id='word_1_746' title='bbox 722 5370 788 5422; x_wconf 89' lang='lat' dir='ltr'><strong>ab</strong></span> <span class='ocrx_word' id='word_1_747' title='bbox 807 5370 962 5422; x_wconf 87' lang='lat' dir='ltr'><strong>initio</strong></span> <span class='ocrx_word' id='word_1_748' title='bbox 986 5373 1126 5422; x_wconf 88' lang='lat' dir='ltr'><strong>inter</strong></span> <span class='ocrx_word' id='word_1_749' title='bbox 1148 5371 1394 5422; x_wconf 74' lang='lat' dir='ltr'><strong>homines</strong></span> <span class='ocrx_word' id='word_1_750' title='bbox 1428 5371 1595 5424; x_wconf 86' lang='lat' dir='ltr'><strong>I&#39;uisse</strong></span> <span class='ocrx_word' id='word_1_751' title='bbox 1613 5377 1993 5422; x_wconf 86' lang='lat' dir='ltr'><strong>conversatum</strong></span> 
     </span>
    </p>
   </div>
   <div class='ocr_carea' id='block_1_102' title="bbox 421 5437 1998 5508">
    <p class='ocr_par' dir='ltr' id='par_1_102' title="bbox 421 5437 1998 5508">
     <span class='ocr_line' id='line_1_102' title="bbox 421 5437 1998 5508; baseline -0.002 -15"><span class='ocrx_word' id='word_1_752' title='bbox 421 5441 808 5508; x_wconf 73' lang='lat' dir='ltr'><strong>existimarunt</strong></span> <span class='ocrx_word' id='word_1_753' title='bbox 851 5438 1066 5491; x_wconf 82' lang='lat' dir='ltr'><strong>Patrum</strong></span> <span class='ocrx_word' id='word_1_754' title='bbox 1112 5441 1380 5492; x_wconf 80' lang='lat' dir='ltr'><strong>nonnulli.</strong></span> <span class='ocrx_word' id='word_1_755' title='bbox 1415 5437 1739 5508; x_wconf 81' lang='lat' dir='ltr'><strong>Congressus</strong></span> <span class='ocrx_word' id='word_1_756' title='bbox 1787 5447 1886 5500; x_wconf 80' lang='lat' dir='ltr'><strong>est,</strong></span> <span class='ocrx_word' id='word_1_757' title='bbox 1920 5439 1998 5490; x_wconf 75' lang='lat' dir='ltr'><strong>in~</strong></span> 
     </span>
    </p>
   </div>
   <div class='ocr_carea' id='block_1_103' title="bbox 423 5507 1992 5577">
    <p class='ocr_par' dir='ltr' id='par_1_103' title="bbox 423 5507 1992 5577">
     <span class='ocr_line' id='line_1_103' title="bbox 423 5507 1992 5577; baseline -0.003 -16"><span class='ocrx_word' id='word_1_758' title='bbox 423 5511 542 5577; x_wconf 89' lang='lat' dir='ltr'><strong>quit</strong></span> <span class='ocrx_word' id='word_1_759' title='bbox 575 5507 970 5577; x_wconf 84' lang='lat' dir='ltr'><strong>Tertulliauns,</strong></span> <span class='ocrx_word' id='word_1_760' title='bbox 1032 5523 1148 5560; x_wconf 88' lang='lat' dir='ltr'><strong>cum</strong></span> <span class='ocrx_word' id='word_1_761' title='bbox 1200 5508 1610 5577; x_wconf 16' lang='lat' dir='ltr'><strong>patriarchis‘et</strong></span> <span class='ocrx_word' id='word_1_762' title='bbox 1660 5509 1992 5577; x_wconf 73' lang='lat' dir='ltr'><strong>prophetis...</strong></span> 
     </span>
    </p>
   </div>
   <div class='ocr_carea' id='block_1_104' title="bbox 421 5575 1996 5647">
    <p class='ocr_par' dir='ltr' id='par_1_104' title="bbox 421 5575 1996 5647">
     <span class='ocr_line' id='line_1_104' title="bbox 421 5575 1996 5647; baseline -0.005 -13"><span class='ocrx_word' id='word_1_763' title='bbox 421 5575 658 5634; x_wconf 69' lang='lat' dir='ltr'><strong>ediscenti</strong></span> <span class='ocrx_word' id='word_1_764' title='bbox 673 5578 792 5647; x_wconf 76' lang='lat' dir='ltr'><strong>jam</strong></span> <span class='ocrx_word' id='word_1_765' title='bbox 811 5576 974 5630; x_wconf 65' lang='lat' dir='ltr'><strong>iudea</strong></span> <span class='ocrx_word' id='word_1_766' title='bbox 996 5576 1307 5644; x_wconf 69' lang='lat' dir='ltr'><strong>primordio,</strong></span> <span class='ocrx_word' id='word_1_767' title='bbox 1317 5577 1435 5644; x_wconf 85' lang='lat' dir='ltr'><strong>jam</strong></span> <span class='ocrx_word' id='word_1_768' title='bbox 1449 5575 1568 5629; x_wconf 85' lang='lat' dir='ltr'><strong>inde</strong></span> <span class='ocrx_word' id='word_1_769' title='bbox 1585 5575 1848 5632; x_wconf 84' lang='lat' dir='ltr'><strong>hominem</strong></span> <span class='ocrx_word' id='word_1_770' title='bbox 1860 5575 1996 5646; x_wconf 82' lang='lat' dir='ltr'><strong>quod</strong></span> 
     </span>
    </p>
   </div>
   <div class='ocr_carea' id='block_1_105' title="bbox 2087 4813 3660 4879">
    <p class='ocr_par' dir='ltr' id='par_1_105' title="bbox 2087 4813 3660 4879">
     <span class='ocr_line' id='line_1_105' title="bbox 2087 4813 3660 4879; baseline -0.002 -12"><span class='ocrx_word' id='word_1_771' title='bbox 2087 4826 2248 4879; x_wconf 88' lang='lat' dir='ltr'><strong>stum,</strong></span> <span class='ocrx_word' id='word_1_772' title='bbox 2277 4815 2440 4867; x_wconf 85' lang='lat' dir='ltr'><strong>etiam</strong></span> <span class='ocrx_word' id='word_1_773' title='bbox 2474 4823 2594 4866; x_wconf 88' lang='lat' dir='ltr'><strong>ante</strong></span> <span class='ocrx_word' id='word_1_774' title='bbox 2623 4813 2985 4865; x_wconf 72' lang='lat' dir='ltr'><strong>indumentum</strong></span> <span class='ocrx_word' id='word_1_775' title='bbox 3033 4813 3230 4874; x_wconf 81' lang='lat' dir='ltr'><strong>carnis,</strong></span> <span class='ocrx_word' id='word_1_776' title='bbox 3287 4813 3449 4879; x_wconf 44' lang='lat' dir='ltr'><strong>fuisse</strong></span> <span class='ocrx_word' id='word_1_777' title='bbox 3483 4813 3660 4864; x_wconf 74' lang='lat' dir='ltr'><strong>visibi-</strong></span> 
     </span>
    </p>
   </div>
   <div class='ocr_carea' id='block_1_106' title="bbox 2091 4881 3647 4952">
    <p class='ocr_par' dir='ltr' id='par_1_106' title="bbox 2091 4881 3647 4952">
     <span class='ocr_line' id='line_1_106' title="bbox 2091 4881 3647 4952; baseline -0.004 -16"><span class='ocrx_word' id='word_1_778' title='bbox 2091 4884 2213 4938; x_wconf 83' lang='lat' dir='ltr'><strong>lem.</strong></span> <span class='ocrx_word' id='word_1_779' title='bbox 2257 4882 2351 4937; x_wconf 81' lang='lat' dir='ltr'><strong>Est</strong></span> <span class='ocrx_word' id='word_1_780' title='bbox 2402 4885 2609 4952; x_wconf 80' lang='lat' dir='ltr'><strong>quidem</strong></span> <span class='ocrx_word' id='word_1_781' title='bbox 2638 4881 2828 4935; x_wconf 70' lang='lat' dir='ltr'><strong>divina!</strong></span> <span class='ocrx_word' id='word_1_782' title='bbox 2868 4884 3140 4950; x_wconf 69' lang='lat' dir='ltr'><strong>potestatis</strong></span> <span class='ocrx_word' id='word_1_783' title='bbox 3172 4892 3219 4934; x_wconf 83' lang='lat' dir='ltr'><strong>et</strong></span> <span class='ocrx_word' id='word_1_784' title='bbox 3255 4881 3553 4952; x_wconf 69' lang='lat' dir='ltr'><strong>invisibilis.</strong></span> <span class='ocrx_word' id='word_1_785' title='bbox 3583 4882 3647 4932; x_wconf 84' lang='lat' dir='ltr'><strong>in-</strong></span> 
     </span>
    </p>
   </div>
   <div class='ocr_carea' id='block_1_107' title="bbox 2094 4950 3656 5020">
    <p class='ocr_par' dir='ltr' id='par_1_107' title="bbox 2094 4950 3656 5020">
     <span class='ocr_line' id='line_1_107' title="bbox 2094 4950 3656 5020; baseline -0.005 -14"><span class='ocrx_word' id='word_1_786' title='bbox 2094 4950 2422 5019; x_wconf 18' lang='lat' dir='ltr'><strong>corporalis,»</strong></span> <span class='ocrx_word' id='word_1_787' title='bbox 2455 4952 3002 5020; x_wconf 82' lang='lat' dir='ltr'><strong>incommutabilisque</strong></span> <span class='ocrx_word' id='word_1_788' title='bbox 3041 4962 3265 5020; x_wconf 79' lang='lat' dir='ltr'><strong>naturw,</strong></span> <span class='ocrx_word' id='word_1_789' title='bbox 3299 4952 3408 5003; x_wconf 85' lang='lat' dir='ltr'><strong>sine</strong></span> <span class='ocrx_word' id='word_1_790' title='bbox 3433 4950 3544 5003; x_wconf 80' lang='lat' dir='ltr'><strong>ulla</strong></span> <span class='ocrx_word' id='word_1_791' title='bbox 3577 4952 3656 5001; x_wconf 85' lang='lat' dir='ltr'><strong>sui</strong></span> 
     </span>
    </p>
   </div>
   <div class='ocr_carea' id='block_1_108' title="bbox 2094 5019 3654 5088">
    <p class='ocr_par' dir='ltr' id='par_1_108' title="bbox 2094 5019 3654 5088">
     <span class='ocr_line' id='line_1_108' title="bbox 2094 5019 3654 5088; baseline -0.004 -12"><span class='ocrx_word' id='word_1_792' title='bbox 2094 5025 2380 5076; x_wconf 82' lang='lat' dir='ltr'><strong>mutatione</strong></span> <span class='ocrx_word' id='word_1_793' title='bbox 2402 5025 2564 5075; x_wconf 86' lang='lat' dir='ltr'><strong>etiam</strong></span> <span class='ocrx_word' id='word_1_794' title='bbox 2595 5019 3231 5088; x_wconf 80' lang='lat' dir='ltr'><strong>mortalibusaspectibus</strong></span> <span class='ocrx_word' id='word_1_795' title='bbox 3255 5035 3524 5087; x_wconf 82' lang='lat' dir='ltr'><strong>apparere,</strong></span> <span class='ocrx_word' id='word_1_796' title='bbox 3554 5036 3654 5071; x_wconf 85' lang='lat' dir='ltr'><strong>non</strong></span> 
     </span>
    </p>
   </div>
   <div class='ocr_carea' id='block_1_109' title="bbox 2090 5089 3658 5161">
    <p class='ocr_par' dir='ltr' id='par_1_109' title="bbox 2090 5089 3658 5161">
     <span class='ocr_line' id='line_1_109' title="bbox 2090 5089 3658 5161; baseline -0.003 -15"><span class='ocrx_word' id='word_1_797' title='bbox 2090 5109 2180 5161; x_wconf 80' lang='lat' dir='ltr'><strong>per</strong></span> <span class='ocrx_word' id='word_1_798' title='bbox 2211 5093 2262 5144; x_wconf 84' lang='lat' dir='ltr'><strong>id</strong></span> <span class='ocrx_word' id='word_1_799' title='bbox 2289 5091 2426 5160; x_wconf 87' lang='lat' dir='ltr'><strong>quod</strong></span> <span class='ocrx_word' id='word_1_800' title='bbox 2459 5102 2557 5156; x_wconf 87' lang='lat' dir='ltr'><strong>est,</strong></span> <span class='ocrx_word' id='word_1_801' title='bbox 2595 5092 2682 5161; x_wconf 81' lang='lat' dir='ltr'><strong>sed</strong></span> <span class='ocrx_word' id='word_1_802' title='bbox 2708 5108 2805 5161; x_wconf 73' lang='lat' dir='ltr'><strong>per</strong></span> <span class='ocrx_word' id='word_1_803' title='bbox 2827 5090 3027 5161; x_wconf 74' lang='lat' dir='ltr'><strong>aliquid</strong></span> <span class='ocrx_word' id='word_1_804' title='bbox 3061 5092 3197 5158; x_wconf 85' lang='lat' dir='ltr'><strong>quod</strong></span> <span class='ocrx_word' id='word_1_805' title='bbox 3246 5090 3346 5161; x_wconf 75' lang='lat' dir='ltr'><strong>sibi</strong></span> <span class='ocrx_word' id='word_1_806' title='bbox 3393 5089 3658 5161; x_wconf 79' lang='lat' dir='ltr'><strong>subditum</strong></span> 
     </span>
    </p>
   </div>
   <div class='ocr_carea' id='block_1_110' title="bbox 2093 5158 3660 5226">
    <p class='ocr_par' dir='ltr' id='par_1_110' title="bbox 2093 5158 3660 5226">
     <span class='ocr_line' id='line_1_110' title="bbox 2093 5158 3660 5226; baseline -0.004 -11"><span class='ocrx_word' id='word_1_807' title='bbox 2093 5158 2192 5215; x_wconf 83' lang='lat' dir='ltr'><strong>est.</strong></span> <span class='ocrx_word' id='word_1_808' title='bbox 2224 5158 2363 5226; x_wconf 82' lang='lat' dir='ltr'><strong>Quid</strong></span> <span class='ocrx_word' id='word_1_809' title='bbox 2395 5172 2570 5214; x_wconf 90' lang='lat' dir='ltr'><strong>autem</strong></span> <span class='ocrx_word' id='word_1_810' title='bbox 2599 5160 2677 5212; x_wconf 80' lang='lat' dir='ltr'><strong>illi</strong></span> <span class='ocrx_word' id='word_1_811' title='bbox 2711 5158 2989 5213; x_wconf 84' lang='lat' dir='ltr'><strong>subditum</strong></span> <span class='ocrx_word' id='word_1_812' title='bbox 3017 5177 3118 5212; x_wconf 88' lang='lat' dir='ltr'><strong>non</strong></span> <span class='ocrx_word' id='word_1_813' title='bbox 3155 5169 3230 5212; x_wconf 83' lang='lat' dir='ltr'><strong>est</strong></span> <span class='ocrx_word' id='word_1_814' title='bbox 3251 5162 3276 5213; x_wconf 79' lang='lat'><strong><em>7</em></strong></span> <span class='ocrx_word' id='word_1_815' title='bbox 3309 5158 3504 5212; x_wconf 84' lang='lat' dir='ltr'><strong>Verum</strong></span> <span class='ocrx_word' id='word_1_816' title='bbox 3536 5160 3660 5209; x_wconf 90' lang='lat' dir='ltr'><strong>huic</strong></span> 
     </span>
    </p>
   </div>
   <div class='ocr_carea' id='block_1_111' title="bbox 2097 5227 3657 5284">
    <p class='ocr_par' dir='ltr' id='par_1_111' title="bbox 2097 5227 3657 5284">
     <span class='ocr_line' id='line_1_111' title="bbox 2097 5227 3657 5284; baseline -0.004 0"><span class='ocrx_word' id='word_1_817' title='bbox 2097 5231 2377 5284; x_wconf 72' lang='lat' dir='ltr'><strong>sentcntiae</strong></span> <span class='ocrx_word' id='word_1_818' title='bbox 2401 5231 2456 5282; x_wconf 84' lang='lat' dir='ltr'><strong>S.</strong></span> <span class='ocrx_word' id='word_1_819' title='bbox 2476 5230 2673 5283; x_wconf 90' lang='lat' dir='ltr'><strong>Doctor</strong></span> <span class='ocrx_word' id='word_1_820' title='bbox 2702 5230 2880 5281; x_wconf 82' lang='lat' dir='ltr'><strong>favere</strong></span> <span class='ocrx_word' id='word_1_821' title='bbox 2902 5245 3009 5281; x_wconf 89' lang='lat' dir='ltr'><strong>non</strong></span> <span class='ocrx_word' id='word_1_822' title='bbox 3040 5229 3271 5283; x_wconf 88' lang='lat' dir='ltr'><strong>videtur.</strong></span> <span class='ocrx_word' id='word_1_823' title='bbox 3292 5227 3451 5280; x_wconf 83' lang='lat' dir='ltr'><strong>Addit</strong></span> <span class='ocrx_word' id='word_1_824' title='bbox 3476 5228 3618 5280; x_wconf 89' lang='lat' dir='ltr'><strong>enim</strong></span> <span class='ocrx_word' id='word_1_825' title='bbox 3643 5243 3657 5278; x_wconf 87' lang='lat'><strong>:</strong></span> 
     </span>
    </p>
   </div>
   <div class='ocr_carea' id='block_1_112' title="bbox 2099 5295 3662 5366">
    <p class='ocr_par' dir='ltr' id='par_1_112' title="bbox 2099 5295 3662 5366">
     <span class='ocr_line' id='line_1_112' title="bbox 2099 5295 3662 5366; baseline -0.004 -14"><span class='ocrx_word' id='word_1_826' title='bbox 2099 5299 2273 5352; x_wconf 81' lang='lat' dir='ltr'><strong>Multo</strong></span> <span class='ocrx_word' id='word_1_827' title='bbox 2311 5309 2387 5351; x_wconf 84' lang='lat' dir='ltr'><strong>est</strong></span> <span class='ocrx_word' id='word_1_828' title='bbox 2420 5299 2720 5352; x_wconf 84' lang='lat' dir='ltr'><strong>credibilius</strong></span> <span class='ocrx_word' id='word_1_829' title='bbox 2753 5299 2887 5366; x_wconf 87' lang='lat' dir='ltr'><strong>quod</strong></span> <span class='ocrx_word' id='word_1_830' title='bbox 2915 5308 2963 5351; x_wconf 87' lang='lat' dir='ltr'><strong>et</strong></span> <span class='ocrx_word' id='word_1_831' title='bbox 3017 5297 3300 5366; x_wconf 76' lang='lat' dir='ltr'><strong>Abraham</strong></span> <span class='ocrx_word' id='word_1_832' title='bbox 3322 5297 3376 5348; x_wconf 92' lang='lat' dir='ltr'><strong>in</strong></span> <span class='ocrx_word' id='word_1_833' title='bbox 3405 5295 3590 5359; x_wconf 85' lang='lat' dir='ltr'><strong>tribus,</strong></span> <span class='ocrx_word' id='word_1_834' title='bbox 3613 5304 3662 5347; x_wconf 90' lang='lat' dir='ltr'><strong>et</strong></span> 
     </span>
    </p>
   </div>
   <div class='ocr_carea' id='block_1_113' title="bbox 2095 5365 3664 5436">
    <p class='ocr_par' dir='ltr' id='par_1_113' title="bbox 2095 5365 3664 5436">
     <span class='ocr_line' id='line_1_113' title="bbox 2095 5365 3664 5436; baseline -0.004 -15"><span class='ocrx_word' id='word_1_835' title='bbox 2095 5369 2191 5421; x_wconf 89' lang='lat' dir='ltr'><strong>Lot</strong></span> <span class='ocrx_word' id='word_1_836' title='bbox 2217 5372 2268 5421; x_wconf 88' lang='lat' dir='ltr'><strong>in</strong></span> <span class='ocrx_word' id='word_1_837' title='bbox 2300 5367 2502 5422; x_wconf 84' lang='lat' dir='ltr'><strong>duobus</strong></span> <span class='ocrx_word' id='word_1_838' title='bbox 2550 5369 2675 5422; x_wconf 80' lang='lat' dir='ltr'><strong>viris</strong></span> <span class='ocrx_word' id='word_1_839' title='bbox 2725 5365 3008 5420; x_wconf 85' lang='lat' dir='ltr'><strong>Dominum</strong></span> <span class='ocrx_word' id='word_1_840' title='bbox 3061 5365 3430 5436; x_wconf 77' lang='lat' dir='ltr'><strong>agnoscebant,</strong></span> <span class='ocrx_word' id='word_1_841' title='bbox 3462 5366 3549 5416; x_wconf 78' lang='lat' dir='ltr'><strong>cui</strong></span> <span class='ocrx_word' id='word_1_842' title='bbox 3573 5379 3664 5436; x_wconf 76' lang='lat' dir='ltr'><strong>per</strong></span> 
     </span>
    </p>
   </div>
   <div class='ocr_carea' id='block_1_114' title="bbox 2095 5431 3665 5506">
    <p class='ocr_par' dir='ltr' id='par_1_114' title="bbox 2095 5431 3665 5506">
     <span class='ocr_line' id='line_1_114' title="bbox 2095 5431 3665 5506; baseline -0.001 -16"><span class='ocrx_word' id='word_1_843' title='bbox 2095 5439 2412 5503; x_wconf 71' lang='lat' dir='ltr'><strong>singulare»:</strong></span> <span class='ocrx_word' id='word_1_844' title='bbox 2441 5453 2712 5490; x_wconf 80' lang='lat' dir='ltr'><strong>munerum</strong></span> <span class='ocrx_word' id='word_1_845' title='bbox 2745 5431 3114 5506; x_wconf 68' lang='lat' dir='ltr'><strong>loquebantur,</strong></span> <span class='ocrx_word' id='word_1_846' title='bbox 3137 5437 3297 5490; x_wconf 79' lang='lat' dir='ltr'><strong>etiam</strong></span> <span class='ocrx_word' id='word_1_847' title='bbox 3323 5450 3442 5489; x_wconf 86' lang='lat' dir='ltr'><strong>cum</strong></span> <span class='ocrx_word' id='word_1_848' title='bbox 3462 5449 3551 5488; x_wconf 81' lang='lat' dir='ltr'><strong>eos</strong></span> <span class='ocrx_word' id='word_1_849' title='bbox 3571 5431 3665 5488; x_wconf 78' lang='lat' dir='ltr'><strong>ho-</strong></span> 
     </span>
    </p>
   </div>
   <div class='ocr_carea' id='block_1_115' title="bbox 2097 5508 2822 5562">
    <p class='ocr_par' dir='ltr' id='par_1_115' title="bbox 2097 5508 2822 5562">
     <span class='ocr_line' id='line_1_115' title="bbox 2097 5508 2822 5562; baseline -0.003 -2"><span class='ocrx_word' id='word_1_850' title='bbox 2097 5510 2258 5562; x_wconf 82' lang='lat' dir='ltr'><strong>mines</strong></span> <span class='ocrx_word' id='word_1_851' title='bbox 2285 5523 2395 5562; x_wconf 84' lang='lat' dir='ltr'><strong>esse</strong></span> <span class='ocrx_word' id='word_1_852' title='bbox 2415 5508 2822 5561; x_wconf 81' lang='lat' dir='ltr'><strong>arbitrarentur.</strong></span> 
     </span>
    </p>
   </div>
  </div>
