4012 6220
373 264 468 320 191

1585 275 1642 328 S.
1687 272 2018 330 GREGORII
2058 272 2401 329 THEOLOGI

3516 278 3620 336 £92

373 378 786 449 praetermittere
836 383 1092 437 convenit
1124 401 1137 437 :
1177 383 1394 440 Utinam
1446 389 1824 442 abscinduntur
1852 391 1942 458 qui

2054 391 2288 460 ραλιπείν
2317 395 2632 461 ἀναγκαῖον.
2671 394 2933 462 Ὄφελον
2969 392 3068 446 καί
3111 393 3523 460 ἀποκόψονται
3562 396 3620 449 οι

373 484 461 521 vos
524 468 837 522 conturbant
877 471 946 534 “,
1019 487 1084 526 ac
1134 476 1437 530 secundum
1473 476 1842 541 Judaismum,
1888 486 1943 532 et

372 556 667 612 secundam
717 563 1217 626 circumcisionem,
1277 568 1612 622 etsecunda
1669 569 1944 622 sacriﬁcia

375 649 657 701 invehunt.
701 650 756 701 Si
797 653 940 703 enim
988 668 1174 706 verum
1205 663 1291 708 est
1327 657 1471 723 quod
1506 667 1780 719 asserunt,
1814 659 1943 728 quid

371 747 518 791 vetat
547 741 676 807 quin
711 739 967 794 Christus
1013 759 1230 812 quoque
1274 745 1341 798 ad
1390 746 1576 800 eadem
1624 748 1737 802 lucc
1778 750 1944 802 abro-

371 829 546 895 ganda
579 844 775 884 rursus
807 841 1087 894 nascatur,
1113 842 1167 885 et
1196 849 1392 888 rursus
1429 851 1456 888 a
1478 833 1616 889 Juda
1661 837 1942 906 prodatur,

373 925 427 967 et
481 917 533 969 in
581 932 797 972 crucem
846 920 1086 983 tollatur,
1164 930 1213 974 et
1281 924 1572 992 sepultura:
1639 927 1942 992 mandetur,

373 1020 425 1057 et
477 1017 744 1077 resurgat.
800 1018 857 1062 ut
919 1013 1121 1074 omnia,
1154 1029 1278 1081 quze
1335 1014 1578 1082 ejusdem
1603 1017 1762 1070 seriei
1793 1029 1942 1079 sunt,

375 1099 723 1166 impleantur,
774 1103 964 1155 eodem
1025 1103 1306 1157 stellarum
1368 1113 1549 1167 metu,
1594 1105 1748 1174 juxta
1793 1105 1944 1158 Gne—

374 1202 562 1241 corum
634 1190 957 1254 circuitum,
1025 1191 1208 1245 eadem
1287 1191 1749 1247 circumferente?
1817 1194 1948 1259 Qua:

374 1281 518 1333 cnim
565 1281 679 1334 lucc
730 1281 912 1337 fatalis
962 1298 1083 1338 sors
1126 1283 1307 1346 fuerit,
1342 1292 1398 1336 ut
1429 1285 1621 1348 exiis,
1661 1302 1781 1354 quae
1835 1296 1946 1340 tum

376 1371 741 1442 contigerunt,
799 1375 942 1428 aliud
994 1377 1189 1444 partim
1230 1375 1339 1439 ﬁat,
1385 1375 1532 1429 aliud
1568 1378 1763 1445 partim
1791 1379 1950 1431 omit-

378 1463 563 1514 tatur?
610 1463 723 1517 lloc
769 1467 1046 1533 sapientes
1093 1465 1195 1518 viri
1234 1466 1545 1531 ostendant,
1590 1475 1646 1522 et
1685 1468 1947 1523 librorum

378 1553 728 1610 multitudine
755 1557 1075 1626 gloriantes.

445 1643 712 1709 Quoniam
743 1657 924 1702 autem
952 1649 1023 1703 ob
1048 1649 1247 1704 librum
1265 1650 1416 1704 illum
1441 1649 1509 1704 de
1534 1639 1802 1706 Trinitate
1835 1651 1952 1704 ani-

379 1736 484 1791 mis
527 1737 721 1802 inllati,
771 1737 911 1794 falso
968 1757 1089 1804 nos,
1133 1749 1191 1796 ut
1259 1741 1314 1795 in
1361 1740 1466 1796 ﬁde
1511 1743 1736 1796 minime
1763 1758 1948 1809 sanos,
1984 1723 2024 1777 Β

379 1840 658 1907 accusant,
703 1847 766 1884 ac
789 1833 1080 1902 plerosque
1097 1835 1242 1888 velut
1261 1849 1389 1887 esca
1418 1834 1648 1903 quadam
1681 1835 1947 1896 alliciunt,

379 1919 510 1973 illud
536 1921 675 1975 svire
707 1938 927 1976 necesse
949 1933 1052 1986 est,
1082 1925 1504 1994 Apollinarium,
1543 1925 1792 1994 quamvis
1833 1925 1950 1980 dei—

377 2010 506 2064 tatis
531 2025 730 2064 nomen
763 2009 988 2079 Spiritui
1019 2020 1213 2066 saneto
1237 2011 1472 2076 dederit,
1507 2014 1613 2064 vim
1636 2020 1815 2065 tamen
1837 2011 1952 2064 dei-

378 2101 506 2154 tatis
565 2101 787 2155 minime
827 2103 1174 2158 custodiisse.
1209 2104 1489 2174 Siquidem
1539 2120 1605 2157 ex
1646 2119 1863 2173 magno,
1899 2113 1952 2158 et

379 2192 594 2260 majori,
623 2200 676 2246 et
712 2195 971 2256 maximo,
1009 2196 1112 2249 hoc
1161 2205 1265 2260 est,
1301 2213 1369 2250 ex
1414 2196 1620 2264 Spiritu
1656 2206 1866 2259 sancto,
1899 2203 1954 2250 et

378 2279 536 2344 Filio,
591 2290 644 2334 et
703 2281 885 2347 Patre,
921 2294 1180 2353 tanquam
1223 2301 1289 2338 ex
1336 2285 1652 2354 Splendore,
1690 2294 1744 2338 et
1775 2285 1950 2348 radio,

377 2379 430 2423 et
459 2372 596 2433 sole,
667 2369 991 2425 Trinitatem
1057 2373 1394 2427 constituere
1440 2373 1608 2441 (quod
1642 2374 1860 2442 quidem
1897 2373 1950 2427 in

381 2459 531 2513 illius
565 2461 719 2513 libris
749 2468 936 2528 aperte
967 2462 1233 2530 scriptum
1257 2461 1385 2530 est),
1417 2460 1637 2514 deitatis
1667 2461 1814 2513 scala
1846 2467 1950 2524 est,

379 2566 489 2604 non
549 2551 601 2604 in
658 2553 858 2604 cmlum
904 2551 1236 2616 subvehens,
1281 2550 1378 2605 sed
1419 2566 1446 2604 e
1494 2550 1633 2603 cado
1667 2549 1949 2616 dejiciens.

378 2642 448 2695 At
478 2659 578 2697 nos
608 2642 773 2698 Deum
809 2646 1025 2712 quidem
1059 2643 1273 2697 Patrem
1304 2651 1359 2697 et
1385 2641 1579 2695 Filium
1605 2649 1658 2694 et
1689 2639 1950 2710 Spiritum

378 2742 630 2788 sanctum
683 2737 1071 2804 agnoscimus:
1109 2735 1221 2789 lucc
1259 2742 1438 2790 autem
1507 2751 1613 2789 non
1663 2733 1807 2788 nuda
1857 2749 1955 2786 no-

380 2827 553 2888 mina,
601 2826 854 2896 diSpaI‘cs
886 2828 1180 2896 dignitates
1225 2836 1319 2882 aut
1371 2827 1642 2896 potentias
1685 2825 1947 2884 secantia.

383 2916 476 2970 seJ
521 2932 684 2969 unam
727 2917 1104 2986 eamdemque.
1149 2924 1208 2970 ut
1258 2915 1700 2984 appellationem.
1749 2916 1822 2968 ita
1865 2914 1949 2968 di-

381 3005 627 3060 vinitatis
657 3016 933 3072 naturam,
970 3016 1024 3062 et
1054 3006 1376 3070 essentiam,
1412 3019 1477 3059 ac
1501 3005 1816 3075 potentiam.

456 3177 615 3242 Quod
644 3178 688 3230 si
719 3177 844 3247 quis
869 3178 982 3231 haec
1009 3177 1224 3246 quidem
1261 3192 1290 3230 a
1325 3176 1484 3231 nobis
1521 3184 1669 3231 recte
1694 3174 1798 3229 dici
1817 3173 1956 3227 arbi-

385 3274 580 3326 tretur,
615 3281 802 3319 verum
829 3266 1212 3319 haereticorum
1239 3265 1677 3320 communionem
1709 3263 1952 3332 obiiciat,

386 3355 493 3410 hoc
530 3365 780 3411 nostrum
815 3373 937 3412 esse
965 3357 1238 3427 quispiam
1274 3357 1563 3422 ostendat;
1618 3367 1670 3410 et
1708 3364 1838 3409 tunc
1867 3355 1949 3409 vel

386 3448 861 3516 persuadebimus,
908 3450 988 3501 vel
1034 3447 1373 3504 secedetnns.
1405 3448 1546 3501 Ante
1571 3448 1836 3517 judicium
1869 3463 1958 3501 au-

387 3548 516 3602 tem,
547 3557 646 3595 nec
688 3541 834 3594 aliud
884 3540 1180 3610 quidquam
1241 3541 1365 3594 novi
1418 3540 1599 3594 moliri
1639 3549 1814 3592 tutum
1851 3548 1954 3602 est,

385 3632 585 3683 nedum
623 3647 734 3684 rem
763 3640 992 3694 tantam,
1025 3639 1077 3686 et
1107 3629 1172 3684 de
1203 3632 1366 3684 rebus
1389 3630 1576 3688 tantis,
1609 3627 1718 3684 Nos
1739 3630 1956 3698 quidem

385 3722 513 3786 ista,
551 3733 605 3776 et
655 3723 796 3792 apud
852 3722 1020 3777 Deum
1070 3723 1286 3793 etapud
1345 3723 1622 3788 homines,
1668 3722 1956 3776 contestati

386 3829 600 3877 sumius,
637 3823 691 3868 ct
721 3822 1121 3870 contestamur.
1177 3816 1257 3870 Ac
1287 3832 1354 3870 ne
1382 3830 1529 3870 nunc
1571 3813 1812 3884 quidem.
1837 3829 1958 3868 cre—

387 3905 484 3961 das
518 3907 650 3959 milii
680 3906 866 3970 velim,
899 3907 1015 3961 haec
1046 3907 1483 3978 scripsissemus,
1523 3907 1628 3961 nisi
1660 3906 1958 3961 Ecclesiam

388 3999 614 4054 lacerari
675 4007 839 4069 atque
893 3998 1126 4056 discindi
1169 4000 1499 4063 videremus,
1549 3998 1656 4068 93
1711 4009 1823 4052 tum
1865 4013 1960 4068 per

387 4089 523 4143 alias
557 4091 880 4160 praestigias,
926 4098 1039 4144 tum
1089 4106 1183 4160 per
1221 4106 1462 4160 praesens
1512 4089 1770 4168 vanitatis
1823 4103 1959 4142 con-

386 4181 594 4235 cilium.
651 4180 806 4246 Quod
871 4181 918 4234 si
973 4182 1098 4248 quis
1150 4183 1310 4237 nobis
1374 4181 1491 4235 haec
1544 4180 1849 4234 dicentibus
1903 4189 1960 4234 et

461 4291 505 4322 “
538 4290 657 4344 Gal.
686 4306 749 4355 v,
791 4291 880 4346 15.

423 4400 580 4480 ,(80)
620 4401 693 4480 τὰ
733 4400 927 4452 πάντα
961 4401 1030 4454 τὰ
1059 4399 1169 4468 τῆς
1197 4403 1407 4469 αὐτῆς.
1451 4398 1640 4453 Morel.
1681 4399 1748 4452 τά
1775 4401 1952 4454 πάντα

387 4487 489 4534 της
521 4487 709 4534 αυτης.

422 4473 772 4608 ηἷὸῗῖτὲἷιτὰ
798 4539 911 4604 τὴν
938 4537 1312 4605 Ἑλληνικὴν
1346 4537 1956 4608 ἀνακύκλωσιν.Παησ

391 4607 565 4662 orbem
619 4609 680 4663 ab
725 4610 920 4664 eisdem
979 4608 1229 4672 abeundi,
1287 4608 1364 4661 ait
1412 4608 1554 4672 δίη,
1593 4617 1643 4660 et
1693 4607 1761 4659 ad
1805 4625 1953 4663 eant-

391 4679 510 4732 dem
558 4695 665 4733 rem
717 4679 1002 4734 revertendi
1055 4678 1302 4732 confutat
1345 4677 1707 4746 Augustinus,
1753 4679 1848 4734 lib.
1896 4697 1951 4745 κ,

392 4764 517 4818 cap.
549 4751 639 4815 3|,
677 4748 747 4804 De
783 4751 949 4815 civit.,
983 4765 1102 4818 quae
1137 4747 1321 4818 opinio
1359 4745 1762 4802 Platonicorum
1815 4749 1912 4804 fuit
1935 4791 1950 4816 ,

393 4821 484 4888 qui
531 4821 796 4874 circuitus
819 4829 1122 4890 temporum
1154 4818 1508 4880 induxerunt,
1539 4819 1741 4890 quibus
1762 4819 1952 4874 eadem

394 4903 611 4957 semper
651 4891 822 4946 fuisse
873 4888 1129 4944 renovata
1180 4899 1342 4958 atque
1382 4888 1610 4956 repetita
1669 4889 1722 4941 in
1769 4904 1951 4943 rerum

394 4956 628 5019 natura.
679 4970 839 5030 atque
888 4961 959 5014 ita
999 4956 1262 5029 deinceps
1299 4956 1414 5013 fore
1467 4959 1586 5030 sine
1638 4961 1949 5030 cessatione

396 5028 807 5098 asseverarent,
859 5041 916 5084 ut
970 5031 1109 5084 idem
1163 5028 1396 5098 August.
1453 5029 1652 5089 docet,
1700 5028 1793 5081 lib.
1836 5044 1946 5088 xu.

394 5111 515 5164 cap.
555 5097 633 5151 l3.
663 5098 774 5151 Cur
813 5109 991 5154 autem
1042 5101 1186 5153 hunc
1219 5097 1404 5152 orbem
1448 5098 1818 5152 necessarium
1851 5113 1951 5166 pu-

395 5175 570 5238 tarem
607 5166 897 5232 Platonici,
925 5171 1149 5238 exponit
1177 5167 1357 5228 Vives.
1394 5169 1489 5222 lib.
1520 5183 1571 5232 κ,
1603 5183 1718 5235 cap.
1755 5167 1846 5226 51.
1880 5182 1949 5221 ne

403 5235 656 5290 videlicet
698 5254 819 5291 cum
861 5235 1045 5293 certus
1077 5249 1223 5294 esset
1267 5242 1569 5292 animarum
1615 5253 1876 5291 numerus
1917 5252 1948 5289 a

400 5301 528 5362 Dee,
555 5321 678 5359 cum
730 5307 988 5360 mundum
1020 5308 1165 5361 hunc
1202 5309 1671 5369 arcliitectarel-nr,
1702 5315 1941 5367 creatus,

397 5373 527 5427 ders
559 5384 652 5428 ent
693 5375 782 5442 qui
835 5386 1033 5431 terram
1088 5379 1386 5431 incolerent
1430 5377 1710 5438 homines,
1743 5378 1946 5429 Inundo

398 5451 600 5497 aeterno
637 5453 688 5498 et
720 5445 1028 5499 hominibus
1059 5447 1218 5500 morti
1249 5449 1500 5502 subditis.
1533 5443 1944 5500 [involutionem

400 5513 541 5592 hanc
594 5515 808 5567 videtur
857 5516 1124 5584 attingere
1186 5513 1398 5571 Tullius
1453 5519 1508 5571 in
1566 5515 1780 5571 Somnio
1831 5514 1949 5569 Sci-

415 5599 590 5638 ηοηιδ.

397 5598 590 5725 νηξέἒς)
628 5654 722 5720 Τίς
752 5655 858 5724 γὰρ
889 5655 926 5722 ή
961 5653 1400 5722 ἀποκλήρωσις.
1443 5652 1520 5707 lta
1546 5655 1705 5709 codd.
1741 5670 1952 5718 omnes,

1988 4487 2031 4544 ι)
2060 4475 2361 4544 sequimur.
2409 4474 2464 4544 lu
2509 4471 2640 4526 edit.
2675 4471 3064 4544 άποπλῄρωσις
3089 4511 3103 4532 ,

2045 481 2520 549 ἀναστατοῦντες
2553 481 2728 551 ὑμᾶς,
2761 484 2852 535 καὶ
2882 482 3129 552 δεύτερον
3153 482 3503 552 ’ῐουδαῖσμὺν,
3528 484 3621 537 καὶ

2044 573 2301 646 δευτέραν
2322 575 2644 646 περιτομὴν,
2676 575 2770 627 καὶ
2797 573 2985 637 θυσίας
3010 573 3266 644 δευτέρας
3290 573 3616 642 εἰσάγοντες

2047 665 2094 716 εί
2120 664 2229 734 γὰρ
2262 664 2419 718 τοῦτο
2440 705 2452 725 ,
2483 664 2535 716 τί
2570 663 2764 716 κωλύει
2796 665 2890 717 καὶ
2935 664 3097 717 πάλιν
3138 663 3463 733 γεννηθῆναι
3489 666 3622 734 Χρι-

2047 755 2170 808 στὸν
2202 757 2280 817 εἰς
2307 756 2564 825 ἀθέτησιν
2593 756 2701 808 τῶν
2736 757 2911 808 αὐτῶν
2931 797 2945 816 ,
2978 755 3072 809 καὶ¹
3105 754 3428 824 προδοθῆναι
3461 755 3620 808 πάλιν

2050 843 2154 896 ὑπὸ
2197 843 2386 906 Ἰούδα,
2416 845 2509 897 καὶ
2543 845 2942 915 σταυρωθῆναι,
2974 845 3068 896 καὶ
3093 845 3346 912 ταφῆναι,
3380 844 3470 895 κα)⁸
3495 843 3622 894 ἀνα-

2049 934 2260 1002 στῆναι,
2307 933 2392 985 ἴνα
2434 932 2692 1004 πληρωθῇ
2731 934 2799 985 τὰ
2851 933 3026 992 πάντα
3069 931 3138 985 τά
3178 933 3276 1001 τῆς
3306 931 3475 999 αὐτῆς
3506 929 3619 999 (80)

2047 1020 2384 1083 ἀκολουθίας,
2417 1022 2558 1073 κατὰ
2594 1022 2691 1091 τὴν
2723 1021 3038 1092 Ἑλληνικὴν
3078 1019 3455 1072 ἀνακύκλωσιν
3480 1018 3618 1087 (81),

2048 1111 2114 1163 τὰ
2141 1111 2278 1164 αὐτὰ
2306 1110 2708 1181 περιφερούσης
2732 1112 2832 1180 τῆς
2877 1113 3047 1181 αὐτῆς
3087 1111 3194 1164 τῶν
3225 1110 3438 1180 ἄστρων
3465 1110 3623 1179 κινή-

2051 1218 2217 1266 using;
2255 1201 2340 1264 τίς
2384 1201 2491 1272 γὰρ
2535 1203 2566 1271 ἡ
2615 1201 2994 1272 ἀποκλήρωσις
3025 1203 3159 1272 (82),
3209 1203 3270 1254 τὸ
3302 1201 3401 1271 μέν
3445 1219 3495 1253 τι
3529 1217 3624 1269 γε-

2047 1293 2234 1346 νέσθαι
2256 1291 2362 1345 τῶν
2381 1293 2504 1345 τότε
2529 1292 2869 1362 συμϐάντων,
2901 1293 2960 1344 τὸ
2996 1292 3054 1345 δὲ
3091 1292 3426 1362 παρεθῆναι;
3467 1289 3623 1344 τοῦτο

2049 1384 2380 1448 δειξάτωσαν
2404 1385 2455 1436 οί
2492 1384 2664 1451 σοφοὶ,
2693 1384 2789 1438 καὶ
2816 1384 2894 1455 τῷ
2920 1385 3112 1456 πλήθει
3149 1384 3254 1437 τῶν
3289 1382 3507 1452 βιϐλίων
3533 1401 3622 1453 φιν

2050 1473 2162 1526 λοτι
2170 1472 2269 1543 μού
2278 1490 2453 1544 μενοι.

2137 1653 2354 1723 Ἐπειδὴ
2378 1652 2440 1706 δὲ
2457 1651 2677 1724 τῷπερὶ
2708 1651 2934 1724 Τριάδος
2963 1652 3310 1722 φυσιούμενοι
3341 1654 3504 1723 λόγῳ,
3531 1671 3628 1708 κα-

2051 1745 2400 1814 ταψεύδονται
2435 1744 2532 1815 μὲν
2574 1744 2751 1814 ἡμῶν,
2779 1746 2858 1809 ὡς
2883 1745 2980 1814 οὐχ
3027 1745 3195 1812 ὑγιῶς
3227 1746 3456 1814 ἑχόντων
3496 1744 3626 1816 περὶ

2053 1837 2150 1907 τὴν
2189 1837 2389 1902 πίστιν,
2435 1834 2742 1899 δελεάζουσι
2775 1835 2832 1888 δὲ
2875 1837 3000 1898 τοὺς
3037 1835 3282 1901 πολλοὺς,
3325 1837 3499 1888 έκεῖνο
3541 1852 3628 1904 γι-

2052 1925 2279 1980 νώσκειν
2322 1929 2635 1994 ἀναγκαῖον,
2686 1927 2768 1978 ὅτι
2825 1925 3229 1996 Ἀπολλινάριος
3279 1927 3374 1996 μὲν
3421 1927 3482 1980 τὸ
3520 1927 3628 1997 τῆς

2053 2017 2304 2088 θεότητος
2339 2017 2508 2086 ὄνομα
2539 2015 2617 2086 τῷ
2664 2015 2804 2087 ἁγίῳ
2854 2017 3127 2085 Πνεύματι
3174 2016 3317 2079 δοὺς,
3349 2018 3446 2087 τὴν
3477 2017 3625 2070 δύνα-

2057 2122 2148 2176 μιν
2175 2105 2276 2174 τῆς
2303 2104 2557 2175 θεότητος
2587 2104 2686 2157 οὐκ
2713 2103 2966 2172 ἐφύλαξε.
3003 2104 3074 2156 Τὸ
3120 2103 3227 2172 γάρ
3270 2107 3332 2157 ὲκ
3367 2105 3622 2175 μεγάλου,

2054 2197 2145 2249 καὶ
2189 2195 2450 2266 μείζονος,
2496 2195 2588 2248 καὶ
2637 2194 2892 2264 μεγίστου
2949 2196 3202 2263 συνιστᾷν
3255 2196 3354 2264 τὴν
3399 2194 3622 2264 Τριάδα,

2054 2285 2244 2354 ὥσπερ
2284 2285 2344 2348 ἐξ
2394 2285 2589 2354 αὐγῆς,
2627 2287 2719 2336 καὶ
2749 2287 2983 2346 ἀκτῖνος,
3016 2285 3108 2335 καὶ
3139 2283 3310 2351 ἡλίου,
3340 2284 3433 2335 τοῦ
3468 2281 3629 2335 Πνεύ-

2057 2394 2244 2446 ματος,
2288 2377 2381 2429 καὶ
2410 2376 2501 2429 τοῦ
2535 2375 2661 2428 Υἱοῦ
2692 2378 2786 2429 καὶ
2815 2375 2908 2427 τοῦ
2943 2375 3157 2441 Πατρδς
3190 2377 3344 2444 (ὅπερ
3386 2375 3493 2440 85)
3527 2392 3626 2427 σαο

2055 2467 2168 2535 φῶς
2205 2468 2263 2518 ἐν
2295 2470 2407 2529 τοῖς
2437 2466 2645 2519 ἐκείνου
2677 2466 2983 2535 γέγραπται
3025 2464 3244 2531 λόγοις),
3275 2463 3475 2532 κλίμαξ
3510 2463 3628 2514 ἐστὶ

2059 2559 2333 2629 θεότητος,
2367 2559 2466 2611 οὐκ
2510 2559 2587 2619 εἰς
2629 2557 2855 2624 οὐρανὸν
2895 2556 3102 2625 ἄγουσα
3133 2555 3263 2625 (84),
3297 2555 3409 2608 ἀλλ’
3439 2555 3498 2618 ἐξ
3546 2555 3631 2607 οὐ·

2058 2649 2218 2718 ρανοῦ
2255 2649 2581 2714 κατάγουσα.
2637 2646 2824 2714 Ἡμεῖς
2869 2645 2925 2698 δὲ
2970 2644 3104 2697 Θεὸν
3151 2645 3247 2714 μὲν
3288 2643 3628 2714 γινώσκομεν

2053 2738 2144 2790 τὸν
2177 2738 2414 2807 Πατέρα,
2449 2737 2540 2789 καὶ
2563 2737 2653 2790 τὸν
2687 2737 2835 2795 Υἰὸν.
2861 2737 2953 2790 καὶ
2975 2735 3035 2788 τὸ
3057 2736 3209 2803 ἅγιον
3239 2736 3461 2806 Πνεῦμα
3478 2735 3588 2805 (85)
3613 2749 3624 2758 ·

2054 2828 2224 2882 ταῦτα
2252 2829 2308 2881 δὲ
2335 2829 2394 2881 οὐ
2427 2828 2647 2896 κλήσεις
2675 2827 2857 2897 ψιλὰς,
2909 2826 3206 2897 τεμνούσαις
3232 2827 3555 2896 ἀξιωμάτων
3591 2823 3625 2896 ἦ

2055 2917 2334 2988 δυνάμεων
2391 2917 2744 2988 ἀνισότητας,
2793 2916 2928 2970 ἀλλὰ
2985 2916 3111 2986 μίαν
3161 2916 3255 2970 καὶ
3315 2917 3412 2986 τὴν
3463 2916 3628 2982 αὐτὴν

1981 3048 2027 3108 C
2057 3007 2245 3079 ὥσπερ
2273 3007 2664 3078 προσηγορίαν,
2706 3007 2849 3061 οὓτω
2887 3007 2981 3060 καὶ
3011 3007 3265 3079 θεότητος
3305 3007 3488 3076 φύσιν,
3534 2999 3649 3061 καῖ’

2056 3099 2264 3161 οὐσίαν,
2296 3100 2388 3151 καὶ
2415 3097 2664 3168 δύναμιν.

2126 3191 2190 3242 Ei
2227 3189 2284 3242 δέ
2316 3207 2400 3253 τις
2426 3189 2597 3242 ταῦτα
2627 3189 2727 3258 μὲν
2753 3189 2927 3260 ὀρθῶς
2955 3191 3123 3243 οἴεται
3153 3188 3426 3257 λέγεσθαι,
3459 3193 3625 3256 ἐγκα-

2057 3279 2139 3333 λεῖ
2173 3280 2230 3332 δὲ
2269 3280 2366 3350 τὴν
2420 3279 2530 3332 τῶν
2576 3279 2872 3351 αἱρετικῶν
2918 3281 3220 3342 κοινωνίαν,
3273 3279 3496 3343 δειξάτω
3545 3296 3629 3341 τις

2056 3371 2214 3424 τοῦτο
2258 3371 2362 3424 τῶν
2409 3371 2695 3443 ἡμετέρων
2744 3372 2890 3443 (86)·
2923 3373 3016 3424 καὶ
3061 3372 3093 3441 ἢ
3128 3371 3468 3440 πείσομεν,ἦ
3506 3372 3630 3424 ἀνα-

2058 3463 2398 3534 χωρήσομεν.
2449 3462 2561 3532 Πρὸ
2604 3462 2838 3532 κρίσεως
2887 3462 2943 3514 δὲ
2993 3461 3113 3514 οὐδὲ
3153 3460 3279 3513 ἄλλο
3311 3479 3362 3513 τι
3397 3477 3629 3513 καινοτο-

2063 3557 2182 3623 μεῖν
2211 3551 2469 3621 ἀσφαλὲς,
2521 3552 2593 3622 μὴ
2629 3553 2709 3605 ὅτι
2758 3555 2990 3623 πρᾶγμα
3033 3551 3306 3613 τοσοῦτον,
3363 3553 3457 3604 καὶ
3503 3551 3630 3622 περὶ

2058 3637 2411 3709 τηλικούτων.
2454 3640 2645 3710 Ἡμεῖς
2675 3641 2772 3710 μὲν
2796 3636 2886 3692 οὖν
2932 3639 3102 3693 ταῦτα
3142 3641 3233 3693 καὶ
3274 3640 3632 3711 διεμαρτυρά-

2063 3730 2203 3802 μεθα
2257 3730 2388 3783 θεὸν
2439 3730 2534 3783 καὶ
2583 3730 2922 3801 ἀνθρώπους,
2979 3731 3072 3784 κα).
3129 3729 3625 3802 διαμαρτυρόμεθα.

2060 3823 2170 3875 Καὶ
2211 3822 2330 3875 οὐδὲ
2362 3821 2478 3885 νῦν,
2515 3818 2574 3875 εὖ
2619 3821 2748 3885 ῖσθι,
2798 3821 2947 3874 ταῦτ’
2989 3822 3054 3874 ἂν
3084 3822 3422 3892 ἐγράψαμεν,
3449 3824 3498 3874 εί
3553 3820 3626 3891 μὴ

2058 3913 2157 3984 τὴν
2223 3912 2548 3982 Ἐκκλησίαν
2581 3913 2840 3984 ἑωρῶμεν
2879 3912 3282 3982 διασπωμένην,
3316 3912 3406 3965 καὶ
3440 3928 3629 3982 τεμνο-

2063 4003 2253 4074 μένην,
2293 4003 2387 4056 καὶ
2425 4006 2542 4065 ταῖς
2573 4001 2758 4065 ἄλλαις
2780 4002 3104 4072 τερατείαις.
3135 4002 3226 4053 καὶ
3264 4001 3336 4070 τῷ
3364 4001 3457 4054 νῦν
3486 4017 3630 4053 συνεο

2059 4093 2191 4164 δρίῳ
2233 4095 2330 4164 τῆς
2381 4093 2756 4164 ματαιότητος.
2811 4093 2871 4144 Εἰ
2908 4092 2964 4144 δέ
3029 4109 3112 4153 τις
3153 4091 3324 4144 ταῦτα
3366 4091 3630 4160 λεγόντων

2061 4185 2217 4256 ἡμῶν
2252 4187 2345 4237 καὶ
2377 4183 2910 4254 διαμαρτυρομένων,
2935 4182 2966 4252 ἢ
2992 4181 3078 4234 διὰ
3105 4182 3293 4252 χρείας
3322 4183 3472 4244 τινάς
3493 4183 3628 4253 (87),

2064 4406 2325 4467 Montac.,
2352 4401 2538 4456 Morel.
2565 4410 2619 4456 et
2643 4401 2916 4458 CombelZ.
2944 4400 3103 4468 cujus
3122 4401 3626 4470 interpretationem

3159 4475 3429 4541 vertitque
3462 4474 3580 4528 Bill.
3609 4492 3622 4529 :

2061 4540 2190 4609 Qun:
2236 4543 2373 4594 enim
2412 4543 2520 4595 lucc
2556 4540 2834 4612 ottributio
2854 4540 3035 4612 fuerit,
3070 4551 3124 4591 ut
3154 4557 3218 4593 ea:
3253 4543 3321 4595 iis
3345 4540 3475 4611 qua:
3519 4556 3627 4598 tum

2056 4615 2384 4681 contigerunt
2404 4611 2562 4664 -aliud
2595 4612 2817 4678 factum,
2843 4611 2989 4663 aliud
3019 4611 3280 4664 omissum
3312 4614 3380 4665 sit
3400 4616 3426 4668 .9

2128 4683 2240 4750 (8'5)
2274 4683 2472 4750 Ὅπερ.
2510 4680 2585 4735 lta
2625 4680 2785 4735 codd.
2821 4681 3016 4734 nostri.
3056 4680 3111 4733 In
3143 4682 3276 4735 edit.
3308 4681 3426 4735 ῶσπ

2341 4697 2472 4736 πεο.
2511 4697 2585 4735 Ila
2625 4697 2785 4735 (3000.
2821 4697 3016 4734 DOSII'I.
3056 4697 3111 4733 Ill
3143 4697 3276 4735 C(IIl.
3308 4699 3517 4736 ωσπεο.

2128 4686 2240 4754 (8'5)
2274 4686 2472 4751 Ὅπερ.
2510 4686 2585 4735 lta
2625 4686 2785 4735 codd.
2821 4686 3016 4734 nostri.
3056 4686 3111 4733 In
3143 4686 3276 4735 edit.
3308 4686 3517 4754 ὥσπερ.

2128 4753 2236 4824 (8-4)
2271 4754 2393 4824 Et;
2443 4750 2700 4824 οίξρανρν
2742 4750 2999 4824 ἀπσυσα.
3045 4749 3306 4824 Montac.,
3349 4751 3539 4824 Morel.
3571 4758 3628 4807 et

2055 4820 2302 4879 Coinbel‘.
2350 4823 2430 4887 εἰς
2463 4820 2691 4891 οὐρανὸν
2731 4820 3029 4888 ἀνάγουσα,
3068 4822 3254 4875 nonin
3283 4822 3468 4875 caelum
3507 4837 3628 4876 sur-

2057 4911 2172 4950 sum
2198 4891 2400 4947 vehens.

2129 4964 2240 5032 (85)
2285 4963 2354 5015 Τὸ
2389 4961 2559 5032 ἅγιον
2602 4958 2861 5028 Πνεῦμα.
2892 4959 3048 5014 Colb.
3077 4959 3131 5024 5,
3171 4959 3266 5013 καὶ
3308 4960 3369 5013 τὸ
3401 4959 3624 5032 Πνεῦμα

2247 5049 2327 5086 ον.

2055 5034 2535 5172 τὸῶἔξοῖειξάτω
2569 5117 2659 5166 τις
2679 5099 2865 5172 τοῦτο
2889 5096 3007 5150 τῶν
3047 5096 3618 5172 ἡμτέρωῃῼοιηλλε

2058 5166 2320 5226 Ostendat
2359 5171 2621 5240 quispiam
2671 5169 2725 5221 id
2769 5168 2838 5221 ad
2863 5184 2972 5240 nos
3013 5177 3270 5235 spectare.
3317 5167 3474 5223 Bill.:
3509 5166 3622 5222 Hoc

2055 5251 2354 5295 nostrorum
2372 5237 2654 5308 quispiam
2692 5237 2952 5308 ostendat.

2129 5311 2240 5378 (87)
2281 5311 2346 5363 Ἡ
2385 5302 2482 5380 διὰ
2509 5302 2923 5380 ’χρείαςλτινάς
2941 5314 3111 5380 Leto.
3145 5307 3301 5380 ροιι).
3355 5307 3409 5372 3,
3533 5303 3622 5380 διὰ

2051 5373 2250 5450 ἔχθρας
2291 5379 2475 5441 τινὰς,
2515 5373 2651 5448 ista
2680 5377 2841 5450 φόϐον
2878 5377 3020 5450 άνῶν
3061 5373 3233 5450 (άνῷν
3275 5392 3372 5445 pro
3420 5373 3621 5445 ἀνθρώ-

2054 5446 2331 5516 πων),.αιιι
2366 5446 2574 5516 propter
2630 5447 2886 5516 quasdam
2920 5446 3225 5500 inimicitias
3283 5455 3376 5498 aut
3415 5456 3624 5516 propter

2057 5514 2413 5584 insipientium
2441 5514 2653 5571 uictum.
2708 5515 2877 5587 Paulo
2912 5527 3070 5585 post,
3113 5515 3201 5570 διὰ
3240 5514 3622 5587 μικροψυχίας,

2060 5589 2235 5644 reddit
2275 5587 2394 5642 Bill.
2425 5597 2631 5655 propter
2659 5585 2972 5640 simultates.
