4012 6220
281 316 383 370 195

1520 310 1577 362 S.
1611 304 1934 363 GREGORII
1969 304 2313 360 TllEOLUGI

3435 302 3534 358 196

280 432 372 500 qui
428 432 502 484 ita
554 428 841 490 sentiunt.
904 443 966 481 ac
1009 428 1242 489 docent,
1312 441 1414 495 pro
1481 425 1650 480 sociis
1696 424 1853 483 habe,

1962 441 2059 485 τας
2098 425 2194 476 καὶ
2222 421 2570 482 διδάσκοντας
2605 420 2693 488 ἔχε
2735 419 3080 481 κοινωνικοῦς
3108 418 3247 488 (97),
3282 420 3403 471 ἐπεὶ
3439 417 3530 472 καὶ

280 521 736 592 quemadmodum
776 527 830 574 et
861 519 966 589 ipsi
1010 518 1307 572 habemus:
1365 533 1461 570 eos
1492 524 1674 568 autem
1700 555 1714 577 ,
1765 515 1856 584 qui

281 628 442 666 secus
476 611 724 665 sentiunt
758 623 1012 663 aversare
1037 649 1053 672 ,
1086 615 1249 676 atque
1289 624 1319 660 a
1373 606 1483 660 Deo
1512 615 1566 660 et
1614 604 1858 659 Ecclesia

280 704 553 757 catholica
595 702 803 756 alienos
843 701 1116 755 existima.
1165 699 1618 768 Quandoquidem
1654 707 1857 761 autem,

280 804 333 847 et
363 793 430 846 de
458 791 641 845 divina
677 791 1036 845 humanitatis
1068 790 1444 858 assumptione
1468 827 1484 852 ,
1520 789 1636 842 sive
1681 790 1861 841 incar-

281 885 506 936 natione
533 922 546 943 ,
582 884 814 950 quaestio
851 880 1098 950 quaedam
1153 888 1404 932 movetur
1432 918 1446 940 ,
1492 878 1598 931 hoc
1642 893 1860 948 quoque

280 975 540 1027 omnibus
568 973 635 1026 de
663 972 820 1024 nobis
861 970 1064 1023 allirma
1088 1009 1101 1032 ,
1136 985 1236 1024 nos
1276 969 1366 1023 Dei
1412 967 1640 1028 Filium,
1673 969 1764 1037 qui
1793 984 1857 1022 ex

282 1062 445 1117 Patre
476 1063 714 1133 primum
745 1102 759 1122 .
801 1077 864 1114 ac
895 1061 1091 1115 deinde
1120 1076 1186 1114 ex
1217 1070 1406 1113 sancta
1437 1059 1604 1112 Maria
1649 1059 1859 1129 virgine

281 1154 498 1223 genitus
527 1161 632 1216 est,
668 1153 721 1206 in
754 1168 924 1206 unum
967 1151 1198 1220 iungere
1220 1191 1234 1213 ,
1273 1167 1372 1204 nec
1402 1151 1542 1205 duos
1597 1151 1737 1206 ﬁlios
1762 1169 1859 1206 no-

283 1245 514 1307 minare,
564 1244 656 1298 sed
705 1259 874 1298 unum
906 1254 958 1298 et
988 1243 1237 1298 eumdem
1281 1242 1335 1294 in
1369 1243 1714 1311 inseparabili
1747 1243 1858 1296 dei-

283 1344 391 1388 tate
424 1343 476 1389 et
506 1337 712 1390 honore
736 1335 984 1389 adorare.
1021 1332 1178 1399 Quod
1210 1331 1254 1385 si
1291 1333 1415 1401 quis
1448 1335 1527 1386 vel
1572 1350 1740 1395 nunc,
1774 1335 1856 1387 vel

284 1441 335 1477 ιιι
375 1432 679 1494 posterum,
724 1425 808 1479 his
838 1425 1060 1478 minime
1088 1440 1348 1479 assensus
1388 1423 1571 1487 fuerit,
1603 1425 1718 1494 ipse
1750 1423 1858 1479 Deo

284 1531 335 1566 tn
373 1513 459 1566 die
494 1512 690 1580 judicii
727 1513 995 1567 rationem
1028 1512 1238 1567 reddet.

349 1603 426 1654 Ac
457 1609 644 1654 nostra
692 1602 912 1670 quidem
957 1602 1222 1656 adversus
1261 1609 1531 1655 amentem
1571 1617 1761 1656 eorum
1791 1603 1858 1656 de

285 1702 461 1745 mente
494 1682 822 1746 Sententiam
857 1695 1138 1747 contentio
1171 1704 1224 1750 et
1252 1695 1524 1765 Oppositio
1545 1735 1559 1758 ,
1596 1703 1656 1747 ut
1704 1694 1854 1748 brevi

1965 513 2162 580 ἡμεῖς·
2201 511 2328 572 τοὺς
2373 508 2429 560 δὲ
2484 508 2685 577 ἑτέρως
2732 507 2953 575 ἔχοντας
3009 506 3352 578 ἀποστρέφου
3378 549 3394 572 ,
3439 509 3533 560 καὶ

1964 598 2276 670 ἀλλοτρίους
2321 598 2457 668 ἡγοῦ
2492 597 2585 650 καὶ
2617 596 2711 649 τοῦ
2763 597 2899 649 Θεοῦ
2950 597 3042 649 καὶ
3096 597 3194 667 τῆς
3242 597 3529 666 καθολικῆς

1974 688 2318 758 Ἐκκλησίας.
2362 687 2578 758 Ἐπειδὴ
2601 688 2657 740 δὲ
2689 689 2781 740 καὶ
2807 688 2932 756 περὶ
2961 689 3058 757 τῆς
3082 687 3230 750 θείας
3269 687 3532 757 ὲνανθρωο

1961 779 2202 847 πήσεως,
2240 779 2414 831 είτουν
2460 779 2786 850 σαρκώσεως
2815 778 3044 831 κινεῖταί
3080 795 3133 830 τι
3166 779 3407 848 ζήτημα.
3440 779 3534 832 καὶ

1960 868 2117 922 τοῦτο
2158 869 2389 940 διορίςου
2430 871 2563 922 πᾶσι
2615 869 2740 940 περὶ
2772 868 2963 939 ἡμῶν,
3009 870 3091 921 ὅτι
3150 869 3240 920 τὸν
3284 869 3410 920 Υίὸν
3439 868 3532 920 τοῦ

1960 959 2127 1022 Θεοῦ,
2185 959 2276 1012 τὸν
2336 959 2662 1028 γεννηθέντα
2707 960 2770 1010 ἐκ
2816 958 2909 1010 τοῦ
2957 957 3203 1030 Πατρὸς,
3253 958 3348 1010 καὶ
3400 959 3534 1027 μετά

1959 1049 2115 1102 τοῦτο
2149 1050 2212 1101 ὲκ
2256 1053 2355 1118 τῆς
2405 1049 2566 1117 ἁγίας
2606 1050 2874 1120 παρθένου
2914 1050 3162 1120 Μαρίας,
3199 1049 3278 1112 είς
3324 1048 3381 1100 ἓν
3407 1049 3535 1115 ἀγο-

1963 1157 2082 1209 μεν,
2115 1140 2208 1191 καὶ
2235 1140 2294 1192 οὐ
2331 1139 2422 1191 δύο
2453 1142 2600 1202 υἱοὺς
2642 1140 2998 1210 ὀνομάζομεν,
3030 1140 3145 1192 ἀλλ’
3186 1141 3283 1194 ἕνα
3320 1140 3532 1194 καὶτὸν

1959 1232 2121 1284 αὐτὸν
2154 1235 2212 1284 ὲν
2241 1233 2527 1302 ἀδιαιρέτῳ
2557 1233 2769 1302 θεότητι
2801 1231 2895 1285 καὶ
2926 1235 3058 1303 τιμῇ
3095 1232 3527 1302 προσκυνοῦμεν.

1959 1323 2023 1375 Ei
2070 1323 2127 1374 δέ
2167 1339 2250 1385 τις
2289 1325 2347 1376 οῦ
2386 1323 2688 1375 συντίθεται
2733 1323 3009 1392 τούτοιςῆ
3055 1323 3150 1376 νῦν
3195 1324 3228 1393 ἢ
3280 1322 3526 1394 ὕστερον,

1958 1412 2121 1474 αὐτὸς
2145 1411 2332 1480 ὑφέξει
2359 1411 2433 1482 τῷ
2462 1412 2580 1482 Θεῷ
2616 1413 2772 1480 λόγον
2806 1415 2862 1465 ἐν
2892 1414 3076 1484 ἡμέρᾳ
3101 1413 3353 1483 κρίσεως.

2041 1590 2104 1640 Ἡ
2153 1589 2252 1659 μὲν
2298 1585 2392 1641 οὖν
2438 1588 2574 1658 πρὸς
2622 1587 2719 1658 τὴν
2765 1585 2992 1656 ἀνόητον
3033 1585 3212 1640 αὐτῶν
3253 1587 3380 1654 περὶ
3433 1586 3526 1639 τοῦ

1959 1677 2050 1730 νοῦ
2078 1678 2234 1742 δόξαν
2275 1677 2521 1739 ἔνστασις
2557 1676 2712 1746 ἡμῶν
2744 1677 2838 1727 καὶ
2870 1674 3160 1737 ἀντίθεσις,
3190 1675 3265 1737 ὡς
3300 1677 3356 1726 ἐν
3393 1675 3525 1745 βρα-

285 1782 614 1848 complectar
642 1821 656 1846 ,
699 1781 774 1833 ita
827 1797 885 1835 se
941 1783 1142 1837 habet:
1185 1761 1486 1837 soli-enim
1523 1782 1668 1846 fere,
1710 1782 1853 1852 quod

1959 1765 2066 1831 χεῖ,
2097 1763 2320 1833 τοιαύτη
2365 1763 2458 1815 καὶ
2500 1762 2671 1825 οῦτως
2709 1761 2940 1831 ἔχουσα’
2990 1764 3140 1832 μόνοι
3187 1761 3296 1834 γάρ
3344 1764 3526 1833 σχεδὸν

285 1872 606 1938 proﬁtentur
625 1910 640 1933 ,
677 1870 776 1924 hoc
804 1872 968 1924 etiam
997 1887 1182 1926 revera
1216 1863 1528 1940 patiuntur,
1573 1873 1642 1925 ob
1671 1887 1856 1926 amen-

283 1964 412 2014 tiam
463 1963 717 2016 nimiru’m
751 1973 982 2017 mentem
1035 1964 1510 2018 circumcidentes.
1545 1963 1623 2018 Ne
1674 1973 1852 2018 autem

283 2067 383 2107 nos
413 2055 515 2106 hoc
559 2055 779 2108 nomine
808 2065 1096 2118 accusent,
1139 2055 1283 2124 quod
1322 2055 1502 2109 Vitalii
1548 2055 1646 2109 viri
1695 2056 1854 2110 nobis

285 2141 596 2195 charissimi
630 2141 824 2204 ﬁdem,
875 2157 1038 2210 quam
1058 2183 1072 2208 ,
1126 2144 1198 2196 ita
1225 2145 1535 2212 postulante
1565 2145 1722 2199 beato
1752 2144 1854 2197 Da-

291 2246 462 2293 maso,
494 2230 680 2285 Romae
711 2233 968 2301 episcopo
992 2272 1007 2295 ,
1047 2233 1238 2288 litteris
1269 2235 1638 2303 consignatam
1663 2235 1851 2299 edidit,

291 2321 442 2388 prius
505 2321 723 2388 quidem
770 2323 1220 2389 probaverimus,
1294 2339 1440 2376 nunc
1506 2339 1634 2377 vero
1691 2339 1854 2394 repu-

285 2409 495 2462 diemus
523 2448 537 2470 ,
574 2409 641 2461 de
691 2409 791 2461 hac
824 2423 1040 2476 quoque
1078 2425 1135 2462 re
1165 2425 1334 2478 pauca
1371 2411 1724 2465 disseremus.
1758 2412 1850 2467 Isti

285 2501 457 2560 enim,
495 2514 618 2552 cum
653 2499 795 2567 apud
828 2499 962 2553 ﬁdos
1015 2515 1146 2554 suos
1194 2501 1494 2570 discipulos
1536 2511 1589 2555 et
1619 2519 1851 2556 arcano-

287 2605 404 2642 rum
435 2589 722 2652 conscios,
754 2590 1213 2659 quemadmodum
1249 2591 1554 2655 Manicluei,
1584 2593 1728 2662 apud
1757 2609 1851 2648 eos

285 2696 422 2749 quos
451 2681 652 2734 eluetos
683 2689 879 2733 vocant
906 2721 920 2741 ,
955 2682 1021 2735 de
1070 2683 1356 2737 divinitate
1411 2683 1727 2754 disputant,
1768 2693 1852 2739 to-

287 2782 402 2825 tum
443 2789 600 2827 suum
651 2772 902 2825 morbqu
936 2771 1274 2842 detegentes,
1313 2775 1396 2827 vix
1432 2775 1592 2828 etiam
1630 2790 1848 2830 carnem

287 2861 557 2918 Salvatori
613 2863 881 2917 tribuunt.
929 2863 1062 2916 Cum
1114 2872 1294 2918 autem
1353 2867 1732 2920 communibus
1785 2867 1851 2922 dc

290 2953 644 3007 humanitatis
675 2953 1051 3022 assumptione
1084 2955 1389 3016 sententiis,
1425 2970 1562 3024 quas
1602 2955 1850 3026 Scriptu-

291 3061 350 3097 ra
401 3045 660 3107 exhibet,
725 3046 1127 3098 convincuntur
1183 3061 1245 3099 ac
1309 3055 1673 3114 premuntur,
1734 3048 1850 3118 pias

287 3137 506 3204 quidem
549 3137 816 3190 dictiones
851 3136 1200 3199 conﬁtentur,
1236 3153 1424 3190 verum
1457 3139 1601 3191 circa
1632 3154 1852 3193 sensum

287 3238 342 3281 et
383 3228 790 3296 intelligentiam
839 3227 992 3282 dolos
1045 3236 1268 3282 nectunt
1297 3266 1312 3290 ,
1345 3243 1448 3281 non
1481 3229 1696 3297 quidem
1733 3231 1853 3283 ani-

289 3337 409 3383 nne,
445 3337 544 3374 nec
573 3320 798 3374 rationis
834 3334 897 3372 ac
925 3319 1124 3374 mentis
1165 3327 1440 3388 expertem
1482 3335 1580 3373 nec
1612 3319 1856 3388 imperfe-

288 3421 436 3464 ctum
460 3411 567 3480 95
599 3410 870 3465 hominem
893 3410 1244 3465 conﬁtentes:
1271 3418 1526 3465 caeterum
1560 3413 1773 3476 animaz,
1802 3420 1855 3466 et

289 3503 556 3563 rationis,
613 3516 676 3554 ac
714 3502 914 3555 mentis
949 3502 1068 3555 loco
1117 3502 1456 3556 divinitatem
1513 3501 1853 3570 inducentes,

289 3591 516 3661 perinde
553 3601 716 3660 atque
751 3591 867 3660 ipsa
924 3593 1038 3646 sola
1075 3607 1198 3644 cum
1249 3607 1414 3645 carne
1461 3600 1755 3661 temperata
1802 3601 1855 3646 et

288 3682 541 3751 copulata
583 3679 781 3743 fuerit,
815 3688 869 3732 at
909 3695 1017 3734 non
1055 3680 1216 3734 etiam
1253 3681 1501 3734 humanm
1525 3691 1726 3736 nostrae
1769 3698 1855 3738 res

289 3779 344 3825 et
384 3771 778 3840 proprietates;
824 3771 1038 3824 etiamsi
1074 3771 1164 3824 illa
1214 3771 1280 3824 ab
1318 3771 1466 3825 omni
1501 3781 1724 3841 peccato
1756 3789 1858 3844 pu-

288 3864 423 3917 ritas
479 3863 712 3915 humana
752 3862 1065 3916 conditione
1121 3861 1408 3917 sublimior
1439 3872 1618 3930 esset,
1669 3879 1733 3920 ac
1771 3866 1855 3920 vi—

289 3956 552 4008 tiosarum
580 3963 888 4008 nostrarum
916 3955 1258 4010 aﬁ‘ectionum
1286 3957 1574 4028 expiatrix.

361 4112 472 4182 (9'7)
515 4113 650 4179 Ἔχε
705 4112 1109 4182 κοινωνικούς.
1169 4111 1449 4182 Combef.:
1510 4112 1576 4167 In
1622 4129 1858 4169 commu-

289 4181 444 4234 nione
473 4182 621 4243 habe,
653 4182 763 4232 illis
794 4181 1152 4250 communione
1190 4181 1430 4250 jungere.

361 4250 470 4319 (98)
504 4253 566 4319 Ὦ
590 4247 1162 4319 δογματιῒουσιφρηιιιι
1181 4247 1339 4319 Βοίῧ.
1371 4252 1423 4314 5,
1449 4251 1502 4311 6,
1538 4251 1592 4311 9,
1621 4265 1672 4313 a,
1702 4251 1855 4305 Mon-

289 4316 395 4372 tac.
436 4316 496 4370 ac
524 4317 706 4370 Morel.
751 4318 982 4385 legitque
1014 4316 1130 4385 Bill.
1177 4318 1232 4370 In
1259 4319 1389 4371 edit.
1427 4319 1456 4370 ὅ
1489 4319 1660 4372 deest.

365 4387 473 4455 (99)
511 4384 826 4438 Οὺτταλίοὺ
855 4385 1081 4455 πίστιν.
1112 4384 1364 4448 Vitalius,
1409 4390 1690 4442 honestate
1727 4388 1852 4441 vitae

1959 1853 1988 1905 ὃ
2025 1853 2440 1923 δογματίζουσιν
2482 1853 2614 1920 (98),
2658 1853 2825 1915 ὅντως
2867 1853 2959 1904 καὶ
3000 1853 3328 1922 πάσχουσιν,
3371 1855 3526 1926 ἀνοίᾳ

1958 1945 2050 1996 τὸν
2096 1943 2220 1997 νοῦν
2267 1945 2710 2015 περικόπτοντες.
2764 1946 2880 1997 Ἵνα
2917 1945 2973 1997 δὲ
3027 1945 3100 2016 μὴ
3153 1946 3524 2015 κατηγορῶσιν

1959 2034 2116 2106 ἡμῶν
2149 2037 2226 2099 ὼς
2258 2037 2355 2105 τὴν
2386 2035 2482 2088 τοῦ
2528 2034 2811 2106 ἀγαπητοῦ
2853 2036 3135 2088 Οὺῖταλίου
3176 2037 3356 2088 πίστιν
3391 2037 3522 2106 (99),

1961 2129 2028 2198 ἢν
2065 2127 2386 2198 ἀπαιτηθεὶς
2428 2127 2532 2180 ὑπὸ
2563 2127 2656 2180 τοῦ
2701 2129 2969 2199 μακαρίου
2999 2130 3254 2198 Δαμάσου
3297 2130 3390 2181 τοῦ
3427 2130 3525 2199 τῆς

1970 2218 2190 2290 Ῥώμης
2223 2220 2543 2281 ἐπισκόπου,
2593 2219 2868 2289 ἔγγραφον
2904 2219 3214 2283 ἐπιδέδωκε,
3264 2223 3524 2292 πρότερον

1962 2311 2060 2380 μὲν
2100 2311 2544 2380 ἀποδεχομένων,
2589 2310 2684 2362 νῦν
2735 2310 2791 2362 δὲ
2837 2311 3236 2380 ἁναινομένων,
3273 2313 3363 2363 καὶ
3397 2314 3525 2382 περὶ

1957 2399 2144 2451 τούτου
2196 2399 2400 2470 βραχέα
2448 2399 2795 2469 δηλώσωμεν.
2839 2397 2997 2452 Οῦτοι
3060 2399 3167 2470 γάρ
3219 2401 3379 2471 ἡνίκα
3425 2403 3524 2471 μὲν

1957 2492 2023 2544 ἂν
2067 2496 2178 2554 τοῖς
2211 2493 2452 2562 γνησίοις
2496 2477 2675 2544 αὐτῶν
2702 2492 2778 2562 (1)
2818 2493 3117 2562 μαθηταῖς,
3154 2493 3247 2546 καὶ
3296 2493 3526 2564 μύσταις

1955 2582 2063 2634 τῶν
2109 2584 2433 2654 ἀπορρήτων
2483 2582 2801 2650 θεολογῶσιν
2829 2623 2842 2646 ,
2901 2583 3088 2654 ὥσπερ
3135 2585 3184 2635 οἱ
3235 2586 3523 2654 Μανιχαῖοι

1956 2679 2067 2736 τοῖς
2107 2675 2380 2738 ἐκλεκτοῖς
2428 2674 2736 2744 λεγομένοις
2769 2675 2843 2745 (2)
2867 2716 2882 2742 ,
2932 2675 3060 2747 ὅλην
3093 2676 3188 2747 τὴν
3226 2677 3376 2729 νόσον
3427 2679 3525 2730 αὑ-

1955 2768 2059 2820 τῶν
2093 2767 2168 2838 (ὅ)
2203 2767 2666 2832 ὲκκαλύπτοντες,
2729 2769 2878 2837 μόλις
2931 2770 3024 2821 καὶ
3070 2771 3166 2840 τὴν
3221 2771 3396 2840 σάρκα
3447 2769 3523 2840 τῷ

1956 2863 2169 2932 Σωτῆρι
2206 2861 2456 2914 διδόασιν.
2505 2863 2672 2915 Ὀταν
2712 2862 2767 2916 δὲ
2817 2867 2937 2928 ταῖς
2986 2867 3191 2927 κοιναῖς
3227 2864 3524 2934 ὑπολήψεσι

1958 2956 2086 3027 περὶ
2125 2955 2225 3024 τῆς
2258 2955 2739 3025 ὲνανθρωπήσεως,
2766 2955 2831 3019 ἃς
2871 2957 2904 3026 ὴ
2943 2955 3134 3025 Γραιιιὴ
3175 2957 3520 3026 παρίστησιν,

1959 3047 2284 3116 ἐλέγχωνται
2318 3048 2412 3100 καὶ
2438 3047 2751 3111 πιέζωνται,
2787 3047 2886 3110 τὰς
2929 3048 3026 3117 μὲν
3069 3049 3308 3110 εὐσεϐεῖς
3349 3047 3522 3114 λέξεις

1955 3136 2296 3206 ὁμολογοῦσι,
2332 3138 2461 3207 περὶ
2498 3137 2554 3188 δὲ
2584 3138 2674 3190 τὸν
2707 3137 2832 3190 νοῦν
2875 3139 3274 3210 κακουργοῦσιν
3297 3141 3395 3209 (4),
3427 3140 3522 3193 οὐκ

1956 3228 2158 3298 ἄψυχον
2200 3229 2330 3297 μὲν,
2368 3229 2487 3280 οὐδὲ
2526 3229 2751 3296 ἄλογον,
2802 3230 2923 3282 οὐδὲ
2977 3232 3166 3294 ἄνουν,
3209 3232 3329 3284 οὐδὲ
3361 3232 3521 3302 ἀτελῆ

1955 3319 2344 3389 ὁμολογοῦντες
2387 3319 2480 3372 τὸν
2528 3320 2808 3390 ἄνθρωπον
2835 3361 2848 3384 ,
2890 3321 3065 3392 ψυχὴν
3111 3323 3167 3375 δὲ
3218 3324 3312 3375 καὶ
3340 3323 3518 3389 λόγον,

1957 3411 2053 3464 καὶ
2084 3410 2230 3472 νοῦν,
2260 3411 2428 3482 αὐτὴν
2481 3411 2791 3479 εἰσάγοντες
2825 3411 2921 3482 τὴν
2947 3412 3202 3483 θεότητα,
3243 3413 3317 3476 ὼς
3358 3413 3521 3482 αὐτῆς

1955 3504 2020 3572 τῇ
2055 3501 2218 3572 σαρκὶ
2245 3501 2641 3573 συγκραθείσης
2685 3502 2870 3573 μόνης,
2901 3503 3013 3555 ἀλλ’
3044 3504 3165 3572 οὐχὶ
3187 3504 3261 3575 (5)
3294 3505 3385 3557 καὶ
3417 3504 3520 3557 τῶιν

1956 3597 2239 3667 ἡμετέρων
2275 3598 2368 3650 καὶ
2406 3595 2782 3668 ἀνθρωπίνων,
2826 3599 2873 3648 εί
2922 3597 3014 3650 καὶ
3041 3597 3102 3649 τὸ
3145 3597 3520 3668 ἀναμάρτητον

1957 3691 2203 3756 κρεῖττον
2230 3687 2262 3756 ἢ
2303 3689 2423 3742 καθ’
2457 3691 2490 3758 ὴ
2502 3689 2606 3758 μᾶς
2643 3683 2732 3758 ἦν,
2760 3687 2856 3740 καὶ
2885 3688 2993 3741 τῶν
3024 3689 3305 3759 ἡμετέρων
3340 3690 3522 3745 παθῶν

1958 3778 2274 3849 καθάρσιον.

1957 4109 2104 4163 bere.
2135 4110 2463 4171 Auditorem,
2492 4108 2559 4162 de
2588 4107 2870 4160 Victorino
2896 4107 3228 4168 snhdiacono
3258 4109 3520 4178 loquitur,

1955 4195 2082 4232 sane
2111 4178 2526 4232 Municha’orum
2552 4215 2566 4238 ,
2600 4194 2703 4228 non
2749 4178 2964 4230 electum
3000 4195 3054 4229 se
3098 4194 3210 4230 esse
3254 4181 3522 4244 confessus

1954 4257 2053 4299 est.
2089 4249 2370 4299 Auditores
2403 4256 2575 4297 autem
2607 4245 2694 4311 qui
2750 4245 3085 4312 appellantur
3123 4249 3260 4312 apud
3300 4264 3386 4299 eos
3409 4287 3422 4307 ,
3474 4261 3521 4300 et

1955 4316 2198 4367 carnibus
2241 4325 2536 4377 vescuntur,
2567 4323 2613 4364 et
2646 4329 2800 4381 agros
2840 4318 3036 4374 colunt,
3068 4326 3115 4366 et
3153 4317 3200 4365 si
3233 4317 3514 4380 voluerint,

1957 4398 2145 4437 uxores
2186 4384 2413 4444 habent,
2461 4397 2679 4452 quorum
2713 4382 2844 4434 nihil
2903 4383 3102 4448 faciunt
3141 4385 3229 4452 qui
3271 4399 3524 4439 vocantur

290 4445 618 4523 conspicuus
659 4462 714 4508 et
762 4454 1181 4525 apostolicorum
1219 4445 1529 4524 dogmatum
1574 4456 1846 4520 alumnus,
1883 4445 1924 4498 Ῑ)
1953 4453 2117 4504 electi.
2162 4452 2263 4507 Sed
2304 4455 2403 4520 ipsi
2435 4445 2701 4525 auditores
2739 4461 2858 4525 ante
2903 4445 3091 4505 electos
3135 4445 3302 4522 ~deum;
3331 4459 3520 4525 ﬁgunt,

292 4526 361 4579 ab
390 4522 730 4596 Apollinario
769 4522 984 4596 tan_d_etu
1014 4522 1312 4596 correptus
1332 4534 1415 4578 est
1446 4533 1626 4596 atque,
1645 4525 1847 4596 inultae-

294 4590 460 4650 resini
499 4601 821 4662 pertractus.
846 4590 1298 4664 Theodoret.’lib.
1329 4609 1393 4655 v,
1445 4590 1567 4664 cap.
1605 4595 1657 4646 4.
1694 4593 1851 4648 Hunc

291 4661 658 4734 Apollinarius
692 4661 1050 4734 sectatoribus
1097 4663 1210 4734 suis
1254 4661 1554 4734 Antiochiae
1589 4664 1847 4732 prwl‘ecit.

292 4730 516 4803 Niceplt.
549 4735 641 4787 lib.
667 4748 762 4794 xu,
799 4730 978 4803 cap._4
1004 4769 1016 4792 ,
1054 4733 1146 4799 qui
1178 4741 1231 4785 et
1273 4732 1418 4786 illius
1459 4730 1621 4802 supra
1665 4736 1852 4803 memi-

292 4800 445 4858 nerat
485 4804 576 4859 lib.
619 4819 670 4856 xu
699 4841 712 4864 ,
750 4815 869 4870 cap.
899 4800 964 4854 12
990 4841 1004 4862 ,
1041 4802 1128 4854 ubi
1170 4811 1223 4854 et
1267 4800 1683 4870 Apollinaristas
1713 4802 1854 4858 Vita-

295 4875 469 4928 liauos
511 4875 687 4926 dictos
736 4871 803 4924 ab
839 4871 1192 4924 Antiocltenis
1239 4872 1452 4924 scribit.
1487 4872 1620 4926 Cum
1657 4871 1852 4926 Vitalio

294 4945 400 4997 isto
455 4959 514 4997 se
560 4941 861 4995 Antiochiae
911 4955 1304 5005 congressum,
1352 4952 1513 5004 atque
1572 4943 1738 4994 multa
1787 4945 1853 4996 de

294 5012 716 5134 pilentaalhristi
767 5012 1091 5064 disseruisse
1149 5011 1337 5064 scribit
1389 5010 1604 5080 Epiph.,
1641 5013 1731 5064 lib.
1769 5028 1848 5065 ιιι.

343 5097 417 5134 ιῑδο
487 5099 496 5132 ι
547 5120 559 5131 .

321 5081 417 5134 hec
442 5081 559 5132 Bill.

367 5151 440 5218 (Ι)
469 5147 996 5218 Γνησίοις-αὺτῶν.
1034 5147 1184 5202 Coll).
1227 5149 1278 5208 5,
1319 5149 1557 5218 γνησίοις
1593 5150 1817 5203 ἑαυτῶν.

366 5216 441 5287 (2)
493 5216 825 5288 Ἑκλεκτοῖς
873 5218 1234 5288 λεγομένοις.
1281 5216 1510 5288 August.
1555 5220 1609 5272 in
1651 5220 1744 5273 lib.
1778 5221 1854 5275 De

291 5287 576 5342 hmresibus
642 5286 706 5339 ad
746 5286 1210 5348 Quodvultdeum,
1279 5286 1470 5343 literes.
1513 5304 1669 5351 XLVI,
1720 5298 1851 5343 tom.

293 5357 425 5420 Vlll,
469 5373 585 5425 pag.
632 5356 716 5415 Μ,
755 5355 1079 5410 Manichazos
1111 5359 1397 5411 ecclesiam
1430 5375 1584 5412 suam
1616 5360 1856 5414 voluisse

292 5438 546 5482 constare
579 5427 790 5480 duabus
825 5425 1274 5490 professionibus,
1319 5428 1628 5481 auditormn
1663 5437 1717 5482 et
1748 5430 1854 5482 ele-

291 5495 753 5560 ctorum,scribit.
788 5491 858 5546 Ut
888 5502 1064 5565 autem
1107 5495 1397 5564 intelligas,
1431 5499 1505 5549 ait
1540 5495 1682 5554 Bili..
1715 5514 1853 5565 quos

293 5568 497 5621 electos
527 5604 541 5627 ,
603 5578 849 5633 quosque
903 5563 1179 5633 auditores
1207 5631 1217 5633 _
1247 5563 1508 5618 vecareut
1549 5563 1849 5629 Manichazi,

299 5652 477 5704 Opera:
502 5631 733 5704 pretium,
754 5633 857 5704 erit
884 5632 1045 5704 verba
1069 5631 1308 5704 ejusdem
1336 5635 1560 5702 August.
1596 5651 1655 5688 ex
1688 5637 1849 5704 epist.

302 5700 444 5761 nunc
504 5700 613 5760 ’256
673 5703 738 5757 ad
789 5700 1099 5756 Deutcrium
1146 5700 1459 5770 cpiscOpum
1529 5704 1614 5756 hic
1673 5700 1853 5760 .aScri~

1950 4531 2005 4573 ut
2057 4524 2132 4574 eis
2179 4539 2364 4574 manus
2412 4519 2732 4589 supplicibus
2785 4519 3275 4588 imponatur,'uon
3325 4519 3520 4580 u'solis

1950 4593 2241 4659 episcopis.
2287 4592 2364 4644 vel
2393 4591 2730 4659 presbyteris,
2773 4601 2862 4643 aut
2900 4591 3134 4646 diacouis
3164 4610 3342 4646 eorum
3365 4635 3378 4656 ,
3432 4597 3522 4649 sed

1951 4677 1982 4711 a
2013 4658 2325 4729 quibuslibet
2357 4658 2562 4714 electis.
2589 4658 2762 4714 Solem
2809 4662 2972 4715 etiam
3016 4673 3063 4715 et
3096 4663 3274 4716 (uitam
3301 4681 3414 4716 cum
3446 4668 3520 4720 eis

1951 4731 2176 4801 adorant
2203 4742 2250 4785 et
2285 4740 2460 4801 orant.
2497 4729 2590 4782 Die
2605 4747 2815 4801 quoque
2838 4730 3112 4785 Dominico
3128 4733 3376 4801 jejunant
3403 4752 3519 4788 cum

1951 4800 2092 4865 illis,
2134 4814 2182 4856 et
2225 4817 2400 4855 omnes
2442 4799 2792 4868 blasphemia:
2844 4802 3058 4854 credunt
3086 4844 3100 4864 ,
3132 4799 3236 4856 etc.
3291 4804 3413 4858 llaec
3446 4806 3517 4858 ibi

1953 4871 2183 4940 August.
2206 4870 2516 4925 Elector-um
2543 4870 2991 4938 etiam‘ipsorum,
3019 4879 3074 4926 ut
3105 4882 3157 4927 et
3183 4874 3514 4937 auditorum,

1953 4939 2196 4995 meminit
2261 4941 2588 4997 Posidonius
2643 4939 2981 4995 Calamensis
3030 4943 3084 4996 in
3139 4943 3234 4997 lib.
3277 4943 3353 4996 De
3401 4943 3516 4998 Vita

1954 5009 2173 5078 August.
2187 5052 2200 5074 ,
2227 5027 2346 5080 cap.
2382 5009 2468 5063 16.

2025 5077 2099 5144 t5)
2132 5077 2332 5134 [Vde-oi-
2358 5077 2572 5131 αὐτῶν.
2603 5077 2677 5130 Ita
2709 5077 2941 5132 Montac.
2976 5087 3029 5133 et
3064 5078 3250 5134 Morel.
3291 5080 3348 5134 ln
3380 5082 3512 5136 edit.

1953 5149 2104 5268 2;di
2156 5152 2371 5214 αὐτοῖς,
2423 5151 2692 5218 vertitque
2724 5147 2880 5202 ΒΗΙά
2915 5153 3096 5203 Totum
3148 5151 3383 5204 morbum
3419 5154 3516 5219 ipsi

1990 5227 2260 5268 eleaenles.

1990 5227 2260 5286 elrgenles.

2025 5289 2100 5356 (4)
2127 5290 2262 5355 Περὶ
2294 5288 2361 5340 δὲ
2393 5287 2499 5340 τὸν
2523 5286 2674 5339 γοῦν
2699 5287 3099 5356 κακοιφγοῦσι
3146 5289 3391 5344 Combef.
3428 5291 3514 5344 in-

1955 5363 2391 5425 terpretationem
2423 5356 2728 5426 sequimur:
2757 5369 2992 5412 verterat
3017 5359 3156 5412 Bil|.:
3184 5360 3342 5413 Circa
3369 5377 3512 5413 men-

1956 5437 2054 5479 tem
2083 5428 2260 5480 dolum
2291 5437 2519 5481 struunt.

2027 5497 2099 5563 (5)
2141 5498 2291 5551 Ἀλλ’
2325 5498 2481 5565 οὐχί,
2514 5506 2619 5551 etc.
2651 5497 2932 5552 Combei.:
2966 5497 3042 5550 Ac
3085 5515 3184 5550 non
3215 5499 3372 5551 etiam
3401 5513 3516 5562 quis

1955 5577 2136 5619 nostra
2160 5577 2279 5690 alunt
2303 5577 2457 5636 atque
2476 5566 2705 5621 humana
2728 5568 2891 5622 eidem
2915 5579 3299 5637 contemperuta
3323 5569 3518 5636 fuerint

1955 5645 2002 5688 et
2035 5651 2164 5690 couu
2192 5646 2300 5690 uta.

1954 5645 2002 5688 et
2035 5645 2300 5705 copulata.
