4024 6206
461 292 565 348 109

1695 295 1752 350 S.
1790 292 2122 349 CREGORII
2162 290 2506 348 TIIEOLOGI

3628 297 3732 354 200

457 407 641 463 dinem
678 407 962 464 hominum
1007 407 1350 465 Salvatorem
1379 411 1591 466 factum
1626 427 1781 475 esse.
1840 422 1896 467 et
1949 413 2034 466 ha-

2153 411 2351 480 μένου,
2409 410 2710 478 φαντασίας
2762 411 2822 465 δέ
2869 429 3016 476 τινος
3071 413 3358 484 ἀπατηλῆς
3417 415 3514 469 καὶ
3567 413 3730 485 δοκή-

456 498 573 554 bitu
611 499 892 553 inventum
934 510 995 555 ut
1035 501 1347 556 hominem:
1401 504 1559 573 quasi
1598 504 1686 560 bis
1719 505 1902 560 verbis
1933 521 2042 559 non

458 591 700 646 humana
760 591 935 648 forma
1003 594 1383 666 signiﬁcetur,
1425 597 1518 651 sed
1579 595 1744 650 fallax
1794 597 2043 666 quzedam

458 685 672 753 species
699 693 754 740 et
787 685 998 755 Opinio.

529 775 798 842 Quoniam
831 778 999 848 igitur
1042 795 1120 833 ea:
1148 793 1310 833 voces
1331 818 1346 840 ,
1383 778 1427 833 si
1463 788 1612 834 recte
1639 779 2038 850 intelligantur,

457 881 584 921 cum
626 868 829 938 pietate
879 869 1189 936 conjuncta:
1241 877 1404 935 sunt;
1462 872 1506 926 si
1558 886 1842 940 perperam
1875 887 2044 940 expo-

457 968 680 1022 nantur.
721 959 1000 1027 impietate
1042 977 1148 1014 non
1176 970 1388 1024 carent,
1427 962 1557 1031 quid
1604 964 1824 1023 mirum,
1864 963 1910 1016 si
1949 961 2043 1016 Vi-

456 1050 572 1103 talii
600 1065 820 1120 quoque
849 1053 1010 1104 verba
1042 1067 1145 1104 nos
1173 1051 1418 1120 quidem,
1448 1051 1521 1104 ita
1557 1053 1825 1106 suadente
1848 1053 2042 1106 volnn-

454 1147 596 1204 tate,
630 1141 686 1193 in
742 1141 892 1209 pium
955 1157 1180 1195 sensum
1237 1142 1586 1211 accepimus,
1630 1143 1719 1195 alii
1757 1152 1938 1197 autem
1973 1143 2040 1196 ad

453 1247 667 1294 eorum,
698 1249 820 1302 qua:
861 1234 1064 1302 scripta
1100 1242 1250 1289 sunt.
1283 1243 1519 1288 mentem
1561 1243 1963 1302 exasperantur
1987 1242 2041 1289 et

455 1320 1097 1387 inﬁammantur?Qnml
1142 1322 1306 1376 etiam
1365 1323 1419 1376 in
1471 1337 1638 1376 causa
1686 1323 1856 1378 fuisse
1894 1339 2038 1387 reor,

453 1427 554 1466 cur
587 1413 702 1483 ipse
724 1431 942 1484 quoque
975 1413 1240 1469 Damasus
1264 1459 1277 1475 ,
1305 1431 1428 1468 eum
1464 1422 1651 1484 postea
1680 1415 1882 1469 rectius
1910 1415 2040 1468 edo-

451 1514 575 1559 ctus
607 1505 824 1570 fuisset,
869 1507 1144 1576 simulque
1176 1507 1228 1560 in
1262 1507 1510 1576 pristinis
1544 1523 1638 1560 eos
1685 1507 2040 1576 expositioni-

451 1597 554 1650 bus
584 1605 829 1666 perstare
857 1597 1142 1660 audiisset,
1185 1614 1280 1652 eos
1321 1600 1388 1651 ab
1425 1597 1681 1651 Ecclesia:
1709 1607 1854 1652 cmtu
1887 1599 2041 1652 abdi-

451 1690 627 1753 carit,
681 1688 913 1759 ﬁdeique
959 1690 1197 1744 libellum
1249 1707 1372 1742 cum
1406 1690 1862 1743 anathematismo
1889 1689 2038 1744 dele-

2152 517 2314 567 σεως.

2235 769 2450 838 Ἐπειδὴ
2496 769 2678 822 τοίνυν
2712 784 2768 822 αι
2812 771 2987 838 φωναὶ
3025 764 3183 825 αὗται
3220 771 3362 841 (18),
3396 773 3583 836 ,καλῶς
3632 778 3732 843 μὲν

2150 861 2458 931 νοοῦμεναι,
2501 861 2638 932 μετά
2691 862 2791 931 τῆς
2842 862 3122 926 εὐσεϐείας
3158 863 3286 926 εἰσὶ,
3330 865 3513 927 κακῶς
3548 865 3604 917 δὲ
3647 865 3733 930 ἐξ-

2150 953 2472 1022 ηγούμεναι,
2501 953 2560 1004 τὸ
2591 953 2846 1016 δυσσεϐὲς
2873 954 3075 1023 ἔχουσι,
3110 955 3161 1006 τί
3192 954 3524 1024 θαυμαστὸν,
3554 959 3602 1008 εί
3633 957 3730 1009 καὶ

2147 1045 2275 1107 τοὺς
2322 1046 2606 1099 Οῦῖταλίου
2655 1046 2877 1114 λόγους,
2914 1049 3074 1116 ἡμεῖς
3111 1047 3210 1117 μὲν
3262 1047 3354 1100 ἐπὶ
3408 1049 3470 1100 τὸ
3511 1049 3733 1101 εὐσεϐέ-

2150 1153 2340 1210 στερον
2368 1137 2689 1207 ἐδεξάμεθα,
2723 1137 2868 1190 οὕτω
2896 1138 2990 1191 τοῦ
3031 1138 3206 1192 θέλειν
3244 1139 3540 1203 πείθοντος,
3578 1141 3730 1194 ἄλλοι

2147 1232 2203 1284 δὲ
2241 1231 2379 1300 πρὸς
2427 1232 2520 1284 τὸν
2561 1231 2670 1283 τῶν
2711 1231 3113 1301 γεγραμμένων
3149 1231 3274 1284 νοῦν
3316 1233 3726 1302 ἀγριαίνουσινς

2145 1323 2176 1377 ὅ
2203 1340 2291 1392 μοι
2323 1322 2489 1383 δοκεῖ,
2525 1322 2621 1375 καὶ
2661 1321 2913 1392 Δάμασος
2941 1322 3104 1385 αὐτὸς
3154 1322 3578 1392 μεταδιδαχθεὶς.
3636 1325 3730 1376 καὶ

2147 1409 2265 1480 ἅμα
2292 1411 2595 1481 πυθόμενος
2614 1411 2708 1462 ἐπὶ
2736 1411 2843 1462 τῶν
2872 1411 3154 1481 προτέρων
3184 1411 3366 1480 μένειν
3397 1411 3505 1479 (l9)
3532 1414 3730 1476 αὐτοὺς

2148 1501 2480 1572 ἐξηγήσεων.
2517 1500 2937 1571 ἀποκηρύκτους
2981 1503 3178 1565 αὐτοὺς
3223 1503 3586 1572 πεποιῆσθαι,
3635 1505 3728 1557 καὶ

2146 1594 2207 1646 τὸ
2239 1595 2618 1663 γραμματεῖον
2645 1593 3071 1660 ἀνατετραφέναι
3096 1592 3210 1662 (9.0)
3241 1593 3341 1663 τῆς
3365 1594 3598 1656 πίστεως
3631 1597 3726 1648 σὺν

2146 1683 2604 1755 ἀναθεματισμῷ·
2644 1686 2737 1736 καὶ
2773 1685 2907 1754 πρὸς
2952 1684 3122 1754 αὐτὴν
3159 1685 3258 1754 τὴν
3304 1686 3518 1754 ἀπάτην
3548 1685 3729 1738 αὐτῶν

449 1782 621 1835 verit:
658 1790 772 1834 tum
805 1783 965 1835 etiam
1006 1783 1150 1850 quod
1205 1781 1449 1835 fraudem
1479 1798 1598 1836 eam
1625 1824 1640 1845 ,
1676 1783 1729 1836 in
1759 1798 1920 1852 quam
1950 1798 2034 1852 pet

2147 1777 2503 1848 δυσχεράνας,
2535 1777 2603 1846 ἢν
2629 1775 2831 1829 ἔπαθεν
2853 1776 2912 1840 ὲξ
2945 1775 3265 1846 ἁπλότητος.

449 1871 854 1938 simplicitatem
881 1873 1146 1926 inciderat
1167 1912 1180 1933 ,
1209 1875 1534 1942 permoleste
1566 1872 1751 1927 ferret.

519 1959 722 2014 Harum
786 1962 968 2030 itaque
1019 1977 1203 2015 rerum
1270 1978 1394 2015 eum
1455 1965 1741 2019 manifeste
1797 1965 2034 2018 convicti

447 2060 609 2112 sunt,
657 2066 760 2104 non
793 2051 1164 2122 indignatione
1191 2051 1516 2114 alliciantur,
1553 2053 1644 2106 δραι
1684 2055 1889 2125 pudore
1917 2055 2035 2109 suf-

449 2143 781 2209 fundantur;
815 2159 924 2199 non
953 2144 1252 2200 mendaciis
1281 2161 1382 2199 nos
1432 2146 1712 2199 incessant
1736 2187 1751 2208 ,
1787 2146 1880 2200 sed
1917 2147 2035 2200 ani-

446 2251 565 2289 mos
603 2236 910 2304 deprimant
936 2276 952 2296 ,
1003 2251 1066 2290 ac
1104 2251 1362 2307 magnum
1394 2236 1524 2289 illud
1563 2247 1616 2291 et
1651 2237 2031 2292 admirandum

445 2324 785 2378 orthodosia:
806 2325 1041 2394 elogium
1071 2333 1125 2378 et
1150 2327 1483 2392 praeconium
1523 2342 1588 2379 ex
1629 2328 1825 2380 :edium
1865 2327 2033 2381 vesti-

446 2418 589 2472 bulis
629 2427 944 2487 expnngant
970 2458 985 2480 ,
1031 2433 1142 2487 quo
1183 2418 1514 2487 ingressui-is
1554 2420 1736 2472 statim
1772 2436 1894 2473 eum
1929 2420 2033 2472 hu-

442 2507 681 2576 iusmodi
711 2507 1014 2578 quasstione
1049 2522 1113 2561 ac
1146 2507 1498 2561 distinctione.
1535 2515 1854 2570 occurrunt,
1889 2506 2034 2562 Ado-

445 2599 675 2653 randum
717 2599 970 2654 videlicet
1018 2615 1181 2661 esse,
1237 2613 1345 2653 non
1399 2599 1672 2652 hominem
1732 2599 2032 2666 Deifernm,

445 2691 542 2746 sed
583 2690 748 2745 Deum
785 2690 1136 2745 carniferum.
1173 2689 1293 2757 Quo
1322 2691 1450 2760 quid
1480 2691 1703 2746 stultius
1739 2693 1864 2763 ﬁngi
1901 2707 2031 2762 pos-

446 2784 520 2838 sit
541 2824 556 2847 ,
587 2799 914 2854 magnopere
942 2783 1067 2838 licet
1091 2784 1194 2838 hoc
1227 2784 1444 2839 nomine
1466 2785 1770 2853 glorientur
1800 2785 1921 2839 novi
1955 2785 2031 2839 illi

445 2875 694 2930 veritatis
728 2877 1049 2945 praecones?
1083 2874 1346 2940 Quamvis
1386 2876 1531 2930 enim
1554 2915 1568 2939 ,
1601 2877 1672 2930 ob
1701 2876 2031 2932 inversionis

442 2965 781 3021 celeritatem
808 3005 824 3029 ,
856 2965 1210 3036 sophisticam
1249 2966 1484 3035 aliquam
1535 2967 1764 3038 gratiam
1813 2968 2030 3031 habeat,

443 3066 499 3114 et
529 3058 676 3112 velut
715 3058 769 3112 in
809 3058 1146 3112 calculorum
1176 3057 1563 3124 subductione,
1603 3059 2030 3115 ludiﬁcationem

442 3153 757 3225 quamdam.
799 3153 1174 3222 imperitorum
1207 3153 1421 3207 animos
1451 3153 1816 3207 obiectantem
1845 3171 1859 3208 :
1895 3154 2030 3208 nihil
2057 3119 2101 3174 c

443 3258 625 3302 tamen
663 3262 817 3316 atque
847 3246 1173 3310 ridiculum,
1218 3245 1356 3299 nihil
1395 3245 1803 3321 mque_stultum
1835 3252 1888 3301 ct
1922 3255 2036 3301 sto-

444 3340 614 3393 lidnm
635 3339 932 3409 excogitari
960 3347 1160 3408 potest.
1204 3335 1338 3390 Nam
1378 3336 1424 3391 si
1459 3339 1584 3407 quis
1615 3338 1902 3393 immutate
1930 3339 2034 3392 hoc

443 3433 748 3492 vocabulo,
802 3430 981 3493 homo,
1013 3439 1178 3498 atque
1231 3430 1358 3485 item
1393 3430 1500 3484 hac
1550 3444 1720 3495 voce,
1771 3447 1927 3494 caro,
1981 3431 2034 3484 in

444 3522 613 3575 Deum
665 3524 936 3591 (quorum
995 3521 1204 3575 scilicet
1258 3521 1492 3575 alterum
1540 3521 1744 3584 nobis,
1803 3522 2033 3578 alterum

445 3612 582 3682 ipsis
609 3612 842 3682 placetl,
877 3623 1066 3683 postea
1101 3612 1297 3667 eximia
1334 3615 1439 3666 ista
1467 3622 1518 3667 et
1547 3613 1812 3667 divinitus
1845 3613 2035 3684 cogni-

443 3713 498 3758 ta
532 3705 841 3759 inversione
879 3712 1086 3770 utatur,
1120 3706 1250 3775 quid
1277 3705 1642 3760 conﬁcietnr?
1669 3721 1861 3775 nempe
1900 3706 2033 3760 ado-

444 3798 554 3850 rari
589 3795 788 3850 debere
812 3837 828 3860 ,
875 3811 984 3850 non
1025 3813 1246 3850 carnem
1277 3796 1541 3851 deiferam
1569 3838 1585 3861 ,
1613 3795 1708 3852 sed
1735 3796 1903 3852 Deum
1929 3797 2033 3851 bo-

440 3887 777 3945 minil‘ernm.
809 3889 854 3945 Ο
883 3890 1158 3960 ingentem
1184 3890 1616 3944 absurditatem!
1651 3890 2030 3945 absconditam

441 3987 559 4050 post
575 3977 682 4048 97
696 3978 972 4034 Christum
986 3981 1307 4050 sapientiam
1325 3981 1486 4036 hodie
1499 3981 1657 4034 nobis
1671 3980 2028 4036 annunliant:

442 4070 493 4122 ill
521 4071 663 4140 quod
697 4087 829 4126 sane
864 4072 1122 4143 lacrymis
1163 4073 1386 4144 dignum
1417 4083 1523 4128 est.
1561 4071 1694 4126 Nam
1719 4075 1763 4129 si
1805 4075 2030 4145 triginta

440 4161 707 4214 duntaxat
747 4163 946 4217 abhinc
978 4165 1136 4218 annis
1167 4164 1304 4219 ﬁdes
1336 4165 1551 4220 initium
1592 4166 1858 4236 sumpsit,
1904 4181 2029 4220 cum

441 4251 823 4321 quadringenti
847 4253 959 4321 jam
987 4253 1099 4307 fere
1126 4255 1252 4307 anni
1292 4255 1549 4311 ﬁnxerint
1574 4273 1602 4309 a
1635 4272 1743 4326 quo
1773 4257 2030 4312 Christus

441 4341 825 4398 manifestatus
853 4354 978 4408 est,
1015 4345 1178 4400 inane
1211 4347 1398 4415 utique
1431 4354 1584 4401 tanto
1631 4358 1876 4417 tempore
1927 4347 2028 4400 fuit

2214 1955 2381 2008 Ταῦτ’
2415 1953 2508 2009 οὖν
2555 1955 2906 2026 ὲληλεγμένοι
2949 1957 3158 2024 σαφῶς,
3207 1957 3280 2028 μὴ
3328 1956 3728 2026 χαλεπαινέτω-

2147 2065 2266 2112 σαν,
2310 2049 2426 2101 ἀλλ’
2473 2048 2955 2122 ἐντρεπέσθωσαν,
2991 2049 3127 2118 μηδὲ
3179 2049 3722 2117 καταψευδέσθωσαν,

2140 2143 2277 2197 ἀλλὰ
2312 2143 2785 2196 συστελλέσθωσαν
2809 2183 2823 2205 ,
2861 2143 2956 2196 καὶ
3001 2143 3109 2194 τῶν
3157 2140 3415 2195 πυλώνων
3446 2141 3724 2212 ἐξαλειφέ-

2138 2251 2319 2286 τωσαν
2373 2234 2434 2286 τὸ
2487 2233 2630 2304 μέγα
2670 2235 2762 2286 καὶ
2817 2233 3130 2304 θαυμαστὸν
3175 2233 3352 2286 αὐτῶν
3400 2237 3575 2286 έκεῖνο
3609 2233 3725 2304 (ει)

2142 2327 2488 2398 πρόγραμμὰ
2531 2343 2590 2378 τε
2623 2327 2719 2378 καὶ
2760 2326 3018 2395 κήρυγμα
3057 2325 3158 2394 τῆς
3195 2323 3534 2394 ὀρθοδοξίας,
3585 2324 3724 2393 μετὰ

2139 2418 2453 2488 ζητήματος
2480 2416 2642 2479 εὐθὺς
2683 2416 3035 2478 ἀπαντῶντες
3063 2418 3174 2478 τοῖς
3204 2416 3432 2468 εἰσιοῦσι
3476 2415 3570 2468 καὶ
3609 2415 3726 2468 δια-

2141 2509 2411 2582 κρίσεως,
2461 2509 2522 2561 τὸ
2568 2508 2678 2561 δεῖν
2713 2512 3039 2580 προσκυνεῖν
3083 2510 3156 2581 μὴ
3204 2508 3490 2580 ἄνθρωπον
3537 2509 3727 2578 θεοφό-

2140 2618 2268 2673 ρον,
2306 2599 2442 2653 ἀλλά
2482 2599 2614 2651 Θεὸν
2661 2599 3018 2671 σαρκοφόρον.
3067 2594 3140 2653 Οῦ
3180 2599 3232 2652 τί
3265 2599 3376 2669 (29.)
3421 2597 3616 2666 γένοιτ’
3656 2598 3724 2652 ἂν

2139 2692 2500 2764 ἀλογώτερον,
2539 2691 2644 2745 κᾶν
2677 2691 2754 2762 τῷ
2789 2692 2996 2762 ῥήματι
3045 2691 3220 2762 τούτῳ
3258 2691 3398 2762 μέγα
3428 2690 3539 2761 (25)
3586 2709 3722 2762 (ppo-

2138 2784 2303 2838 νῶσιν
2329 2785 2378 2835 οἱ
2418 2782 2527 2836 νέοι
2551 2782 2652 2851 τῆς
2695 2780 2950 2852 ἀληθείας
2985 2781 3262 2852 κήρυκες;
3296 2781 3454 2851 χάριν
3484 2781 3582 2851 μὲν
3615 2781 3725 2853 γὰρ

2137 2875 2250 2948 ἔχει
2278 2875 2402 2928 τινὰ
2431 2873 2749 2944 σοφιστικὴν
2783 2873 2860 2943 τῷ
2886 2873 3044 2943 τάχει
3079 2873 3181 2943 τῆς
3209 2873 3591 2944 ἀντιστροφῆς,
3631 2873 3725 2926 καὶ

2138 2968 2515 3039 ψηφολογικὴν
2558 2965 2876 3038 τερατείαν,
2915 2967 3044 3028 τοὺς
3088 2965 3443 3028 ἀπαιδεύτους
3492 2965 3726 3037 τέρπου-

2140 3079 2238 3115 σαν
2264 3079 2277 3092 ·
2310 3061 2503 3114 ἔστιδὲ
2523 3059 2632 3112 τῶν
2663 3059 2886 3128 γελοίων
2915 3057 3273 3130 γελοιότερον,
3305 3059 3398 3112 καὶ
3421 3057 3528 3110 τῶν
3554 3059 3719 3110 ἀσυν-

2135 3152 2272 3206 έτων
2325 3151 2748 3222 ἀσυνετώτερον.
2799 3151 2862 3204 El
2912 3151 3023 3221 γάρ
3078 3167 3163 3213 τις
3212 3148 3533 3220 μεταϐαλὼν
3583 3149 3717 3220 τὴν,

2135 3247 2468 3316 ἄνθρωπος.
2499 3245 2704 3317 φωνὴν,
2735 3245 2830 3298 καὶ
2865 3245 2985 3314 τὴν,
3018 3242 3197 3311 σὰρξ,
3223 3245 3302 3305 είς
3344 3241 3477 3294 Θεὸν
3512 3234 3626 3310 (ὧν
3661 3240 3721 3292 τὸ

2140 3341 2238 3410 μὲν
2285 3340 2415 3408 ἡμῖν
2452 3338 2696 3408 ἀρέσκει,
2731 3336 2791 3390 τὸ
2839 3335 2895 3388 δὲ
2933 3336 3186 3406 αὐτοῖς),
3228 3335 3420 3388 ἔπειτα
3468 3338 3534 3405 τῇ
3572 3335 3722 3388 ἀντι-

2138 3432 2347 3501 στροφῇ
2384 3429 2495 3499 (2t)
2530 3431 2798 3500 χρήσαιτο
2835 3430 2902 3498 τῇ
2931 3425 3214 3498 θαυμασία
3258 3427 3430 3500 ταύτῃ
3475 3427 3569 3480 καὶ
3603 3426 3721 3479 θεο-

2134 3522 2362 3590 γνώστῳ
2394 3519 2529 3589 (25),
2559 3521 2612 3572 τί
2658 3521 3090 3591 συναχθήσεταις
3141 3520 3203 3572 τὸ
3239 3520 3349 3572 δεῖν
3394 3522 3720 3590 προσκυνεῖν

2137 3612 2215 3684 μὴ
2260 3613 2437 3682 σάρκα
2480 3611 2771 3685 θεοφόρον,
2826 3611 2963 3665 ἀλλά
2995 3613 3129 3665 Θεὸν
3176 3611 3618 3684 ἁνθρωποφόρον.
3655 3613 3719 3666 Ὢ

2133 3703 2234 3775 τῆς
2275 3705 2537 3768 ἀτοπίαςί
2588 3703 2689 3775 τὴν
2743 3704 3244 3776 ἀποκεκρυμμένην
3299 3703 3439 3774 μετά
3483 3703 3717 3774 Χριστὸν

2136 3796 2328 3864 σοφίαν
2373 3796 2614 3866 σήμερον
2660 3796 2794 3865 ἡμῖν
2844 3795 3304 3864 καταγγέλλουσιν
3340 3794 3483 3864 (‘26),
3532 3794 3617 3864 ἐφ’
3669 3787 3716 3862 ᾧ

2133 3888 2226 3940 καὶ
2254 3887 2512 3957 δακρύειν
2555 3885 2725 3953 ἄξιον.
2767 3887 2830 3940 EE
2862 3886 2970 3958 γάρ
3024 3887 3128 3959 πρὸ
3171 3886 3467 3957 τριάκοντα
3511 3886 3717 3941 τούτων

2133 3979 2271 4032 ἐτῶν
2328 3982 2361 4050 ὴ
2415 3980 2598 4043 πίστις
2641 3978 2874 4051 ἤρξατο,
2918 3980 3287 4050 τετρακοσίων
3340 3979 3525 4049 σχεδὸν
3577 3978 3714 4030 ἐτῶν

2131 4075 2432 4141 γεγονότων
2476 4071 2568 4141 ἀφ’
2621 4065 2682 4124 οῦ
2717 4071 2951 4143 Χριστὸς
2995 4071 3406 4142 πεφανέρωται,
3452 4071 3606 4124 κενὸν
3653 4072 3711 4122 ἐν

2130 4163 2369 4233 τοσούτῳ
2414 4164 2592 4234 χρόνῳ
2636 4161 2698 4215 τὸ
2747 4161 3078 4236 Εὑαγγέλιρν
3111 4161 3305 4232 ἡμῶν,
3343 4161 3471 4231 κενὴ
3519 4161 3574 4213 δὲ
3619 4160 3714 4212 καὶ

2128 4257 2161 4325 ἡ
2206 4256 2390 4316 πίστις
2425 4253 2617 4324 ἡμῶν,
2667 4255 2762 4306 καί
2809 4253 3074 4324 μάτην-οἱ
3125 4254 3223 4323 μὲν
3267 4253 3713 4324 μαρτυρήσαντες

2130 4345 2550 4415 ἐμαρτύρησαν,
2597 4345 2774 4415 μάτην
2802 4345 2858 4398 δὲ
2910 4345 3003 4398 τοῦ
3038 4346 3171 4400 λαοῦ
3205 4346 3318 4417 (27)
3368 4345 3708 4418 προέστησαν

445 4431 793 4502 Evangelium
821 4476 834 4497 ,
862 4433 1041 4488 inanis
1071 4437 1234 4490 etiam
1277 4436 1410 4492 ﬁdes
1449 4445 1636 4491 nostra
1665 4477 1679 4502 ,
1713 4437 2024 4507 frustraque

2142 4436 2179 4487 5i
2207 4434 2438 4486 τοιοῦτοι
2470 4433 2565 4486 καὶ
2615 4433 2924 4503 τηλικοῦτοι
2964 4437 3291 4507 προστάται.
3334 4435 3566 4489 καὶτῶν
3612 4433 3710 4504 μέ-

444 4531 712 4592 martyres
766 4523 1031 4593 martyrio
1078 4524 1352 4592 perfuncti
1411 4534 1577 4592 sunt,
1632 4527 1832 4582 frustra
1886 4528 2022 4583 tales

443 4613 689 4682 tantique
719 4614 994 4670 antistites
1038 4616 1180 4686 plebi
1221 4617 1586 4688 praefuerunt,
1632 4635 2018 4691 versuumque,

442 4721 551 4760 non
581 4713 760 4760 autem
800 4704 924 4761 ﬁdei
949 4745 964 4769 ,
1005 4715 1090 4762 est
1117 4707 1314 4777 gratia.

515 4884 626 4951 (18)
666 4886 880 4940 Τοίνυν
905 4887 964 4938 al
991 4886 1178 4954 φωναί
1198 4882 1394 4942 αὗται.
1423 4886 1496 4940 Ita
1523 4888 1677 4943 Colb.
1711 4890 1764 4953 3,
1787 4890 1839 4950 6.
1877 4889 1930 4951 9,
1965 4905 2017 4952 a,

444 4952 678 5062 Mentire.
705 4997 719 5020 ,
754 4956 940 5010 Morel.
973 4952 1028 5011 et
1067 4955 1310 5012 Combef.
1358 4956 1415 5011 In
1451 4957 1585 5012 edit.
1633 4952 1814 5012 τοίνυν
1857 4961 2020 5013 αὐταὶ

444 5041 628 5092 φωναι.

517 5094 628 5160 (19)
660 5093 962 5171 Προτέρων
986 5095 1212 5171 μένειν.
1255 5097 1410 5171 (Jolb.
1443 5100 1476 5153 5
1517 5108 1570 5152 et
1607 5099 1855 5154 Combef.
1892 5117 2019 5171 προ-

441 5161 616 5232 τέρων
643 5165 823 5244 μένειν
863 5161 1094 5229 σκοπόν,
1136 5170 1191 5222 in
1234 5170 1582 5237 pristinarum
1623 5185 1710 5223 eos
1738 5161 2018 5240 expositio-

444 5247 565 5284 num
593 5242 856 5298 proposito
880 5245 1135 5302 perstare.
1924 5296 1928 5300 .

517 5301 628 5370 ('20)
668 5304 1165 5372 Ἁνατετραφέναι.
1211 5307 1365 5362 Colb.
1401 5309 1455 5372 5,
1500 5320 1552 5364 et
1593 5308 1838 5365 Combef.
1887 5310 2020 5364 ἀνα-

443 5371 810 5493 ὗεέραῗέναι,
861 5371 984 5426 cum
1039 5371 1478 5434 anathematism’o
1528 5381 1862 5434 monimentis
1906 5390 2010 5434 tra-

485 5459 498 5490 Ι
539 5457 614 5493 en
649 5479 660 5491 .

485 5457 660 5493 metu.

517 5510 626 5585 (ξι)
649 5510 855 5585 Αῷτῷν
889 5511 1105 5585 ἐκεῖνο.
1140 5515 1218 5570 Ita
1247 5515 1402 5571 Colb.
1434 5517 1489 5582 3,
1523 5519 1576 5585 6,
1603 5522 1658 5582 9,
1710 5537 1761 5574 a.
1788 5521 1846 5574 In
1880 5520 2013 5577 edit.

449 5579 625 5633 αὐτῶν
661 5581 761 5633 οὐκ
797 5582 992 5635 έκεῖνο.

653 5645 835 5724 τί.
873 5651 1008 5706 Cod.
1043 5651 1175 5724 Reg.
1210 5654 1248 5707 Β
1288 5664 1340 5708 et
1374 5655 1528 5708 Colb.
1565 5674 1616 5719 a,
1649 5662 1840 5712 τούτου
1870 5661 1941 5712 τί.

517 5721 625 5778 (‘23)
663 5720 903 5783 Ῥήματι
937 5720 1320 5796 τούτιρίιέγπα.
1364 5724 1438 5778 Ita
1489 5729 1643 5780 (lollt.
1695 5729 1747 5792 5,
1784 5731 1837 5791 6,
1874 5730 1928 5794 9,
1961 5737 2013 5785 et

2124 4542 2268 4597 τρων
2294 4526 2328 4595 ἡ
2359 4525 2537 4596 χάρις,
2569 4524 2684 4578 ἀλλ’
2716 4526 2775 4578 οὐ
2803 4526 2904 4594 τῆς
2929 4526 3184 4589 πίστεως.

2124 4901 2256 4969 Reg.
2288 4900 2348 4963 Β,
2375 4900 2633 4966 Montac.,
2659 4902 2848 4959 Morel.
2871 4897 2928 4960 Et
2965 4904 3214 4962 Combef.
3245 4906 3298 4961 ln
3332 4907 3462 4963 edit.
3497 4911 3704 4980 ῥήματι

2125 4970 2269 5039 μέγα
2297 4971 2476 5026 τοῦτο.

2120 5040 2428 5179 τῆςὲἒὲεῖῇ
2463 5043 2858 5114 ἀναστροφῇ.
2886 5043 2962 5098 lta
2991 5046 3145 5102 Colb.
3170 5048 3225 5112 5,
3252 5047 3306 5114 6,
3328 5049 3382 5114 9,
3401 5064 3453 5103 a.
3481 5051 3539 5102 ln
3564 5050 3701 5105 edit.

2191 5180 2312 5260 (25).
2360 5181 2735 5260 acori-dioto).
2771 5183 3007 5260 Montar.
3062 5195 3116 5242 et
3167 5187 3354 5242 Morel.
3403 5189 3588 5260 legunt
3647 5199 3703 5243 et

2121 5248 2441 5325 θεογνῴστῳ
2479 5248 2544 5306 ’ρῑ
2575 5252 2942 5325 θεοπνεύστῳ.

2158 5390 2169 5401 .
2192 5319 2303 5401 (ψ)
2331 5319 2601 5401 ξ’ἠμερρν
2621 5324 2764 5401 ήμῖις
2787 5319 3324 5401 καταγγέλλουσιν.
3359 5327 3494 5401 Male
3517 5329 3599 5381 vel
3628 5335 3706 5398 ty-

2120 5390 2205 5458 pis
2238 5389 2760 5453 festinantibusﬁ'el
2793 5389 3026 5453 calamo.
3083 5401 3135 5451 in
3185 5398 3317 5452 edit.
3350 5400 3554 5453 omissa
3597 5389 3702 5452 vox

2117 5459 2276 5533 hodie
2305 5462 2511 5516 :simili
2543 5465 2958 5533 przescriptione
2989 5468 3258 5522 haeresum
3299 5473 3567 5523 novitates
3593 5483 3700 5522 sa:-

2118 5530 2242 5600 pius
2269 5530 2718 5600 coriipresseruuit
2738 5530 3026 5590 Catholici.

2185 5598 2302 5678 (27)
2338 5598 2547 5678 afﬁrma
2571 5601 2770 5678 demi)
2799 5605 2981 5678 iugi}.
3016 5605 3249 5678 Montac.
3287 5616 3339 5678 et
3372 5607 3565 5663 Morel.
3602 5601 3695 5658 καὶ

2116 5669 2210 5720 τοῦ
2241 5669 2395 5736 λαοῦ,
2431 5673 2618 5741 sicque
2652 5672 2855 5743 legerat
2888 5675 3009 5729 liill.‘
3034 5687 3086 5731 et
3111 5677 3448 5734 reddiderat.
