4012 6220
529 375 635 430 219

1775 372 1834 429 S.
1871 372 2198 430 GREGURII
2241 375 2585 430 'I‘IIEOI.OCI

3678 386 3781 443 2‘29

527 497 662 545 rem,
701 497 763 536 ac
793 481 1055 552 paulatim
1103 482 1430 546 emollirem,
1488 489 1653 552 atque
1695 482 1799 555 hoc
1840 484 1974 537 mihi
2009 499 2098 553 spe

2207 488 2261 542 δὲ
2285 531 2299 554 ,
2337 490 2412 553 ὡς
2465 490 2608 543 ἔοικε
2633 530 2647 554 ,
2690 490 2972 554 κάκείνους
3020 490 3234 564 χείρους
3263 495 3523 565 ποιήσας.
3563 501 3657 552 καὶ
3687 501 3782 571 τὴν

527 573 814 642 fingebam.
909 571 1147 636 Verum,
1229 581 1290 628 ut
1367 583 1614 644 apparet,
1663 574 1793 629 illud
1875 575 2102 631 minime

525 662 906 728 animadverti,
958 679 1044 718 me
1085 664 1301 733 pejores
1353 680 1450 719 eos
1499 655 1748 722 effecisse
1784 680 1847 719 ac
1880 680 1978 735 per
2018 667 2102 720 in-

527 755 907 821 tempestivam
963 753 1104 807 hanc
1160 753 1560 824 philosophiam
1616 754 1876 810 Ecclesiae
1932 755 2102 810 detri-

527 852 770 896 mentum
804 845 1075 898 attulisse.
1118 843 1228 898 Nec
1261 845 1408 899 enim
1450 861 1648 915 pravos
1685 847 1935 902 homines
1966 848 2102 903 leni-

525 945 611 988 tas
644 934 896 991 inllectit.
930 935 995 989 Et
1023 936 1244 1006 quidem
1289 939 1336 992 si
1377 953 1524 991 nunc
1559 953 1657 1007 per
1686 939 1952 1008 meipsum
1986 939 2100 994 haec

523 1033 577 1078 te
605 1025 803 1080 docere
836 1026 1160 1096 potuissem,
1192 1041 1300 1082 non
1342 1026 1704 1092 dubitassem,
1734 1029 1902 1097 probe
1936 1043 2098 1083 nove-s

523 1116 621 1176 ris,
664 1115 747 1170 vel
785 1116 928 1170 ultra
976 1118 1122 1172 vires
1171 1118 1276 1172 iter
1323 1132 1631 1188 capessere,
1677 1128 1839 1189 atque
1889 1119 1953 1173 ad
2006 1134 2101 1174 ex-

523 1206 793 1260 cellentiae
827 1217 934 1260 tua:
979 1207 1144 1278 pedes
1183 1211 1448 1279 meipsum
1482 1208 1791 1264 advolvere.
1829 1208 2100 1275 Quoniam

522 1305 707 1352 autem
735 1299 954 1369 longius
984 1315 1071 1355 me
1113 1300 1339 1356 morbus
1373 1301 1648 1370 perduxit,
1681 1308 1735 1357 et
1769 1300 2099 1358 Xanvaridis

523 1391 752 1445 thermis
787 1392 919 1446 mihi
961 1393 1028 1447 de
1081 1393 1420 1448 medicorum
1471 1394 1707 1450 consilio
1752 1395 1831 1448 uti
1875 1411 2102 1452 necesse

522 1488 623 1540 est,
671 1480 880 1535 litteras
927 1481 1058 1535 mihi
1107 1481 1340 1538 vicarias
1397 1482 1694 1538 substituo.
1750 1482 1954 1538 Praeter
1995 1485 2099 1538 alia

521 1587 705 1626 omnia
740 1588 807 1628 eo
835 1589 1052 1646 quoque
1086 1575 1328 1629 audaciae
1362 1584 1732 1645 proruperunt
1764 1576 1891 1629 mali
1921 1576 2100 1629 homi-

521 1682 620 1720 nes
659 1674 712 1721 et
761 1668 904 1723 male
951 1668 1243 1738 perdendi,
1297 1678 1358 1722 ut
1403 1667 1692 1738 episcopos
1733 1668 1895 1724 etiam
1933 1683 2101 1738 quos-

521 1757 669 1820 dam,
698 1759 903 1828 quibus
939 1749 1183 1830 dignitas
1230 1759 1299 1814 ab
1333 1759 1632 1814 universali
1668 1758 2025 1814 Orientalium
2046 1767 2100 1814 et

2214 577 2542 649 Ἐκκλησίαν
2574 579 2784 649 βλάψας
2809 621 2823 646 ,
2864 583 2929 652 τῇ
2966 582 3182 654 ἀκαίρῳ
3215 583 3521 658 φιλοσοφίᾳ.
3559 589 3633 641 Οὐ
3672 590 3782 664 γὰρ

2200 668 2442 722 δυσωπεῖ
2470 672 2598 734 τοὺς
2630 673 2903 743 πονηροὺς
2940 671 3236 733 ἐπιείκεια,
3266 675 3376 729 Καὶ
3409 677 3504 731 νῦν
3531 720 3545 744 ,
3583 681 3632 731 εί
3681 683 3784 752 μὲν

2201 757 2348 829 αὑτῷ
2381 777 2470 830 μοι
2498 759 2721 814 δυνατὸν
2746 757 2823 831 ἦν’
2837 761 2905 815 δι’
2937 763 3175 833 ἐμαυτοῦ
3220 763 3391 818 ταῦτα
3411 766 3616 833 διδάξαι
3645 769 3780 842 (24),

2199 849 2300 901 οὐκ
2330 850 2395 902 ἂν
2420 848 2673 921 ὤκνησα,
2707 847 2765 905 εὖ
2801 851 2910 905 ἴσθι
2933 852 3044 924 (25)
3065 891 3081 917 ,
3123 854 3215 907 καὶ
3242 855 3393 928 παρὰ
3426 856 3651 928 δύναμιν
3692 878 3778 914 κι-

2200 940 2381 1011 νηθεὶς
2409 943 2737 1010 προσπεσεῖν
2765 945 2832 1013 τῇ
2875 945 2941 1014 σῇ
2985 945 3280 1018 τιμιότητι.
3328 947 3632 1017 Ἐπειδὴδέ
3681 967 3779 1003 πε·

2201 1025 2435 1101 ραιτέρω
2458 1032 2770 1101 προήγαγεν
2795 1032 2907 1101 (26)
2941 1035 3088 1104 ἡμᾶς
3121 1037 3153 1106 ἡ
3186 1037 3494 1108 ἀρρωστία,
3533 1040 3624 1092 καὶ
3665 1044 3778 1106 τοῖς

2199 1118 2520 1189 Ξανξαρίδος
2571 1120 2792 1192 θερμοῖς
2823 1121 2935 1193 (27)
2967 1123 3274 1194 χρήσασθαι
3308 1126 3606 1193 ἀναγκαῖον
3650 1129 3774 1196 ἐγέ-

2198 1225 2350 1273 νετο,
2409 1210 2516 1262 τῶν
2569 1210 2769 1281 ίατρῶν
2819 1209 2978 1265 τοῦτο
3036 1213 3556 1284 συμϐουλευσάντων
3586 1259 3601 1284 ,
3656 1220 3772 1272 ἀντ’

2198 1297 2436 1369 ἐμαυτοῦ
2466 1299 2727 1371 ποιοῦμαι
2763 1299 2833 1353 τὰ
2866 1302 3189 1373 γράμματα.
3234 1303 3572 1376 Ἐτόλμησαν
3597 1308 3646 1360 οἱ
3684 1326 3779 1361 κα-

2199 1391 2285 1442 κοὶ
2320 1390 2412 1443 καὶ
2461 1377 2646 1454 κακῶς
2677 1389 3036 1461 ἀπολούμενοι
3077 1392 3213 1462 πρὸς
3258 1395 3392 1446 πᾶσι
3436 1398 3548 1458 τοῖς
3575 1395 3773 1462 ἄλλοις,

2199 1480 2293 1534 καὶ
2329 1479 2745 1554 καθῃρημένους
2775 1480 2886 1551 (28)
2917 1481 3248 1544 ἐπισκόπους
3287 1482 3390 1535 ὑπὸ
3423 1484 3605 1553 πάσης
3647 1485 3776 1537 ἀνα-

2197 1570 2417 1642 τολικῆς
2467 1572 2560 1628 καὶ
2603 1572 2824 1642 δυτικῆς
2875 1572 3091 1624 συνόδου
3131 1572 3490 1638 καλέσαντες,
3544 1574 3578 1645 ἢ
3628 1592 3775 1647 παρ-

2201 1665 2339 1718 ιοῦσι
2410 1667 2889 1737 καταχρησάμενοι
2943 1666 3040 1738 (οὐ
3093 1666 3203 1738 γὰρ
3253 1667 3361 1738 ἔχω
3403 1668 3560 1721 τοῦτο
3602 1672 3776 1724 εἰπεῖν

2199 1756 2442 1828 ἀκριϐῶς
2464 1756 2484 1827 )
2509 1795 2524 1819 ,
2573 1756 2668 1810 καὶ
2731 1756 2916 1809 πασῶν
2950 1757 3448 1822 κατεξαναστάντες
3481 1758 3776 1828 βασιλικῶν

521 1845 958 1904 Occidentalium
1007 1829 1240 1906 concilio
1283 1850 1544 1922 abrogata
1585 1850 1784 1915 fuerat,
1822 1864 2098 1920 accersen-

2202 1844 2490 1911 διατάξεων
2515 1887 2530 1911 ,
2567 1846 2662 1899 καὶ
2711 1845 2992 1917 ὑμετέρων
3030 1847 3502 1918 προσταγμάτων,
3553 1848 3778 1902 ἐπισκό-

522 1949 630 2008 tes,
664 1950 758 1994 aut
804 1941 1220 1997 transeuntibus
1261 1942 1548 1997 abutentes
1588 1942 1722 2012 (non
1757 1941 1900 1996 enim
1949 1949 2098 1997 certo

521 2031 791 2086 allirmare
815 2034 1089 2102 possum),
1123 2031 1500 2102 imperialibus
1531 2032 1791 2087 omnibus
1823 2033 2093 2088 constitu-

521 2121 765 2176 tionibus
826 2130 990 2192 atque
1050 2123 1308 2178 omnibus
1353 2122 1556 2177 vestris
1597 2122 1796 2178 edictis
1837 2124 2094 2186 violatis.

520 2209 736 2264 cuidam
806 2211 982 2280 impii
1017 2220 1071 2266 et
1124 2210 1418 2266 adulterini
1468 2211 1553 2266 sui
1630 2213 1809 2282 gregis
1858 2214 2098 2283 episcopi

520 2313 719 2350 nomen
769 2296 1149 2366 imposuerint,
1216 2299 1365 2356 nulla
1393 2313 1480 2362 re,
1522 2306 1582 2352 ut
1623 2300 1837 2368 opinor,
1870 2301 2097 2368 perinde

520 2390 668 2451 freti,
710 2396 879 2459 atque
926 2371 1143 2443 summa
1183 2404 1302 2443 mea
1343 2388 1715 2443 imbecillitate
1753 2407 1767 2443 :
1801 2388 1907 2444 hoc
1949 2391 2095 2444 enim

516 2481 806 2535 dicendqu
835 2487 939 2535 est.
987 2477 1118 2544 Quae
1154 2480 1198 2534 si
1247 2478 1386 2534 levia
1424 2487 1478 2532 et
1519 2477 1741 2534 ferenda
1775 2487 1924 2542 sunt,
1959 2478 2098 2548 ferat

515 2573 606 2620 tua
659 2565 936 2633 firmitas;
999 2565 1239 2622 feremus
1285 2565 1386 2635 ipsi
1440 2580 1679 2636 quoque,
1737 2566 2097 2636 quemadmo-

514 2657 645 2711 dum
685 2666 738 2712 et
781 2673 925 2728 saepe
966 2657 1213 2712 tulimus.
1263 2656 1320 2712 Si
1369 2673 1497 2712 vero
1535 2658 1744 2728 gravia,
1777 2667 1831 2713 et
1863 2674 1930 2712 ne
1963 2657 2098 2728 ipsis

2198 1953 2300 1987 που
2331 1935 2502 2005 ὄνομα
2541 1934 2806 1998 ἐπιθεῖναί
2845 1935 2956 2006 (‘29)
2989 1952 3094 1989 τινι
3121 1935 3232 1990 τῶν
3270 1928 3398 2008 παρ’
3431 1937 3613 2002 αὐτοῖς
3645 1939 3778 1991 ἀσε-’

2197 2027 2307 2080 ϐῶν
2333 2027 2428 2080 καὶ
2457 2026 2724 2098 κιδδήλων
2744 2069 2759 2090 ,
2791 2027 2966 2081 οὐδενὶ
2993 2028 3246 2084 τοσοῦτον
3265 2070 3280 2095 ,
3318 2028 3393 2091 ὡς
3429 2026 3581 2100 οἶμαι
3601 2069 3616 2093 ,
3650 2029 3775 2082 ὅσον

2195 2120 2260 2188 τῇ
2288 2120 2392 2189 ἐμῇ
2417 2117 2680 2190 νεκρώσει
2703 2117 2881 2188 (τοῦτο
2895 2119 3005 2190 γάρ
3025 2119 3106 2172 δεῖ
3121 2117 3451 2190 λέγεινῐὸου
3473 2119 3776 2190 θαρρήσαν-

2193 2227 2304 2274 τες.
2337 2211 2522 2265 Ταῦτα
2580 2213 2629 2264 εί
2683 2211 2782 2281 μὲν
2840 2211 3080 2274 ἀνεκτὰ,
3130 2211 3408 2279 ἐνεγκάτω
3459 2211 3560 2280 μὲν
3617 2213 3649 2282 ὴ
3704 2213 3774 2285 σὴ

2199 2303 2528 2375 στερρότης·
2575 2304 2794 2373 οἴσομεν
2824 2303 2880 2356 δέ
2927 2303 3022 2355 καὶ
3060 2303 3256 2372 ¹ἡμεῖς,
3291 2301 3480 2372 ὥσπερ
3518 2298 3611 2355 οὖν
3643 2304 3774 2356 πολ⁶

2197 2389 2354 2452 λάκις
2397 2390 2727 2460 ἠνέγκαμεν.
2764 2392 2826 2443 Εί
2869 2391 2927 2442 δὲ
2977 2389 3178 2461 βαρέα,
3228 2391 3321 2444 καὶ
3363 2391 3484 2444 οὐδὲ
3532 2394 3644 2455 τοῖς
3687 2393 3778 2446 εὐ-

2196 2479 2547 2543 λαόεστάτοις
2580 2481 2689 2551 (51)
2727 2479 3035 2550 βασιλεῦσιν
3064 2482 3246 2545 αὐτοῖς
3283 2481 3530 2552 φορητά,
3563 2482 3780 2546 ἐπεξελ-

2197 2570 2311 2623 θεῖν
2357 2571 2469 2633 τοῖς
2507 2569 2932 2640 γεγενημένοις,
2965 2571 3011 2623 εί
3059 2571 3152 2624 κα)⁹
3194 2571 3293 2642 τῆς
3327 2571 3582 2636 ἀπονοίας
3616 2571 3776 2626 ἐλατ-

2198 2676 2289 2713 τον
2314 2701 2328 2727 ,
2366 2659 2719 2724 καταξίωσον.

515 2747 737 2816 quidem
781 2747 1004 2819 pietatis
1059 2747 1222 2803 laude
1279 2749 1752 2828 praistantissimis
1799 2748 2221 2818 imperatoribus
2285 2751 2505 2807 ferenda
2549 2767 2634 2817 ea,
2681 2768 2802 2822 quae
2851 2751 3095 2808 admissa
3143 2761 3294 2817 sunt,
3357 2754 3543 2809 mitius
3590 2763 3772 2809 tamen

514 2858 677 2911 quam
727 2851 875 2897 tanta
916 2842 1146 2896 audacia
1203 2850 1466 2906 meretur,
1527 2841 1720 2895 ulcisci
1772 2840 2020 2912 dignare.

1045 2958 1281 3015 CXXVI.
1327 2956 1557 3011 EIDEM.
1627 2989 1631 2993 -

2638 2963 2827 3031 PKQ".
2863 2964 2950 3034 Ta
2980 2962 3164 3034 arra
3194 2962 3323 3032 (σε).
3398 2936 3403 2940 ’

585 3074 719 3130 Cum
754 3073 806 3128 Χ
809 3071 1066 3145 aiiataride
1116 3073 1422 3145 balneorum
1449 3087 1613 3125 causa
1629 3081 1941 3145 rersaretur
1971 3073 2275 3145 Gregorius,
2308 3084 2602 3145 opportuna
2631 3075 2841 3129 ridendi
2875 3074 3202 3145 Olympium,
3238 3083 3285 3145 et
3311 3078 3533 3144 qna'si:a
3567 3075 3772 3130 occasio

514 3162 570 3206 se
599 3145 808 3198 obtulit.
843 3142 946 3198 Sed
971 3143 1162 3196 bonunt
1188 3142 1326 3212 quod
1346 3142 1464 3209 jam
1494 3143 1739 3194 manibus
1781 3143 2006 3207 tenebat,
2043 3142 2432 3198 recrudescente
2464 3144 2664 3204 morbo,
2705 3147 2897 3198 invitus
2934 3142 3185 3212 perdidit.
3222 3142 3392 3209 Quam
3425 3145 3477 3198 id
3522 3145 3622 3197 sibi
3660 3161 3774 3198 mo-

516 3217 704 3269 lestum
732 3214 888 3284 fuerit
925 3213 1168 3282 Olympio
1205 3228 1304 3284 sua
1323 3212 1845 3284 epistolasigni/icat
1870 3229 1888 3265 :
1915 3212 1978 3264 ab
2009 3229 2168 3284 eoque
2192 3226 2448 3282 pra'terea
2471 3217 2728 3284 postulat,
2753 3225 2808 3267 ut
2836 3215 3159 3268 Nicobulum
3185 3213 3350 3268 lilium
3375 3231 3557 3268 cursus
3579 3215 3776 3281 publici

516 3301 604 3338 seu
651 3279 1039 3337 veredarioruin
1082 3298 1210 3355 cura
1245 3281 1448 3334 liberet.
1494 3279 1814 3334 Nicobulum
1848 3292 2024 3335 autem
2063 3279 2236 3351 ﬁlium
2265 3300 2420 3337 suum
2452 3279 2680 3353 appellat
2714 3284 3018 3355 Gregorius,
3051 3284 3175 3354 quia
3215 3285 3531 3354 Alypianam
3574 3279 3774 3338 stroris

513 3370 626 3408 sua:
657 3355 827 3422 ﬁliam
851 3368 1067 3406 uxorem
1097 3351 1340 3405 duxerat.

589 3471 752 3527 Velut
787 3485 884 3542 per
923 3471 1196 3527 somnium
1240 3469 1400 3523 hilari
1449 3469 1631 3524 animo
1665 3468 1762 3523 fui.
1797 3469 1930 3524 Nam
1971 3484 2094 3524 etim
2123 3477 2166 3535 ο

463 3545 478 3557 “
516 3579 692 3633 usque
740 3563 806 3616 ad
849 3563 1239 3618 monasterium
1270 3561 1485 3615 delatus
1510 3575 1714 3629 essem,
1745 3567 1807 3615 ut
1840 3560 2094 3616 nonnihil

519 3655 704 3712 solatii
741 3671 806 3710 ex
837 3653 1033 3709 balneo
1067 3668 1461 3724 consequerer,
1508 3668 1572 3708 ac
1605 3652 1804 3708 deinde
1837 3668 2096 3723 congres-

518 3764 640 3804 sum
686 3755 839 3800 tuum
894 3762 992 3818 spe
1041 3747 1440 3816 concepissem,
1466 3744 1692 3814 jamque
1742 3744 1844 3799 hoc
1891 3744 2095 3798 bonum

516 3841 668 3896 velut
709 3839 963 3894 manibus
1007 3845 1271 3901 tenerem,
1305 3845 1476 3907 atque
1519 3835 1729 3906 aliquot
1784 3835 1951 3906 108
1979 3835 2097 3891 dies

516 3930 632 3988 illic
660 3932 988 4001 exegissem,
1031 3937 1256 4000 repente
1302 3943 1332 3981 a
1367 3927 1577 3991 morbo,
1615 3927 1708 3998 qui
1755 3927 1951 3997 partim
1982 3925 2095 3995 jam

517 4025 652 4079 mihi
705 4023 979 4094 negotium
1053 4021 1404 4085 lacessebat,
1468 4020 1671 4092 partim
1751 4019 2093 4086 minabatur,

519 4116 809 4171 submotus
846 4130 992 4168 sum.
1038 4114 1116 4168 Ae
1153 4115 1198 4168 si
1240 4114 1370 4169 huic
1406 4114 1507 4178 rei,
1543 4129 1665 4184 quae
1699 4112 1833 4166 mihi
1875 4111 2096 4176 accidit,

424 4223 430 4228 ‘
521 4207 814 4276 imaginem
875 4205 1170 4274 quamdam
1241 4215 1295 4260 et
1361 4204 1782 4260 similitudinem
1851 4203 2099 4258 invenire

520 4359 710 4439 ὥσπερ
764 4352 856 4408 οὖν
907 4357 1203 4421 ἐπέτεινον,
1256 4356 1482 4426 majores
1514 4355 1630 4426 ejus
1677 4356 1752 4409 rei
1783 4371 1898 4424 spes
1925 4354 2102 4409 conci-

522 4429 932 4568 ωηιξη-Ταῦτα
964 4495 1204 4568 Διίῖιιιῖοίί-ςαι
1257 4494 1333 4549 Ita
1352 4487 1483 4568 'cod.
1518 4494 1650 4564 Reg.
1682 4501 1736 4550 et
1761 4493 2010 4549 Combef.
2040 4493 2098 4546 In

523 4565 654 4624 edit.
678 4565 850 4621 ταῦτα
877 4565 1065 4630 δεῖξαι,
1101 4569 1210 4618 lucc
1243 4566 1530 4620 ostendere.

599 4637 712 4709 (‘25)
745 4632 1005 4709 Enniam.
1050 4635 1142 4709 ita
1187 4635 1478 4709 cod._lteg.
1507 4642 1569 4709 et
1596 4633 1842 4690 Combef.
1875 4633 1932 4688 In
1960 4632 2096 4688 edit.

443 4740 445 4742 -
493 4706 587 4766 ,εὖ
609 4705 780 4763 deest.
822 4705 1015 4761 Reddit
1049 4706 1192 4769 BiIl.,
1237 4706 1363 4758 mihi
1393 4705 1568 4759 crede.

599 4780 708 4849 (‘26)
745 4775 1068 4846 Περαιτέρω
1098 4775 1453 4846 προήγαγεν.
1491 4775 1755 4849 Sic‘cnim
1791 4773 2096 4849 legendum,

2275 3471 2446 3542 Ὄναρ
2500 3471 2812 3543 ηὐθύμησα.
2871 3471 2975 3526 Καὶ
3052 3472 3161 3544 γάρ
3223 3471 3383 3542 μέχρι
3449 3471 3548 3541 τῆς
3608 3472 3775 3542 μονῆς

2199 3559 2471 3629 ενεχθεὶς,
2521 3561 2660 3616 ὥστε
2713 3561 2855 3634 τινος
2911 3563 2974 3614 ἐκ
3012 3561 3106 3614 τοῦ
3154 3561 3378 3631 λουτροῦ
3426 3560 3777 3631 παραμυθίας

2198 3653 2408 3722 τυχεῖν,
2457 3649 2575 3706 εἶτα
2608 3654 2705 3724 τὴν
2740 3653 2838 3724 σὴν
2868 3653 3154 3724 συντυχίαν
3180 3654 3403 3716 ἐλπίσας
3423 3692 3437 3715 ,
3465 3652 3559 3705 καὶ
3587 3651 3776 3723 ὥσπερ

2199 3743 2256 3794 ἐν
2299 3743 2486 3813 χερσὶν
2520 3742 2658 3813 ἔχων
2711 3741 2812 3812 ἥδη
2860 3741 2920 3794 τὸ
2957 3740 3192 3810 ἀγαθὸν,
3247 3741 3336 3795 καί
3368 3757 3521 3801 τινας
3561 3737 3776 3810 ἡμέρας

2200 3833 2542 3904 ἐπιδιατρίψας
2588 3834 2697 3905 (55)
2725 3875 2741 3900 ,
2777 3833 3035 3904 ἐξαίφνης
3083 3832 3338 3904 ἀπήχθην
3378 3832 3489 3903 (54)
3531 3831 3636 3884 ὑπὸ
3677 3833 3775 3901 τῆς

2201 3926 2511 3997 ἀρρωστίας
2535 3966 2549 3990 ,
2595 3927 2664 3980 τὰ
2699 3926 2798 3997 μέν
2847 3924 2945 3996 ἤδη
2977 3924 3286 3994 λυπούσης,
3325 3924 3394 3977 τὰ
3430 3923 3487 3976 δὲ
3521 3921 3774 3975 ἀπειλού-

2204 4035 2322 4088 σης.
2360 4019 2469 4072 Καὶ
2501 4020 2549 4070 εἰ
2607 4018 2686 4071 δεῖ
2730 4034 2851 4070 τινα
2907 4016 3152 4070 εἰκασίαν
3193 4016 3368 4085 εὑρεῖν
3393 4015 3515 4085 (55)
3566 4013 3638 4082 τῷ
3672 4012 3776 4066 πάρ

2202 4107 2283 4162 θει
2305 4149 2318 4171 ,
2359 4109 2553 4162 ταυτὸν
2579 4108 2778 4162 ἔπαθον
2822 4110 2935 4172 τοῖς
2962 4104 3286 4170 πολύποσιν,
3320 4107 3367 4158 οἳ
3405 4106 3496 4176 βίᾳ
3545 4104 3650 4157 τῶν
3683 4119 3777 4156 πε-

2200 4199 2346 4268 τρῶν
2367 4197 2754 4268 ἀποσπώμενοι
2777 4237 2791 4260 ,
2834 4196 3202 4250 κινδυνεύουσι
3242 4195 3336 4248 καὶ
3365 4196 3482 4256 ταῖς
3523 4190 3778 4253 κοτύλαις

2277 4357 2385 4427 (‘29)
2434 4357 2652 4426 ’Όνομα
2687 4356 2996 4413 ἐπιθεῖναι.
3041 4358 3174 4413 Cod.
3211 4366 3264 4412 et
3301 4356 3429 4426 lleg.
3472 4372 3536 4410 ac
3583 4354 3772 4427 Morel.

2201 4425 2374 4498 δνομα
2403 4425 2735 4498 περιθεῖναι,
2785 4428 3062 4498 quemdam
3097 4429 3324 4498 episcopi
3361 4425 3569 4480 nomine
3593 4425 3777 4479 indue-

2202 4497 2329 4550 rint.
2361 4499 2442 4550 vel
2483 4497 2696 4550 cuidam
2722 4497 2999 4552 tribuerint
3019 4497 3222 4552 nomen.

2273 4567 2384 4635 (50)
2430 4565 2506 4634 Τῇ
2533 4566 2648 4636 ἐμῇ
2694 4568 2998 4635 νεκρώσει.
3030 4569 3166 4634 Quid
3213 4567 3399 4637 legerit
3437 4566 3554 4619 Biil.
3608 4566 3780 4637 incer-

2202 4644 2315 4688 turn
2347 4639 2590 4699 mtmino,
2622 4638 2750 4690 dum
2787 4639 2982 4698 reddit,
3010 4655 3216 4691 summa
3258 4636 3369 4690 inea
3418 4636 3778 4689 imbecillitate

2202 4707 2491 4776 viriumque
2521 4709 2933 4764 conservatione.
2993 4706 3174 4762 Voluit
3204 4707 3446 4777 profecto
3489 4707 3775 4772 viriumque

2203 4779 2572 4832 exs-tinctione.
2593 4777 2826 4832 Combef
2872 4797 2885 4832 :
2912 4776 3564 4846 Emltaustisviribusmeis
3581 4785 3780 4830 enecto-

531 4843 891 4913 ait'Bil'l.,uon
917 4843 1040 4902 utin
1064 4843 1713 4917 vulgatisexemplaribus
1731 4843 2097 4918 προσήγαγεν,
2133 4843 2175 4898 D
2204 4862 2300 4916 que
2330 4849 2661 4914 corpusculo.
2701 4848 2818 4901 Mox
2849 4849 2902 4902 in
2937 4850 3058 4903 cod.
3089 4849 3198 4918 γάρ
3231 4847 3402 4918 deest.

528 4922 581 4975 id
613 4921 756 4990 quod
777 4921 912 4973 satis
950 4919 1151 4972 indicat
1186 4917 1502 4990 adverbium
1555 4917 1865 4990 ιιι-προόψει
1907 4930 2100 4983 περαι-

529 4984 696 5061 τέρω.
747 4990 852 5061 Sic
895 4987 1433 5061 etiamhabentcod.
1477 4984 1804 5061 t.‘l_p(llllb€f.
1831 4993 1946 5061 ;l_at
1989 4999 2098 5061 pro

532 5053 858 5130 περαιτέρω,
890 5059 1012 5114 cod.
1045 5058 1200 5130 Iteg.,
1243 5057 1504 5122 Montac.,
1536 5054 1722 5110 Morel.
1761 5063 1816 5108 et
1846 5053 2092 5108 Cotnbef.

531 5129 884 5183 ποὸὸωτέοω.

605 5132 1139 5269 ῗὲῖΐτέἓὲί-ξαρίδος
1191 5197 1440 5269 θερμοῖς.
1503 5195 1734 5269 Montae.
1797 5201 1850 5269 et
1909 5193 2094 5269 ltlorel.

535 5265 858 5339 Ζανςαρίδος
881 5265 1120 5339 θερμοῖς.
1176 5265 1450 5339 ΔΙιὶἱ’ριιιιιι
1486 5281 1599 5339 pro
1633 5266 1864 5339 infirmis
1910 5265 2100 5339 balnea

533 5335 729 5395 calida.
777 5339 845 5391 At
895 5335 1123 5393 in'cod.
1173 5335 1513 5413 Ξανξαρίδος.
1551 5335 1692 5413 _Nam_
1740 5350 1805 5390 eo
1850 5335 1952 5413 loci
2003 5350 2099 5413 ex:

533 5417 802 5464 structum
837 5415 983 5478 erat
1017 5405 1429 5471 monasterium,
1477 5407 1635 5478 cujus
1672 5408 1854 5461 forsan
1887 5405 2103 5460 vivendi

535 5480 745 5536 ratione
775 5479 840 5531 de
868 5477 1204 5533 medicorum
1232 5480 1466 5534 consilio
1499 5477 1580 5532 uti
1619 5478 1724 5534 sibi
1749 5491 1977 5532 necesse
2000 5490 2105 5546 pu-

534 5553 682 5605 tabat
703 5549 1016 5617 Gregorius.

606 5620 718 5689 (Q‘i)
753 5614 1229 5689 Edonpnyérqu.
1253 5617 1646 5672 Emendandus
1682 5623 1788 5678 est,
1832 5615 1906 5669 ait
1950 5614 2097 5689 Βίην

537 5685 762 5760 Ilervag.
794 5689 961 5760 Codex
993 5705 1054 5744 ex
1095 5687 1457 5760 Frobeniano,
1487 5696 1540 5741 et
1571 5705 1674 5760 pro
1717 5685 2098 5759 κεκατηρημέ-

534 5779 673 5828 vove,
707 5759 1142 5816 substitucndum
1175 5765 1259 5813 est
1293 5759 1724 5832 καθῃρημένους.

2277 4918 2388 4986 (51)
2410 4917 2906 4983 Εὐλαϐεστὰτοις.
2949 4918 3064 4971 Duo
3090 4915 3210 4971 eod.
3247 4917 3404 4986 Iieg.,
3426 4915 3684 4973 Montium,
3711 4931 3778 4968 ac

2207 4985 2418 5057 Morel.,
2451 5005 2662 5044 necnon
2692 4996 2743 5057 et
2770 4989 2820 5039 in
2841 4989 2973 5057 edit.
2993 4989 3318 5057 quibusdam
3339 4985 3774 5047 εὐσεϐεστάτοις.

2276 5056 2385 5128 (52)
2412 5061 2557 5114 Alias
2583 5055 2908 5112 CLXXVIII.
2948 5055 3160 5127 Scripta
3173 5057 3374 5128 eodem
3409 5067 3668 5128 tempore.
3691 5085 3779 5128 τ-

2212 5126 2295 5248 Tg)
2335 5125 2516 5194 αὐτῷ,
2575 5129 2626 5182 itI
2668 5137 2772 5193 est,
2819 5125 3119 5198 Ὀλυμπίῳ.
3159 5127 3294 5182 Cod.
3334 5125 3394 5180 Β.
3423 5128 3484 5191 5,
3531 5125 3780 5196 Εὐσεϐίῳ

2212 5214 2240 5248 :5
2269 5211 2362 5248 Αω.

2205 5211 2362 5268 φίλῳ.
3127 5267 3150 5268 7
3302 5266 3314 5268 ξ
3335 5267 3345 5268 7
3573 5263 3576 5266 ν

2277 5264 2388 5340 (55)
2419 5269 2854 5340 Ἐνδιατρίψας.
2880 5268 2954 5320 Ita
2973 5268 3092 5340 cod.
3122 5267 3274 5340 Reg.,
3302 5266 3515 5321 Montac
3547 5264 3774 5330 ,lilorcl.

2206 5344 2259 5392 et
2285 5338 2528 5393 Coinbc‘f.
2568 5338 2621 5391 In
2661 5341 2794 5394 edit.
2831 5339 3276 5407 προσδιατρίψας.

2281 5409 2390 5478 (5t)
2439 5409 2774 5476 Ἀπήχθηνυ
2802 5405 2886 5461 Ita
2929 5409 3050 5462 cod.
3078 5405 3239 5478 Reg”
3290 5407 3545 5478 Montac.,
3588 5405 3776 5478 Morel.

2212 5475 2560 5552 acLConrbef.
2592 5475 2918 5552 ἀπηνέχθην
2970 5479 3072 5531 ὑπὸ
3119 5475 3778 5552 τῆς-’ἀρρωστίαςηιιᾼιιυά

2213 5550 2333 5605 Bell.
2372 5568 2383 5602 ;
2417 5549 2493 5606 0b
2524 5545 2758 5604 morbum
2781 5545 3007 5602 ’abtatus
3037 5545 3184 5604 sum.
3220 5545 3359 5602 Euit.
3395 5567 3406 5601 :
3439 5545 3776 5616 ἀπηνέχθην.

2209 5691 2222 5703 .
2280 5619 2398 5742 g5?)
2461 5619 2754 5678 Εὶκιισιίιν
2800 5620 3016 5690 εὑρεῖν.
3058 5618 3191 5675 Cod.
3230 5619 3490 5675 Morclct
3517 5616 3775 5672 'tlombef.

2209 5710 2275 5742 Λα
2316 5709 2410 5742 ειν.

2209 5709 2410 5748 Λαοειν.
