4024 6206
469 365 577 428 2Ξ3

1697 368 1754 426 S.
1779 367 2100 423 GREGORlI
2130 365 2471 423 TllEOLOGl

3605 365 3728 422 924"

471 487 854 550 consequatur.
891 480 1184 536 Maximum
1214 489 1394 537 autem
1427 481 1646 551 pondus
1675 481 1742 534 ad
1774 479 2037 549 depreca—

2153 482 2251 541 ιοῖς
2282 478 2538 548 μεγάλοις
2584 476 2712 546 ὑμῖν
2756 475 2868 546 (48)
2912 475 3206 546 γνώριμος,
3259 476 3352 530 καὶ
3398 479 3430 548 ή
3465 482 3730 548 συμφορὰ-

469 575 673 628 tionem
708 575 868 628 nobis
898 573 1054 628 affert
1085 573 1175 628 'iic
1209 589 1424 642 quoque
1458 573 1574 643 ipse
1604 573 1706 632 vir,
1740 587 1806 626 ex
1841 571 2036 640 insigni

468 672 632 734 atque
663 665 862 719 illustri
895 665 1109 730 militia,
1136 665 1292 718 vobis
1325 665 1483 718 etiam
1522 663 1732 732 magnis
1765 662 1898 716 viris
1930 662 2040 716 for-

468 761 617 806 tasse
652 761 814 806 notus
838 792 853 817 ,
885 761 1047 822 atque
1088 753 1339 821 corporis
1379 751 1663 806 calamitas
1695 752 1872 806 oculis
1906 751 2039 820 ipsis

469 843 629 898 fidem
657 844 886 898 faciens.
915 845 1045 908 Qua:
1069 859 1191 897 cum
1224 859 1318 912 per
1345 859 1402 898 se
1424 844 1605 912 gravis
1636 851 1690 896 et
1720 843 1912 896 acerba
1945 842 2037 904 sit,

467 940 582 988 tum
633 935 759 1003 quia
811 942 1006 1002 praeter
1035 935 1309 995 meritum,
1338 942 1398 986 ut
1432 934 1727 988 verisimile
1772 941 1878 992 est,
1921 933 2043 1001 plus

2144 571 2238 623 τοῦ
2289 569 2540 639 σώματος
2587 567 2826 622 αὐτόθεν
2859 567 2960 638 τὴν
3011 569 3132 637 ὄψιν
3193 567 3472 622 πείθουσα.
3516 569 3712 639 Bupalo

2149 661 2246 732 μὲν
2285 662 2378 714 καὶ
2409 661 2530 714 καθ’
2579 649 2799 730 ἑαυτὴν,
2843 659 2920 729 τῷ
2951 661 3082 729 παρ’
3127 659 3284 725 ἀξίαν
3318 659 3396 720 δὲ,
3425 660 3499 722 ὡς
3547 661 3714 725 εἰκὸς,

2147 753 2438 824 βαρυτέρα.
2477 751 2698 814 Τούτοις
2751 751 3106 821 προστεθεῖσα
3167 751 3260 802 καὶ
3305 753 3338 820 η
3384 753 3514 820 παρ’
3562 751 3735 820 ἡμῶν

2147 844 2514 914 παράκλησις,
2554 839 2672 896 οἶδα
2719 843 2802 894 ὅτι
2837 841 3168 912 κατορθώσει
3206 840 3405 912 μᾶλλον
3445 841 3509 894 τὸ
3549 859 3717 893 σπου-

2147 932 2460 1003 δαζόμενον.
2531 956 2536 958 ·

467 996 780 1081 acerbitatis
811 996 1004 1080 liabet.
1047 1025 1257 1090 Quibus
1297 1026 1459 1080 rebus
1502 1026 1758 1095 adjuncta
1786 996 1973 1080 nostra
2001 1026 2261 1094 precatio,
2283 996 2400 1080 'non
2439 996 2651 1088 dubito,
2683 1023 2814 1094 quin
2849 1021 2925 1085 id,
2956 1021 3022 1076 de
3047 1035 3156 1091 quo
3183 1020 3515 1084 laberamus,
3545 1018 3718 1090 magis

466 1116 740 1171 conﬁciat.

1007 1228 1243 1284 CXXIX.
1287 1227 1518 1283 EIDEM.

2591 1227 2763 1282 me.
2805 1226 2890 1296 To
2928 1225 3107 1294 ΑΥΤῼ
3147 1224 3279 1294 (ιο).

537 1340 616 1394 De
648 1349 874 1410 tempore
901 1358 1001 1411 quo
1033 1343 1230 1409 scripta
1267 1350 1342 1393 est
1373 1341 1483 1395 lucc
1512 1340 1753 1409 epistola,
1802 1350 1858 1394 ut
1888 1343 2147 1408 superior,
2186 1341 2324 1394 nihil
2353 1340 2482 1394 certi
2522 1339 2795 1411 habemus.
2836 1335 2920 1411 Ea:
2963 1337 3042 1389 his
3071 1337 3551 1411 fantum‘t'erbis:
3602 1336 3734 1392 Nisi.

465 1427 633 1480 prava
663 1405 923 1480 corporis
945 1405 1250 1480 valetudine
1279 1405 1577 1471 uteremur,
1602 1405 2053 1464 convenissetiius
2090 1405 2162 1472 te,
2196 1421 2249 1464 et
2284 1411 2424 1462 hanc
2458 1424 2552 1477 per
2581 1423 2681 1460 nos
2714 1405 3172 1480 legationemipsi
3220 1405 3570 1480 abiissemus,
3600 1424 3720 1480 con-

467 1474 624 1547 iicere
654 1479 736 1547 [as
762 1474 838 1533 22.1
871 1479 1179 1549 Gregorium
1207 1478 1724 1549 Constantinopolim
1755 1480 2125 1547 proﬁciscendi
2157 1474 2472 1532 consiliunf
2494 1493 2597 1549 non
2628 1474 2842 1549 omnino
2893 1474 3181 1549 abjecisse;
3213 1475 3469 1549 siquidem
3523 1477 3718 1549 praefe-

469 1543 583 1602 ctus
618 1543 668 1601 in
698 1566 759 1602 ea
789 1550 913 1603 urbe
941 1543 1173 1618 degebat,
1203 1552 1277 1602 rel
1304 1543 1620 1616 Procopium
1653 1543 1815 1601 alium
1852 1543 2035 1616 fuisse.
2077 1548 2476 1602 Observandum
2506 1548 2666 1618 etiam
2710 1543 3017 1614 Gregorium
3045 1547 3116 1618 ad
3145 1543 3353 1618 nuptias
3387 1543 3736 1618 Olympiadis.

469 1629 708 1670 vocatum
744 1636 775 1671 a
821 1613 1097 1687 Procopio,
1125 1629 1324 1684 postea,
1364 1628 1420 1670 ut
1460 1613 1769 1679 uidebimus,
1803 1613 2008 1687 nullam
2041 1619 2229 1682 aliam,
2280 1627 2478 1682 pra'ter
2509 1615 2770 1687 morbum,
2815 1613 3204 1687 excusationem
3245 1613 3555 1687 obtendere;
3581 1615 3719 1687 quod

471 1698 775 1755 argumento
805 1700 881 1741 est
909 1681 1200 1756 superiores
1231 1689 1434 1741 litteras
1464 1688 1533 1740 ad
1567 1687 1881 1754 Procopium
1912 1681 2397 1756 Constantinopolis
2461 1685 2768 1754 prwfectum
2799 1685 3022 1751 scriptas
3065 1699 3202 1746 esse,
3271 1699 3362 1737 nec
3411 1681 3729 1754 Gregorium.

471 1758 681 1810 omnino
711 1759 1021 1812 valedixisse
1051 1757 1170 1810 huic
1197 1757 1423 1811 civitati.

541 1873 658 1930 Nisi
704 1891 868 1945 prava
903 1877 1152 1944 corporis
1195 1875 1505 1932 valetudine
1536 1883 1833 1940 uteremur,
1884 1883 2047 1947 atque

2218 1876 2281 1928 Εί
2326 1875 2422 1946 μὲν
2468 1875 2542 1945 μὴ
2588 1872 2840 1944 πονηρῶς
2871 1874 3002 1943 ἡμῖν
3040 1872 3238 1944 ἕχρητο
3274 1872 3334 1925 τὸ
3362 1871 3539 1942 σῶμα,
3588 1872 3723 1943 μηδὲ

471 1966 541 2021 de
560 1967 676 2036 ipsa
702 1969 864 2021 etiam
892 1967 1000 2021 vita
1033 1968 1225 2021 malam
1257 1983 1407 2037 spem
1435 1968 1788 2034 haberemus,
1816 1969 2049 2040 primum

469 2056 606 2110 illud
666 2071 731 2110 ac
793 2058 1087 2111 maximum
1149 2058 1364 2110 lucrum
1424 2057 1782 2121 fecissemus,
1840 2068 1899 2111 ut
1958 2067 2052 2112 tuo

471 2160 770 2216 congressu
818 2161 882 2200 ac
929 2147 1202 2216 colloquio
1258 2145 1588 2210 frueremur,
1641 2148 1784 2217 quod
1828 2149 2053 2203 omnino

473 2236 649 2291 nostri
691 2250 818 2306 erga
852 2245 903 2290 te
934 2235 1093 2290 oﬂicii
1147 2236 1287 2290 ratio
1316 2237 1626 2306 postulabat
1665 2257 1676 2291 :
1716 2237 1912 2293 deinde
1959 2253 2055 2308 per

475 2339 577 2380 nos
621 2325 771 2394 ipsos
823 2324 964 2378 hanc
1005 2325 1331 2398 legationem
1370 2325 1724 2381 obiissemus.
1780 2327 2051 2392 Quoniam

476 2421 681 2476 autem,
724 2414 916 2468 morbo
968 2429 1231 2483 prorsus,
1285 2423 1541 2484 tanquam
1595 2417 1806 2470 catenis
1852 2416 2050 2479 vincti,

474 2500 742 2570 iacemus,
775 2515 876 2555 nec
911 2510 1107 2570 sponte
1137 2511 1325 2557 nostra
1359 2511 1413 2558 et
1442 2503 1719 2559 voluntate
1751 2505 1856 2559 hoc
1885 2506 2054 2560 dett-io

477 2598 721 2645 mentum
765 2592 1113 2660 accepimus,
1159 2593 1305 2663 quod
1349 2605 1654 2663 supererat,
1699 2597 1753 2651 id
1788 2596 2050 2662 facimus,

477 2693 640 2753 teque
683 2698 780 2752 per
820 2685 1031 2740 litteras
1066 2685 1314 2751 adimus,
1351 2696 1514 2755 atque
1561 2689 1946 2758 amplectimur
2001 2699 2056 2744 et

475 2772 883 2834 exosculamur,
920 2787 1150 2842 eamque
1191 2772 1444 2828 ﬁduciam
1477 2776 1838 2845 concipimus,
1871 2783 1929 2830 ut
1956 2792 2055 2846 pro

477 2860 817 2915 condiacono
862 2871 1052 2916 nostro
1085 2862 1325 2932 Eugenio
1374 2879 1646 2934 rogemus,
1683 2881 1842 2936 quem
1889 2882 1920 2920 a
1963 2875 2053 2920 tua

477 2950 680 3006 mentis
713 2952 1088 3022 magnitudine
1121 2968 1183 3007 ac
1220 2956 1539 3024 praestantia
1574 2956 1947 3024 deposcimus.
1976 2959 2056 3011 Ac

474 3041 523 3096 si
557 3040 777 3112 quidem
815 3043 1025 3097 nullum
1056 3045 1264 3099 crimen
1292 3056 1378 3100 est
1407 3061 1473 3100 ea
1523 3045 1890 3112 familiaritas,
1935 3063 2056 3118 quae

477 3131 580 3202 ipsi
635 3148 758 3186 cum
820 3133 1064 3204 Begiano
1119 3135 1340 3189 homine
1382 3137 1541 3204 110
1581 3137 1958 3191 conscelerate
2000 3145 2056 3192 et

2153 1965 2283 2036 περὶ
2315 1964 2407 2018 τοῦ
2434 1963 2532 2035 ζῇν
2577 1963 2746 2017 αὑτοῦ
2789 1963 3030 2034 πονηρὰς
3073 1962 3294 2033 είχομεν
3331 1963 3430 2026 τὰς
3479 1963 3720 2028 ἐλπίδας,

2152 2057 2368 2127 πρῶτον
2402 2056 2501 2127 μὲν
2533 2054 2645 2126 (50)
2686 2054 2753 2107 ἂν
2797 2055 2890 2107 καὶ
2934 2054 3184 2125 μέγιστον
3223 2054 3593 2124 ἐκερδάναμεν
3626 2051 3726 2123 τὴν

2154 2145 2252 2217 σὴν
2287 2145 2573 2216 συντυχίαν
2602 2148 2693 2198 καὶ
2735 2146 3022 2199 συνουσίαν
3050 2145 3184 2214 (51),
3213 2145 3247 2214 ἦ
3281 2161 3360 2196 σοι
3392 2145 3524 2213 παρ’
3568 2143 3723 2214 ἡμῶν

2153 2236 2368 2300 πάντως
2395 2236 2684 2304 ὠφείλετοο
2715 2235 2966 2307 δεύτερον
2999 2236 3056 2289 δὲ
3089 2236 3154 2289 δι’
3186 2235 3344 2306 ήμῶν
3373 2235 3550 2288 αὐτῶν
3581 2235 3714 2288 ταύ-

2150 2343 2250 2398 την
2279 2327 2344 2380 ἂν
2380 2326 2778 2398 ἐπληρώσαμεν
2817 2327 2916 2398 τὴν
2961 2326 3275 2398 πρεσϐείαν.
3317 2326 3469 2377 Ἐπεὶ
3509 2325 3566 2377 δὲ
3603 2325 3719 2376 κεί-

2157 2417 2294 2488 μεθα
2331 2417 2607 2482 παντελῶς
2647 2421 2711 2488 τῇ
2741 2418 3022 2488 ἀρρωστίᾳ
3056 2417 3448 2487 πεπεδημένοι,
3492 2415 3586 2469 καὶ
3625 2417 3725 2486 οὐχ

2153 2507 2368 2574 ἑκόντες
2397 2505 2772 2577 ἐζημιὼμεθα,
2806 2507 2834 2559 ὃ
2871 2506 3118 2576 δεύτερον
3151 2501 3218 2576 ἦν
3249 2503 3529 2574 ποιοῦμεν,
3553 2503 3722 2573 πρόσ-

2157 2597 2276 2667 ιμέν
2311 2596 2420 2667 (52)
2453 2614 2534 2649 σοι
2577 2597 2666 2649 διὰ
2703 2597 2810 2649 τῶν
2848 2595 3212 2668 γραμμάτων,
3242 2596 3335 2647 καὶ
3379 2593 3723 2664 δεξιούμεθα,

2154 2688 2248 2740 καὶ
2296 2686 2757 2758 κατασπαζόμεθα
2796 2687 2931 2756 (55),
2969 2687 3061 2740 καὶ
3115 2684 3437 2758 θαρροῦμεν.
3471 2683 3726 2754 δεηθῆναι

2155 2781 2283 2851 περὶ
2314 2781 2410 2833 τοῦ
2457 2780 2802 2834 συνδιακόνου
2831 2781 2943 2850 (54)
2975 2780 3134 2851 ἡμῶν
3167 2779 3446 2847 Εὑγενίου,
3493 2776 3550 2830 ὃν
3582 2775 3727 2840 ἐξαι-

2153 2871 2393 2942 τούμεθα
2437 2872 2587 2942 παρὰ
2637 2873 2738 2942 τῆς
2786 2873 2883 2941 σῆς
2943 2871 3316 2942 μεγαλονοίας.
3368 2870 3430 2922 Εί
3487 2868 3584 2938 μὲν
3632 2865 3728 2920 οὖν

2154 2962 2305 3016 οὐδέν
2341 2965 2487 3016 ἐστιν
2527 2963 2769 3033 ἀδίκημα
2811 2965 2843 3033 ἡ
2887 2963 3022 3033 πρὸς
3059 2963 3150 3016 τὸν
3185 2962 3396 3016 ἀνόσιον
3443 2959 3727 3029 Ῥηγιανὺν

2155 3053 2423 3124 οἰκειότης
2465 3053 2562 3122 (οὐ
2594 3052 2703 3124 γὰρ
2735 3053 2863 3106 ἄλλο
2889 3071 2962 3124 γε,
2987 3052 3137 3105 οὐδὲν
3172 3051 3370 3105 ἀδικῶν
3412 3047 3716 3118 φαίνεται),

2155 3142 2221 3195 δι’
2250 3143 2382 3195 αὐτὸ
2410 3143 2470 3195 τὸ
2496 3142 2722 3206 δίκαιον,
2759 3136 2821 3195 οὗ
2854 3146 2918 3196 σὺ
2951 3143 3256 3214 βραϐευτὴς
3296 3141 3406 3210 (55)
3465 3139 3558 3192 καὶ
3595 3156 3728 3210 προ-

478 3222 692 3277 nefario
755 3224 1066 3279 intercessit
1110 3227 1127 3292 (
1154 3243 1329 3296 neque
1376 3228 1520 3281 enim
1577 3243 1701 3283 eum
1755 3228 2052 3298 quidquam

2157 3230 2358 3302 στάτης
2380 3247 2394 3260 ·
2430 3235 2477 3284 εἰ
2511 3233 2567 3284 δὲ
2599 3233 2844 3303 ἀδίκημα
2880 3232 3036 3285 τοῦτο
3060 3233 3264 3302 κρίνεις
3286 3231 3419 3300 (56),
3439 3229 3525 3281 διά
3551 3244 3614 3296 γε
3638 3228 3728 3278 τὸν

479 3313 624 3366 aliud
662 3313 886 3369 sceleris
936 3315 1227 3372 admisisse
1263 3317 1551 3388 constat),
1598 3318 1668 3372 ob
1715 3317 1810 3387 jus
1855 3318 2056 3386 ipsum,

481 3399 640 3467 cujus
682 3408 741 3454 tu
772 3400 979 3456 arbiter
1018 3418 1078 3456 ac
1126 3413 1396 3471 patronus
1425 3421 1492 3460 es
1520 3425 1533 3460 :
1569 3407 1616 3460 si
1649 3417 1830 3460 autem
1867 3407 1920 3461 id
1946 3407 2055 3460 cri-

480 3506 604 3546 men
636 3507 758 3547 esse
787 3507 1004 3559 censes,
1037 3505 1187 3550 certe
1223 3497 1275 3550 in
1315 3497 1408 3552 Dei
1445 3498 1704 3568 gratiam,
1739 3497 1830 3551 cui
1861 3499 2054 3565 astitit,

481 3596 546 3636 ac
581 3585 882 3638 senectutis
913 3592 1114 3639 nostra:
1145 3603 1332 3653 causa,
1370 3603 1533 3658 quam
1573 3590 1759 3644 multis
1790 3590 1922 3644 viris
1961 3589 2055 3644 Dei

481 3679 628 3725 metu
663 3673 906 3742 prmditis
941 3677 1276 3732 venerationi
1326 3695 1448 3734 esse
1487 3697 1596 3734 non
1641 3680 1881 3750 ignoras,
1916 3681 2056 3736 hanc

481 3762 666 3831 igitur,
705 3779 922 3833 quaeso,
961 3768 1190 3834 gratiam
1222 3775 1277 3822 et
1318 3769 1498 3830 nobis,
1529 3777 1583 3823 et
1623 3770 1878 3825 universo
1909 3771 2055 3825 clero

483 3854 763 3919 concede;
839 3865 1001 3923 atque
1071 3856 1348 3911 hominem
1425 3858 1701 3912 calumnia
1774 3859 2054 3913 liberando

483 3941 690 3998 faustas
754 3945 850 3998 tibi
897 3945 1110 4002 di\inas
1155 3963 1280 4018 spes
1328 3949 1497 4004 eﬂice.
1552 3950 1609 4004 Si
1673 3951 1774 4004 hoc
1835 3950 2049 4015 feceris,

2152 3322 2305 3384 Θεὸν,
2336 3314 2379 3388 ᾧ
2411 3323 2725 3392 παρέστηκε
2751 3323 2886 3392 (57),
2925 3323 3019 3375 καὶ
3052 3321 3151 3392 τὴν
3192 3320 3463 3391 ἡμετέραν
3507 3316 3719 3380 πολιὰν,

2152 3414 2219 3483 ἢν
2256 3412 2531 3483 αἰδέσιμον
2565 3409 2706 3477 οἶδας
2737 3413 2848 3483 (58)
2872 3413 3085 3476 πολλοῖς
3122 3413 3230 3465 τῶν
3253 3411 3594 3480 φοϐουμένων
3623 3409 3744 3491 τὸν.

2153 3501 2378 3572 Κύριον,
2413 3503 2500 3566 δὸς
2527 3499 2620 3556 οὖν
2660 3504 2792 3575 (59),
2834 3504 3173 3576 παρακαλῶ,
3214 3504 3308 3556 καὶ
3343 3505 3473 3573 ἡμῖν
3513 3500 3606 3554 καὶ
3650 3499 3729 3566 τῷ

2162 3591 2349 3663 κλήρῳ
2381 3595 2544 3647 παντὶ
2585 3594 2786 3663 ταύτην
2817 3594 2914 3665 τὴν
2958 3596 3114 3664 χάριν
3135 3611 3147 3624 ·
3179 3596 3272 3648 καὶ
3313 3593 3489 3656 δεξιὰς
3521 3588 3728 3658 σεαυτῷ

2162 3683 2388 3754 ποίησον
2434 3686 2530 3748 τὰς
2576 3685 2716 3739 κατὰ
2762 3687 2893 3738 Θεὸν
2935 3687 3173 3751 ἐλπίδας,
3210 3683 3579 3755 ἐλευθερώσας
3627 3681 3728 3750 τῆς

2162 3775 2422 3844 ἐπηρείας
2454 3777 2546 3829 τὸν
2596 3778 2899 3847 ἄνθρωπον.
2948 3777 3236 3848 Ἀντιλήψῃ
3278 3777 3366 3838 δέ,
3416 3767 3492 3827 ὧν
3540 3773 3728 3837 δίδως,

2159 3866 2258 3919 οὑκ
2291 3868 2548 3922 ἐλάττονα
2590 3868 2675 3941 (εἰ
2704 3869 2779 3939 μὴ
2811 3870 2952 3940 μέγα
2999 3867 3158 3922 τοῦτο
3202 3869 3424 3935 εἰπεῖν),
3465 3864 3564 3928 τὰς
3595 3863 3726 3933 παρ’

2159 3956 2316 4025 ἡμῶν
2349 3959 2533 4028 εὐχάς.

484 4049 583 4102 pro
614 4035 715 4101 iis,
757 4054 877 4106 quae
907 4040 1140 4104 tribuis,
1186 4056 1295 4096 non
1340 4042 1548 4096 minora
1577 4042 1718 4114 (nisi
1755 4042 1858 4097 hoc
1901 4042 2051 4097 dictu
2090 4044 2254 4103 nimis
2285 4065 2539 4121 magnum
2567 4048 2694 4119 est),
2720 4048 2976 4120 recipies,
3011 4049 3111 4103 hoc
3166 4054 3270 4112 est,
3323 4053 3542 4100 nostras
3604 4052 3725 4095 ora-

484 4126 681 4184 tiones.

557 4301 669 4375 (48)
695 4303 988 4375 Martini;-
1017 4306 1176 4375 ὑμῖν.
1201 4304 1276 4358 ita
1305 4308 1426 4361 cod.
1459 4307 1515 4360 Β.
1539 4307 1592 4368 5,
1626 4306 1692 4372 R,
1717 4314 1770 4361 et
1801 4305 2046 4360 Combef.
2095 4302 2100 4307 ’

484 4369 544 4423 In
565 4369 677 4442 edit
725 4369 852 4442 ὑμῖν
884 4369 1069 4428 deest:
1083 4375 1275 4428 Reddit
1305 4385 1484 4431 tamen
1517 4369 1727 4430 Billius.

559 4440 669 4514 (ιο)
708 4440 1117 4514 Αιῑιιε-οιλγιιις
1173 4443 1365 4499 incerti
1421 4447 1679 4514 temporis
1708 4484 1722 4509 ,
1772 4443 1867 4498 sed
1912 4443 2050 4500 forte

485 4508 730 4577 ejusdem
761 4511 908 4563 anni.

559 4577 671 4648 (50)
701 4578 940 4646 Πρῶτον
969 4581 1118 4646 μέν,
1171 4590 1275 4636 etc.
1321 4580 1477 4636 Hunc
1509 4582 1730 4644 locum,
1782 4583 1870 4636 cui
1920 4583 2055 4637 nihil

485 4655 672 4702 censet
691 4650 1018 4729 addendum,
1047 4651 1126 4705 sic
1158 4653 1312 4706 \‘ertit
1343 4651 1624 4729 Combef.:
1658 4652 1897 4704 Primum
1922 4653 2056 4706 illud

486 4723 876 4790 acmaximth
897 4736 1125 4773 essemus
1163 4723 1445 4782 consecuti,
1480 4731 1536 4772 ut
1564 4731 1650 4774 tuo
1675 4739 1956 4790 congressu
1995 4740 2057 4776 ac

484 4788 746 4862 colloquio
768 4789 1075 4862 potiremur,
1105 4793 1288 4862 quippe
1328 4791 1580 4862 qui/iane
1616 4788 1921 4861 legationem
1967 4807 2057 4861 per

487 4874 582 4928 nos
608 4859 746 4924 ipsos
797 4858 1126 4913 obiissemus.
1153 4858 1340 4914 Bil’lius
1368 4899 1382 4922 ,
1421 4861 1630 4928 inquit,
1663 4858 1788 4915 'liaac
1820 4858 2052 4927 dividit;

487 4927 582 4980 sed
626 4929 820 4982 melius
849 4943 912 4982 ac
951 4931 1254 5000 simplicius
1284 4931 1428 4984 edita
1459 4927 1641 4983 Graeca
1694 4947 1814 4999 quae
1865 4933 2056 5000 lectio-

486 5011 650 5056 nem,
702 5013 864 5065 quam
901 4999 1122 5053 secutus
1173 5009 1256 5055 est
1290 5041 1304 5066 ,
1354 5014 1461 5053 non
1511 5000 1820 5054 admittunt.
1879 4999 2054 5055 Unum

487 5067 737 5148 agnoscit
763 5068 1163 5148 detrimentum
1203 5069 1496 5148 Gregorius
1525 5109 1539 5133 ,
1563 5071 1719 5148 .quod
1766 5071 2055 5148 praesentia

486 5133 578 5208 illa
622 5134 885 5208 exciderit
911 5175 925 5198 ,
956 5141 1042 5190 cui
1066 5140 1296 5193 alterum
1316 5133 1492 5202 facit,
1524 5133 1612 5208 ﬁt
1642 5155 1737 5208 per
1766 5133 2055 5208 epistolam

488 5201 728 5281 atl‘catnet
764 5203 1101 5281 interpellet:
1141 5212 1204 5262 Ὃ
1241 5201 1488 5279 δεύτερον
1520 5203 1588 5280 ἦν
1613 5201 1932 5281 [πρόᾰιμέν
1975 5226 2056 5262 σοι

485 5271 711 5342 διὰ-τῶν
747 5271 1109 5342 γραμμάτων.

558 5288 573 5322 ι
603 5288 711 5323 των
747 5288 1109 5393 γραμματων.

558 5339 672 5416 (51.)
693 5344 782 5392 Ka
821 5347 1183 5416 συνουσίαν.
1218 5346 1484 5403 Addimus
1511 5362 1632 5402 cum
1651 5347 1772 5403 cod.
1805 5348 1913 5416 Reg
1941 5388 1955 5401 .
1991 5347 2052 5402 Β.

486 5409 602 5498 ἶ),ἒὲ
632 5409 1040 5498 Ρίιῧίὶἒὲξπείιε
1057 5415 1144 5498 ζει
1168 5432 1270 5498 ,σοι
1292 5419 1420 5498 παρ’
1453 5419 1609 5498 ὴμῶν
1636 5419 1860 5498 ,πάντευς
1882 5409 2056 5498 Ficel-

485 5477 609 5558 λετο
632 5493 646 5508 ο
680 5479 930 5558 δεύτερον
969 5481 1026 5534 δὲ
1045 5482 1122 5558 in"
1158 5484 1312 5558 ἠμῷν
1342 5477 1520 5558 sine;
1551 5489 1753 5558 ταύτην
1786 5477 1855 5541 ἂν
1886 5477 2055 5557 ἐπλη-

489 5544 745 5624 ρῴσαμεν
770 5544 868 5618 τὴν
898 5544 1210 5624 πρεσϐείανξ
1242 5552 1392 5624 Legit
1427 5555 1660 5611 Montac.
1683 5544 1835 5611 ε’Κα).
1871 5544 2058 5609 συνού-

488 5615 975 5740 σίαν,¹1ὲσοι’παρ’
1012 5620 1168 5688 ἡμῶν
1208 5615 1447 5686 σπανίως
1484 5624 1773 5691 ὠφείλετο·
1805 5626 2056 5696 δεύτερον

488 5683 547 5740 δδ
570 5691 646 5740 ὼς
711 5686 746 5740 ι’
775 5687 932 5740 itu.th
958 5688 1138 5740 αὐτῶν
1165 5690 1328 5740 ταῦτα
1362 5693 1773 5740 ἐπληοώσωιεν-
1831 5696 1885 5740 In
1919 5697 2049 5740 edit-

488 5683 547 5740 δὲ
570 5691 646 5751 ὼς
679 5683 746 5740 δι’
775 5683 936 5759 ἡμῶν
958 5683 1138 5743 αὐτῶν
1165 5690 1328 5745 ταῦτα
1362 5683 1773 5766 ἐπληρῶσαμεν.
1830 5696 1886 5750 In
1919 5683 2050 5752 edit.

2159 4308 2253 4393 καὶ
2281 4308 2583 4375 συνουσίαν,
2613 4309 2693 4362 ὅτι
2721 4308 2849 4381 παρ’
2879 4307 3034 4380 ἡμῶν
3058 4307 3244 4362 αὐτῶν.
3266 4305 3469 4379 ταύτην
3492 4304 3728 4373 ἀνεπληι-

2194 4395 2308 4448 ωσα
2315 4395 2431 4448 μεν.

2082 4427 2126 4481 D
2159 4395 2431 4518 agili;
2486 4443 3267 4518 6edtepor_ﬁrgtowﬁyert
3294 4446 3602 4518 xpdaqte‘ij.
3646 4443 3727 4497 Ita

2158 4516 2280 4570 cod.
2307 4517 2460 4585 Reg,
2485 4519 2541 4570 Β.
2575 4519 2628 4582 5,
2652 4513 2728 4572 ἐι
2771 4513 2863 4580 Rf,
2907 4513 3188 4572 MorelIac
3230 4514 3508 4585 Combef.,
3540 4513 3729 4585 sicque

2158 4586 2310 4656 legit.
2347 4583 2462 4641 Bill.
2501 4587 2591 4656 qui
2619 4587 2812 4642 vertit:
2849 4587 3002 4652 Quod
3022 4588 3257 4656 deinceps
3291 4583 3599 4656 sequebatur
3624 4583 3724 4656 ,__id

2159 4653 2403 4728 facimus.
2443 4653 2676 4728 Montac.
2715 4656 2742 4708 ὃ
2770 4656 3018 4728 δεύτερον
3050 4653 3117 4728 ἦν
3151 4654 3464 4725 προσίομεν.
3503 4653 3559 4706 In
3592 4654 3724 4706 edit.

2162 4725 2422 4796 ποιοῦμεν
2446 4727 2618 4781 deest.

2159 4790 2349 4928 ζόίὸξ)
2393 4792 2913 4865 Κατασπαζόμεθα.
2971 4794 3102 4851 Cod.
3159 4801 3212 4848 et
3258 4790 3503 4846 Combef.
3545 4792 3725 4844 ἀσπα-

2225 4881 2290 4928 με
2330 4883 2383 4918 α.
2511 4917 2523 4928 _

2268 4883 2383 4918 ευα.

2225 4881 2886 5004 ῗξὲῗὲυνέιακόνουλιο
2917 4934 3038 4988 cod.
3058 4932 3214 5003 Reg,
3244 4929 3501 4994 Montac.,
3537 4927 3728 4982 Morel.

2157 5010 2212 5057 et
2238 5003 2486 5059 Combef.
2529 5005 2587 5058 In
2628 5005 2760 5059 edit.
2796 5003 3061 5056 διακόνου.

2232 5074 2344 5143 (55)
2370 5071 2451 5130 Οὗ
2506 5075 2585 5128 σὺ
2635 5075 2988 5141 βραϐευτής.
3028 5072 3103 5125 lla
3129 5069 3253 5143 cod.
3289 5065 3444 5140 Reg,
3472 5066 3730 5135 Montac.,

2159 5141 2347 5198 Morel.
2383 5159 2446 5198 ac
2475 5144 2722 5198 Combef.
2766 5145 2822 5195 In
2853 5147 2984 5196 edit.
3011 5141 3334 5207 κρατεύτης.

2229 5213 2340 5281 (56)
2377 5213 2553 5268 Τοῦτο
2577 5211 2927 5284 κρίνειςηιιο
2965 5207 3250 5284 cod._llcg.
3377 5207 3730 5284 '5,“llionta~c.,

2158 5279 2346 5390 Mo‘rel.
2401 5299 2465 5338 ac
2511 5279 2792 5346 Combef.,
2831 5283 3056 5352 ipseque
3100 5279 3220 5334 Bill.
3280 5279 3339 5332 ln
3392 5279 3522 5334 edit.
3575 5279 3731 5328 τοῦτο

2159 5369 2230 5390 νη
2256 5370 2332 5390 υς,

2159 5369 2356 5404 κοινει.

2202 5369 2738 5490 ρ(’ἕθ)ἠςιρέστηκε.
2776 5420 3009 5476 Montac.
3046 5427 3100 5475 et
3135 5417 3317 5490 Morel.
3356 5415 3727 5486 παρέστηκας.

2379 5484 2574 5565 Οἶδας..
2603 5484 2790 5565 alorci.
2821 5501 2874 5565 et
2912 5491 3156 5565 glpmbef.
3191 5484 3325 5565 οἶδα.
3366 5557 3379 5565 ⁸
3509 5555 3526 5565 _
3591 5484 3600 5486 “
3643 5552 3678 5565 η

2155 5630 2190 5687 d
2369 5561 2477 5647 (δὸς
2504 5552 2633 5616 οὖν.
2664 5562 2741 5616 lta
2770 5561 2893 5617 COtl.
2923 5560 3108 5616 Morel.
3145 5569 3196 5615 et
3228 5555 3474 5612 Combef.
3509 5555 3568 5608 ln
3592 5552 3732 5609 edit.

2195 5646 2283 5687 eos
2359 5648 2470 5685 ουν.

2195 5627 2330 5689 εὸείί
2359 5627 2470 5685 οὖν.
