4012 6220
509 260 604 317 2'51
1755 251 1811 305 ὃ.
1857 247 2112 306 GREGOI

2235 244 2574 302 THEOLOCI
3685 245 3790 302 ΞΜ
3807 290 3813 294 .

509 391 570 432 ιιι
629 373 882 446 pluribts
920 369 1204 425 beneﬁciis
1261 383 1364 424 nos
1417 368 1554 436 ipsis
1612 366 1913 422 obstrictos
1971 379 2095 422 esse

2236 363 2308 433 ἀρ
2346 365 2464 415 ἐστι
2517 360 2612 415 καὶ
2671 353 3063 427 ἀδικουμένους
3126 347 3187 408 εὖ
3252 353 3484 426 πάσχειν
3525 353 3663 428 (97),
3699 351 3793 413 καὶ

511 443 899 540 agnoscamus.
940 462 1106 516 Multa
1153 461 1300 515 enim
1344 469 1494 525 sunt,
1563 458 1618 512 in
1653 458 1856 528 quibus
1898 457 1958 524 ii,
2003 457 2098 526 qui

2235 455 2381 520 alii»;
2440 455 2748 525 scd-sxovmc
2776 448 3103 531 ἀδικεῖσθαι.
3151 447 3233 502 Τὰ
3276 447 3375 519 μὲν
3414 443 3509 502 οὖν
3546 446 3795 522 ἡμέτερα

511 538 813 623 laeduntur,
851 556 1182 612 beneﬁcium
1209 553 1516 624 accipiunt,
1546 559 1601 605 et
1646 558 1843 605 contra
1876 548 1972 613 iis,
2004 548 2099 619 qui

2235 546 2448 601 οιαῦτα.
2483 545 2592 598 Καὶ
2637 545 2686 596 εί
2727 541 2801 613 μὴ
2827 542 2952 605 τοὺς
2989 538 3182 604 ἄλλους
3213 538 3495 610 πείθομεν,
3537 540 3698 594 αὐτόν
3728 541 3796 610 γέ

510 650 839 707 beneﬁcium
885 647 1187 718 accipiunt,
1239 645 1444 716 injuria
1502 642 1762 697 infertur.
1799 639 1978 712 Atque
2031 639 2100 694 ad

515 744 660 797 hunc
705 739 928 796 modum
975 755 1063 794 res
1096 745 1302 792 nostrae
1346 752 1406 792 se
1440 736 1662 790 habent.
1697 732 1857 800 Quod
1890 733 1939 789 si
1971 730 2100 786 aliis

517 835 682 904 hujus
732 833 813 888 rei
846 831 1004 886 ﬁdem
1047 845 1158 885 non
1192 828 1452 892 facimus,
1487 834 1540 882 te
1565 824 1784 896 quidem
1810 831 1983 888 certe,
2013 821 2104 877 cui

515 928 709 986 libenti
733 927 915 980 animo
944 925 1070 980 vitae
1098 930 1305 978 nostrae
1349 921 1618 976 rationem
1663 917 1969 982 reddimus,
2014 915 2102 968 in-

517 1026 634 1072 star
693 1016 937 1070 omnium
1001 1013 1145 1068 scire
1190 1012 1466 1076 volumus,
1528 1009 1638 1062 imo
1681 1021 1812 1062 vero
1863 1013 1918 1059 et
1962 1004 2105 1060 seire

518 1107 881 1174 conﬁdimus,
948 1114 1002 1161 et
1064 1102 1452 1176 ignorantibus
1507 1097 1668 1153 ﬁdem
1730 1095 1931 1150 facere.
1993 1091 2104 1149 Vos

520 1217 670 1265 vero,
707 1202 960 1262 obsecro,
999 1197 1148 1252 onmi
1171 1193 1356 1251 studio
1385 1193 1439 1246 in
1487 1191 1590 1246 hoc
1619 1189 1942 1255 incumbite,
1977 1197 2035 1240 ut
2059 1185 2106 1240 si

522 1309 630 1346 non
691 1290 868 1360 prius,
926 1302 1074 1343 nunc
1136 1285 1329 1340 saltent
1405 1282 1556 1335 orbis
1613 1285 1896 1348 segmenta
1963 1274 2108 1330 male

521 1383 796 1451 disjuncta
833 1380 1151 1448 conspireut
1195 1383 1249 1430 et
1293 1379 1508 1436 coeant,
1548 1386 1612 1424 ac
1668 1369 2006 1439 praesertim,
2060 1365 2105 1421 si

520 1491 615 1528 eos
648 1473 993 1534 inveneritis,
1043 1485 1150 1523 non
1202 1468 1273 1522 ob
1327 1465 1450 1520 ﬁdei
1507 1462 1842 1526 doctrinam,
1891 1460 1988 1516 sed
2039 1459 2109 1513 ob

521 1564 766 1635 privatas
793 1561 1105 1616 simultates
1138 1558 1281 1611 inter
1305 1570 1365 1610 se
1395 1553 1701 1609 distractos
1733 1565 1796 1604 ac
1836 1549 2106 1611 divulsos,

2203 657 2264 694 σε
2307 637 2424 710 (98)
2475 637 2598 690 ἀντὶ
2655 634 2872 687 πάντων
2914 630 3114 684 εἰδέναι
3165 629 3484 701 βουλόμεθα,
3543 624 3588 700 ᾧ
3637 631 3794 701 λόγον

2204 731 2484 802 ὑπέχομεν
2510 727 2681 799 ἡδέως
2715 724 2826 797 (99)
2870 723 2980 777 τῶν
3020 723 3327 795 ἡμετέρων,
3367 723 3566 794 μᾶλλον
3599 723 3678 788 δὲ,
3714 725 3795 778 εί-

2202 823 2352 877 δέναι
2411 817 2792 887 πεπείσμεθα,
2843 816 2939 869 καὶ
2994 815 3206 868 πείθειν
3264 816 3392 879 τοὺς
3440 815 3792 883 ἀγνοοῦντας.

2217 916 2376 986 Ὑμῖν
2415 912 2505 978 δὲ,
2563 908 2886 982 παρακαλῶ,
2940 908 3090 961 πᾶσα
3150 907 3354 979 σπουδὴ
3403 908 3644 976 γενέσθω
3700 902 3796 963 νῦν

2204 1005 2358 1076 γοῦν,
2400 1006 2448 1057 εί
2503 1002 2599 1056 καὶ
2644 1001 2719 1073 μὴ
2771 1000 3058 1072 πρότερον,
3097 999 3462 1070 συμφωνῆσαι
3489 999 3566 1070 (l)
3596 1001 3694 1054 καὶ
3719 1001 3800 1063 είς

2206 1097 2263 1150 ἓν
2293 1096 2469 1150 ἐλθεῖν
2501 1094 2571 1148 τὰ
2637 1093 2738 1163 τῆς
2793 1091 3120 1162 οἰκουμένης
3172 1091 3439 1161 τμήματα
3491 1091 3680 1154 κακῶς
3719 1091 3802 1145 διο

2207 1189 2440 1252 εστῶτα,
2471 1187 2565 1241 καὶ
2589 1185 2846 1257 μάλιστα,
2877 1187 2925 1239 εί
2951 1183 3166 1238 λάϐοιτε
3190 1183 3387 1247 αὐτοὺς
3417 1184 3514 1253 οὐχ
3540 1183 3682 1254 ὑπὲρ
3703 1182 3798 1237 τοῦ

2205 1278 2367 1348 λόγου
2419 1279 2518 1349 τῆς
2576 1277 2834 1342 πίστεως,
2874 1277 2989 1330 ἀλλ’
3037 1276 3179 1347 ὑπὲρ
3203 1276 3312 1330 τῶν
3354 1276 3498 1328 ἰδίων
3535 1275 3802 1346 μικροψυ-

2207 1371 2340 1442 χιῶν
2369 1370 2682 1436 διεστῶτας,
2734 1370 2872 1441 ὅπερ
2903 1367 3015 1437 ἐγὼ
3059 1369 3340 1438 τετήρηκα
3368 1367 3464 1437 (2).
3504 1366 3679 1422 Τοῦτο
3707 1367 3802 1420 καὶ

2209 1461 2340 1530 ὑμῖν
2373 1458 2670 1531 ἔμμισθον,
2709 1457 2775 1511 ἂν
2808 1457 2896 1528 εἴη
2929 1457 2989 1510 τὸ
3019 1456 3308 1511 δύνασθαιο
3341 1459 3435 1510 καὶ
3463 1458 3594 1527 ἡμῖν
3619 1457 3804 1526 ὴὰνα-

2209 1550 2452 1622 χώρησις
2499 1549 2830 1619 ἀλυποτέρα,
2863 1550 2912 1601 εἰ
2960 1547 3262 1618 φανείημεν
3299 1546 3374 1618 μὴ
3401 1547 3573 1609 κενῶς
3598 1546 3803 1617 ταύτην

520 1654 670 1725 quod
703 1653 922 1723 quidem
961 1651 1080 1721 ipse
1120 1646 1428 1703 observavi.
1467 1643 1582 1698 Hoc
1617 1649 1671 1697 et
1717 1640 1874 1696 vobis
1905 1653 2112 1694 merce-

2235 1641 2579 1712 ιρπάσαντες,
2633 1641 2748 1695 ἀλλ’
2785 1640 2966 1694 ἑκοντὶ
3015 1640 3089 1711 (’5)
3127 1639 3381 1710 ῥίψαντες
3410 1640 3560 1709 ἡμᾶς
3605 1639 3806 1710 αὐτοὺς

521 1747 644 1801 dem
677 1744 886 1807 tulerit,
919 1742 964 1797 si
1009 1740 1064 1794 id
1096 1738 1387 1810 potueritis
1422 1753 1437 1802 ;
1471 1744 1526 1790 et
1563 1733 1721 1788 nobis
1773 1731 1955 1785 minus
1985 1744 2112 1784 mte-

2235 1733 2356 1787 ιατὰ
2376 1733 2667 1801 πελάγους,
2694 1734 2883 1805 ὥσπερ
2905 1735 2932 1786 ό
2948 1733 3134 1796 Ἰωνᾶς
3167 1731 3244 1802 (4)
3283 1733 3508 1795 ἐκεῖνος,
3529 1732 3594 1785 ἵν’
3629 1733 3656 1784 ὁ
3675 1731 3808 1783 κλύ-

522 1842 665 1893 roris
722 1836 1009 1890 habiturus
1060 1841 1145 1887 est
1193 1837 1380 1885 noster
1410 1841 1685 1890 secessus,
1722 1824 1768 1879 si
1803 1822 2119 1893 apparuerit

2220 1823 2326 1877 δων
2379 1824 2678 1893 παύσηται,
2711 1822 2806 1876 καὶ
2855 1821 3102 1877 σωθῶσιν
3142 1820 3400 1891 ἀσφαλῶς
3454 1821 3504 1874 oi
3541 1820 3808 1892 ἐμπλέον-

523 1947 625 1985 nos
693 1943 819 1982 eum
895 1941 1005 1980 non
1071 1925 1353 1978 incassum
1420 1919 1702 1988 amplexos
1765 1915 1967 1982 fuisse,
2019 1914 2112 1969 sed

2235 1931 2327 1978 τες.
2369 1916 2433 1968 Ei
2486 1915 2542 1968 δὲ
2572 1915 2723 1968 οὐδὲν
2754 1907 2915 1984 ἦττον
2963 1912 3339 1985 χειμάζονται,
3367 1911 3494 1980 τόγε
3534 1911 3805 1983 ἡμέτερον

523 2033 720 2092 Sponte
755 2019 1130 2085 nosmetipsos
1176 2013 1230 2067 in
1279 2011 1527 2081 pelagus,
1565 2007 1716 2062 Jona:
1767 2005 1913 2059 illius
1954 2003 2112 2076 114

2235 2007 2604 2077 εἰσενήνεκται.

524 2117 721 2178 instar,
754 2113 1084 2184 projecisse,
1130 2116 1189 2162 ut
1226 2107 1448 2162 sedetur
1473 2111 1792 2173 tempestas,
1826 2116 1890 2154 ac
1919 2109 2170 2155 vectores
2201 2107 2322 2156 tuto
2351 2109 2656 2158 serventur.
2723 2101 2884 2170 Quod
2943 2101 2990 2160 si
3065 2100 3424 2156 nihilominus
3480 2104 3807 2168 tempestate

519 2212 822 2282 jactantur,
867 2223 969 2262 nos
1011 2212 1193 2268 certe,
1239 2200 1387 2272 quod
1435 2199 1490 2253 in
1546 2197 1706 2252 nobis
1747 2195 1850 2250 fuit
1894 2194 2268 2265 praestitimus.

668 2321 959 2380 CXXXVI.
994 2315 1310 2374 MODARIO
1345 2311 1742 2368 EXERCITUS
1792 2308 1972 2366 DUCI.

2436 2314 2624 2380 PAC,".
2661 2313 2960 2383 ΜυΔΑΡΙῼ
3003 2310 3462 2380 nmmum
3494 2309 3594 2380 (5).

608 2442 768 2494 Alteri
799 2442 960 2494 etiam
1008 2437 1267 2504 magistro
1300 2433 1555 2504 militum,
1581 2447 1699 2484 cum
1716 2429 1834 2499 jam
1864 2428 2152 2504 concilium
2196 2429 2576 2504 celebraretur,
2603 2431 2810 2485 litteras
2840 2430 2983 2504 dedit
3006 2427 3550 2504 Gregorius,_g_uibus_
3559 2426 3808 2504 obsecrat

527 2523 582 2565 ut
632 2527 813 2581 pacem
853 2519 901 2562 et
919 2495 1438 2581 foucordiaminter
1471 2495 1765 2581 episcopos,
1809 2501 1899 2570 qui
1927 2507 2300 2568 convenerant,
2330 2500 2504 2569 foveat
2528 2511 2577 2556 et
2603 2511 2840 2556 tueatur.
2885 2500 2942 2555 Is
2969 2495 3228 2570 magister
3256 2495 3489 2553 militum
3521 2495 3805 2552 Modarius

526 2571 642 2636 erat
669 2582 882 2636 natione
907 2577 1130 2640 Gothus,
1161 2573 1250 2628 sed
1281 2571 1642 2627 Christianus.

597 2693 680 2748 Tu
723 2691 878 2746 nobis
913 2698 967 2745 et
995 2693 1282 2758 cognatus,
1318 2691 1373 2739 et
1404 2681 1694 2737 familiaris
1720 2696 1801 2745 es,
1849 2688 1903 2736 ct
1944 2680 2110 2752 quid-

526 2787 660 2860 quid
691 2781 965 2855 ejusmodi
996 2795 1026 2834 a
1054 2791 1334 2850 quoquam
1372 2775 1480 2830 dici
1515 2774 1710 2845 possit.
1744 2763 1929 2828 Pietas
1961 2772 2112 2827 enim

529 2893 632 2933 nos
664 2873 955 2944 conjunxit
985 2881 1039 2927 et
1074 2868 1300 2923 virtutis
1335 2865 1534 2936 gloria,
1565 2879 1730 2934 quam
1763 2863 1822 2917 in
1848 2871 1900 2917 te
1935 2861 2111 2916 anim-

2297 2683 2460 2756 Ἡμῖν
2491 2684 2555 2738 σὺ
2590 2683 2684 2738 κα).
2709 2682 2787 2754 (6)
2836 2681 3104 2754 συγγενὴς
3129 2681 3227 2736 καὶ
3253 2681 3453 2744 οἰκεῖος
3473 2720 3488 2747 ,
3525 2681 3619 2735 καὶ
3650 2681 3759 2735 πᾶν
3779 2682 3808 2736 ὅ

2213 2793 2268 2830 τι
2295 2772 2390 2830 οὖν
2432 2775 2498 2831 ἂν
2542 2777 2617 2848 (7)
2668 2776 2812 2830 εἴποι
2855 2775 3093 2830 τοιοῦτόν
3143 2792 3247 2838 τις.
3301 2775 3364 2828 Ἦ
3405 2773 3515 2846 γὰρ
3550 2772 3810 2828 εὐσέϐεια

2217 2868 2458 2939 συνῆψεν
2491 2869 2661 2940 ἡμᾶς,
2711 2868 2808 2921 καὶ
2838 2867 2900 2920 τὸ
2928 2868 3028 2938 τῆς
3071 2866 3276 2938 ἁρετῆς
3317 2865 3624 2937 εὐδόκιμον,
3658 2865 3726 2936 ἢν
3750 2866 3809 2919 ὲν

531 2968 872 3024 advertimus
903 2982 918 3030 ;
953 2964 1084 3019 hinc
1111 2961 1371 3016 videlicet
1402 2956 1537 3011 illud
1587 2955 1879 3026 perspicue
1925 2961 2112 3008 osten-

2235 2959 2305 3012 πο).
2326 2959 2735 3030 κατεμάθομεν,
2775 2957 3010 3024 δείξαντι
3049 2956 3258 3027 σαφῶς,
3292 2956 3374 3009 ὅτι
3401 2955 3465 3008 τὺ
3496 2953 3809 3026 Ἑλληνικὸν

530 3060 716 3121 dente,
745 3056 998 3112 Graecum
1039 3059 1093 3106 et
1135 3050 1454 3109 barbarum,
1497 3058 1822 3115 corporum,
1854 3058 1963 3098 non
2000 3040 2119 3094 ani-

533 3165 772 3211 morum,
813 3161 936 3202 esse
983 3142 1306 3203 discrimen,
1357 3153 1422 3193 ac
1481 3138 1729 3192 locorum
1771 3134 2114 3198 distantiam,

2225 3051 2322 3103 καὶ
2353 3050 2415 3103 τὸ
2453 3049 2751 3122 βάρϐαρον,
2789 3048 3079 3119 σωμάτων,
3106 3048 3168 3101 οὐ
3191 3047 3379 3118 ψυχῶν
3406 3047 3524 3099 ἐστι
3551 3045 3807 3116 διαφορὰ,

2225 3139 2323 3192 καὶ
2351 3137 2534 3192 τόπων
2589 3138 2889 3202 διάστασις,
2917 3137 3032 3189 ἀλλ’
3081 3137 3140 3189 οὐ
3179 3137 3418 3208 τρόπων,
3455 3135 3576 3190 οὐδὲ
3612 3153 3810 3208 προαι-

533 3258 640 3296 non
681 3247 865 3293 autem
917 3249 1132 3290 morum
1183 3246 1248 3286 ac
1286 3230 1652 3285 voluntatum.
1695 3227 1873 3298 Atque
1908 3225 2112 3281 utinam

2235 3229 2432 3303 ρέσεων
2480 3228 2578 3299 (8).
2605 3229 2669 3281 El
2726 3228 2936 3297 γένοιτο
2991 3227 3219 3292 πολλοὺς
3273 3226 3381 3282 τῶν
3431 3227 3716 3299 ἡμετέρων
3749 3227 3812 3280 τὸ

531 3330 689 3385 multi
737 3343 806 3381 rx
855 3327 943 3391 iis,
991 3324 1086 3394 qui
1133 3336 1332 3393 genere
1389 3319 1682 3376 nobiscum
1729 3317 1907 3390 juncti
1964 3323 2114 3384 sunt,

531 3420 860 3490 probitatem
897 3423 1049 3468 tuam
1081 3411 1401 3466 imitentur!
1437 3407 1529 3465 Sic
1566 3409 1711 3464 enim
1757 3423 1868 3462 non
1899 3407 2114 3475 dubito,

533 3512 664 3580 quin
687 3525 775 3564 res
801 3521 994 3562 omnes
1020 3511 1244 3567 nostrae,
1277 3510 1386 3555 tam
1415 3501 1646 3572 publieae
1667 3513 1833 3571 quam
1867 3499 2112 3569 privatae,

529 3603 672 3660 belle
707 3599 976 3653 habiturae
1011 3598 1140 3652 sint.
1174 3594 1252 3650 Te
1282 3599 1466 3648 autem
1499 3605 1634 3661 rogo
1662 3598 1828 3660 atque
1855 3590 2113 3654 obsecro,

539 3703 596 3748 ιιι
626 3689 1092 3763 quemadmodum
1138 3696 1428 3741 externum
1462 3683 1664 3738 bellum
1714 3696 1878 3736 manu
1929 3691 2020 3736 tua
2059 3688 2116 3737 et

532 3783 768 3837 consilio
819 3795 881 3834 ac
922 3776 1212 3850 prudentia
1265 3773 1600 3844 exstinguis,
1644 3779 1874 3826 strenuo
1922 3770 2112 3827 animo

534 3879 719 3943 partes
769 3879 990 3926 nostras
1025 3876 1238 3933 tutans,
1274 3864 1350 3919 ita
1391 3863 1559 3918 etiam
1602 3869 1852 3917 nostrum
1897 3875 2118 3934 quoque

531 3965 868 4034 comprimas
917 3980 930 4016 :
977 3960 1240 4015 nimirum
1281 3962 1549 4028 quantum
1585 3955 1642 4009 in
1695 3962 1748 4010 te
1783 3953 1949 4009 situm
1991 3952 2117 4020 erit,

532 4056 892 4118 contendens,
935 4063 994 4108 ut
1035 4051 1338 4124 episcopis,
1375 4050 1469 4121 qui
1523 4061 1674 4104 nunc
1714 4053 2116 4112 convenerunt,

2225 3322 2404 3391 γένος,
2440 3321 2538 3393 τὴν
2558 3321 2656 3391 σὴν
2693 3320 3037 3393 μιμήσασθαι
3061 3319 3485 3389 καλοκάγαθίαν,
3510 3319 3603 3373 καὶ
3631 3319 3813 3373 πάντα

2225 3415 2356 3484 ἡμῖν
2388 3410 2484 3466 οἶδ’
2544 3414 2626 3466 ὅτι
2655 3411 2782 3480 ἕξει
2826 3413 3029 3478 καλῶς,
3064 3413 3134 3467 τά
3171 3431 3230 3466 τε
3261 3411 3417 3466 κοινὰ
3450 3413 3545 3467 καὶ
3581 3413 3650 3467 τὰ
3679 3411 3810 3468 ἴδια.

2222 3504 2536 3577 Παρακαλῶ
2553 3504 2630 3570 δὲ,
2652 3505 2842 3577 ὥσπερ
2858 3505 2948 3559 τὸν
2977 3503 3177 3571 ἔξωθεν
3205 3504 3443 3576 πόλεμον
3473 3507 3542 3576 τῇ
3576 3503 3810 3558 σεαυτοῦ

2219 3596 2372 3667 δεξιᾷ
2398 3597 2493 3648 καὶ
2524 3593 2735 3648 συνέσει
2762 3596 2839 3665 (9)
2865 3594 3177 3659 καταλύεις,
3205 3594 3468 3664 γενναίως
3501 3592 3812 3666 ὑπὲρὴμῶν

2225 3688 2536 3758 ἱστάμενος,
2596 3687 2740 3741 οὓτω
2793 3687 2955 3743 λῦσον
3001 3687 3216 3741 καὶτὸν
3267 3687 3562 3759 ἡμέτερον·
3605 3687 3705 3740 ὅσα
3746 3687 3814 3756 γέ

2219 3781 2368 3832 ἐστιν
2420 3780 2514 3831 ἐπὶ
2547 3779 2649 3840 σοὶ,
2679 3780 2953 3852 εἰρηνικὸν
2996 3780 3248 3849 γενέσθαι
3275 3780 3336 3834 τὸ
3368 3781 3519 3842 τέλος
3541 3781 3656 3842 τοῖς
3687 3795 3815 3831 συν-

2222 3870 2440 3926 ελθοῦσι
2474 3870 2569 3924 νῦν
2608 3872 2929 3935 ἐπισκόποις
2972 3872 3403 3943 ἀγωνισάμενος.
3441 3870 3517 3924 Τὸ
3538 3870 3648 3942 γάρ
3683 3887 3814 3924 συν·
3885 3857 3890 3862 ’

2227 3962 2365 4016 ιέναι
2397 3963 2495 4034 μὲν
2525 3961 2807 4028 πολλάκις,
2835 3963 3000 4035 μηδὲν
3042 3963 3101 4016 δὲ
3133 3963 3306 4035 πέρας
3329 3960 3679 4035 εὑρίσκεσθαι
3703 3961 3814 4015 τῶν

2225 4053 2438 4119 κακῶν,
2480 4053 2596 4108 ἀλλ’
2658 4056 2744 4109 ἀεὶ
2797 4055 3148 4126 προστιθέναι
3219 4060 3487 4129 ταραχαῖς
3526 4054 3812 4127 ταραχὰς,

533 4158 762 4218 pacatus
800 4149 926 4203 ﬁnis
960 4148 1054 4201 sit.
1089 4146 1301 4200 Etenim
1334 4159 1478 4213 satpe
1513 4142 1568 4196 in
1600 4155 1772 4195 unutn
1817 4141 1988 4204 coire,
2019 4155 2112 4196 nec

2235 4145 2477 4215 μείζονος
2501 4145 2600 4216 τῆς
2644 4145 2907 4217 αἰσχύνης
2945 4147 3076 4217 (10),
3099 4147 3128 4201 ὃ
3167 4148 3262 4203 καὶ
3309 4148 3470 4212 αὐτὸς
3495 4147 3810 4216 γινώσκεις.

535 4255 716 4297 tamen
752 4242 944 4295 ullum’
976 4238 1245 4292 malorum
1331 4235 1493 4290 ﬁnem
1542 4232 1798 4303 reperire,
1839 4247 2029 4287 verum
2096 4239 2427 4294 tumultibus
2464 4254 2682 4308 semper
2757 4241 3027 4297 tumultus
3091 4241 3414 4315 adiungere,
3459 4243 3709 4314 majoris,
3753 4248 3815 4296 ut

536 4339 593 4385 tu
625 4347 844 4402 quoque
875 4347 984 4385 non
1019 4331 1262 4399 ignoras,
1294 4335 1379 4381 est.
1407 4325 1665 4379 infamiae.

606 4509 719 4580 (97)
761 4508 873 4580 Καὶ
911 4506 1366 4580 ἀδικουμέζιηκνςΔ
1395 4499 1476 4580 ιιτῦΔ
1515 4502 1942 4580 πάσκωηηιιδ
1967 4503 2112 4580 _cod.

2235 4503 2345 4580 ἰιλλξ
2369 4504 2604 4580 ἑκόντες.

699 4573 751 4634 ct
775 4579 929 4650 Pass.
958 4579 1012 4650 In
1038 4573 1171 4633 edit.
1204 4574 1523 4650 [Iollan-{up
1551 4577 1665 4650 ἐστι
1687 4574 1782 4628 καὶ
1811 4573 2117 4650 ἀδικεῖσθαι

533 4645 824 4713 δοκοῦντας
854 4647 914 4702 εὖ
945 4648 1198 4718 πάσχειν,
1231 4653 1337 4718 etc.
1372 4645 1550 4718 multa
1583 4645 1719 4718 enim
1751 4651 1874 4718 sunt
1899 4647 1950 4697 in
2000 4645 2117 4714 qui-

536 4720 631 4774 bus
663 4721 702 4774 ii
726 4722 813 4790 qui
855 4719 977 4775 (redi
1008 4715 1247 4772 videntur
1278 4716 1583 4790 bene/icium
1609 4715 1895 4790 accipiunt,
1917 4724 1965 4790 et
1992 4731 2116 4790 con-

537 4800 622 4843 tra
663 4785 844 4860 iis'qui
869 4789 1181 4860 beneﬁcium,
1209 4788 1442 4860 occipere
1482 4795 1748 4860 putantur
1782 4785 2008 4860 injuria‘
2031 4785 2118 4838 in-

537 4859 730 4929 fertur.
767 4855 924 4932 Smpc
951 4855 1005 4932 et
1032 4857 1240 4932 inimici
1276 4866 1507 4932 prosunt
1638 4855 1841 4932 quibus
1884 4855 2118 4925 cupiunt

535 4926 758 4996 nocere,
790 4926 1050 4986 ct'amici
1094 4926 1298 4984 obsunt
1341 4927 1410 4981 iis
1454 4926 1968 4996 quibus.prodesse
2020 4940 2118 4978 cu-

535 5001 714 5069 piunt.
758 5001 893 5057 Vide
920 4997 1301 5064 Plutarchum,
1353 4997 1428 5050 De
1463 4997 1695 5051 utilitate
1725 4997 1790 5049 ab
1822 4997 1995 5049 amico
2026 5011 2120 5049 ca-

533 5072 746 5137 ricnda.

631 5139 720 5212 98)
751 5141 1060 5212 Πείθομεν,
1088 5139 1366 5212 αὐτόιέγέ
1395 5156 1488 5195 σε.
1525 5136 1661 5195 Cod.
1707 5154 1771 5190 πε
1785 5135 2008 5207 ίθωμεν.
2044 5133 2120 5189 Id.

544 5211 660 5280 30d.
683 5219 738 5264 et
765 5211 1011 5280 Combef.
1044 5212 1204 5264 αὐτὸν
1240 5211 1298 5266 δέ
1330 5213 1393 5280 γέ
1426 5228 1504 5264 σε.

609 5279 721 5348 (99)
763 5279 998 5346 Ἡδέως.
1031 5281 1166 5334 Cod.
1198 5290 1251 5334 et
1279 5279 1523 5336 Omnbcf.
1556 5279 1736 5349 ἡμεῖς.

609 5349 684 5422 (ᾖ)
719 5349 1145 5422 Συμφωνῆρνιιι.
1178 5351 1315 5422 Cod.
1352 5352 1416 5405 Il.
1453 5350 1852 5422 συμφρονῆσαι.

611 5415 685 5489 (9)
721 5415 897 5488 Ὅσὶὲρ
939 5415 1054 5490 ἐγὼ
1088 5421 1401 5488 τετήρηκα.
1431 5415 1590 5477 ϐοά(
1613 5415 1760 5488 Ἠεέ.
1819 5421 1955 5489 ὅπερ
2009 5415 2121 5485 ἐγὼ

536 5490 882 5569 περτείρακα,
922 5491 1060 5569 quod
1113 5493 1320 5562 quidem
1366 5493 1472 5561 ipse
1528 5493 1721 5547 tentari
1754 5505 1772 5542 :
1809 5505 1969 5552 mox,
2013 5503 2114 5557 pro

534 5559 718 5625 τοῦτο,
746 5560 869 5614 cod.
901 5559 1064 5615 οὕτω.

609 5631 687 5700 (3)
738 5631 889 5685 Ἀλλ’
927 5631 1148 5686 exorti.
1200 5628 1278 5685 Ita
1325 5631 1448 5686 eod.
1479 5641 1543 5686 -cl
1576 5631 1818 5686 Combef.
1873 5630 1930 5683 In
1978 5625 2111 5682 edit.

2297 4575 2376 4644 (4)
2409 4577 2637 4652 ’ςΩρςπερ
2660 4579 2692 4630 ό
2746 4575 2970 4652 ἰωνᾷς.
3007 4579 3085 4633 lla
3123 4581 3246 4635 cod.
3284 4591 3338 4636 et
3382 4580 3516 4652 Reg.
3568 4582 3633 4638 In
3673 4582 3812 4639 edit.

2224 4644 2380 4724 deest
2405 4645 2634 4724 9:910};
2649 4648 3088 4724 proﬂuuium-rat.
3129 4666 3196 4704 co
3218 4655 3251 4724 ί.
3282 4644 3488 4724 παύσῃῖ

2295 4716 2373 4797 ς
2391 4716 2814 4797 CXXXV.
2834 4716 3047 4797 Scripta
3061 4737 3205 4797 anno
3217 4723 3341 4797 38},
3363 4716 3812 4797 ittéitntetnstate.

2294 4788 2372 4857 (6)
2423 4787 2727 4865 Ἡμῖνησὺ-
2764 4790 2883 4865 καί.
2935 4787 3025 4865 Ita
3061 4792 3228 4865 (odd.
3278 4793 3411 4865 Reg.
3447 4793 3508 4861 Β,
3564 4795 3621 4855 5,
3647 4802 3701 4849 ct
3741 4796 3812 4860 ιι,

2225 4857 2468 4935 Melitae1
2482 4869 2546 4935 et
2576 4859 2823 4935 (Zombel'.
2850 4860 2910 4935 [ιι
2942 4861 3073 4935 edit.
3107 4862 3178 4935 ad
3199 4857 3373 4935 deest:

2297 4928 2374 4995 (7)
2415 4927 2545 4981 Πᾶν
2567 4930 2600 4983 ὅ
2623 4947 2676 4984 τι
2700 4925 2814 4984 οὖν
2845 4929 2940 4982 ἄν.
2977 4933 3054 4984 lla
3083 4934 3203 4986 cotl.
3228 4943 3283 4988 et
3309 4933 3556 4989 Combef.
3587 4934 3646 4989 In
3674 4935 3812 4992 edit.

2229 4998 2336 5050 πᾶν
2359 4998 2387 5050 ὃ
2413 5015 2466 5050 τι
2494 4997 2578 5052 ἄν.

2299 5067 2377 5190 (8)
2410 5068 2562 5122 Οὐδὲ
2587 5067 3007 5152 προαιρέσεων.
3045 5069 3120 5124 Ita
3157 5073 3319 5156 codd.
3365 5073 3498 5157 Bcg.
3536 5075 3615 5134 lB.
3656 5076 3710 5142 5,
3759 5082 3820 5132 ει

2331 5138 2358 5190 Il
2384 5149 2567 5190 onluc.
2603 5152 2657 5190 et
2690 5139 2904 5190 Morel..
2943 5157 3133 5190 suzmte
3160 5142 3290 5190 Ιρσιι
3322 5145 3441 5190 ΒιΙΙ-
3487 5149 3553 5190 At
3585 5147 3706 5190 and.
3757 5153 3818 5190 ρι

2229 5137 2567 5215 I_l,M_ou_lac.
2603 5137 2657 5195 et
2690 5137 2904 5215 M_orel.,
2943 5142 3133 5215 sicque
3159 5142 3290 5215 legit
3320 5137 3553 5199 BilliAt
3585 5137 3709 5200 cod;
3757 5153 3818 5201 et

2231 5209 2479 5288 Combef.
2519 5211 2910 5288 προαιρέσεως.
2941 5211 3000 5288 [ιι
3027 5209 3159 5288 edit.
3190 5209 3634 5288 προδιαιρέσεων.
3660 5216 3813 5288 Mox,

2235 5295 2331 5348 pro
2383 5282 2430 5331 εί
2477 5280 2704 5347 γένοιτο,
2759 5284 2882 5336 cod.
2940 5280 3142 5353 Regni)
3191 5280 3424 5354 γένοιτοξ
3474 5286 3614 5341 Cod.
3658 5287 3723 5341 ll.
3760 5297 3820 5342 et

2229 5350 2479 5403 Combel'.
2503 5348 2538 5406 ἦ
2570 5351 2664 5404 καὶ
2689 5353 2920 5406 γένοιτο.

2420 5366 2479 5402 ξι.
2503 5366 2538 5405 1'1
2570 5366 2664 5404 και
2689 5366 2920 5405 γενοιτο.

2305 5369 2479 5403 minuet.
2503 5369 2538 5422 η
2570 5369 2664 5404 και
2689 5369 2920 5420 γενοιτο.

2305 5420 2380 5541 (εἰ)
2411 5421 2582 5487 Δεξιᾴ
2613 5422 2710 5475 καὶ
2744 5423 3016 5478 συνέσει.
3061 5422 3119 5479 In
3164 5424 3290 5480 cod.
3330 5427 3425 5481 καὶ
3459 5428 3673 5481 συνέσει
3719 5426 3821 5482 de-

2223 5504 2371 5544 Sllnl.

2296 5561 2418 5644 ΩΟ),
2450 5561 2564 5644 Τῆς
2591 5564 2912 5644 ιξίσκύνης.
2946 5564 3024 5622 Ita
3055 5566 3180 5623 cod.
3221 5565 3357 5640 Reg.
3389 5576 3444 5626 et
3469 5567 3720 5629 Combei.
3749 5566 3816 5624 In

2224 5628 2356 5685 edit.
2389 5628 2540 5688 deest
2574 5633 2692 5703 τῆς.
