4012 6220
228 316 322 375 ut
1486 302 1489 307 ’
1581 319 1797 378 EPISTt

1901 340 1911 378 l
1955 327 2134 382 CXLI.
3386 335 3491 395 243

228 428 378 517 λάξαι
412 429 511 500 τὴν
538 424 723 483 οὖσαν.
776 431 870 504 Μὴ
899 433 1107 506 ἀνάσχῃ
1154 435 1315 506 μέχρι
1355 439 1454 508 τῆς
1503 438 1603 509 σῆς
1628 441 1797 511 ἀρχῆς

1908 458 2028 498 eam
2057 443 2340 514 quidpiam
2366 443 2638 509 addendo,
2671 446 2756 501 vel
2797 446 3065 517 integram
3091 447 3489 503 conservando.

230 516 359 574 εἶναι
392 518 572 583 πόλιν,
604 521 700 573 καὶ
732 521 874 591 μετὰ
913 523 973 575 σὲ
1014 524 1206 594 μηκέτ’
1235 520 1374 579 εἶναι
1394 544 1408 558 ο
1466 529 1603 600 μηδὲ
1630 529 1797 585 δοῦναι

1918 531 1996 588 Ne
2026 534 2256 603 patiaris
2288 548 2406 588 eam
2449 550 2623 605 usque
2653 535 2720 588 ad
2758 516 3142 605 praefecturam
3166 534 3331 589 'tuam
3363 533 3495 587 civi-

233 609 464 682 πονηρὸν
501 610 615 679 (58)
649 610 730 680 τῷ
765 612 943 682 χρόνῳ
996 611 1262 684 διήγημα,
1315 614 1501 669 λαϐεῖν
1546 618 1797 689 ἀριθμου-

1921 628 2084 676 tatem
2119 637 2262 686 esse,
2297 630 2350 676 et
2384 635 2506 693 post
2535 632 2588 678 te
2612 625 2725 693 jam
2771 640 2881 679 non
2914 640 3077 692 esse;
3106 640 3207 679 nec
3236 621 3483 677 commit-

239 700 396 771 μένην
451 703 515 754 ἐν
561 700 801 766 πόλεσιν,
839 703 933 755 καὶ
962 704 1285 759 καταλιπεῖν
1330 707 1526 776 χωρίον
1557 708 1797 781 ἀοίκητοη

1919 721 2024 777 tas,
2065 720 2124 766 ut
2169 714 2372 783 posteri
2422 714 2657 770 habeant
2689 717 2836 786 quod
2889 718 2956 771 de
2992 727 3042 772 te
3073 717 3215 771 male
3258 715 3487 784 loquan-

233 790 321 862 τὴν
378 790 514 844 ποτὲ
570 789 727 843 πόλιν
789 790 962 862 ὄρεσι,
1015 794 1111 846 καὶ
1174 798 1471 866 κρημνοῖς,
1517 798 1610 851 καὶ
1660 796 1797 862 ὕλαις

1920 808 2028 865 tur,
2060 803 2319 857 nimirum
2368 814 2420 859 te
2465 805 2606 861 inter
2638 807 2889 865 civitates
2940 814 3291 863 numeratam
3332 817 3489 857 acce-

164 942 177 972 :
234 879 414 972 μονοις
439 877 553 972 (69)
575 878 1005 972 γνωριζομένην.
1044 879 1229 934 Ταῦτα
1256 882 1357 953 μὲν
1379 883 1600 938 ποιείτω
1624 886 1715 939 καὶ
1731 886 1797 939 λε⁴

1918 892 2087 961 pisse,
2120 901 2284 964 atque
2329 911 2473 961 eam,
2510 912 2631 968 quae
2666 898 2940 968 quondam
2985 898 3118 953 urbs
3152 895 3318 966 119
3345 900 3483 955 erat.

172 967 173 983 ξ
233 968 368 1036 γέτω
396 968 541 1060 ﬁt?“
566 968 667 1039 τὴν
695 967 796 1038 σὴν
827 967 1414 1053 (60>φιλανθρωπῐανὴ
1446 972 1540 1027 τοῦ
1561 974 1797 1046 πλάσματ

1913 991 2127 1038 vastum
2174 994 2230 1040 et
2283 986 2549 1043 incultum
2598 967 2779 1044 locum
2835 990 3148 1060 reliquisse,
3204 985 3482 1041 montibus

232 1056 516 1120 τοςπῦλις·
1910 1073 2178 1129 duntaxat
2223 1086 2277 1130 et
2317 1079 2653 1149 praecipitiis,
2706 1096 2771 1134 ac
2816 1056 3106 1136 ruderibus
3141 1078 3272 1134 solis
3319 1091 3482 1147 agno-

230 1151 506 1296 scendam.
575 1151 757 1222 Atque
826 1150 945 1207 haec
990 1151 1138 1223 apud
1179 1162 1325 1208 tuam
1393 1154 1789 1214 humanitatem
1834 1160 2001 1220 faciat
2067 1176 2122 1222 et
2181 1169 2329 1224 dicat
2388 1172 2582 1228 civitas
2639 1186 2741 1239 ea,
2802 1188 2965 1243 quam
3025 1173 3336 1242 loquentem
3397 1169 3483 1223 in-

270 1258 504 1296 annuis.

270 1258 504 1297 unnms.

304 1332 490 1405 ῚΙμῶν
521 1333 579 1389 δὲ
624 1335 700 1398 ὡς
732 1335 904 1405 φίλων
948 1336 1096 1401 δέξαι
1135 1338 1489 1409 παραίνεσιν
1551 1343 1797 1414 σωφρονί-

1932 1342 1937 1347 ’
1978 1344 2097 1399 Jam
2130 1355 2397 1410 nostram,
2431 1348 2534 1402 hoc
2556 1356 2662 1413 est,
2692 1349 2853 1403 amici
2884 1351 3005 1411 viri.
3049 1351 3479 1408 admonitionem

231 1441 318 1478 σαι
363 1426 463 1495 μὲν
489 1424 709 1496 θέλησον
748 1428 876 1490 τοὺς
903 1426 1358 1500 ἐξημαρτηκότας
1400 1431 1479 1494 είς
1524 1431 1587 1484 τὸ
1638 1433 1797 1503 πρόσ-

1907 1438 2115 1506 accipe.
2147 1436 2382 1492 Causam
2419 1437 2563 1491 haud
2593 1439 2717 1493 dico
2766 1440 2895 1509 quin
2927 1451 2983 1494 tu
3028 1438 3085 1493 in
3131 1455 3249 1505 eos,
3293 1444 3385 1511 qui
3424 1444 3478 1496 in

228 1531 412 1585 ταγμα
436 1517 535 1586 τῆς
556 1516 652 1586 σῆς
673 1515 940 1581 ἐξουσίας.
967 1518 1133 1590 ’Υπὲρ
1161 1518 1270 1590 γὰρ
1297 1520 1486 1574 τούτου
1523 1522 1635 1595 (61)
1653 1525 1797 1579 οὐδὲν

1906 1534 2013 1578 tua:
2054 1525 2341 1595 potestatis
2390 1524 2629 1580 edictum
2681 1535 2999 1595 peccarunt,
3046 1525 3476 1582 animadvertas.

228 1606 556 1679 θαρροῦμεν,
595 1610 645 1662 εί
675 1610 768 1662 καὶ
810 1609 885 1681 μὴ
914 1610 1022 1663 ἀπὸ
1051 1611 1230 1665 κοινοῦ
1268 1612 1584 1684 σκέμματός
1640 1632 1797 1685 φασιν

1903 1611 2038 1667 Nam
2065 1627 2168 1683 pro
2209 1613 2312 1667 bac
2341 1628 2401 1668 re
2438 1613 2650 1667 nullum
2695 1615 2920 1668 verbum
2964 1615 3150 1669 dicere
3190 1615 3473 1676 audemus,

224 1695 356 1754 εἶναι
379 1697 443 1750 τὸ
469 1697 694 1769 θράσος,
723 1698 862 1752 ἀλλὰ
894 1698 1004 1770 (62)
1031 1701 1406 1771 μειρακίσκων
1432 1703 1598 1757 τινῶν
1619 1705 1797 1776 ὁρμὴν

1902 1704 2005 1759 etsi
2059 1703 2236 1758 audax
2285 1704 2390 1759 hoc
2437 1704 2670 1770 facinus,
2726 1720 3070 1774 nequaquam
3124 1720 3157 1758 a
3190 1706 3476 1759 communi

224 1788 524 1857 ἀλόγιστον.
557 1789 629 1842 Τὸ
661 1788 845 1843 πλεῖον
866 1790 922 1842 δὲ
967 1791 1067 1861 τῆς
1096 1792 1267 1864 ὀργῆς
1296 1794 1674 1866 συγχωρῆσαι,
1706 1796 1800 1848 καὶ

224 1880 464 1952 λογισμῷ
512 1879 826 1952 χρησασθαι
868 1881 1094 1952 μείζονι.
1146 1882 1370 1955 Μητρὸς
1415 1884 1799 1957 ὑπερήλγησαν

224 1974 605 2044 νεκρουμένης,
657 1972 759 2026 οὐκ
806 1973 1042 2044 ἤνεγκαν
1093 1974 1306 2029 πολῖται
1351 1976 1657 2042 καλεῖσθαι,
1705 1979 1800 2031 καλ¹

223 2060 355 2119 εἶναι
384 2063 659 2126 ἀπόλιδες,
686 2061 992 2132 ἐμάνησαν,
1020 2065 1435 2136 παρενόμησαν,
1473 2066 1798 2135 ἀπέγνωσαν

222 2155 317 2224 τῆς
346 2155 559 2208 ἑαυτῶν
604 2156 914 2228 σωτηρίαςο
962 2153 1233 2226 ἔκφρονας
1276 2158 1475 2222 αὐτοὺς
1520 2159 1582 2211 τὸ
1615 2160 1797 2230 παρά-

222 2245 367 2311 δοξον
405 2244 503 2298 τοῦ
556 2244 762 2309 πάθους
782 2245 1059 2316 ἐποίησεν.
1087 2240 1215 2316 'Ap’
1249 2242 1341 2300 οὖν
1379 2246 1469 2300 διὰ
1505 2246 1666 2300 τοῦτο
1693 2247 1797 2319 χρὴ

227 2339 354 2412 μηδὲ
383 2333 524 2391 εἷναι
560 2337 715 2392 πόλιν
745 2336 842 2408 τὴν
869 2337 1061 2401 πόλινς
1096 2337 1400 2409 Μηδαμῶς,
1427 2333 1474 2394 ὦ
1506 2339 1796 2410 θαυμάσιε,

224 2432 295 2501 μὴ
322 2430 481 2485 τοῦτο
499 2429 813 2502 ὲπιγράφῃς
830 2422 964 2500 (63).
995 2427 1154 2481 Ἀλλὰ
1174 2429 1403 2500 τίμησον
1426 2430 1636 2493 πάντας
1657 2429 1800 2483 πολί-

219 2522 444 2586 rogaui.
458 2520 572 2590 (64)
606 2519 946 2584 πολιτευτὰς,
979 2519 1074 2573 καὶ
1104 2518 1507 2590 ἀξιωματικοὺς
1536 2520 1797 2575 ἱκετεύον-

217 2630 313 2676 τας
326 2630 341 2642 ·
361 2612 581 2665 πάντων
595 2610 706 2682 γὰρ
737 2608 851 2663 οἴου
866 2608 963 2680 τὴν
979 2607 1263 2679 συμφορὰν
1284 2609 1488 2679 ὁμοίως
1509 2608 1796 2671 ἅπτεσθαι,

219 2704 309 2759 καὶ
320 2706 368 2756 εί
383 2703 463 2773 τῷ
482 2700 703 2771 μεγέθει
717 2700 828 2769 (65)
842 2700 943 2769 τῆς
964 2699 1061 2770 σῆς
1077 2698 1324 2764 ἐξουσίας
1336 2698 1795 2773 ὲφησυχάςουσιν,

218 2790 326 2848 οἷον
370 2790 679 2862 ὑποϐρύχια
709 2790 1003 2853 στένοντες.
1034 2790 1277 2860 Τίμησον
1306 2788 1362 2841 δὲ
1398 2784 1496 2859 τὴν
1525 2790 1800 2861 ἡμετέραν

220 2882 430 2945 πολιὰν,
460 2877 544 2944 οἷς
574 2880 749 2933 δεινὸν
780 2881 830 2932 εί
862 2878 994 2931 ποτὲ
1034 2877 1133 2948 τὴν
1178 2877 1419 2948 μεγάλην
1467 2877 1620 2932 πόλιν
1646 2877 1797 2947 έχον-

218 2989 327 3036 τες,
350 2970 448 3025 νῦν
480 2972 616 3042 μηδὲ
645 2969 801 3023 πόλιν
833 2968 1049 3039 ἔχοιμεν
1071 2967 1205 3039 (66.),
1235 2968 1331 3021 xui.
1351 2966 1554 3038 θηρίων
1582 2968 1800 3038 οἰκητή-

1902 1794 2157 1856 consilio,
2190 1794 2287 1849 sed
2337 1809 2367 1847 a
2403 1795 2702 1849 temerario
2742 1794 3104 1864 quorumdam
3153 1794 3477 1851 adolescen-

1904 1895 2018 1941 tum
2056 1887 2260 1955 impetu
2293 1885 2597 1956 profectum
2630 1902 2756 1942 esse
2776 1894 3021 1940 narrant.
3057 1886 3326 1941 Caeterum
3360 1902 3474 1940 ma-

1896 1977 2074 2047 jorem
2118 1977 2214 2031 iraa
2251 1985 2459 2045 partem
2496 1976 2745 2042 remitte,
2774 1991 2859 2042 ,ac
2898 1975 3188 2031 sublimius
3234 1990 3349 2030 rem
3395 1983 3475 2030 te-

1900 2083 2025 2121 cum
2063 2067 2690 2123 considera.Doluerunt
2722 2074 2947 2119 matrem
2973 2065 3230 2136 opprimi,
3261 2081 3327 2120 ac
3353 2068 3469 2122 vel-

1901 2165 1961 2212 ut
2011 2157 2266 2223 enecari;
2302 2171 2411 2210 non
2446 2156 2690 2209 tulerunt
2715 2169 2774 2210 se
2801 2154 3001 2208 civium
3042 2169 3242 2209 nomen
3274 2154 3473 2209 habere

1898 2258 1951 2304 et
1993 2248 2214 2304 civitate
2259 2262 2471 2311 carere,
2524 2246 2711 2301 furore
2751 2246 2946 2316 perciti
2986 2252 3139 2310 sunt,
3188 2260 3218 2299 a
3264 2245 3475 2316 legibus

1900 2345 2271 2403 recesserunt,
2307 2338 2501 2393 salutis
2531 2351 2644 2392 sua:
2672 2350 2824 2405 spem
2863 2335 3184 2404 abjeceruut
3210 2354 3225 2389 :
3251 2335 3473 2389 calami-

1899 2430 2031 2484 tatis
2061 2429 2403 2483 novitas-eos
2432 2428 2500 2482 de
2532 2427 2734 2482 mentis
2758 2434 2903 2481 statu
2953 2425 3284 2481 deturbavit.
3317 2424 3475 2479 Idcir-

1899 2536 2037 2576 cone
2060 2520 2251 2575 urbem
2275 2518 2446 2574 everti
2474 2518 2722 2588 oportet?
2746 2517 2903 2573 Absit
2929 2532 2958 2569 a
2989 2525 3061 2581 te,
3086 2517 3170 2570 vir
3193 2516 3470 2586 praeclare,

1900 2620 1960 2666 ut
1996 2611 2100 2666 hoc
2142 2617 2373 2665 statuas.
2412 2606 2555 2673 Quin
2587 2609 2770 2678 potius
2812 2614 2864 2661 te
2910 2612 3142 2667 moveat,
3190 2612 3245 2660 et
3271 2604 3469 2659 civium

1899 2703 2163 2766 omnium,
2191 2712 2245 2756 et
2274 2716 2464 2756 eorum
2503 2701 2598 2770 qui
2628 2700 3023 2768 rempublicam
3065 2695 3468 2759 administrant,

1898 2804 1951 2850 et
2006 2794 2360 2864 magistratus
2410 2800 2628 2862 gerunt,
2675 2792 3036 2861 deprecatio:
3071 2803 3262 2843 omnes
3323 2788 3469 2841 enim

1898 2900 2052 2955 teque
2078 2891 2212 2954 puta
2244 2883 2556 2937 calamitate
2587 2884 2689 2936 hac
2726 2880 2888 2945 atlici,
2927 2878 3144 2934 etiamsi
3171 2877 3473 2931 auctorita-

1899 2978 1972 3031 tis
2008 2985 2113 3030 tuae
2152 2972 2525 3044 magnitudine
2553 2971 2799 3027 deterriti
2837 2970 3075 3040 quietem
3110 2974 3301 3037 agunt,
3339 2968 3476 3021 tari-

219 3079 338 3134 ριον
397 3062 604 3129 γένοιτο
659 3059 797 3130 μετὰ
841 3058 939 3128 τὴν
970 3057 1068 3127 σὴν
1127 3057 1322 3128 ἀρχὴν,
1381 3056 1410 3109 ὃ
1451 3073 1509 3108 τε
1555 3056 1682 3120 ναὸς
1737 3054 1797 3110 ὃν

1901 3073 2061 3136 teque
2094 3063 2480 3134 ingemiscunt.
2518 3060 2718 3116 Nostra
2762 3059 2925 3115 etiam
2976 3066 3030 3113 te
3059 3066 3270 3111 moveat
3313 3055 3474 3111 cani-

216 3153 527 3227 ἡχείραμεν
560 3148 668 3220 (67)
700 3148 779 3219 τῷ
836 3147 975 3218 Θεῷ,
1026 3148 1184 3218 καὶὴ
1233 3146 1362 3217 περὶ
1409 3145 1595 3200 τοῦτον
1637 3146 1795 3218 ἡμῶν

217 3244 530 3315 φιλοκαλία.
579 3241 713 3295 οὐδὲ
764 3239 875 3312 γὰρ
916 3241 967 3292 εί
1008 3239 1323 3311 ἀνδριάντες
1369 3236 1796 3308 κατενεχθήσον-

215 3356 300 3391 ται
332 3334 474 3407 (68),
526 3332 685 3386 τοῦτο
731 3330 921 3395 δεινὸν,
971 3331 1018 3382 εί
1071 3329 1165 3383 καὶ
1201 3328 1376 3392 ἄλλως
1424 3327 1595 3381 δεινόν
1647 3326 1792 3398 (69)⁸

219 3428 356 3499 μηδὲ
393 3424 525 3496 περὶ
576 3416 782 3478 τούτων
842 3420 1068 3492 νομίσῃς
1121 3422 1255 3491 ἡμῖν
1301 3414 1438 3473 εῖναι
1473 3419 1564 3472 τὸν
1612 3418 1789 3488 λόγον,

214 3517 297 3585 οἷς
356 3517 491 3589 περὶ
544 3516 614 3570 τὰ
652 3513 937 3586 κρείττονα
969 3515 1003 3583 ἡ
1053 3509 1278 3582 σπουδὴ,
1308 3510 1422 3565 ἀλλ’
1454 3511 1502 3563 εί
1556 3526 1794 3579 συγκατ-

212 3610 565 3681 ενεχθήσεται
594 3606 804 3668 τούτοις
828 3604 981 3667 πόλις
1023 3604 1260 3675 ἀρχαία,
1296 3602 1391 3655 καί
1438 3620 1490 3655 τι
1541 3601 1792 3672 λαμπρὸν

213 3700 537 3771 ὲνεγκοῦσα,
566 3697 787 3764 ζώντων
814 3698 848 3766 ἡ
856 3694 972 3766 μῶν
998 3694 1093 3748 καὶ
1113 3693 1364 3764 ὁρώντων
1387 3691 1497 3746 τῶν
1527 3691 1676 3764 παρὰ
1707 3693 1791 3745 σοὶ

209 3792 565 3863 τιμωμένων,
590 3788 685 3843 καί
707 3805 829 3841 τινα
872 3787 1024 3858 ἰσχὺν
1047 3785 1190 3857 ἔχειν
1213 3784 1603 3857 νομιζομένων.
1653 3784 1792 3837 Ἀλλ’

211 3886 245 3938 6
296 3885 400 3955 μὲν
448 3882 579 3952 περὶ
631 3880 837 3934 τούτων
885 3878 1043 3947 λόγος
1087 3876 1359 3941 τοσοῦτος.

1900 3157 2023 3219 ties,
2049 3153 2138 3211 cui
2158 3166 2322 3223 grave
2349 3160 2404 3207 et
2428 3151 2685 3206 acerbum
2718 3148 2907 3213 fuerit,
2943 3148 2992 3202 si
3021 3158 3271 3215 magnam
3295 3158 3473 3214 quon-

1900 3248 2024 3302 dam
2061 3244 2250 3300 urbem
2278 3243 2564 3306 habentes,
2596 3256 2753 3297 nunc'
2785 3255 2855 3296 ne
2898 3240 3089 3295 urbem
3120 3237 3340 3309 quidem
3374 3235 3472 3290 ha-

1899 3338 2145 3400 beamus,
2193 3333 2291 3390 sed
2333 3343 2457 3405 post
2506 3332 2887 3404 praefecturam
2936 3339 3082 3385 tuam
3136 3332 3193 3384 in
3231 3327 3468 3383 ferarum

1898 3427 2133 3481 lustrum
2193 3431 2545 3481 convertatur
2599 3423 2862 3493 templum
2928 3420 3106 3489 illud,
3160 3419 3304 3489 quod
3359 3416 3470 3471 Deo

1898 3518 2295 3582 exstruximus,
2336 3532 2607 3586 omneque
2659 3526 2908 3572 nostrum
2956 3516 3010 3570 in
3051 3530 3118 3570 eo
3154 3511 3467 3569 exornando

1898 3608 2161 3664 studium.
2214 3595 2400 3679 Neque
2443 3608 2610 3675 enim,
2655 3608 2700 3662 si
2738 3615 2932 3666 statuae
2973 3605 3319 3675 dejiciantur,
3368 3602 3469 3655 hoc

1898 3713 2061 3768 grave
2107 3706 2161 3753 et
2212 3698 2469 3754 acerbum
2511 3705 2615 3766 est,
2667 3696 2881 3753 etiamsi
2933 3696 3135 3765 alioqui
3177 3693 3466 3755 acerbum;

1899 3803 2001 3842 nec
2033 3788 2102 3843 de
2134 3788 2221 3844 his
2258 3788 2419 3844 nobis
2445 3803 2568 3843 esse
2600 3802 2907 3844 sermonem
2945 3785 3252 3849 arbitreris,
3287 3783 3380 3852 qui
3415 3782 3469 3835 in

1902 3879 2277 3947 praestantiora
2316 3878 2717 3944 incumbimus;
2754 3891 2944 3932 verum
2973 3876 3019 3931 si
3062 3875 3194 3929 urbs
3223 3873 3466 3941 antiqua,

210 3988 269 4032 et
302 3992 431 4047 quae
496 3974 683 4030 eximii
745 3971 956 4042 aliquid
1000 3986 1066 4026 ac
1106 3971 1351 4040 praeclari
1386 3970 1531 4035 tulit,
1583 3984 1692 4025 una
1728 3985 1852 4025 cum
1894 3971 2005 4027 illis
2043 3979 2285 4037 corruat,
2328 3972 2488 4026 nobis
2544 3971 2857 4025 viventibus
2895 3983 2960 4023 ac
3004 3967 3337 4028 videntibus,
3375 3965 3467 4033 qui

214 4075 271 4126 in
293 4072 509 4125 honore
545 4067 691 4145 apud
721 4075 774 4122 te
804 4081 1017 4131 sumus,
1058 4066 1339 4136 gratiaque
1368 4074 1422 4120 et
1464 4065 1793 4121 auctoritate
1843 4066 2093 4125 nonnihil
2127 4067 2309 4121 valere
2371 4064 2770 4120 existimamur.
2801 4061 2907 4118 Sed
2936 4061 3003 4116 de
3058 4059 3143 4115 his
3182 4058 3345 4113 rebus
3381 4063 3469 4111 s‘a-

214 4170 301 4225 tis.
319 4183 353 4219 α
390 4166 552 4221 nobis
581 4164 793 4219 dictum
821 4161 913 4219 sit.

283 4258 423 4311 οὐδὲ
449 4256 561 4328 γὰρ
587 4257 636 4308 εί
669 4254 890 4307 πλείονα
922 4251 1187 4320 εἴποιμεν,
1227 4248 1572 4319 ἰσχυρότερον
1609 4265 1665 4300 τι
1689 4247 1796 4301 τῶν

213 4346 327 4399 σῶν
359 4346 667 4417 εὑρήσομεν
698 4340 992 4411 λογισμῶν,
1016 4334 1100 4401 οἷς
1129 4336 1280 4400 ἔθνος
1306 4335 1559 4391 τοσοῦτον
1581 4337 1795 4405 ἄγεται,

212 4436 309 4489 καὶ
337 4435 532 4506 ἀχθείη
578 4449 641 4501 γε
673 4431 844 4485 πλείω
873 4428 985 4501 (70)
1037 4428 1131 4480 καί
1175 4427 1365 4497 μείζω,
1407 4426 1502 4480 καὶ
1545 4428 1636 4481 ἐπὶ
1675 4428 1793 4498 μεί-

271 4586 403 4666 (58)
433 4586 649 4642 Δσῡνιιι
672 4588 958 4660 πονηρόν.
982 4585 1061 4638 Ita
1087 4584 1206 4640 cod.
1239 4582 1371 4655 Reg.
1406 4580 1622 4641 laedit.
1643 4579 1797 4634 deest
1830 4578 1873 4633 ι)

377 4675 421 4709 ι.

282 4725 403 4795 (59)
436 4724 669 4795 7.121014:
682 4724 922 4793 μόναις.
972 4722 1109 4780 Cod.
1145 4723 1300 4788 ὕλαις
1333 4724 1513 4794 μόνον.
1561 4716 1791 4772 Utrum-

211 4811 339 4867 que
353 4788 593 4867 reddidit
624 4788 749 4867 Eill.

187 4857 247 4915 ν’
284 4864 404 4930 (6οὶ
446 4863 603 4933 Πρὸς
620 4864 736 4931 τὴν
755 4863 900 4932 σήν.
934 4861 1013 4917 Ita
1060 4862 1183 4918 cod.
1231 4861 1464 4917 Montac.
1506 4857 1696 4914 Morel.
1734 4869 1798 4908 ac

210 4933 469 4986 Combef.
500 4934 557 4986 In
592 4935 725 4986 edit.
770 4933 898 4986 περὶ
926 4934 1028 4986 τὴν
1052 4934 1172 4986 σήν.

284 4936 469 4989 imbef.
500 4934 557 4987 In
592 4935 725 4989 edit.
770 4934 898 5004 περὶ
926 4934 1028 5004 τὴν
1052 4934 1172 5002 σήν.
1616 4994 1641 5004 _

284 5003 403 5077 «ευ
458 5003 637 5077 ’Υπὲρ
664 5005 775 5077 πάρ
803 5004 1037 5077 warm
1071 5001 1206 5077 (ἐθει-
1249 5000 1390 5077 me?
1423 4998 1726 5077 γᾲρξουτοο

286 5064 403 5144 (σε)
459 5064 866 5144 Φασὶνέἷναι.
901 5071 1044 5144 ϐοά.Δ
1090 5071 1155 5124 R.
1204 5087 1270 5125 ac
1327 5064 1574 5123 Uombcf.
1620 5064 1799 5135 φαμὲν

210 5140 391 5202 εἶναι,
415 5142 710 5212 profectum
743 5157 858 5196 esse
887 5140 1283 5212 existimamus.

287 5206 546 5282 (63)Μῆ
574 5212 753 5282 τοῦτο
796 5208 1153 5280 ἐπιτρὰφῃς.
1200 5208 1283 5264 Ne
1320 5209 1416 5261 hoc
1458 5206 1696 5274 imperes,
1734 5216 1798 5257 ne

209 5283 317 5336 hoc
339 5281 567 5343 indices,
593 5298 657 5336 ne
680 5281 779 5336 hoc
812 5291 1041 5335 statuas.

286 5352 406 5420 (δι)
452 5341 715 5421 Τιμησον
735 5366 968 5416 πονε-ας
986 5353 1263 5421 πολίτας,
1292 5347 1413 5407 καὶ,
1434 5354 1539 5398 etc.
1566 5342 1644 5397 lta
1668 5341 1791 5396 cod.

215 5420 276 5475 In
300 5418 850 5492 ήαιίιητίμησονΑμὲν
882 5423 1092 5492 πάντας
1125 5418 1350 5492 πολίτας
1377 5432 1458 5468 τε.
1755 5479 1765 5490 .

313 5492 407 5561 65)
447 5488 559 5545 Kal
587 5488 643 5545 ἐι
669 5488 762 5556 τῷ
778 5489 1036 5559 μεγέθει,
1074 5497 1180 5542 etc.
1216 5488 1330 5561 Etsi
1351 5492 1561 5561 propter
1590 5488 1793 5548 magni-

284 5554 460 5618 ἀὶιιὲοι
486 5554 833 5615 auctoritatis
860 5554 968 5614 tua:
1001 5554 1196 5621 lacent,
1234 5556 1395 5610 veluti
1436 5554 1578 5606 intra
1626 5567 1679 5604 se
1712 5565 1798 5619 ge-

216 5641 441 5687 mentes.
474 5631 581 5685 Pro
604 5628 932 5700 ὑποὸρύχια,
963 5627 1212 5700 Combef.
1247 5623 1596 5700 ὑποϐρύχιον.

288 5700 410 5772 εὸβ)
447 5703 639 5757 Πό.1ιν
663 5694 926 5770 ἔχοιμεν.
962 5700 1098 5756 Cod.
1133 5697 1281 5751 πόλιν
1314 5694 1531 5766 ἔχομεν.

1971 4219 2159 4314 Neque
2187 4242 2331 4297 enim
2364 4240 2408 4295 si
2439 4239 2595 4309 plura
2620 4237 2941 4300 dixerimus,
2966 4235 3196 4290 validius
3217 4239 3471 4307 quiddam

1903 4334 2209 4403 fortiusque
2238 4330 2350 4385 tuis
2393 4327 2705 4383 rationibus
2739 4337 2902 4396 atque
2953 4327 3199 4381 consiliis
3229 4330 3475 4384 invenie¢

1901 4440 2045 4492 mus,
2103 4422 2303 4492 quibus
2362 4419 2644 4491 provincia
2686 4426 2836 4472 tanta
2896 4417 3252 4487 gubernatur,
3311 4429 3473 4491 atque

1971 4573 2081 4696 (61)
2121 4574 2278 4637 Ναὸς
2302 4573 2375 4625 ὃν
2397 4571 2738 4640 ὴγείραμεν.
2775 4566 2970 4639 Liquet
2998 4570 3150 4635 hinc,
3193 4571 3271 4624 ait
3304 4570 3468 4626 Com.

1997 4682 2036 4696 ..
2083 4641 2476 4696 Diocansaream
2507 4679 2521 4696 .
2578 4639 2915 4692 Nazianzum
2967 4654 3120 4696 esse.
3163 4654 3325 4696 quam
3386 4642 3468 4695 sic

1902 4639 2476 4707 bef.,'Diocaasaream
2507 4679 2521 4702 ,
2578 4639 2915 4692 Nazianzum
2967 4654 3120 4704 eSse,
3163 4654 3325 4707 quam
3386 4642 3469 4695 sic

1902 4710 2387 4783 paterGregorius
2422 4708 2712 4783 magnifico
2739 4708 3197 4783 templo-ornavit.

1976 4780 2087 4850 (68)
2128 4773 2228 4833 Et-
2244 4773 2596 4850 ἀχδριάζῐες
2634 4773 3195 4850 κατενεχθήσονται.
3235 4773 3337 4829 Hic
3371 4775 3471 4850 ob.-

1907 4845 2106 4913 sum;
2141 4849 2216 4902 ait
2269 4845 2430 4912 Bill.,
2468 4845 2715 4915 Gregorii
2769 4859 2985 4914 quoque
3033 4852 3275 4915 tempore
3325 4847 3472 4915 aedes

1904 4934 2092 4976 sacras
2129 4918 2339 4986 statuis
2376 4924 2430 4971 et
2477 4912 2809 4986 imaginibus
2858 4912 3081 4986 ornatas
3123 4913 3310 4966 fuisse.
3358 4912 3467 4986 νοτ

1904 5004 2048 5051 rum,
2093 4989 2268 5057 inquit
2312 4980 2727 5046 Combcfn'non
2760 4983 2933 5052 magis
2975 4980 3372 5057 dicit_stat_uas
3403 4983 3470 5037 ad

1905 5050 2091 5127 templi
2122 5050 2713 5127 ornatumspectantes
2743 5050 2904 5121 quam
2949 5050 3015 5103 ad
3052 5050 3205 5105 urbis
3236 5051 3469 5127 decora;

1907 5121 2138 5196 ideoque
2176 5141 2283 5180 non
2315 5121 2530 5177 videtur
2557 5121 2686 5196 hinc
2708 5132 2884 5196 ratum
2904 5128 3281 5189 argumentum
3307 5123 3472 5190 hujus

1907 5190 2091 5250 saeculi
2139 5196 2279 5250 ritus
2311 5207 2594 5247 sacrarum
2643 5190 2934 5259 imaginum
2963 5203 3026 5258 ac
3071 5198 3397 5259 statuarum,
3440 5207 3470 5244 a

1905 5267 2107 5336 quibus
2140 5263 2341 5336 statuis
2370 5261 2675 5336 abhorrent
2712 5256 2825 5336 fere
2853 5256 3164 5336 Graecorum
3204 5256 3470 5336 mores'_in

1908 5327 2073 5389 rebus
2112 5333 2307 5398 sacris,
2349 5345 2471 5385 cum
2510 5329 2727 5398 pictura
2767 5329 2928 5397 plana
2979 5327 3274 5398 plurimum
3319 5330 3469 5385 dele-

1904 5412 2142 5460 ctentur.

1976 5473 2089 5543 (69)
2136 5473 2361 5533 ’Ἄλλως
2403 5466 2624 5543 δεμιγόν.
2667 5466 2802 5543 Cod.
2846 5466 3043 5543 ἄλλοις.
3081 5464 3171 5543 lt_a_
3196 5467 3362 5523 etiam
3417 5477 3471 5524 et

1907 5535 2095 5598 Mo'rel'.
2123 5542 2215 5611 qui
2248 5547 2399 5611 notat
2428 5535 2601 5611 ᾄλλως
2630 5537 2887 5611 mendose
2914 5537 3029 5611 legi
3062 5551 3091 5589 a
3109 5537 3361 5611 .Montac.

1981 5613 2091 5683 (70)
2132 5605 2240 5665 Καὶ
2285 5609 2491 5683 ἀχθείη
2545 5624 2612 5674 γε
2666 5607 2867 5659 πλείω.
3073 5606 3297 5683 ﬂuuius
3337 5625 3462 5683 m0-

1910 5675 2085 5740 vincia
2123 5691 2270 5736 tanta
2309 5675 2631 5750 gubernatur
2673 5686 2827 5746 atque
2873 5675 3181 5730 sublimiora
3220 5675 3460 5746 imperia.
