4012 6220
339 799 348 817 ί
443 792 591 846 sunt,
627 790 948 856 praeteriret,
989 803 1099 857 quo
1128 787 1421 842 divortium
1475 789 1697 842 minime
1729 789 2024 844 confirma-

443 307 552 365 ΞΠ
919 372 924 376 ι
1666 313 1720 371 S.
1763 315 2094 373 GREGORII
2133 308 2470 372 THEOLOGI
3624 327 3740 381 258

443 427 503 474 tu
541 419 763 490 quidem
797 419 850 475 id
882 420 1090 477 scilicet
1121 422 1309 485 facies,
1355 423 1499 492 quod
1548 425 1791 494 :equitati
1823 434 1930 480 tute
1971 428 2018 481 in

2126 427 2232 480 τῶν
2273 429 2328 479 ὲν
2365 423 2519 496 μέσῳ
2563 432 2964 499 παραδραμεῖν,
3009 431 3108 483 ἐπὶ
3152 428 3224 499 τῷ
3260 432 3333 500 μὴ
3385 435 3638 501 κυρῶσαι
3673 439 3736 489 τὸ

442 519 680 566 mentem
729 512 960 575 subibit,
997 527 1062 567 ac
1091 512 1224 578 Deo,
1259 515 1350 583 qui
1381 522 1431 570 te
1466 518 1519 568 in
1564 517 1823 571 omnibus
1864 518 2018 586 regit,

2133 518 2497 580 ἀποστάσιον,
2545 513 2573 566 ὃ
2624 521 2735 582 τοῖς
2789 522 3078 591 ἡμετέροις
3136 521 3440 594 ἀπαρέσκει
3497 526 3732 589 πάντως

441 611 657 674 gratum
686 604 809 658 erit.
843 603 955 673 Ego
991 613 1171 660 autem
1221 606 1602 662 lubentissime
1646 607 1755 661 tilio
1791 606 2018 662 Veriano

2132 611 2335 680 νόμοις,
2364 609 2467 663 κᾶν
2498 607 2547 660 οἱ
2580 609 2866 680 Ῥωμαίων
2897 612 3102 683 ἑτέρως
3129 613 3351 682 κρίνωσι
3383 614 3520 684 (97).
3547 616 3622 668 Τὸ
3647 616 3734 668 δί-

445 695 496 746 id
527 695 745 749 consilii
778 695 986 760 darem,
1023 705 1080 750 ιιι
1120 698 1287 750 multa
1337 713 1552 760 eorum,
1597 713 1719 768 quae
1754 698 1808 751 in
1844 698 2018 752 medio

2130 718 2284 754 καιον
2332 700 2442 772 γὰρ
2485 701 2826 772 φυλαχθῆναι
2863 704 3196 772 ἐπάναγκες,
3231 702 3258 756 ὂ
3291 705 3386 757 καὶ
3421 708 3585 776 ἡμεῖς
3639 722 3735 760 σοι

2129 789 2399 861 εὐχόμεθα
2433 792 2728 860 ἀεὶ“λέγειν
2757 809 2814 845 τε
2846 795 2939 846 καὶ
2970 797 3164 848 ποιεῖν.

444 892 570 943 ret,
635 881 783 949 quod
838 881 1050 949 legibus
1109 883 1314 937 nostris
1377 897 1607 952 prorsus
1663 884 2027 953 improbatur,
2067 885 2281 938 etiamsi
2314 885 2574 941 Romanae
2600 887 2761 942 aliter
2785 888 3103 943 decernant.
3158 887 3254 944 Jus
3319 891 3467 946 enim
3505 894 3728 947 servari

446 988 670 1029 necesse
717 980 824 1036 est,
871 972 1017 1044 quod
1061 982 1122 1028 ut
1167 982 1222 1028 et
1271 989 1487 1045 semper
1519 976 1694 1040 dicas,
1757 984 1811 1032 et
1851 975 2026 1031 facias
2060 975 2179 1039 tibi,
2210 985 2485 1047 optamus.

944 1089 1147 1144 CXLV.
1191 1090 1513 1146 VERIANO.

2543 1097 2722 1151 PME'.
2766 1096 3119 1168 ΟΥΗΡΙΑΝῼ
3158 1099 3269 1170 (98)

527 1199 808 1276 i’erianus,
842 1219 990 1276 quem
1027 1204 1197 1276 ﬁlium
1229 1220 1382 1276 suum
1411 1213 1570 1276 vocat
1585 1202 1888 1274 Gregorius,
1925 1204 2109 1273 forsan
2138 1206 2264 1276 quia
2287 1203 2584 1276 Nazianzo
2615 1207 2894 1270 oriundus,
2934 1208 3106 1276 ﬁliam
3138 1224 3288 1262 suam
3319 1225 3351 1262 α
3377 1211 3566 1262 marito
3594 1210 3727 1264 dis-

442 1269 622 1348 cedere
650 1269 873 1348 volebat.
903 1269 1197 1348 Praefectus
1223 1269 1813 1348 provinciw‘OIynmius
1842 1269 2205 1348 interrogandi
2235 1274 2405 1348 ﬁliam
2445 1293 2634 1348 munus
2669 1269 2944 1330 commisit
2965 1276 3237 1348 (Iugario,
3268 1295 3370 1332 non
3399 1289 3456 1331 ut
3483 1281 3726 1342 censori,

442 1340 531 1418 sed
572 1351 626 1418 ut
663 1345 922 1418 episcopo.
970 1344 1074 1408 Qui
1120 1340 1238 1418 cum.
1286 1344 1458 1418 ﬁliam
1502 1340 1904 1418 interrogasset,
1954 1340 2119 1418 ipsius
2165 1340 2452 1418 responsis,
2479 1347 2574 1418 _v¢l
2617 1349 2796 1414 pctius
2835 1340 3108 1418 lacrumis,
3152 1350 3358 1418 agnovit
3407 1340 3726 1403 nullatenus

443 1409 927 1532 illildiscessionem
963 1429 996 1465 a
1039 1414 1235 1467 marito
1280 1409 1506 1480 placere.
1547 1409 1723 1477 Quam
1773 1414 1935 1467 etiam
1973 1409 2197 1467 minime
2239 1409 2429 1482 probat
2466 1409 2771 1485 Gregorius,
2808 1418 2898 1485 qui
2936 1409 3161 1471 Veriano
3185 1409 3398 1486 scripsit
3429 1418 3562 1471 hanc
3599 1422 3728 1488 epi-

443 1489 524 1532 sto
551 1497 657 1532 am.
3408 1503 3411 1506 ⁴

442 1489 657 1536 stolam.
3408 1503 3411 1506 ι

512 1592 654 1649 Nihil
707 1610 871 1665 grave
915 1598 1202 1652 carnifices
1238 1606 1443 1668 agunt;
1494 1599 1703 1668 legibus
1747 1601 1890 1654 enim
1939 1599 2018 1652 in-

2197 1598 2365 1654 Ούδὲν
2403 1601 2574 1654 δεινὸν
2608 1600 2854 1656 ποιοῦσιν
2889 1605 2938 1655 οί
2983 1603 3188 1675 δήμιοι·
3234 1604 3327 1656 καὶ
3361 1604 3469 1675 γάρ
3499 1606 3726 1673 ὑπηρε-

443 1686 712 1741 serviunt.
739 1685 849 1742 Nec
879 1688 1103 1758 iniquus
1136 1696 1221 1743 est
1258 1687 1496 1758 gladius,
1521 1704 1630 1758 quo
1653 1688 1720 1742 de
1758 1689 2018 1758 improbis

2125 1691 2339 1745 τοῦνται
2385 1694 2589 1762 νόμοις’
2640 1693 2761 1745 οὐδὲ
2809 1693 2870 1746 τὸ
2917 1693 3068 1762 ξίφος
3104 1695 3444 1765 παράνομον,
3488 1688 3532 1762 ᾧ
3578 1696 3724 1758 τοὺς

442 1779 769 1846 supplicium
799 1780 1090 1834 sumimus.
1117 1778 1226 1834 Nec
1257 1789 1436 1834 tamen
1470 1780 1725 1833 laudatur
1750 1780 2017 1845 carnifex,

441 1884 542 1922 nec
573 1881 833 1924 cruentus
869 1870 1084 1940 gladius
1117 1871 1325 1925 lubenti
1361 1871 1544 1925 animo
1584 1880 1868 1929 tractatur.
1919 1871 2022 1924 Eo-

439 1956 563 2010 dem
611 1958 772 2010 modo
817 1975 886 2012 ne
935 1974 1034 2012 nos
1083 1959 1304 2028 quidem
1343 1959 1530 2012 odium
1581 1959 1740 2013 nobis
1783 1957 2021 2012 conﬂare

440 2051 802 2114 sustinemus,
848 2050 988 2105 dum
1013 2067 1108 2121 per
1137 2065 1359 2104 manum
1402 2066 1466 2105 ac
1498 2051 1738 2121 linguam
1773 2059 2016 2105 nostram

436 2142 736 2197 divortium
767 2143 1144 2196 confirmatur.
1175 2141 1403 2198 Praestat
1437 2144 1582 2198 enim
1615 2143 2019 2212 coniunctionis

436 2243 492 2288 et
522 2234 778 2288 amicitiae
811 2249 974 2304 quam
1024 2233 1240 2288 dissidii
1283 2249 1348 2289 ac
1375 2233 1501 2287 vita:
1542 2234 1832 2288 solutionis
1876 2234 2022 2287 arbi-

439 2334 583 2379 trum
624 2340 765 2380 esse.
798 2325 952 2390 Quod
992 2325 1154 2379 etiam
1197 2325 1331 2378 mihi
1372 2325 1695 2393 cumprimis
1743 2324 2019 2377 admiran-

438 2415 543 2470 dus
587 2430 791 2484 praeses
833 2413 1288 2468 animadvertisse
1315 2414 1554 2478 videtur,
1605 2429 1729 2467 cum
1763 2414 1882 2468 tiliae
1916 2422 2020 2468 tuae

439 2501 840 2573 interroganda;
883 2517 1085 2556 munus
1133 2503 1292 2557 nobis
1338 2503 1636 2564 connnisit,
1687 2513 1742 2555 ut
1803 2503 1897 2571 qui
1951 2504 2017 2557 ad

441 2592 769 2646 matrimonii
825 2591 1239 2646 dissolutionem
1304 2590 1444 2644 duro
1497 2599 1551 2644 et
1601 2591 1777 2659 rigido
1835 2593 2018 2645 animo

439 2681 626 2735 venire
665 2681 887 2735 minime
929 2696 1236 2750 possemus.
1265 2679 1453 2750 Neque
1489 2683 1633 2734 enim
1666 2697 1774 2746 me,
1803 2690 1862 2735 ut
1889 2697 2020 2736 cen-

441 2785 646 2832 sorem,
683 2769 777 2826 sed
808 2778 866 2822 ut
895 2770 1214 2839 episcopum
1246 2768 1554 2838 pmposuit.
1589 2784 1652 2822 ac
1690 2781 1882 2824 vestra:
1923 2787 2018 2824 ca-

442 2860 702 2915 lamitatis
726 2861 992 2915 arbitrum
1019 2861 1326 2914 constituit.
1357 2857 1721 2924 Quamobrem
1750 2876 1844 2915 vos
1866 2877 2017 2932 rogo,

447 2962 508 3009 ut
559 2953 810 3008 nonnihil
852 2952 1066 3007 donetis
1098 2951 1254 3022 123
1278 2966 1410 3007 meae
1445 2951 1742 3016 timiditati,
1794 2962 1848 3007 et
1897 2955 2020 3023 qui-

2123 1784 2395 1853 πονηροὺς
2426 1783 2750 1853 κολάζομεν.
2783 1783 2923 1836 Ἀλλ’
2956 1785 3106 1851 ὅμως
3141 1785 3241 1837 οὐκ
3275 1786 3574 1838 ἐπαινεῖται
3613 1786 3720 1855 δή-

2124 1891 2266 1943 μιος,
2313 1873 2435 1926 οὐδὲ
2481 1875 2832 1944 ἀσμενίζεται
2878 1874 3096 1943 φονικὸν
3141 1875 3311 1943 ξίφος.
3363 1873 3547 1936 Οὕτως
3584 1875 3722 1927 οὐδὲ

2121 1970 2281 2038 ἡμεῖς
2315 1968 2625 2037 ἀνεχόμεθα
2651 1968 2907 2036 γενέσθαι
2940 1968 3179 2038 μισητοὶ,
3200 1968 3286 2021 διὰ
3307 1969 3404 2037 τῆς
3434 1967 3722 2038 ήμετέρας

2121 2059 2304 2128 χειρὸς
2360 2060 2457 2112 καὶ
2501 2058 2755 2130 γλώσσης
2791 2059 2886 2112 τοῦ
2924 2060 3255 2114 ἀποστασίου
3297 2059 3718 2130 βεϐαιουμένου.

2120 2150 2384 2219 Κρεῖττον
2416 2148 2526 2220 γὰρ
2561 2149 2806 2213 ὲνώσεως
2840 2151 2932 2203 καὶ
2958 2151 3160 2220 φιλίας,
3187 2151 3220 2220 ἢ
3252 2150 3582 2212 διαστάσεως
3618 2152 3721 2202 καὶ

2122 2238 2236 2308 βίου
2277 2239 2484 2303 λύσεως
2521 2241 2722 2310 μέσους
2757 2241 3006 2309 γίνεσθαι
3053 2241 3184 2310 (99).
3231 2239 3399 2293 Τοῦτό
3439 2257 3528 2310 μοι
3560 2239 3722 2293 δοκεῖ

2123 2332 2215 2383 κα).
2239 2334 2266 2384 ό
2289 2331 2738 2402 θαυμασιώτατος
2761 2333 2946 2403 ἄρχων
2972 2332 3314 2403 ἐνθυμηθεὶς,
3337 2334 3465 2402 ἡμῖν
3493 2332 3720 2402 ἐπιτρέ-

2119 2422 2217 2491 ψαι
2241 2423 2338 2492 τὴν
2369 2422 2563 2475 πεῦσιν
2592 2424 2693 2491 τῆς
2721 2425 2820 2495 σῆς
2849 2424 3136 2495 θυγατρὸς,
3170 2424 3245 2488 ὡς
3271 2425 3369 2477 ούκ
3392 2423 3714 2494 ἀποτόμως,

2119 2514 2242 2566 οὐδὲ
2271 2514 2501 2577 ἀπαθῶς
2531 2513 2703 2568 ἐλθεῖν
2730 2515 3050 2586 δυναμένοις
3080 2518 3171 2570 ἐπὶ
3200 2517 3293 2586 τὴν
3321 2514 3471 2568 λύσιν
3503 2515 3606 2584 (1).
3633 2516 3715 2567 Ού

2120 2605 2230 2674 γὰρ
2281 2604 2357 2667 ὼς
2407 2605 2663 2676 λογιστὴν
2706 2607 2818 2676 (2),
2867 2607 2982 2660 ἀλλ’
3029 2607 3105 2669 ὡς
3159 2605 3450 2660 ἐπίσκοπον
3502 2605 3715 2674 δηλαδὴ

2123 2695 2457 2766 προεϐάλετο
2496 2697 2596 2767 (5),
2637 2698 2730 2751 καὶ
2765 2697 2929 2768 μέσον
2961 2699 3254 2769 ἐποιήσατο
3283 2698 3380 2767 τῆς
3409 2697 3527 2750 καθ’
3560 2697 3716 2766 ὑμᾶς

2122 2789 2475 2857 περιπετείας
2502 2789 2599 2858 (4).
2629 2790 2940 2860 Παρακαλῶ
2969 2791 3146 2844 τοίνυν
3183 2789 3505 2861 χαρίσασθαί
3541 2807 3598 2842 τι
3641 2794 3715 2860 τῇ

2122 2880 2228 2951 ἐμῇ
2265 2879 2455 2952 δειλίᾳ·
2499 2881 2596 2934 καὶ
2641 2883 2690 2934 εί
2737 2882 2833 2952 μὲν
2873 2881 2942 2934 τά
2984 2881 3215 2950 κρείττω
3248 2882 3389 2950 νικᾷ,
3430 2880 3716 2950 χρήσασθε

2123 2972 2254 3041 ήμϊν
2289 2973 2591 3042 ὑπηρέταις
2614 2974 2714 3042 τῆς
2737 2975 3008 3044 ὑμετέρας
3041 2973 3361 3044 βουλήσεως,
3397 2973 3489 3026 καὶ
3518 2973 3716 3043 χαίρο-

442 3046 566 3102 dem
601 3045 647 3099 si
681 3059 742 3098 ea
765 3058 887 3114 quae
919 3043 1141 3096 virtutis
1172 3048 1302 3098 sunt
1329 3042 1682 3110 prmvaleant,
1716 3045 1875 3098 nobis
1909 3045 2018 3098 uti-

2127 3079 2226 3132 μεν
2252 3061 2320 3115 τά
2352 3063 2580 3118 τοιαῦτα
2610 3042 3019 3137 ἐπιταττόμενοι
3043 3042 3147 3135 (5)·
3181 3042 3229 3119 εἰ
3261 3067 3317 3119 δὲ
3354 3066 3419 3120 τὰ
3448 3067 3614 3137 χείρω
3643 3085 3712 3120 τε

444 3137 575 3190 mini
611 3143 664 3188 ut
697 3133 994 3188 voluntatis
1033 3139 1230 3185 vestra:
1263 3131 1569 3184 ministris:
1606 3145 1669 3183 ac
1699 3132 1856 3186 nobis
1897 3135 2022 3202 qni-

443 3228 566 3282 dem
601 3223 910 3294 huiusmodi
955 3238 1042 3276 res
1077 3221 1336 3290 imperari
1382 3221 1648 3274 laetamur.
1695 3220 1790 3275 Sin
1842 3233 2019 3278 autem

442 3316 717 3372 deteriora
751 3322 805 3369 et
828 3311 1159 3374 crudeliora,
1190 3319 1244 3364 et
1279 3310 1480 3379 quibus
1513 3311 1751 3365 nondum
1777 3314 1842 3366 ad
1875 3314 2022 3369 hunc

444 3425 618 3480 usque
657 3409 800 3463 diem
836 3420 1057 3458 manum
1103 3402 1426 3470 adiecimus,
1467 3403 1530 3456 ad
1587 3403 1698 3456 lucc
1730 3405 2021 3473 aptiorem,

441 3518 604 3573 quam
643 3515 743 3570 ego
774 3499 902 3560 sim,
950 3495 1196 3566 quaerite.
1230 3493 1357 3546 Mihi
1395 3493 1537 3547 enim
1584 3509 1692 3546 non
1737 3506 1914 3560 vacat,
1959 3508 2019 3551 ιιι

441 3594 698 3650 amicitia:
747 3599 943 3646 vestra:
998 3601 1203 3642 morem
1255 3600 1437 3654 geram
1499 3585 1746 3648 (etiamsi
1812 3590 2018 3659 alioqui

439 3701 668 3758 prorsus
707 3699 806 3739 vos
859 3680 1076 3751 plurimi
1116 3678 1370 3749 faciam),
1424 3679 1478 3732 in
1525 3679 1617 3733 Dei
1665 3679 2016 3738 oﬂensionem

436 3784 741 3842 incurrere,
772 3777 861 3831 cui
897 3772 1077 3828 omnis
1112 3772 1426 3838 agitationis
1465 3781 1518 3826 et
1541 3775 1894 3838 cogitationis
1931 3794 2018 3830 ra-

437 3877 640 3929 tionem
691 3865 1017 3922 reddendam
1068 3864 1258 3918 habeo.
1318 3864 1448 3918 Tuae
1497 3875 1675 3918 aulam
1737 3866 1858 3920 lilia?
1901 3874 2014 3922 ιυῐη

441 3964 658 4020 (lenium
707 3959 867 4014 tidem
917 3955 1240 4010 adhibemus
1291 3952 1492 4025 (dicam
1546 3955 1690 4009 enim
1734 3961 1881 4026 quod
1935 3976 2023 4016 res

442 4056 570 4123 est),
601 4069 749 4112 cum,
781 4050 1011 4120 depulso
1048 4063 1114 4103 eo
1139 4046 1368 4116 pudore,
1400 4047 1492 4116 qui
1523 4048 1572 4102 ei
1615 4063 1644 4100 a
1678 4049 1833 4105 vobis
1865 4050 2019 4105 incu-

2127 3150 2220 3202 καὶ
2257 3152 2574 3222 σκαιότερα,
2609 3154 2704 3206 καὶ
2736 3149 2818 3217 οἷς
2847 3155 3058 3208 οὐδέπω
3091 3155 3183 3207 καὶ
3215 3155 3454 3225 τήμερον
3494 3155 3646 3223 ὲνεχε
3660 3172 3711 3206 ι-

2129 3239 2394 3308 ρὴσαμεν,
2438 3240 2597 3294 ἄλλον
2635 3243 2941 3314 ἐπιζητεῖτε
2988 3244 3078 3296 τὸν
3125 3243 3262 3314 πρὸς
3298 3242 3469 3296 ταῦτα
3512 3243 3714 3313 ἐπιτη-

2121 3329 2392 3402 δειότερον
2440 3332 2535 3402 (6).
2582 3334 2736 3404 Ἐμοὶ
2779 3335 2836 3388 δὲ
2879 3337 2940 3388 ού
2988 3336 3171 3407 σχολὴ,
3220 3336 3307 3389 ἵνα
3347 3338 3412 3405 τῇ
3463 3335 3712 3406 ὑμετέρᾳ

2124 3420 2276 3491 φιλίᾳ
2307 3423 2622 3493 χαρίσωμαι
2657 3427 2726 3495 (εί
2757 3427 2850 3478 καὶ
2879 3426 2946 3479 τὰ
2969 3428 3140 3480 πάντα
3163 3422 3279 3479 οἶδα
3309 3427 3451 3496 ὑμᾶς
3477 3426 3712 3497 ἐμαυτῷ

2123 3515 2533 3584 τιμιωτάτους),
2554 3516 2672 3586 Θεῷ
2695 3518 3069 3588 προσκρούειν,
3096 3511 3139 3586 ᾧ
3163 3518 3318 3586 λόγον
3345 3518 3530 3588 ὑπέχω
3562 3534 3709 3570 παν-

2122 3604 2213 3667 τὸς
2257 3606 2556 3676 κινήματος
2598 3609 2692 3661 καὶ
2733 3608 3112 3680 διανοήματος.
3152 3610 3228 3680 Τῇ
3270 3608 3325 3661 δὲ
3367 3611 3431 3677 σῇ
3472 3607 3710 3677 θυγατρὶ

2116 3694 2236 3746 τότε
2281 3695 2645 3766 πιστεύσομεν
2700 3698 3015 3769 (εἰρήσεται
3070 3698 3179 3769 γάρ
3224 3695 3507 3768 τάληθὲς),
3573 3695 3708 3747 ὅταν

2117 3783 2314 3855 δυνηθῇ
2335 3784 2394 3837 τὸ
2419 3785 2682 3839 αἰδεῖσθαι
2705 3788 2848 3856 ὑμᾶς
2869 3786 3041 3855 φυγοῦ
3051 3804 3117 3840 σα
3139 3781 3608 3856 παρρησιάζεσθαι
3624 3782 3706 3851 (7)

2122 3874 2219 3946 τὴν
2274 3877 2554 3948 ἀλήθειαν.
2603 3879 2688 3941 Ὠς
2731 3878 2824 3931 νῦν
2865 3895 2929 3947 γε
2979 3878 3052 3949 (8)
3100 3877 3161 3930 τὸ
3216 3875 3386 3937 πάθος
3446 3873 3706 3925 ἐλεεινόν.

2129 3969 2357 4041 Μερίζει
2384 3972 2456 4042 (9)
2481 3971 2588 4042 γὰρ
2617 3973 2750 4042 ύμῖν
2781 3972 2878 4042 μὲν
2905 3971 2972 4025 τὰ
3000 3973 3242 4043 ῥήματα,
3277 3971 3353 4039 τῷ
3382 3968 3438 4021 δὲ
3465 3967 3616 4038 ἀνδρὶ
3642 3967 3708 4019 τὸ

2130 4057 2382 4129 δάκρυον.

443 4151 598 4210 titur,
651 4161 840 4200 verum
912 4143 1082 4197 libere
1131 4143 1384 4211 proloqui
1431 4143 1689 4210 potuerit.
1757 4143 1892 4199 Nam
1939 4164 2085 4204 nunc
2122 4154 2340 4216 quidem
2405 4155 2776 4210 miserandum
2832 4155 3090 4226 quiddam
3147 4153 3465 4224 perpetitur.
3531 4149 3705 4204 Vobis

445 4238 590 4293 enim
621 4237 806 4298 verba,
843 4233 1040 4286 marito
1079 4241 1258 4286 autem
1290 4234 1559 4304 lacrymas
1596 4235 1804 4290 tribuit.

520 4349 630 4418 (9'7)
671 4347 948 4414 Κρίνωσι.
974 4345 1105 4418 Quae
1146 4358 1452 4418 sequuntur
1488 4350 1689 4404 desunt
1722 4353 1774 4405 in
1801 4353 1923 4406 cod.
1955 4361 2009 4407 et

2117 4355 2403 4427 χαίρομεν
2429 4356 2506 4427 τὰ
2533 4355 2777 4410 τοιαῦτα
2804 4358 3268 4427 ἐπιταττόμενοι.
3286 4355 3375 4427 _lta
3406 4355 3530 4427 cod.
3561 4355 3698 4427 Reg.

445 4414 537 4499 R_.,
613 4414 970 4499 possemque,
1001 4416 1087 4499 ait
1148 4414 1432 4499 ‘Combefq
1481 4420 1632 4499 nullo
1678 4421 2016 4499 detrimento

2125 4414 2184 4499 de.
2213 4414 2562 4499 ῖίοἲιιὺρβέιι
2589 4427 2713 4499 cod.
2745 4428 2807 4499 Β.
2834 4429 2886 4489 5,
2919 4414 3152 4499 Montium
3178 4436 3231 4499 et
3255 4425 3437 4478 Morel.
3464 4414 3700 4499 χαρίσᾶ-

447 4483 659 4612 asciae.
684 4501 784 4541 nec
812 4483 977 4538 refert
999 4483 1186 4537 Morel.
1213 4485 1305 4552 qui
1333 4485 1473 4540 hanc
1498 4489 1784 4558 epistolam
1813 4491 2010 4545 iterum

447 4573 477 4612 e
521 4573 532 4609 ι
580 4573 590 4609 ι
625 4595 639 4609 .

445 4557 639 4612 edidit.

516 4626 628 4697 (98)
668 4625 818 4697 Alias
845 4621 1378 4697 CLXXXIaScripta
1415 4625 1605 4680 eodem
1637 4635 1905 4697 tempore.

518 4695 629 4755 (99)
670 4695 910 4758 Μέσους
943 4694 1232 4762 γίνεσθαι.
1281 4694 1358 4746 Ita
1401 4697 1521 4749 cod.
1556 4705 1609 4751 et
1653 4694 1924 4762 Οοιὶὼοΐ..
1961 4709 2016 4752 at

445 4766 567 4821 cod.
603 4765 738 4832 Reg.
770 4763 952 4834 μέσον.
989 4763 1043 4816 In
1075 4763 1204 4834 edit.
1233 4762 1508 4829 γενέσθαι.

517 4835 592 4905 (1)
631 4832 990 4905 Δυνάμένοις
1026 4833 1124 4905 ἐπὶ
1167 4834 1280 4905 τὴν
1307 4836 1512 4905 λύσιν,
1556 4835 1633 4888 lta
1670 4836 1927 4898 Montac.,
1962 4847 2018 4892 at

444 4903 632 4978 Morel.
676 4903 1007 4978 δυναμένης.
1053 4903 1109 4958 In
1149 4903 1278 4957 cdit.
1316 4904 1670 4974 δυναμένους.
1702 4906 1841 4961 Cod.
1881 4907 2013 4978 Reg.

444 4974 539 5045 ἐπι
565 4975 664 5045 τὴν
697 4975 960 5040 ἐξέτασιν.

517 5042 594 5112 (ἐι)
623 5042 734 5108 ’Ὦς
750 5044 1064 5112 λογιστήν.
1091 5043 1403 5100 Tillemont.
1432 5054 1488 5096 ut
1509 5045 1762 5112 judicent.
1790 5046 2016 5103 Athenis

445 5113 690 5182 λογισταί
719 5111 1046 5168 dicebantur
1079 5114 1468 5182 magistratus;
1503 5111 1557 5169 et
1591 5116 1748 5182 juxta
1789 5117 2013 5170 Snidam

446 5181 740 5254 λογιστὴς,
773 5197 968 5254 censor
1010 5194 1126 5246 est,
1152 5181 1549 5254 examinator,
1593 5181 1764 5254 jndex
1805 5188 2019 5241 srilicel.

448 5253 530 5322 vel
563 5252 818 5322 princeps
843 5252 994 5322 inter
1023 5253 1377 5322 magistratus
1409 5252 1688 5319 urbis,'ait
1719 5254 2017 5310 Tillemon-

450 5321 584 5392 tins_,_
613 5322 694 5375 vel
733 5320 884 5392 urbis
917 5320 1550 5392 gerens—praefecturam.

520 5389 598 5458 (5)
653 5389 1036 5456 Προεϐιιλὲτο.
1087 5389 1162 5446 Ita
1215 5395 1339 5449 cod.
1389 5402 1441 5450 et
1475 5394 1720 5451 Combel‘.
1778 5395 1832 5448 ln
1881 5395 2012 5448 edit.

448 5459 824 5530 προεϐάλλετο.

520 5528 594 5601 (4)
641 5527 1090 5601 Τῆς-καθ’ὑμᾶς
1113 5535 1508 5598 περιπετείας.
1549 5532 1797 5588 Combel’.
1836 5532 2012 5601 Infor-

448 5597 586 5652 tunii
628 5599 785 5652 vestri
817 5615 1089 5665 rerumque
1125 5597 1356 5666 eventus,
1386 5603 1463 5655 vel
1494 5603 1681 5656 subita:
1731 5597 1914 5657 vestra}
1964 5604 2016 5655 in

446 5669 779 5724 contrarium
808 5669 1139 5723 mutationis.

519 5739 598 5812 (5)
637 5738 966 5809 Παρακαλῶ
992 5739 1198 5797 τοίνυν
1231 5739 1595 5810 χαρίσασθαί
1632 5759 1684 5797 τι
1714 5741 1786 5811 τῆ
1817 5740 1949 5811 ἐμῇ.
1969 5781 2012 5796 ..

2122 4493 2245 4566 σθαι
2272 4496 2347 4566 τῇ
2380 4496 2484 4566 ἐμῇ
2519 4495 2689 4566 δειλίᾳ
2728 4497 2820 4548 καὶ
2860 4499 2937 4560 είς
2967 4497 3034 4548 τά
3079 4497 3312 4566 κρείττω
3341 4493 3702 4566 καταχρήσα-

2120 4543 2244 4637 aeui
2261 4543 2518 4632 ἡιῖῖεὶὃὲἑη
2529 4543 2708 4634 alii:
2725 4543 2820 4635 ἔῆξ
2841 4543 2942 4618 οτὲέ
2952 4543 3038 4637 ρὲέ
3045 4543 3147 4637 pii;
3156 4543 3325 4637 suis,
3333 4543 3704 4637 auguria.

2119 4609 2410 4685 obrenirvos
2441 4609 2564 4702 νοξίο
2601 4647 2656 4686 ιιι
2684 4609 2818 4690 inea;
2844 4609 2961 4704 jani
2991 4609 3265 4703 fo‘rm’id'ini
3289 4609 3545 4696 donetis,“
3554 4645 3604 4688 et
3629 4635 3702 4686 ad

2124 4716 2186 4753 ea
2210 4717 2325 4769 qum
2351 4705 2558 4768 potiora
2602 4714 2724 4758 sunt
2763 4705 2911 4759 nobis
2959 4706 3240 4771 superioris
3274 4704 3558 4771 voluntatis
3593 4705 3699 4756 mi-

2123 4771 2311 4845 nistris
2343 4775 2591 4845 utamini.
2636 4773 2693 4845 In
2730 4777 2864 4828 edit.
2891 4769 3207 4845 ,Παρακαλῶ
3244 4769 3336 4826 οὖν
3367 4772 3698 4845 χαρίσασθαι

2120 4840 2250 4914 ήμῖν
2279 4841 2580 4914 ὑπηρέταις
2607 4844 2706 4912 τῆς
2737 4840 3006 4914 ὑμετέρας
3041 4840 3495 4914 βουλήσεωςηκαὶ
3509 4842 3699 4914 χαίρω

2125 4909 2224 4982 μὲν
2262 4911 2328 4963 τὰ
2382 4909 2611 4965 τοιαῦτα
2652 4909 3089 4982 ἐπιταττόμενος,
3133 4909 3276 4982 quod
3319 4911 3437 4964 Bill.
3490 4909 3696 4977 Quam-

2124 4977 2301 5050 obrem
2327 4996 2416 5050 vos
2459 4999 2582 5050 rogo
2615 4991 2668 5033 ut
2706 4985 2853 5035 nobis
2887 4977 3173 5036 voluntatis
3209 4991 3393 5035 vestra:
3436 4982 3696 5035 ministris

2121 5047 2532 5170 οὺδςειιιιιάειὶεξ
2553 5067 2616 5103 ac
2660 5051 2787 5104 mihi
2822 5050 3029 5120 quidem
3062 5051 3368 5118 huiusmodi
3413 5067 3494 5104 res
3535 5053 3698 5120 impc-

2121 5133 2232 5170 ran
2285 5129 2435 5170 ador.

2120 5129 2435 5172 rarttador.

2192 5187 2268 5255 (6)
2317 5188 2854 5261 Ἐπιτηᾷειότερον.
2883 5197 2956 5242 tta
2983 5190 3104 5245 cod.
3141 5200 3195 5245 et
3215 5190 3347 5261 Reg,
3378 5206 3440 5244 ac
3466 5190 3522 5243 Β.
3547 5189 3604 5261 5_.
3641 5198 3697 5261 ct

2117 5254 2184 5307 Β.
2216 5254 2278 5309 ac
2311 5257 2579 5322 Combef.,
2625 5254 2814 5329 sicque
2847 5260 2973 5330 legit
3019 5261 3138 5314 Bill.
3187 5261 3247 5314 1n
3285 5254 3416 5316 Edit.
3464 5258 3697 5312 ὲπιδειὸ-

2121 5341 2297 5379 τερον.

2186 5342 2825 5470 ῗξῖῂαρῤησιάζξσθαι.
2862 5395 2940 5451 Ita
2971 5399 3091 5454 cod.
3114 5408 3165 5454 et
3188 5402 3322 5470 Reg.
3356 5413 3418 5451 ac
3443 5396 3688 5452 Combel.

2121 5462 2177 5516 ln
2197 5467 2364 5545 fdi};
2383 5462 2567 5545 παρρη
2579 5466 2887 5545 πάσασθαι.

2192 5534 2267 5603 (δ)
2306 5535 2400 5599 Ὧς
2445 5534 2565 5587 νῦν
2604 5553 2685 5604 γε.
2723 5534 2798 5587 lta
2830 5535 2951 5589 cod.
3000 5544 3054 5588 et
3080 5534 3325 5592 Combef.
3356 5537 3420 5591 In
3461 5535 3694 5600 editio;
3771 5566 3773 5570 -

2120 5602 2478 5690 νδ“ξηγξῖ<αὲ-,,
2716 5672 2726 5690 .
2787 5672 2808 5690 .
2861 5675 2912 5690 ..
2989 5673 3034 5690 ..
3728 5611 3747 5690 ι

2195 5674 2267 5742 (9)
2298 5672 2537 5741 Μερίζει.
2575 5672 2820 5729 Combei.
2861 5673 3173 5744 Μερίζεται.
