4012 6220
272 310 379 367 239

694 458 891 547 rnq'.
937 461 1251 534 eamme
1287 463 1418 534 (ιο).

1603 323 1940 382 EPISTULA
1995 324 2223 384 CXLVI.

3404 343 3514 403 ειεςο

2430 473 2657 529 CXLV}.
2715 473 3039 532 OLYMPIO.

334 574 554 656 (infleris
586 578 656 659 ad
684 576 984 661 Olympium
1009 580 1247 664 Gregorii
1276 584 1465 665 litteris
1496 589 1830 658 adjungenda
1850 603 1928 646 est
1958 593 2067 646 Itwc
2093 593 2340 661 epistola,
2401 610 2481 648 ate
2513 604 2686 651 tamen
2715 598 2875 664 paulo
2902 597 3108 652 tardius
3136 598 3296 652 scribi
3318 602 3512 667 potuit.
3558 569 3577 602 ί

334 662 518 697 nmam
560 663 698 699 enim
727 651 1040 716 supplicum,
1074 662 1130 704 ut
1162 662 1237 706 ita
1275 654 1474 716 dicam,
1513 659 1830 716 libellorum.
1874 679 2004 716 auos
2046 660 2289 716 Olumm'o
2338 611 2618 716 Ggreaorius
2662 666 2871 716 obtulit.
2905 669 2949 716 is
2992 676 3283 716 postremus
3334 668 3516 716 haberi

269 643 518 732 pruninrtt
560 647 698 699 enim
727 643 1040 732 supplicatu,
1069 643 1133 732 ut
1159 653 1237 732 ita
1275 654 1474 723 dicant,
1513 643 1830 732 libellbrum,

2385 666 2618 732 regorius
2662 666 2871 731 obtulit,
2905 669 2949 720 is
2991 676 3283 734 postremus
3320 666 3516 723 'Itaberi

266 716 450 781 possit,
481 716 538 769 in
570 732 672 785 quo
695 716 929 785 praefecti
963 719 1336 790 benignitatem
1357 742 1389 779 a
1418 716 1473 781 δὲ
1499 716 1898 785 εωΙιοιιειαηιέί
1921 716 2140 785 Μητιεηῖ
2162 716 2273 799 pra:
2293 716 2873 803 saturitatefastiilia'ni

332 828 503 881 Τοῦτο
533 824 604 899 ἦν
635 831 771 899 ὅπερ
803 830 987 899 ἔλεγον
1016 831 1205 905 ὥσπερ
1235 834 1299 888 ἐκ
1330 853 1474 902 τινος
1507 841 1831 911 προφητείας

2017 840 2132 895 Hoc
2170 841 2383 897 scilicet
2435 853 2572 909 erat,
2623 846 2769 915 quod
2792 846 2941 902 velut
2981 862 3048 902 ex
3086 846 3348 902 vaticinio
3374 862 3515 918 quo-

267 921 344 981 εἰς
384 920 566 973 πάντα
602 919 777 986 δεξιοῦ
818 937 911 974 σου
949 922 1061 992 (11)
1095 925 1400 996 τυγχάνων,
1424 930 1517 983 καὶ
1550 930 1842 1001 ἀπλήστως

263 1011 363 1081 τῆς
403 1010 505 1080 σῆς
540 1011 878 1082 ἡμερότητος
917 1015 1344 1087 ἐμφορούμενος,
1385 1021 1467 1075 ὅτι
1508 1021 1721 1075 δέδοικα
1766 1023 1840 1094 μὴ

264 1101 487 1154 κενώσω
534 1103 593 1154 τὸ
632 1101 1015 1174 φιλάνθρωπον
1061 1107 1217 1176 ὑμῶν
1253 1110 1311 1162 ἐν
1356 1113 1468 1175 τοῖς
1517 1112 1837 1185 ἀλλοτρίοις.

277 1192 407 1245 Ἰδοὺ
438 1192 547 1263 γὰρ
580 1192 729 1261 ἀγὼν
749 1195 881 1265 ἐμὸς
915 1195 1094 1268 (εἴπερ
1119 1199 1251 1269 ἐμὸς
1279 1202 1411 1271 (12),
1445 1206 1473 1257 ὁ
1504 1204 1612 1259 τῶν
1644 1205 1836 1277 ἐμῶν),

264 1281 359 1335 καὶ
392 1284 453 1335 οὐ
491 1284 627 1353 μετά
656 1284 757 1355 τῆς
795 1285 918 1357 ἴσης
952 1291 1262 1361 παρρησίας
1301 1293 1558 1364 ποιοῦμαι
1593 1297 1717 1359 τοὺς
1760 1295 1840 1349 λό-

261 1388 417 1443 γους.
475 1373 696 1444 Πρῶτον
736 1376 836 1446 μὲν
875 1378 958 1432 ὅτι
998 1380 1167 1450 ἐμός,
1194 1381 1268 1435 Τὸ
1310 1383 1418 1456 γάρ
1459 1386 1599 1456 ὑπὲρ
1641 1386 1835 1440 ἑαυτοῦ

261 1459 493 1522 δεῖσθαι,
544 1464 590 1515 εἰ
634 1465 727 1517 καὶ
779 1468 1214 1541 χρησιμώτερον,
1256 1472 1391 1526 ἀλλά
1435 1477 1833 1548 ταπεινότερον.

268 1551 499 1606 Ἔπειτα
531 1554 815 1626 ὑφορῶμαι
847 1558 937 1611 τὸν
969 1560 1127 1631 κόρον
1159 1562 1236 1626 ὡς
1266 1563 1328 1616 τὸ
1360 1566 1456 1635 ἡδὺ
1490 1566 1702 1631 λύοντα,
1743 1570 1838 1622 καὶ

264 1645 432 1696 πᾶσιν
478 1646 886 1718 ἐναντιούμενον
946 1653 1059 1715 τοῖς
1114 1653 1320 1716 καλοῖς.
1384 1656 1536 1725 Ἔχει
1594 1657 1691 1727 μὲν
1743 1655 1837 1711 οὖν

259 1733 403 1786 οὕτω
434 1736 629 1799 ταῦτα,
676 1740 770 1792 καὶ
803 1738 1009 1802 εἰκάζω
1042 1741 1156 1811 (15)
1186 1742 1304 1797 λίαν
1344 1744 1537 1815 ὀρθῶς.
1568 1748 1755 1816 Ὅμως
1780 1747 1838 1799 δὲ

257 1825 338 1895 τῷ
363 1843 423 1878 τε
463 1826 584 1898 Θεῷ
621 1827 867 1902 θαρρῶν,
996 1833 1317 1904 παρέστηκα
1357 1835 1498 1903 (14).
1531 1837 1628 1889 καὶ
1665 1839 1729 1907 τῇ
1769 1839 1835 1908 σῇ

261 1917 389 1987 περὶ
430 1917 492 1969 τὸ
535 1915 595 1971 εὖ
648 1923 821 1974 ποιεῖν
864 1919 978 1993 (15)
1025 1923 1430 1998 μεγαλοψυχίᾳ,
1478 1927 1578 1999 τὴν
1632 1929 1840 1982 ἱκεσίαν

256 2006 463 2078 ταύτην
491 2009 792 2082 ἐθάρρησα.

1941 931 2063 987 dam
2087 932 2356 997 dicebam,
2385 948 2508 987 cum
2546 945 2600 992 te
2643 938 2699 991 in
2741 938 2994 992 omnibus
3024 939 3190 992 rebus
3222 938 3513 993 commodo

1940 1028 1994 1075 et
2020 1022 2279 1080 benevolo
2328 1037 2530 1091 uterer,
2560 1041 2625 1081 ac
2663 1036 2756 1081 tua
2805 1027 3028 1081 lenitate
3058 1033 3220 1096 atque
3248 1027 3513 1082 facilitate

1940 1111 2253 1182 inexplebili
2326 1116 2561 1185 quadam
2610 1117 2872 1193 aviditate
2937 1132 3028 1172 me
3076 1117 3507 1187 ingurgitarem;

1939 1218 2134 1274 nempe
2166 1220 2253 1260 me
2281 1209 2477 1272 vereri,
2511 1222 2580 1261 ne
2605 1208 2998 1277 benignitatem
3024 1215 3265 1261 vestram
3299 1205 3354 1259 in
3385 1205 3511 1259 alie-

1939 1292 2028 1348 nis
2074 1295 2241 1349 rebus
2269 1296 2638 1352 exhaurirem.
2668 1295 2804 1350 Nam
2841 1311 2968 1351 ecce
2993 1296 3290 1350 discrimen
3327 1311 3507 1348 meum

1941 1383 2234 1454 (siquidem
2268 1401 2447 1441 meum
2485 1396 2588 1452 est,
2618 1387 2762 1456 quod
2813 1402 3058 1442 meorum
3088 1386 3193 1457 est)
3227 1400 3371 1441 :nec
3392 1385 3507 1454 jam

1942 1476 2057 1543 pari
2089 1492 2213 1530 cum
2248 1476 2448 1532 fiducia
2466 1478 2866 1548 verborumque
2894 1479 3147 1533 libertate
3163 1488 3214 1533 te
3236 1477 3505 1547 alloquor.

1941 1565 2205 1632 Primum,
2228 1570 2353 1639 quia
2401 1585 2582 1625 meum
2617 1580 2722 1626 est.
2761 1570 2897 1626 Nam
2931 1587 3029 1640 pro
3071 1571 3252 1641 seipse
3292 1584 3505 1639 regere,

1935 1674 2247 1728 quanquam
2302 1661 2491 1717 utilius
2555 1671 2719 1732 atque
2769 1661 3196 1723 conducibilius,
3246 1658 3507 1713 humilius

1938 1758 2117 1800 tamen
2163 1757 2217 1800 et
2277 1748 2546 1818 ahjectius
2601 1759 2706 1806 est.
2748 1749 2953 1805 Deinde
2986 1750 3114 1820 quia
3167 1748 3507 1805 saturitatem

1938 1849 2248 1908 suspectam
2282 1841 2478 1904 habeo,
2518 1852 2575 1896 ut
2601 1857 2723 1912 quia:
2764 1843 3087 1898 suavitatem
3120 1842 3423 1910 extinguat,
3451 1845 3507 1891 et

1939 1929 2184 1998 pulchris
2239 1932 2494 1986 omnibus
2555 1933 2723 1987 rebus
2782 1933 3121 1989 adversetur.
3173 1933 3352 2002 Atque
3393 1928 3507 1982 haec

1939 2022 2158 2090 quidem
2191 2022 2264 2076 ita
2303 2038 2362 2077 se
2421 2023 2642 2089 habent,
2678 2037 2741 2077 ac
2779 2038 3041 2092 perquam
3070 2029 3218 2077 recte
3246 2018 3503 2088 conjieio.

257 2100 628 2158 Nihilominus
655 2115 834 2160 tamen
869 2105 1002 2172 Deo,
1037 2108 1127 2162 cui
1161 2117 1304 2177 asto,
1338 2117 1542 2181 tuaque
1570 2110 1625 2166 in
1667 2111 1946 2169 beneﬂciis
1999 2113 2197 2171 dandis
2255 2115 2582 2171 liberalitate
2621 2116 2818 2181 fretus,
2862 2117 3004 2169 hanc
3067 2114 3163 2169 tibi
3227 2112 3506 2182 supplica—

257 2195 463 2250 tionem
492 2196 688 2254 oll‘erre
720 2200 943 2257 minime
971 2201 1236 2258 dubitavi.

336 2288 516 2341 Ἔστω
551 2289 809 2353 κάκιστος
848 2292 1064 2348 πάντων
1108 2294 1455 2361 Νικόϐουλος,
1482 2295 1541 2360 ὃς
1571 2296 1628 2351 ἓν
1667 2297 1831 2352 ἀδικεῖ

2011 2293 2093 2349 Sit
2121 2309 2253 2350 sane
2285 2295 2599 2350 mortalium
2632 2294 2876 2350 omnium
2919 2293 3374 2350 sceleratissimus
3405 2293 3503 2349 Ni-

263 2377 425 2446 μόνον
469 2380 553 2432 ὅτι
594 2380 661 2433 δι’
687 2383 837 2452 ἡμᾶς
880 2384 1026 2437 ἐστιν
1072 2384 1362 2455 ἐπίφθονος
1409 2386 1549 2457 (16),
1592 2389 1687 2442 κα).
1737 2389 1830 2443 τοῦ

256 2468 472 2534 δέοντος
508 2470 977 2545 ἐλευθεριώτερος.
1018 2476 1199 2529 Ἔστω
1238 2476 1329 2530 καὶ
1365 2476 1704 2543 δικαιότατος
1741 2481 1834 2533 άν-

259 2557 517 2630 θρώπων,
538 2562 567 2612 ὁ
591 2561 687 2615 νῦν
713 2565 844 2634 ἡμῖν
880 2565 1148 2635 πολεμῶν.
1182 2567 1520 2640 Αἰσχύνομαι
1559 2570 1668 2642 γὰρ
1699 2589 1832 2625 κατ-

260 2654 479 2723 ηγορεῖν
507 2653 601 2706 ἐπὶ
632 2654 732 2724 τῆς
764 2656 861 2727 σῆς
894 2656 1204 2728 ὀρθότητος,
1233 2652 1294 2712 οὗ
1323 2659 1512 2733 πρώην
1552 2663 1831 2734 ὑπερεμά-

259 2760 412 2812 χουν·
437 2744 553 2798 ἀλλ’
581 2746 682 2800 οὐκ
709 2743 822 2800 οῖδα
854 2748 907 2800 εί
932 2766 1015 2802 σοι
1052 2752 1465 2822 παραστήσεται
1493 2754 1697 2808 δίκαιον
1719 2757 1830 2827 (17)

259 2835 405 2906 ὑπὲρ
454 2835 628 2889 ἄλλων
672 2838 1106 2910 ἁμαρτημάτων,
1156 2842 1215 2895 ἐν
1262 2843 1441 2907 ἄλλοις
1486 2845 1831 2898 ἀπαιτεῖσθαι

258 2925 439 2996 δίκην,
470 2926 563 2979 καὶ
593 2927 799 2980 τούτων
828 2929 1145 3002 ἀλλοτρίων,
1168 2932 1263 2986 καὶ
1286 2932 1404 2986 οὐδὲ
1427 2935 1708 2989 ἑκουσίων
1740 2937 1831 2990 τὸν

258 3014 407 3068 οὕτω
426 3017 544 3087 κινή
553 3034 722 3070 σαντα
742 3019 869 3082 τοὺς
884 3020 1120 3087 οἰκέτας,
1139 3023 1233 3075 κα).
1248 3022 1500 3076 τοσοῦτον
1523 3024 1834 3097 ἀγανακτή-

262 3121 458 3169 σαντα,
486 3105 621 3161 ὧστε
654 3108 894 3163 ἐνδοῦναι
935 3110 1014 3181 τῷ
1047 3112 1368 3180 ἐγκαλοῦντι
1401 3114 1828 3186 προθυμότερον,

260 3197 409 3267 ἤπερ
459 3198 660 3262 ἐκεῖνος
722 3200 832 3271 (18)
880 3201 1161 3268 ὲϐούλετο;
1213 3203 1373 3259 Ἀλλά
1423 3205 1505 3257 δεῖ
1560 3204 1831 3258 δουλεύειν

259 3287 619 3354 Νικόσουλον,
665 3290 699 3360 ἦ
754 3292 881 3354 τοὺς
925 3292 1113 3347 τούτου
1163 3294 1386 3359 παῖδας,
1442 3295 1470 3347 ὃ
1516 3296 1665 3348 δοκεῖ
1718 3298 1832 3361 τοῖς

259 3379 623 3450 ἐπηρεάζουσι
656 3381 768 3449 (19)
789 3397 803 3446 ;
825 3382 1148 3454 αἰσχύνομαι
1180 3384 1288 3456 γάρ
1316 3385 1415 3455 τὴν
1444 3384 1699 3439 ὑπόθεσιν
1732 3386 1831 3455 τῆς

260 3472 524 3543 ἐπηρείας
563 3473 657 3526 καὶ
699 3473 792 3526 τὸν
839 3474 1044 3545 καιρὸν,
1085 3476 1135 3527 εἰ
1179 3475 1270 3528 σοῦ
1312 3494 1371 3529 τε
1412 3477 1687 3547 ἄρχοντος,
1737 3478 1831 3530 καὶ

258 3564 416 3634 ἡμῶν
472 3565 622 3636 παρά
672 3566 755 3619 σοὶ
804 3566 1116 3637 δυναμένων
1167 3568 1324 3621 τοῦτο
1365 3570 1670 3640 γενήσεται.
1718 3568 1831 3622 Νῦν

1932 2387 2182 2454 cobulus,
2230 2387 2387 2457 cujus
2434 2387 2538 2442 hoc
2607 2402 2772 2441 unum
2828 2386 3092 2441 duntaxat
3155 2386 3334 2441 scelus
3387 2395 3492 2453 est,

1931 2476 2077 2548 quod
2116 2486 2338 2548 propter
2360 2492 2461 2533 nos
2507 2476 2810 2532 invidiosus
2850 2491 2915 2531 ac
2954 2477 3179 2532 liberior
3203 2484 3307 2541 est,
3339 2493 3503 2548 quam

1932 2583 2030 2638 par
2058 2569 2151 2623 sit.
2186 2568 2268 2623 Sit
2296 2571 2425 2623 item
2476 2585 2696 2624 rursum
2746 2569 2988 2623 omnium
3033 2569 3382 2639 justissimns
3432 2570 3503 2637 is,

1931 2660 2189 2730 quinunc
2221 2675 2325 2716 nos
2354 2668 2655 2731 oppugnat.
2688 2658 2858 2716 Pudet
2886 2661 3030 2715 enim
3064 2676 3149 2715 me
3182 2661 3324 2730 apud
3357 2671 3503 2714 tuam

1931 2749 2295 2821 integritatem
2312 2766 2437 2804 eum
2463 2765 2724 2806 accusare
2744 2766 2904 2820 quem
2930 2767 3106 2821 nuper
3125 2751 3503 2807 defendebam.

1928 2839 1998 2891 At
2020 2838 2161 2892 haud
2194 2839 2310 2893 scio
2343 2855 2411 2892 an
2464 2837 2623 2909 124
2661 2854 2876 2908 acquum
2940 2842 3355 2895 existimaturus
3402 2840 3501 2904 sis,

1930 2930 1996 2986 de
2037 2930 2232 2985 alienis
2264 2932 2504 3000 peccatis
2544 2946 2737 3001 poenas
2775 2932 2843 2986 ab
2891 2932 3014 2987 aliis
3048 2931 3248 3001 expeti,
3275 2931 3343 2986 de
3380 2932 3504 2986 alie-

1932 3023 2038 3084 nis,
2080 3022 2325 3092 inquam,
2354 3037 2418 3076 ac
2448 3037 2515 3078 ne
2544 3023 2874 3078 voluntariis
2904 3023 3123 3093 quidem
3155 3041 3168 3077 :
3202 3022 3259 3076 in
3292 3021 3501 3076 crimen

1930 3113 2113 3168 voeari
2176 3113 2480 3180 hominem,
2515 3114 2610 3183 qui
2659 3130 2833 3183 usque
2887 3113 3025 3167 adeo
3074 3112 3313 3167 famulos
3368 3127 3501 3167 suos

1932 3204 2220 3275 permovit,
2279 3204 2469 3274 sicque
2528 3221 2642 3259 rem
2681 3204 2900 3275 indigne
2934 3204 3077 3266 tulit,
3107 3211 3165 3257 ut
3196 3202 3501 3257 accusatori

1930 3295 2235 3365 promptius
2289 3297 2480 3358 etiam,
2522 3311 2684 3365 quam
2731 3296 2823 3350 ille
2864 3295 3099 3359 volebat,
3131 3294 3502 3349 cesserit?An

1930 3395 2214 3456 propterea
2261 3383 2609 3451 Nicobulum,
2641 3394 2735 3440 aut
2771 3386 2892 3455 ejus
2925 3399 3144 3455 pueros,
3177 3384 3232 3438 in
3266 3384 3503 3439 servitu-

1931 3484 2041 3531 tem
2092 3475 2287 3531 adduci
2338 3477 2646 3545 oportebat,
2695 3475 3152 3546 quemadmodum
3179 3472 3363 3543 iisqui
3394 3473 3500 3542 ipsi

1932 3566 2115 3622 infesti
2139 3576 2287 3632 sunt,
2312 3568 2526 3638 placet?
2574 3567 2701 3621 Mihi
2728 3569 2875 3622 enim
2905 3566 3166 3637 pudorem
3190 3564 3386 3618 incutit
3417 3564 3504 3616 in-

259 3652 536 3723 βοηθεῖται
578 3652 650 3706 τά
695 3654 961 3725 δημόσια;
1015 3654 1109 3708 νῦν
1159 3654 1379 3720 αὒξεται
1430 3655 1498 3709 τὰ
1553 3655 1831 3727 βουλευτή-

1933 3660 2088 3730 iuriae
2107 3675 2274 3715 causa
2307 3667 2648 3730 tempusque,
2675 3660 2742 3724 si,
2767 3667 2819 3713 te
2844 3658 3093 3728 prreside,
3116 3672 3181 3711 ac
3208 3672 3330 3711 cum
3358 3656 3500 3725 apud

260 3762 350 3814 ρια
372 3744 489 3814 (20)
510 3784 527 3809 ,
555 3746 644 3798 ὅτε
668 3744 829 3821 λυπεῖ
858 3746 928 3798 τὰ
961 3746 1101 3810 ῖδια;
1130 3747 1410 3818 Μηδαμῶς
1423 3741 1513 3810 ,κῶ
1537 3746 1825 3818 θαυμάσιε,

258 3835 337 3903 μὴ
372 3832 533 3887 τοῦτο
577 3835 913 3905 παραστήτω
936 3837 1001 3905 τῇ
1034 3838 1100 3906 σῇ
1135 3834 1487 3907 καθαρότητι.
1514 3834 1672 3889 Ἀλλά
1707 3853 1819 3889 συν·

255 3925 337 3988 εὶς
381 3923 485 3995 μὲν
521 3924 601 3995 τῷ
638 3923 827 3995 πτηνῷ
862 3925 1015 3996 τάχει
1061 3929 1160 3997 τῆς
1195 3926 1433 3990 διανοίας
1480 3925 1579 3998 τὴν
1624 3925 1716 3996 ἀφ’
1759 3920 1828 3997 ἧς

255 4015 431 4069 ταῦτα
465 4015 672 4084 γίνεται
716 4016 1062 4087 κακοήθειαν,
1107 4016 1373 4080 αἰδεσθεὶς
1413 4017 1469 4070 δὲ
1509 4019 1655 4087 ἡμᾶς
1702 4016 1828 4080 τοὺς

258 4108 388 4171 σοὺς
409 4106 720 4170 ἐπαινέτας,
749 4106 1127 4178 φιλάνθρωπον
1153 4108 1375 4161 σεαυτὸν
1404 4106 1686 4178 παράσχου
1717 4108 1829 4169 τοῖς

256 4197 600 4269 κινουμένοις
638 4199 833 4270 κριτὴν
875 4198 1010 4269 (21),
1052 4197 1128 4263 ὡς
1171 4199 1271 4251 οὐκ
1317 4196 1625 4269 ἀνθρώποις
1669 4196 1827 4267 μόνον

326 4377 443 4449 (1ο)
476 4377 625 4449 Alias
656 4375 936 4449 CLXXIX.
968 4377 1181 4449 Scripta
1219 4378 1409 4449 eodem
1442 4377 1664 4449 circiter
1689 4386 1827 4431 tem-

253 4446 501 4520 ραι-είς
529 4448 844 4520 ᾨλρᾲιμπίω.
876 4447 1012 4520 God.
1042 4446 1200 4504 Pass.
1244 4447 1526 4519 Ὀλυμπίῳ
1582 4448 1822 4520 ἄρχοντι.

429 4515 491 4571 B.
528 4517 582 4587 3.
616 4516 859 4587 Εύσεὸίῳ
886 4516 1043 4587 φίλῳ.

351 4587 443 4651 11)
478 4586 687 4649 Δεξιοῦ
723 4584 862 4639 σού.
900 4584 1157 4640 Montac.
1190 4592 1247 4639 et
1297 4584 1486 4640 Morel.
1528 4584 1699 4649 δεξιός
1721 4601 1821 4637 σοι.

350 4655 442 4709 12)
468 4655 652 4722 Εἴπερ
675 4654 839 4723 ἐμός.
867 4656 925 4707 In
946 4654 1067 4723 cod.
1100 4653 1258 4708 Pass.
1287 4654 1401 4708 haec
1425 4655 1589 4708 verba
1601 4655 1821 4709 desunt.

325 4722 445 4793 (15)
468 4725 577 4779 Kal
610 4722 834 4783 εἰκάζω.
860 4724 996 4793 Cod.
1042 4722 1177 4792 Reg.
1233 4723 1468 4778 Montac.
1537 4723 1726 4777 Morel.
1771 4729 1826 4776 et

249 4791 507 4849 Coinbef.
532 4795 627 4846 καὶ
657 4793 733 4856 ὡς
750 4791 976 4855 εἰκάζω,
1006 4791 1160 4859 atque
1187 4804 1241 4845 ut
1267 4793 1510 4859 conjicio.

325 4864 447 4933 (14)
474 4861 950 4933 Παρέσττικαηιιο
984 4860 1103 4933 cod.
1142 4870 1196 4917 et
1233 4861 1363 4933 Reg.
1407 4871 1459 4933 et
1491 4862 1648 4933 Pass.
1685 4860 1827 4933 Mon-

251 4930 362 4987 tac.
396 4931 588 4989 Morel.
627 4946 691 4985 ac
718 4930 989 4996 Comhel’.,
1034 4932 1224 5001 sicque
1261 4930 1390 5002 legit
1421 4930 1544 4984 Bill.
1585 4932 1641 4985 In
1688 4931 1819 4985 edit.

251 5017 633 5056 παρεστησαν.

322 5002 711 5137 ῗῖέδῖἬῖΞῩω
765 5063 834 5122 εὖ
851 5068 1085 5137 ἑποιεῖν.
1138 5067 1215 5123 Ita
1259 5067 1381 5123 cod.
1425 5079 1479 5123 et
1515 5068 1580 5123 R.
1623 5066 1821 5123 Verum

251 5133 380 5194 cod.
408 5133 877 5209 “63:1:E‘pbﬁl-VEI')
906 5138 1179 5209 ποιεῖνᾼη
1208 5138 1341 5209 edit.
1377 5138 1647 5209 περὶτοῦ.

328 5210 441 5277 (16)
482 5206 687 5263 Ἔστιν
705 5207 1047 5277 ἐπίφθονος.
1070 5206 1307 5277 Cqmbef
1332 5227 1345 5262 :
1372 5206 1571 5261 Invidia
1593 5208 1822 5277 laborat,

253 5275 349 5330 aut
383 5278 612 5362 invidiae
655 5276 897 5362 habetur,
950 5276 1070 5362 Bil'l.
1125 5275 1334 5362 Inuidina
1383 5277 1613 5362 ﬂagrat,
1661 5275 1820 5362 Iquod

256 5348 431 5416 ntagis
461 5348 699 5400 activum
725 5346 959 5401 videtur.
991 5345 1133 5407 Mox,
1165 5345 1628 5418 ἐλευθερώτερος.
1657 5346 1820 5401 Corn-

256 5415 366 5470 bef.
425 5416 996 5496 biberaliori‘ingenio,
1036 5415 1366 5496 virscilicet
1410 5417 1700 5495 ingenuus,
1730 5415 1819 5470 cui

256 5484 507 5557 opponit,
537 5486 681 5557 quod
707 5484 1141 5557 addicelidttssit
1177 5484 1443 5557 servituti.

325 5551 438 5623 (I7)
494 5551 955 5623 Ηὰραστῄσεται
1004 5554 1257 5608 δίκαιον.
1306 5551 1443 5607 Cod.
1499 5553 1557 5605 τὸ
1594 5552 1821 5614 δίκαιον,

257 5625 400 5693 quod
420 5621 660 5693 Comhel'
684 5639 698 5675 :
732 5621 876 5677 Num
890 5623 984 5691 jus
1002 5622 1096 5677 tibi
1120 5638 1496 5693 persuasurum
1513 5624 1603 5693 sit,
1620 5632 1695 5687 ut,
1717 5631 1822 5677 etc.

326 5693 440 5769 (18)
495 5692 647 5748 Οὐδὲ
700 5693 1030 5748 ἑκουσίων
1096 5692 1365 5747 τὺιόὒτω
1421 5691 1823 5759 κινῆσαι-τα...

1935 3756 1987 3805 te
2017 3750 2118 3821 ipsi
2144 3750 2445 3813 valeamus,
2472 3750 2602 3803 illud
2632 3748 2931 3818 contingat.
2960 3747 3190 3801 Nuncne
3214 3746 3328 3801 fisci
3352 3760 3504 3798 com-

1934 3842 2110 3896 modis
2173 3839 2518 3895 consulitur?
2562 3837 2788 3892 Nuncne
2851 3845 3120 3906 augentur
3169 3834 3498 3896 tribunalia,

1934 3928 2061 3982 dum
2099 3944 2186 3983 res
2216 3928 2440 3997 privata:
2487 3925 2775 3980 laborant?
2802 3923 2899 3988 Ne,
2943 3938 3149 3994 quaeso,
3197 3922 3283 3975 vir
3326 3922 3501 3975 admi-

1935 4018 2127 4079 rando,
2154 4032 2222 4071 ne
2265 4018 2388 4079 hoc,
2447 4015 2695 4084 inquam,
2733 4014 2960 4083 puritati
2991 4025 3154 4082 atque
3200 4011 3498 4080 integritati

1936 4117 2042 4162 tute
2075 4109 2129 4162 in
2160 4114 2392 4161 mentem
2440 4106 2642 4162 veniat.
2680 4104 2880 4160 Verum
2913 4119 3013 4174 pro
3055 4103 3264 4157 volucri
3299 4101 3499 4172 ingenii

1934 4197 2011 4252 tui
2062 4195 2341 4251 celeritate
2403 4208 2468 4248 ac
2523 4192 2860 4264 perspicacia
2910 4192 3311 4263 improbitatem
3356 4205 3499 4256 eam,

1930 4373 2455 4444 ἀγανακτήσαντα,
2492 4372 2647 4444 ὥστε
2687 4372 3031 4444 ἐνδοῦναι...
3065 4372 3221 4441 ἥπερ
3249 4370 3498 4444 ἐκεῖνος.

1932 4441 2009 4515 ita
2039 4445 2164 4499 cod.
2199 4441 2331 4515 Reg.
2372 4444 2437 4515 lt.
2495 4452 2549 4500 et
2602 4443 2755 4501 Pass.
2810 4442 2997 4515 Morel.
3031 4457 3096 4497 ac
3146 4441 3390 4515 Comiter.
3432 4441 3501 4515 ᾼι

1932 4513 2164 4568 Montac.
2202 4510 2305 4584 τὸν
2349 4512 2472 4584 οὕτε
2511 4515 2875 4584 κινήσαντα...
2915 4513 3385 4584 ἀγανακτήσαντα.
3438 4510 3497 4564 ιιι

1930 4583 2061 4638 edit.
2103 4583 2225 4638 οὐδὲ
2288 4583 2550 4653 ἑκουσίων
2592 4581 2717 4653 τοὺς
2753 4581 2876 4635 οὔτε
2933 4581 3329 4653 κινήσαντας...
3362 4581 3497 4653 ἀγατ

1931 4657 2324 4725 νακτήσαντας,
2364 4652 2518 4725 ὥστε
2556 4651 2873 4706 ἐκδοῦναι...
2907 4647 3063 4725 εἴπερ
3093 4653 3319 4725 ἐκεῖνος,
3353 4647 3496 4725 quod

1931 4721 2052 4777 Bill.
2086 4718 2099 4777 Ξ
2137 4723 2210 4776 De
2235 4722 2443 4783 alienis,
2469 4791 2473 4792 ί
2501 4722 2738 4792 inquam,
2762 4738 2832 4792 ac
2862 4737 2924 4792 ne
2952 4718 3497 4792 voluntariis-quidem

1930 4807 2135 4859 poenam
2164 4793 2230 4845 iis
2247 4791 2497 4860 irrogari,
2521 4786 2611 4861 qui
2637 4809 2728 4861 nec
2744 4790 2974 4861 famulos
2996 4805 3121 4843 suos
3141 4786 3492 4861 concitarunt,

1932 4854 2323 4935 admissumque
2359 4854 2571 4929 Taciuus
2613 4854 2753 4935 adeo:
2781 4858 3066 4935 indignoet
3110 4854 3296 4935 acerbo
3317 4854 3495 4907 animo

1933 4932 2187 4994 tulerunt,
2219 4929 2276 4983 ut
2314 4946 2401 4984 eos
2450 4930 2751 4984 accusatori
2784 4929 3074 4997 promptius
3129 4929 3289 4978 etiam
3335 4938 3495 4993 quant

1854 4986 1897 5041 ο
1926 5000 2126 5054 volebat
2154 4986 2467 5054 dediderint.

1996 5070 2106 5139 (19)
2148 5070 2276 5134 Τοῖς
2330 5066 2745 5139 ἐπηρεάζουσᾳι.
2777 5066 2909 5139 Quae
2945 5068 3250 5139 sequuntur
3295 5060 3497 5139 desunt

1923 5138 1978 5192 in
1995 5131 2149 5205 edit";
2189 5131 2282 5194 sed
2308 5131 2771 5192 restituunteodd.
2806 5131 3034 5205 Regii,
3065 5132 3127 5186 Β.
3158 5133 3211 5197 5,
3237 5140 3291 5205 et
3329 5131 3487 5205 Pass.

1924 5207 2113 5289 Morel.
2137 5202 2211 5262 ’et
2259 5206 2526 5268 Combel'.,
2580 5206 2696 5274 ipse
2727 5202 2903 5259 etiam
2941 5202 3202 5269 Montac.,
3243 5202 3371 5256 licet
3410 5203 3493 5256 vi-

1922 5288 2109 5414 ῑιοῗὲθ)
2136 5344 2268 5397 Νῦν
2312 5344 2555 5414 αὔξεται
2590 5340 2663 5393 τὰ
2703 5339 3253 5414 ,βουᾷεοτήριαε-ιιο
3287 5355 3496 5414 omnes

1929 5408 2099 5468 codd"
2130 5415 2324 5475 nostri,
2359 5412 2544 5465 Morel.
2596 5418 2651 5463 et
2696 5408 2943 5464 Combei.
2991 5408 3047 5463 In
3073 5409 3202 5463 edit.
3242 5408 3312 5464 τὰ
3339 5408 3492 5473 αὔξει

1926 5483 1995 5536 τὰ
2020 5482 2393 5552 βουλευτήρια,
2437 5479 2721 5552 redditque
2771 5478 2905 5552 Bi||._
2945 5478 3166 5552 Nuncne
3204 5480 3490 5552 tribunalia

1930 5548 2157 5622 augebit,
2197 5548 2317 5604 cunt
2345 5566 2461 5605 eum
2500 5566 2581 5604 res
2608 5549 2831 5619 privata:
2850 5548 3173 5603 discruciant
3194 5550 3220 5601 ?

2001 5621 2114 5685 (21)
2155 5620 2282 5685 Τοῖς
2335 5619 2711 5685 κινουμένοις
2760 5618 2989 5685 κριτήν.
3046 5617 3124 5671 Ita
3156 5616 3315 5673 codd.
3357 5614 3470 5685 [leg

2001 5618 2114 5688 (21)
2155 5620 2282 5686 Τοῖς
2335 5619 2711 5688 κινουμένοις
2760 5618 2989 5686 κριτήν.
3046 5618 3124 5671 Ita
3156 5618 3315 5673 codd.
3357 5618 3491 5685 Reg.

1930 5701 1983 5749 et
2034 5690 2186 5746 Pass.
2235 5690 2419 5746 Morel.
2480 5689 2728 5745 (Lomhcf.
2760 5695 2812 5744 et
2844 5687 2945 5743 Bill
3014 5686 3390 5754 inversione;
3436 5685 3492 5739 in
