4012 6220
352 482 370 518 ἱ

413 314 522 371 255

338 509 370 580 .j
416 525 548 564 sane
575 509 876 564 demiratus
907 525 1050 564 sum.
1087 510 1357 575 Quocirca
1391 526 1458 564 ne
1489 510 1540 563 id
1563 551 1578 574 ,
1617 514 1759 581 quod
1791 513 1991 569 factum

343 594 346 596 ’
414 609 518 661 est,
557 599 833 672 susdcque
891 600 1166 668 accipias;
1199 616 1386 654 verum
1419 603 1563 671 quod
1591 603 1816 669 accidit,
1849 606 1993 674 ipse-

416 699 525 744 met
555 690 622 743 ad
667 707 768 746 nos
801 692 1102 761 profectus,
1133 692 1294 746 nobis
1331 693 1746 762 exponesAdsit
1773 712 1994 765 quoque

413 783 679 837 diaconus
712 782 849 851 ipse,
879 790 937 834 ut
965 783 1235 844 criminis,
1268 783 1426 851 cujus
1473 783 1794 848 arcessitur,
1829 787 1995 837 ratio-

414 888 536 926 nem
587 873 801 936 subeat,
839 888 902 926 ac
934 872 1001 927 de
1049 873 1288 926 hominis
1336 873 1526 926 obtriti
1574 874 1682 927 vita
1724 876 1986 942 judicium

413 963 672 1031 excipiat.
717 961 903 1031 Neque
949 963 1091 1016 enim
1141 973 1247 1014 tam
1275 971 1434 1032 turpe
1465 971 1626 1033 atque
1669 965 1986 1019 indecorum

416 1051 628 1106 facinus
663 1053 718 1106 in
769 1055 976 1108 nostris
1029 1054 1423 1123 propemodum
1455 1054 1632 1110 oculis
1685 1054 1987 1123 perpetrari

415 1143 558 1199 ferre
589 1161 901 1214 possumus.

871 1275 1026 1343 127
1065 1273 1171 1330 CL.
1208 1272 1526 1328 ASTERIO.

1631 311 1686 367 S.
1729 313 2057 373 GREGORll
2095 302 2426 370 THEOLOGI

349 441 368 499 ξ
415 423 634 477 modum
667 421 796 490 ipsa:
829 437 1047 490 quoque
1073 422 1351 492 plagarum
1386 431 1527 478 nota:
1555 423 1798 480 indicant
1827 430 1850 480 ?
1884 427 1993 484 lloc

2102 430 2254 499 μεῖα,
2283 422 2438 476 τοῦτο
2477 406 2824 491 τεθαύμακα.
2865 421 2955 492 Μὴ
3001 423 3188 476 τοίνυν
3225 421 3516 491 παρέργως
3542 423 3675 490 δέξῃ

3569 310 3682 364 2.;6

2094 518 2155 572 τὸ
2181 515 2429 584 γεγονὸς,
2483 503 2618 562 ἀλλὰ
2665 511 2726 563 τὸ
2782 513 3028 582 συμϐὰν,
3071 509 3240 562 ἐλθὼν
3275 509 3360 561 διὰ
3401 510 3634 564 σεαυτοῦ
3659 549 3674 571 ,

2097 606 2444 677 παράστησον
2491 600 2645 670 ἡμῖν.
2690 602 2953 671 Παρέστω
2979 601 3035 653 δὲ
3078 600 3171 653 καὶ
3199 601 3225 650 ὁ
3259 599 3525 663 διάκονος,
3571 601 3674 651 καὶ

2094 697 2249 764 λόγον
2280 695 2490 763 ὑφέξων
2538 693 2636 762 τῆς
2667 693 3022 762 κατηγορίας,
3070 690 3162 743 καὶ
3207 687 3375 740 τύπον
3421 689 3671 758 ληψόμε-

2097 805 2185 849 νος
2213 787 2322 855 (49)
2366 786 2494 855 περὶ
2540 787 2638 854 τῆς
2681 784 2772 835 τοῦ
2814 782 3182 853 συντριϐέντος
3229 778 3394 847 ζωῆς.
3438 779 3510 829 Οὐ
3551 777 3672 846 γὰρ

2096 876 2401 946 ἀνεχόμεθα
2427 873 2680 942 τοιαύτην
2721 872 3104 941 ἀσχημοσύνην
3137 868 3435 943 τολμᾶσθαι
3479 867 3668 936 σχεδὸν

2093 971 2150 1021 ὲν
2174 972 2292 1031 ταῖς
2318 969 2613 1037 ἡμετέραις
2638 964 2825 1033 ὄψεσιν

2573 1272 2700 1326 PN'.
2739 1271 3030 1341 ΑΣΤΕΡΙῼ
3059 1270 3194 1339 (50).

491 1425 572 1480 Ea:
603 1427 789 1498 p_rimis
821 1428 980 1496 hujus
1013 1428 1251 1497 epistolae
1285 1428 1354 1480 ad
1386 1429 1653 1482 Asterium
1683 1429 1853 1483 verbis
1880 1429 2128 1498 colligere
2166 1443 2466 1496 possumus,
2497 1427 2673 1494 plures
2709 1425 2951 1498 Gregorii
2964 1424 3054 1498 _ad_
3103 1439 3217 1476 eum
3277 1422 3480 1474 litteras
3522 1422 3679 1498 ςίζείτ

413 1495 574 1567 disse.
604 1491 741 1549 Cum
767 1491 903 1550 enini
930 1491 1226 1567 frequenter
1250 1499 1541 1564 scripserit.
1571 1509 1620 1552 et
1662 1491 2300 1566 paucissimw'supersint
2343 1491 2599 1565 cpistolw,
2643 1491 3112 1567 multruperierirq
3157 1508 3358 1567 necesse
3386 1501 3494 1567 est.
3530 1491 3680 1544 Illud

417 1566 530 1636 scio
564 1581 649 1620 tne
681 1582 823 1634 saepe
851 1560 1214 1621 ac'de'multis
1241 1560 1404 1620 rebus
1449 1560 1753 1621 litteras'ad
1778 1577 1829 1621 te
1859 1560 2111 1630 dedisse,
2128 1568 2293 1634 inquit
2313 1560 2624 1636 gregarius.
2658 1564 2787 1636 ΔΗὰδ
2823 1565 3011 1616 litteris
3066 1560 3340 1636 Georgium
3363 1561 3676 1636 diaconum,

417 1634 585 1686 rirum
617 1631 887 1701 eximium,
923 1636 1298 1690 commendat:
1341 1653 1443 1689 non
1483 1639 1649 1689 alium
1692 1639 1826 1689 hunc
1857 1654 1970 1690 esse
2007 1631 2255 1704 putamus
2291 1631 2573 1705 Georgium
2616 1633 2679 1686 ab
2718 1651 2777 1688 eo
2817 1635 2903 1687 cui
2940 1635 3179 1700 superior
3214 1631 3435 1698 epistola
3467 1632 3677 1695 scripta

415 1711 512 1758 est.

486 1841 666 1894 Laetor
715 1857 818 1905 nte,
871 1851 926 1896 et
957 1844 1217 1905 scribere,
1278 1851 1332 1896 et
1382 1849 1560 1895 tamen
1617 1843 1719 1895 hoc
1769 1843 1985 1897 nomine

2157 1842 2346 1910 Χαίρω
2395 1841 2491 1894 καὶ
2543 1840 2803 1911 γράφων,
2861 1838 2954 1892 καὶ
3001 1837 3398 1908 ἐγκαλούμενος
3452 1837 3532 1890 ὅτι
3588 1835 3682 1906 μὴ

417 1931 692 1994 accusari,
726 1931 872 2000 quod
920 1947 1028 1984 non
1061 1931 1332 1992 scribam,
1384 1931 1429 1983 si
1475 1931 1695 1998 quando
1727 1931 1829 1983 hoc
1862 1947 1995 1985 con-

420 2021 614 2090 tingat.
660 2021 794 2074 Nam
815 2037 1012 2075 suaves
1043 2036 1262 2089 quoque
1303 2021 1682 2074 accusationes
1714 2028 1820 2074 tua:
1846 2027 1992 2073 sunt.

416 2111 743 2181 Quanquam
782 2111 919 2164 illud
955 2113 1070 2165 scio
1102 2127 1185 2165 me
1233 2125 1377 2179 saepe
1403 2124 1466 2163 ac
1498 2110 1565 2164 de
1609 2111 1798 2166 multis
1832 2110 1995 2165 rebus

418 2201 627 2255 litteras
682 2201 750 2255 ad
804 2209 858 2256 te
906 2201 1153 2265 dedisse,
1209 2209 1371 2270 atque
1426 2201 1564 2255 adeo
1629 2217 1692 2255 ea
1743 2217 1992 2272 quoque,

417 2304 541 2357 quae
569 2289 822 2357 precibus
852 2304 880 2341 a
922 2299 974 2343 te
1006 2290 1308 2358 petieram,
1352 2298 1709 2344 consecutum
1747 2305 1890 2345 esse.
1927 2291 1996 2343 At

417 2379 463 2431 si
494 2378 628 2432 nihil
655 2379 825 2441 aliud,
851 2391 1001 2433 certe
1027 2394 1240 2442 eorum,
1273 2379 1364 2446 qui
1392 2379 1668 2433 beneficiis
1689 2394 1718 2431 a
1745 2387 1796 2433 te
1816 2377 1994 2431 allecti

417 2478 569 2530 stitit,
593 2468 888 2522 multitudo
924 2469 1120 2523 litteris
1172 2471 1308 2524 meis
1350 2470 1670 2523 testimonio
1699 2477 1802 2523 est.
1839 2468 1992 2532 Quod

418 2558 463 2613 si
500 2567 557 2611 tu
591 2558 810 2627 quidem
837 2559 1081 2612 amicitia
1133 2559 1458 2628 locupletior
1499 2574 1582 2624 es,
1633 2572 1797 2627 quam
1831 2557 1993 2610 ullius

417 2659 544 2706 vota
595 2651 805 2714 ferant,
851 2666 952 2720 ego
983 2658 1176 2704 contra
1224 2650 1278 2704 in
1313 2649 1546 2718 petendo
1579 2648 1816 2702 timidior
1847 2662 1990 2702 sum.

418 2742 539 2812 Ipse
566 2759 700 2798 sane
737 2743 954 2797 virtutis
984 2743 1348 2813 principatum
1377 2742 1612 2806 habeas;
1646 2739 1776 2792 mihi
1810 2748 1990 2792 autem

418 2833 755 2902 ignoscatur,
809 2832 1245 2902 importunitatis
1290 2840 1472 2884 notam
1509 2828 1763 2898 fugienti;
1814 2841 1992 2896 quan-

417 2921 709 2991 doquidem
763 2921 1028 2990 optimum
1083 2933 1204 2973 esse
1243 2917 1502 2978 modum,
1547 2914 1822 2983 Sapientis
1870 2929 1990 2968 ser-

418 3028 578 3067 mone
621 3013 894 3082 proditum
926 3019 1030 3065 est.
1064 3010 1335 3063 Cmterum
1375 3006 1485 3061 Deo
1529 3005 1713 3075 gratiae
1755 3005 1993 3058 habean-

419 3114 528 3165 tur,
561 3103 654 3172 qui
691 3102 790 3156 tibi
823 3101 954 3154 illud
991 3100 1242 3169 przebuit,
1272 3107 1331 3150 ut
1365 3097 1432 3151 de
1467 3096 1589 3150 aliis
1620 3095 1756 3149 bene
1782 3109 1987 3148 merea-

2096 1933 2325 2001 γράφω,
2370 1931 2552 1983 εἴποτε
2592 1930 2749 1983 τοῦτο
2792 1931 3076 2001 συμϐαίνει
3117 1931 3247 2000 (Si).
3284 1927 3506 1998 Χρηστὰ
3554 1927 3673 1995 γάρ

2098 2037 2188 2073 σου
2222 2021 2313 2073 καὶ
2337 2021 2404 2074 τά
2431 2021 2771 2091 ἐγκλήματα.
2811 2021 2918 2073 Καί
2948 2020 3029 2073 τοί
3053 2038 3115 2088 γε
3149 2019 3404 2082 πολλάκις
3432 2017 3542 2089 (52)
3571 2017 3677 2069 καὶ

2096 2113 2223 2183 περὶ
2252 2113 2464 2165 πολλῶν
2493 2113 2803 2177 ἐπιστείλας
2826 2109 2963 2178 οἶδα,
2987 2113 3082 2165 καὶ
3120 2112 3219 2183 μέν
3242 2129 3322 2164 τοι
3358 2111 3448 2162 καὶ
3486 2107 3674 2178 τυχὼν

2097 2203 2225 2272 περ).
2277 2197 2351 2255 ὧν
2390 2202 2616 2273 ἐδεήθην
2666 2220 2782 2257 σου.
2835 2203 2945 2254 Καὶ
3002 2203 3050 2254 εἰ
3107 2203 3179 2272 μή
3225 2218 3278 2252 τι
3324 2199 3468 2261 ἄλλο,
3499 2198 3557 2249 τό
3602 2213 3672 2264 γε

2096 2293 2300 2362 πλῆθος
2331 2293 2438 2344 τῶν
2479 2289 2536 2346 εὖ
2568 2293 2912 2346 πεπονθότων
2947 2295 3212 2363 μαρτυρεῖ
3244 2308 3331 2361 μοι
3375 2290 3440 2342 τὰ
3484 2289 3672 2358 γράμ-

2098 2400 2261 2448 ματα.
2313 2384 2374 2434 Εί
2417 2383 2471 2434 δὲ
2519 2383 2582 2434 σὺ
2636 2383 2732 2452 μὲν
2771 2383 3140 2452 ἀφθονώτερος
3170 2377 3220 2433 εἷ
3256 2381 3352 2450 τὴν
3381 2380 3582 2448 φιλίαν.
3633 2380 3676 2449 ἦ

2094 2488 2178 2534 τις
2203 2471 2268 2524 ἂν
2293 2471 2504 2536 εὕξοιτο
2534 2472 2667 2540 (55),
2699 2471 2810 2540 ἐγὼ
2846 2473 2902 2524 δὲ
2955 2473 3082 2543 περὶ
3130 2473 3227 2535 τὰς
3276 2471 3516 2541 αἰτήσεις
3558 2470 3673 2522 δει-

2093 2562 2329 2630 λότερος.
2378 2563 2449 2613 Σὺ
2495 2563 2593 2632 μὲν
2641 2563 2730 2632 ἔχε
2769 2563 2838 2616 τὰ
2887 2563 3078 2632 πρῶτα
3117 2563 3213 2631 τῆς
3260 2561 3487 2631 ἀρετῆςο
3539 2559 3674 2628 ἐμοὶ

2093 2653 2150 2704 δὲ
2186 2652 2481 2723 συγγνώμη
2518 2653 2578 2705 τὸ
2609 2653 2861 2724 φορτικὸν
2892 2653 3174 2721 φεύγοντι,
3209 2652 3395 2721 ἐπειδὴ
3432 2653 3537 2702 πᾶν
3571 2652 3672 2720 μὲ-

2095 2760 2222 2813 τρον
2250 2744 2469 2812 ἄριστον
2497 2744 2608 2812 (54)
2643 2739 2782 2796 οἶδεν
2809 2746 2836 2796 ὁ
2876 2743 2968 2796 τοῦ
3005 2743 3169 2811 σοφοῦ
3203 2743 3376 2810 λόγος.
3414 2741 3558 2810 Πλὴν
3588 2740 3674 2809 τῷ

2093 2832 2212 2903 Θεῷ
2247 2833 2424 2903 χάρις,
2467 2835 2548 2886 ὅτι
2593 2851 2672 2886 σοι
2720 2833 2781 2885 τὸ
2825 2829 2882 2886 εὖ
2915 2836 3085 2885 ποιεῖν
3130 2832 3474 2901 ἐνεχείρισεν,
3522 2829 3674 2882 οὕτω

2093 2925 2268 2977 κοινὸν
2295 2927 2593 2994 ἐπιστήσας
2640 2927 2771 2995 ἡμῖν
2805 2924 3097 2993 εὐεργέτην
3138 2940 3195 2974 τε
3243 2923 3352 2992 (55)
3403 2922 3495 2974 καὶ
3541 2937 3675 2972 συν-

2093 3015 2348 3085 ἁρχοντα.
2393 3015 2549 3066 Ἐπεὶ
2601 3014 2694 3066 καὶ
2735 3014 2829 3066 νῦν
2879 3012 3166 3083 ἐγχειρίζω
3207 3029 3287 3064 σοι
3333 3010 3418 3062 διὰ
3462 3009 3674 3078 ταύτης

2097 3119 2197 3170 μου
2245 3102 2344 3171 τῆς
2398 3102 2724 3170 ἐπιστολῆς,
2769 3103 2861 3156 τὸν
2906 3102 3128 3169 ἀδελφὸν
3172 3102 3264 3153 καὶ
3324 3099 3674 3152 συνδιάκονον

421 3195 532 3259 ris,
565 3206 1023 3259 communemque
1059 3189 1462 3244 benefactorcm
1484 3227 1498 3249 ,
1532 3187 1852 3255 imperiique
1901 3201 1988 3240 so-

2096 3167 2250 3260 ημῶν
2296 3167 2599 3261 Γεώργιον,
2648 3167 2824 3261 -άνδρα
2867 3193 2973 3244 τῶν
3021 3167 3311 3262 ὲνξαιρέτων
3345 3188 3455 3260 (56)
3499 3191 3669 3259 ἡμῖν,

419 3281 564 3338 cium
607 3281 764 3336 nobis
806 3280 1069 3350 praefecit.
1115 3280 1194 3333 Ac
1244 3287 1533 3347 propterea
1583 3292 1726 3330 nunc
1775 3280 1990 3344 quoque

421 3386 518 3438 per
551 3371 692 3424 hanc
723 3385 897 3424 meam
929 3368 1216 3438 epistolam
1246 3366 1473 3420 fratrem
1501 3380 1564 3418 ac
1590 3365 1986 3418 condiaconum

423 3471 671 3516 nostrum
704 3460 996 3530 Georgium
1031 3458 1126 3514 tibi
1163 3456 1338 3519 trado,
1375 3457 1554 3510 virum
1593 3464 1648 3510 et
1684 3456 1841 3510 nobis
1875 3456 1990 3511 exi-

425 3552 592 3604 mium
644 3566 708 3605 ac
757 3553 1050 3614 sclectum,
1105 3555 1159 3603 et
1210 3546 1467 3602 Ecclesiae
1522 3561 1734 3602 summe
1772 3547 1986 3612 utilem,
2026 3564 2228 3619 rogans
2261 3559 2320 3604 ut
2373 3553 2425 3604 in
2482 3553 2549 3606 iis
2586 3553 2786 3617 rebus,

2097 3280 2191 3332 καὶ
2244 3283 2309 3351 τῇ
2368 3280 2664 3352 Ἐκκλησία
2717 3281 3156 3351 χρησιμώτατον,
3215 3279 3380 3343 άξιῶν
3432 3277 3676 3348 θάρσους

2096 3371 2258 3422 αὑτὸν
2293 3374 2469 3440 τυχεῖν
2498 3370 2608 3440 (57)
2643 3374 2700 3424 ἐν
2732 3369 2811 3434 οἷς
2846 3372 2982 3442 πρός
3025 3388 3174 3434 τινας
3206 3370 3536 3439 διαφέρεται,
3571 3368 3676 3420 καὶ

2099 3460 2176 3530 μὴ
2212 3461 2658 3531 συναρπασθῆναι
2687 3465 2753 3531 τῇ
2787 3462 3080 3532 τυραννίδι.

2862 3555 2916 3606 in
2967 3554 3166 3623 quibus
3221 3567 3341 3605 cum
3391 3548 3676 3604 nonnullis

424 3644 723 3708 contendit,
758 3644 1008 3699 fiduciam
1040 3642 1301 3705 obtineat,
1335 3657 1437 3696 nec
1481 3641 1668 3709 iniqua
1697 3649 1751 3694 et
1788 3643 2078 3709 tyrannica
2109 3645 2351 3712 potentia
2385 3645 2569 3711 abripi
2607 3645 2826 3699 sinatur

935 3797 1064 3854 CLI.
1105 3793 1468 3850 NECTARIO.

2522 3799 2694 3852 PNA'.
2738 3800 3086 3868 ΝΕΚΤΑΙἾῼ
3125 3798 3257 3866 (58).

635 3931 947 3986 Nectarium
978 3937 1127 3999 rogat
1161 3938 1216 3981 ut
1254 3925 1533 3997 Georgium
1561 3927 1722 3982 variis
1755 3928 2152 3985 calamitatibus
2187 3932 2436 4001 amictum
2463 3933 2869 3988 domesticorum
2912 3933 3090 3986 comiti
3115 3930 3451 3984 commendet.

496 4087 761 4141 Prmclare
784 4085 938 4139 multi
960 4084 1026 4138 de
1048 4092 1230 4138 mente
1248 4090 1340 4137 tua
1366 4083 1739 4152 conjecturam
1767 4084 1993 4150 faciunt;

428 4177 538 4229 imo
562 4175 740 4244 potius
770 4191 878 4230 non
908 4174 1280 4241 conjecturam
1313 4172 1542 4236 ducunt,
1577 4175 1668 4227 scd
1701 4175 1860 4228 nobis
1881 4177 1997 4244 glo-

2174 4092 2366 4156 Καλῶς
2415 4095 2462 4146 oi
2508 4093 2690 4145 πολλοὶ
2729 4091 3077 4161 στοχάζονται
3121 4091 3230 4161 (59)
3279 4092 3375 4159 τῆς
3421 4088 3518 4158 σῆς
3553 4087 3669 4140 διας

2101 4181 2276 4244 νοίαςο
2315 4181 2512 4250 μᾶλλον
2544 4182 2597 4234 δὲ
2635 4182 2733 4234 οὐκ
2775 4179 3100 4243 εἰκάζουσιν,
3139 4178 3253 4231 ἀλλ’
3295 4179 3423 4246 ἡμῖν
3467 4175 3671 4244 φιλοτι-

501 4394 611 4462 (69)
647 4396 841 4447 Τύπον
867 4393 1230 4460 ληψόμενος.
1276 4393 1397 4446 Bill.
1447 4397 1522 4448 Ac
1570 4397 1870 4450 dehominis
1901 4398 1992 4450 ob-

2167 4393 2274 4463 (54)
2316 4392 2443 4447 Πᾶν
2465 4393 2682 4462 μέτρον
2733 4394 2998 4462 ἄριστον.
3039 4392 3285 4449 Combef.
3330 4411 3340 4444 :
3398 4389 3665 4458 Quidquid

430 4465 542 4518 triti
575 4464 678 4516 vita
710 4464 936 4528 formant
974 4473 1126 4533 atque
1160 4464 1450 4530 exemplum
1476 4467 1720 4533 accipiat.
1752 4467 1995 4521 Obscura

430 4549 656 4604 prorsus
692 4532 882 4604 versio
909 4549 921 4584 :
948 4531 1166 4604 __clarior
1183 4543 1350 4604 ferre
1395 4535 1440 4588 si
1475 4550 1568 4604 per
1589 4531 1794 4604 ‘vocem
1829 4535 1997 4596 τύπος

430 4600 822 4670 intelligeretur
865 4600 1362 4670 judiciuma'l‘tiuo;
1404 4600 1548 4656 enim
1593 4603 1855 4667 judicium
1880 4612 1998 4658 erat

429 4687 540 4741 quo
581 4669 648 4726 iis
690 4671 1134 4741 interdicebatur_
1162 4669 1299 4733 foro,
1356 4673 1446 4740 qui
1472 4673 1836 4727 creditoribus
1889 4689 1996 4726 non

429 4739 576 4812 paria
601 4741 859 4801 facerent,
894 4739 1331 4812 et_quadrarent_
1371 4739 1632 4796 rationes.
1665 4741 1798 4795 Vide
1851 4743 1989 4796 Con-

427 4807 653 4866 stantini
677 4812 884 4866 lexicou
917 4809 982 4863 ad
1018 4807 1236 4863 rerbum
1272 4807 1457 4872 τύπος.

500 4882 611 4948 (50)
643 4883 790 4935 Alias
816 4878 1048 4934 CXXVI.
1079 4879 1289 4948 Scripta
1312 4881 1458 4932 circa
1492 4879 1629 4933 idem
1658 4890 1890 4948 tempus.

462 4949 612 5030 ,(51)
649 4951 827 5005 Τοῦτο
855 4951 1188 5020 συμϐαίνει.
1228 4949 1364 5004 Cod.
1419 4949 1572 5004 Pass.
1614 4950 1772 5001 τοῦτο
1815 4949 1996 5018 συμΘῆ

426 5037 542 5073 νυν.

503 5090 612 5156 (59.)
653 5089 746 5142 Τοί
777 5107 841 5158 γε
896 5088 1208 5153 πολλάκις.
1262 5085 1338 5142 lla
1392 5087 1515 5142 cod.
1555 5097 1608 5142 et
1655 5087 1899 5145 Combef.
1941 5087 1999 5141 In

429 5158 560 5213 edit.
588 5157 667 5209 τοί
692 5175 754 5224 γε
785 5157 972 5214 πολλά.

503 5227 612 5294 (55)
647 5227 1086 5296 Α’Λφθονώτερος
1112 5225 1168 5281 εἷ
1192 5227 1308 5296 τὴν
1355 5228 1583 5296 φιλίαν,
1614 5227 1652 5296 ἢ
1691 5245 1779 5291 τις
1803 5226 1878 5280 ἂν
1900 5229 2000 5282 εὔ-

431 5293 609 5367 ξοῃζο.
646 5293 720 5367 Ita
764 5298 922 5367 codd.
965 5297 1095 5366 Reg.
1153 5297 1216 5350 Β.
1248 5293 1301 5351 et
1333 5293 1484 5352 Pass.
1527 5312 1590 5351 ac
1628 5293 1873 5352 Coxnbef.
1905 5298 1997 5367 qui

432 5363 606 5436 reddit
632 5365 814 5428 :Qnod
846 5368 890 5419 si
923 5378 976 5418 tu
991 5363 1234 5421 amicitia:
1250 5367 1446 5436 legibus
1466 5368 1735 5422 liberalior
1763 5383 1815 5420 es
1842 5363 1998 5436 quam

431 5431 573 5507 ullus
619 5437 885 5507 enaverit.
915 5437 1147 5507 illotttac.
1198 5445 1251 5507 et
1295 5431 1481 5507 hlorel.
1538 5431 1912 5507 ἀφθονώτερος
1949 5433 2002 5507 εἷ

386 5510 394 5541 ‘-
432 5500 781 5588 στῂχμιριλίανι
799 5505 906 5588 uti
930 5505 1029 5588 ἄν.-
1069 5506 1124 5558 In
1338 5500 1766 5588 ἀερθονιῦτεροςῆ
1799 5500 1882 5588 τίς
1905 5506 2022 5588 ,ἂνο

1369 5575 1522 5636 Quod
1583 5575 1630 5630 si
1693 5575 1762 5628 tu,
1793 5575 1997 5644 quidem

434 5567 672 5634 εὔξαιτο.
744 5569 913 5626 Vertit
945 5583 1121 5625 autem
1169 5573 1288 5626 Bill.

439 5643 666 5692 vinnium
702 5651 818 5696 rota
865 5641 1183 5696 liberalitate
1219 5653 1309 5694 tua
1337 5657 1549 5707 superas

2098 4464 2458 4516 mediocritate
2488 4465 2736 4516 ovtimum
2774 4474 2870 4516 est.

2169 4533 2279 4602 (53)
2312 4526 2644 4602 Εὐεργέτην
2676 4549 2755 4585 τε.
2799 4532 2872 4585 Ita
2902 4532 3023 4585 cod.
3062 4531 3191 4602 Reg.
3217 4541 3284 4602 Act
3328 4527 3568 4602 Quilibet
3604 4526 3669 4582 ιιι

2097 4597 2225 4656 edit.
2260 4597 2319 4653 τὲ
2355 4597 2527 4656 deest.
2565 4597 2707 4666 Mox,
2749 4603 2869 4654 ἐπεὶ
2907 4604 3000 4654 καὶ
3053 4597 3166 4655 νῦνῖ
3215 4599 3288 4652 Ita
3328 4597 3459 4666 Reg.
3506 4597 3668 4650 Pass.

2102 4670 2331 4724 Montac.
2361 4671 2479 4726 Bill.
2506 4686 2568 4723 ac
2587 4670 2834 4724 Combef.
2873 4673 2926 4724 In
2949 4672 3078 4725 edit.
3102 4671 3192 4721 ἐπὶ
3218 4669 3307 4720 καὶ
3336 4667 3448 4718 νῦν.

2168 4739 2278 4809 (56)
2323 4737 2446 4792 Τῶν
2469 4739 2804 4807 ἑξαιρέτων.
2839 4741 2971 4795 Cod.
3031 4739 3181 4792 l’ass.
3230 4739 3318 4809 τρν
3369 4735 3663 4809 ἐξαίρετον.

2335 4809 2532 4872 Ἄξιῶν
2581 4803 2840 4876 θάρσους
2886 4809 3072 4861 αὐτὸν
3115 4807 3335 4873 τυχεῖν.
3388 4803 3506 4858 Bill.
3569 4803 3637 4856 Di
3653 4833 3667 4843 -

2098 4895 2354 4948 gnumque
2383 4880 2470 4942 qui
2519 4880 2570 4930 in
2611 4881 2679 4948 iis
2700 4881 2858 4948 rebus
2881 4877 3130 4948 ﬁduciam
3163 4877 3410 4948 obtineat.

2171 4946 2282 5016 (ὃὸ)
2324 4950 2472 5001 Alias
2506 4946 2782 5002 CCXXVI.
2817 4948 3027 5014 Scripta
3055 4947 3201 5016 circa
3234 4946 3398 5016 ἱιιεξιιι⁵
3430 4953 3664 5016 tempus.

2323 5017 2530 5081 Καλῶς
2561 5021 2614 5070 ot
2667 5017 2887 5086 πολλοί
2919 5011 3324 5086 στοχάζονται.
3348 5011 3668 5086 fauentia-

2101 5101 2199 5140 cus
2229 5083 2482 5140 senarius
2509 5095 2614 5150 est,
2636 5086 2811 5154 inquit
2845 5084 3052 5148 Morel.,
3087 5084 3172 5137 cui
3216 5083 3407 5136 alludit
3440 5100 3451 5134 :

2204 5189 2428 5256 Μάντις
2452 5191 2500 5260 γ’
2529 5189 2772 5258 ἄριστος
2814 5190 2980 5254 ὅστις
3016 5189 3226 5249 εἰκάζει
3253 5188 3471 5252 καλῶς.

2103 5295 2206 5359 Qui
2236 5294 2360 5347 bene
2391 5293 2654 5360 conjiciet,
2699 5302 2867 5346 vatem
2908 5294 3045 5345 hunc
3075 5291 3338 5360 perhibeto
3377 5291 3629 5357 optimum
3649 5331 3665 5354 ,

2102 5364 2243 5433 apud
2276 5364 2344 5416 M.
2376 5361 2614 5416 Tullium
2670 5362 2720 5414 in
2742 5377 2920 5433 opere
2948 5361 3024 5414 De
3055 5361 3404 5433 divinatione,
3429 5360 3665 5433 _lib._lt_;

2102 5428 2245 5485 unde
2269 5448 2392 5485 mox
2433 5433 2633 5485 habent
2655 5428 2810 5483 codd:
2846 5433 3014 5483 nostri
3053 5431 3286 5482 Mo’ntac.
3331 5443 3392 5481 ac
3419 5428 3664 5484 Combef.

2101 5503 2199 5554 οὐκ
2229 5501 2556 5563 εἰκάζουσιν.
2589 5502 2641 5552 In
2683 5501 2814 5555 edit.
2846 5510 3023 5553 autem
3053 5501 3113 5551 οὑ
3146 5497 3508 5567 στοχάζονται.
3538 5496 3670 5552 Vide

2101 5571 2310 5625 Erasm.
2364 5573 2415 5624 iu
2477 5570 2723 5639 Adagio:
2770 5569 2918 5621 Vates
2972 5570 3192 5636 optimus
3241 5570 3330 5635 qui
3365 5570 3486 5622 bene
3538 5582 3670 5620 ron-

2094 5641 2212 5710 jicit
