4012 6220
533 250 603 305 29
615 251 631 302 ι

536 450 726 519 ipsete
759 451 1058 518 Spectando
1089 453 1473 515 animadverti,
1507 454 1742 522 primum
1770 456 1894 510 vita:
1918 464 1972 510 et
1998 471 2112 509 mo-

534 556 653 593 rum
693 541 1066 608 tranquillitas
1100 549 1264 610 atque
1299 542 1648 610 simplicitas,
1691 543 2016 611 animusque
2047 544 2110 596 ad

533 639 634 684 has
668 631 789 684 vita:
837 632 1055 686 fraudes
1103 640 1158 687 et
1209 633 1543 702 imposturas
1590 649 1783 702 parum
1830 633 2113 704 app0situs

535 729 588 776 et
641 723 888 777 idoneus.
930 721 1068 776 Tum
1113 715 1558 794 quia'praestanti
1589 739 1648 778 es
1693 724 1861 777 animi
1909 725 2108 787 indole,

533 821 824 882 menteque
850 814 956 866 alta
986 821 1039 866 et
1069 820 1274 874 erecta,
1309 824 1473 880 atque
1508 815 1572 866 ad
1598 815 2109 883 contemplationem

533 905 635 956 levi
678 914 729 958 et
760 905 1032 974 expedita.
1072 904 1188 958 Huc
1215 905 1425 959 accedit
1461 906 1703 960 adversze
1737 921 1870 960 cura
1901 907 2110 960 valetu-

533 997 698 1059 dinis,
735 1007 787 1050 et
819 999 1071 1066 corporis
1110 997 1439 1052 inﬁrmitas:
1479 1013 1603 1052 nam
1631 999 1735 1052 hoc
1760 1013 1976 1067 quoque
2000 1012 2107 1051 non

532 1089 647 1142 leve
682 1087 746 1141 ad
781 1088 1180 1157 philosonliiam
1211 1087 1427 1157 pondus
1452 1087 1653 1142 habere
1681 1086 1896 1140 Platoni
1930 1088 2107 1142 visum

530 1187 632 1233 est.
665 1177 808 1244 Quin
852 1181 1016 1234 etiam
1061 1194 1121 1234 es
1163 1187 1346 1241 aetate,
1380 1188 1437 1232 ut
1469 1177 1580 1246 jam
1625 1178 1790 1232 animi
1826 1179 2110 1247 perturba-

531 1270 709 1324 tiones
740 1269 1108 1323 inllectantur.
1143 1271 1252 1324 Nec
1285 1284 1413 1324 vero
1441 1277 1761 1338 paupertate
1793 1276 1901 1321 tam
1931 1266 2105 1337 frangi

463 1400 466 1404 .
531 1360 661 1412 mihi
696 1360 920 1422 videris,
956 1376 1118 1430 quam
1151 1360 1394 1430 gloriari.
1435 1359 1554 1412 Jam
1595 1359 1744 1428 quod
1782 1358 2107 1412 erubescere

531 1450 660 1512 scis,
702 1452 755 1503 in
786 1467 850 1505 eo
896 1467 1004 1504 non
1052 1451 1336 1505 rhetorum
1374 1464 1580 1503 morem
1619 1448 1811 1503 refers.
1863 1447 1969 1501 Sed
2012 1461 2106 1500 ne-

527 1557 632 1609 que
665 1543 896 1596 scelesta
925 1541 1021 1595 tibi
1060 1542 1245 1612 lingua
1271 1548 1382 1604 est,
1417 1555 1520 1594 nee
1560 1539 1740 1593 malus
1769 1537 1993 1592 effectus
2022 1553 2102 1603 es,

529 1649 629 1687 nec
660 1635 1133 1689 circumforancus
1171 1650 1252 1697 es,
1289 1649 1395 1689 nec.
1422 1634 1677 1702 denique,
1713 1641 1771 1685 ut
1812 1648 1923 1686 rem
1970 1648 2104 1701 pau-

527 1725 610 1778 cis
662 1725 1017 1792 complectar,
1075 1724 1371 1792 quidquam
1427 1737 1614 1776 eormn
1672 1721 1860 1786 habes,
1906 1721 2106 1788 quibus
2138 1716 2179 1770 Β

528 1815 798 1869 forensem
824 1814 1098 1868 hominem
1126 1813 1470 1868 Democritus
1491 1812 1642 1882 ﬁngit
1663 1821 1827 1881 atque
1857 1813 2099 1876 instruit,

527 1907 609 1958 vir
644 1906 857 1959 scilicet
895 1905 1177 1973 p0pularis
1221 1903 1637 1973 gubernationis
1672 1904 1862 1971 peritia
1892 1903 2104 1957 Aristo—

526 1996 702 2063 phane
737 1994 932 2062 potior.
973 1991 1169 2046 Verum
1206 2008 1332 2047 eum
1369 1992 1558 2046 rhetor
1609 1992 1842 2056 voceris,
1886 1992 2102 2062 quidvis

525 2095 704 2139 tamen
757 2085 959 2154 potius,
1007 2098 1173 2152 quam
1220 2083 1402 2153 quoad
1450 2098 1632 2138 mores
1682 2084 1898 2147 attinet,
1960 2083 2103 2138 inter

525 2181 768 2234 rhetores
805 2177 1072 2233 censeris.
1127 2175 1401 2242 Quocirca
1446 2176 1560 2230 noli
1620 2175 1672 2230 id
1717 2176 2092 2245 philosomiim,

523 2270 667 2337 quod
696 2269 807 2338 jam
844 2266 1125 2336 accepisti,
1153 2267 1444 2336 projicere,
1483 2281 1583 2320 nec
1617 2267 1890 2320 secundas
1911 2267 2094 2335 potius

1813 251 1870 309 ὃ.
1913 251 2245 309 GRECORII
2285 251 2632 308 TIIEOLOGI

585 359 735 424 'Quze
768 369 946 413 autem
980 367 1062 414 est
1087 338 1202 416 haec
1231 369 1441 416 natura
1473 362 1762 431 aptitudo?
1798 365 1868 420 Ut
1893 367 2109 436 quidem
2142 371 2186 426 Α

3687 273 3794 328 293

2300 366 2459 419 Ἀλλὰ
2489 369 2568 429 τίς
2598 357 3003 440 ὲπίτηδειότης;
3037 371 3112 435 ὼς
3143 374 3271 441 γοῦν
3301 377 3423 446 ἐμοὶ
3451 379 3793 452 θεωρήσαντι

2215 457 2516 528 κατεφάνη,
2565 459 2779 528 πρῶτον
2815 460 2914 529 μὲν
2964 463 2993 513 6
3039 463 3240 530 τρόπος
3274 467 3367 518 καὶ
3412 469 3474 522 τὸ
3527 471 3639 542 (72)
3693 475 3789 528 τοῦ

2215 547 2378 614 ἤθους
2411 547 2645 618 γαληνόν
2695 567 2754 601 τε
2803 551 2895 603 καὶ
2940 553 3180 623 ἄτεχνον,
3215 556 3308 608 καὶ
3351 558 3484 628 πρὸς
3541 563 3640 626 τὰς
3691 565 3793 620 τοῦ

2215 639 2331 709 βίου
2385 643 2622 714 στροφὰς
2657 645 2859 708 ταύτας
2894 647 3286 719 ἀνεπιτήδειον.
3325 652 3554 706 Ἔπειτα
3587 657 3647 708 τὸ
3690 659 3794 730 τῆς

2211 730 2388 801 ψυχῆς
2421 734 2619 802 εὐφυὲς
2653 735 2745 786 καὶ
2780 735 3017 803 ὑψίνουν,
3064 740 3158 791 καὶ
3197 739 3334 810 πρὸς
3365 741 3595 814 θεωρίαν
3632 747 3793 800 εὐκί-

2213 839 2390 891 νητον.
2426 824 2617 894 Τρίτον
2651 825 2682 894 ὴ
2717 828 3010 897 νοσοκομία
3033 829 3168 897 (73),
3199 833 3292 884 καὶ
3323 831 3385 884 τδ
3415 834 3507 886 τοῦ
3537 835 3792 907 σώματος

2211 912 2433 977 ἀσθενές
2454 930 2468 944 ⁸
2503 913 2687 984 ἐπειδὴ
2721 916 2814 968 καὶ
2847 917 3004 969 τοῦτο
3033 919 3091 970 ού
3128 921 3324 991 μικρὸν
3351 924 3431 987 εἰς
3465 924 3790 996 φιλοσοφίαν

2212 1000 2346 1082 εἶναι
2391 1004 2539 1057 δοκεῖ
2567 1004 2642 1075 τῷ
2675 1006 2922 1060 Πλάτωνι
2965 1007 3097 1076 (74).
3132 1011 3240 1062 Καὶ
3272 1012 3379 1082 μὴν
3430 1015 3524 1068 καὶ
3572 1016 3790 1086 ἡλικίας

2211 1093 2382 1156 οὓτως
2415 1093 2579 1164 ἔχεις,
2627 1095 2701 1159 ὼς
2742 1095 2840 1166 ἥδη
2871 1097 2938 1149 τά
2989 1099 3132 1170 πάθη
3187 1100 3463 1156 κλίνεσθαι
3498 1105 3629 1174 (75).
3675 1109 3790 1162 Καὶ

2209 1188 2275 1254 τῇ
2292 1183 2451 1254 πενίᾳ
2467 1186 2886 1255 οὑκάμπτεσθαί
2922 1206 3012 1258 μοι
3045 1192 3220 1254 δοκεῖς
3272 1194 3470 1262 μᾶλλον
3502 1196 3534 1266 ἢ
3571 1198 3779 1252 καλλω⁹

2209 1273 2480 1338 πίζεσθαι.
2519 1275 2592 1328 Τό
2632 1293 2689 1329 τε
2724 1278 3073 1348 αἰσχύνεσθαι
3108 1281 3326 1346 ειδέναι,
3357 1286 3416 1338 ού
3451 1289 3592 1341 κατὰ
3623 1291 3790 1361 ῥήτο-

2210 1383 2330 1435 ράς.
2376 1367 2511 1418 Ἀλλ’
2544 1367 2661 1420 οὐδὲ
2695 1370 2844 1440 φωνὴ
2885 1372 3057 1441 μιαρά
3096 1390 3198 1437 σοι,
3247 1376 3367 1429 οὐδὲ
3410 1379 3636 1448 γέγονας
3681 1401 3788 1436 κα-

2209 1453 2301 1516 κὸς
2337 1454 2470 1524 (76),
2521 1455 2640 1507 οὐδὲ
2696 1459 2953 1527 ἀγοραῖος
2999 1456 3067 1522 εἴ,
3099 1462 3219 1514 οὐδέ
3263 1481 3316 1517 τι
3369 1467 3480 1520 τῶν
3527 1470 3788 1524 τοιούτων

2207 1543 2368 1612 ἔχεις,
2422 1545 2486 1596 ἵν’
2517 1543 2654 1598 εἴπω
2691 1550 2992 1617 συντόμως,
3023 1545 3105 1614 οἷς
3149 1553 3370 1608 πλάττει
3403 1558 3494 1610 τὸν
3525 1563 3790 1632 ἀγοραῖον

2209 1634 2543 1706 Δημόκριτος
2577 1637 2605 1687 6
2640 1639 2902 1706 κρείττων
2951 1643 3030 1704 εἰς
3060 1643 3416 1714 δημαγωγίαν
3461 1650 3790 1721 Ἀριστοφά-

2209 1741 2335 1786 νους
2365 1725 2499 1793 (77).
2545 1725 2703 1812 Ἀλλά
2739 1729 2923 1800 ῥήτωρ
2957 1733 3310 1804 καλούμενος,
3360 1739 3534 1792 πάντα
3584 1745 3790 1812 πρότε-

2210 1831 2302 1884 ρον
2330 1815 2362 1885 ἣ
2400 1815 2539 1868 κατὰ
2562 1816 2622 1868 τὸ
2657 1811 2786 1886 ἦθος
2808 1819 2978 1882 τελεῖς
3009 1823 3087 1884 εἰς
3119 1825 3355 1896 ῥήτορας
3385 1829 3517 1898 (78).
3552 1811 3642 1902 Μὴ
3673 1835 3790 1886 τοί-

2207 1923 2302 1959 νυν
2334 1905 2566 1976 θελήσῃς
2603 1908 2866 1978 προέσθαι
2891 1913 2990 1982 τῆς
3021 1913 3336 1983 φιλοσοφίας
3372 1921 3494 1973 ὅσον
3524 1926 3789 1996 προείλη-

2209 2012 2334 2066 φας,
2367 1997 2500 2066 μηδὲ
2653 1999 2882 2083 δεύτερα
2919 2001 3047 2073 ἔχῃς
3081 2006 3193 2075 (79)
3245 2010 3302 2061 ὲν
3346 2014 3458 2076 τοῖς
3503 2015 3786 2087 δευτέροις

2212 2087 2469 2157 μᾶλλονῆ
2504 2086 2569 2140 τὰ
2609 2088 2800 2159 πρῶτα
2832 2092 2889 2143 ἐν
2915 2096 3027 2157 τοῖς
3063 2099 3355 2166 μεγίστοις.
3395 2103 3455 2155 Ei
3488 2104 3543 2155 δὲ
3579 2086 3674 2160 καί
3710 2108 3786 2161 τὰ

2207 2177 2397 2248 πρῶτα
2423 2177 2530 2230 τῶν
2565 2178 2798 2232 ἐνταῦθα
2842 2181 3086 2254 δοίημεν,
3127 2189 3199 2258 μὴ
3230 2191 3440 2263 ἀνάσχῃ
3471 2195 3783 2265 ἀριστεύειν

2201 2267 2259 2319 ἐν
2291 2267 2518 2331 κολοιοῖς
2554 2267 2688 2338 (80),
2723 2269 2880 2333 ἀετὸς
2909 2267 3044 2327 εἶναι
3078 2275 3390 2350 δυνάμενος.

525 2361 578 2413 in
626 2361 883 2414 secundis
927 2359 1110 2425 rebus,
1169 2374 1330 2427 quam
1372 2361 1578 2427 primas
1625 2360 1680 2413 in
1740 2359 1993 2413 maximis
2039 2359 2265 2414 habeas.
2324 2361 2501 2429 Atque
2571 2370 2631 2414 ut
2674 2364 2836 2418 etiam
2887 2367 3094 2435 primas
3150 2371 3472 2442 eloquentia:
3536 2375 3631 2430 tibi
3685 2375 3784 2432 de-

525 2465 668 2514 mus,
722 2465 787 2502 ne
832 2449 1106 2503 sustineas
1154 2449 1297 2502 inter
1346 2449 1602 2518 graculos
1651 2449 1940 2515 excellere,
1977 2464 2101 2503 cum
2139 2451 2320 2519 aquila
2351 2466 2474 2505 esse
2503 2453 2703 2520 possis.

598 2570 754 2641 147
793 2570 1088 2638 Quousque
1115 2569 1187 2623 ob
1216 2585 1304 2624 res
1345 2587 1541 2640 parvas
1570 2573 1833 2643 humique
1876 2583 2096 2644 reptan-

522 2669 605 2715 tes
635 2660 908 2723 intlamur,
947 2668 1111 2729 atque
1151 2661 1295 2714 inter
1326 2661 1762 2718 adolescentulos
1798 2674 1845 2719 et
1885 2664 2096 2718 fabulas

525 2752 786 2814 ludimus,
832 2758 886 2805 et
924 2767 955 2804 a
984 2751 1269 2820 plausibus
1318 2752 1372 2805 in
1412 2753 1582 2806 altum
1618 2755 1958 2808 attollimur?
2001 2755 2098 2807 liii-

523 2857 743 2913 gremus
779 2841 929 2904 hinc,
959 2842 1061 2895 viri
1107 2841 1426 2906 eﬂiciamur,
1476 2844 1690 2896 somnia
1723 2844 2094 2912 projiciamus,

525 2931 748 2987 umbras
805 2939 1226 3001 prsetereamus,
1293 2933 1414 2986 aliis
1473 2932 1598 2987 vitze
1665 2934 2096 3000 oblectamenta,

2273 2579 2451 2650 Μέχρι
2499 2579 2643 2643 τίνος
2697 2579 2995 2651 φυσώμεθα
3044 2583 3156 2644 τοῖς
3189 2583 3403 2652 μικροῖς
3447 2585 3540 2636 καὶ
3597 2585 3781 2654 χαμαὶ

2204 2668 2536 2739 ἐρχομένοις,
2571 2670 2665 2723 κα)⁵
2709 2671 2968 2742 παίζομεν
3005 2675 3065 2725 ὲν
3098 2673 3472 2743 μειρακίσκοις
3506 2679 3599 2728 καὶ
3642 2675 3782 2730 πλά-

2206 2775 2394 2828 σμασι,
2425 2761 2518 2811 καὶ
2564 2760 2667 2813 ὑπὸ
2697 2761 2804 2813 τῶν
2839 2763 3048 2831 κρότων
3099 2764 3400 2835 αἰρόμεθα;
3430 2765 3781 2836 Μεταϐὦμεν

2206 2847 2476 2912 ἐντεῦθεν,
2526 2849 2718 2920 ἄνδρες
2765 2851 3069 2921 γενώμεθα,
3107 2853 3350 2924 ῥίψωμεν
3395 2855 3463 2908 τά
3499 2857 3778 2927 ὀνείρατα,

2205 2938 2652 3008 παραδράμωμεν
2697 2940 2794 3001 τὰς
2828 2942 3004 3006 σκιὰς,
3039 2943 3220 3006 ἄλλοις
3250 2945 3511 3015 παρῶμεν
3537 2947 3604 2999 τὰ
3651 2965 3782 3020 τερ-

524 3024 753 3093 plusque
795 3023 1002 3078 doloris
1046 3039 1209 3093 quam
1255 3023 1552 3092 voluptatis
1613 3024 1892 3090 habentia,
1933 3027 2099 3080 t'elin-

2343 3006 2436 3080 τοῦ
2468 3006 2612 3098 Ἵβίο-υ,
2645 3029 2737 3082 καὶ
2765 3030 2925 3083 πλέον
2962 3032 3212 3102 ὀδυνηρά.
3260 3006 3482 3099 ’Ἄλλους
3514 3006 3781 3108 πραγμα-

521 3129 774 3184 quamus.
817 3115 968 3168 Alios
1014 3122 1311 3184 occupatos
1361 3123 1602 3179 teneant,
1658 3116 1887 3184 jactent,
1923 3116 2102 3170 ludifi-

522 3211 715 3258 centur
748 3203 971 3266 invidia,
1005 3212 1058 3258 et
1093 3211 1330 3273 tempus,
1368 3212 1421 3259 et
1457 3205 1701 3261 fortuna.
1747 3206 1902 3272 Quod
1950 3207 2100 3261 scili-

523 3303 606 3350 cet
667 3309 847 3348 rerum
901 3295 1260 3348 humanarum
1314 3297 1745 3351 inconstantiam
1799 3297 2096 3366 appellant,

521 3388 737 3442 valeant
768 3388 969 3452 throni,
1020 3388 1385 3456 principatus,
1421 3404 1576 3457 opes,
1614 3389 1956 3458 splendores,
1987 3391 2100 3443 ela-

523 3480 722 3541 tiones,
776 3494 958 3543 casus,
1013 3478 1138 3531 vilis
1187 3479 1302 3533 lane
1352 3490 1403 3534 et
1455 3480 1812 3549 despicabilis
1852 3482 2097 3551 gloriola,

594 3653 705 3727 (72)
756 3655 808 3705 Ὁ
839 3656 1056 3727 τρόπος
1086 3656 1180 3708 καὶ
1219 3657 1308 3708 τό.¹
1341 3657 1414 3727 tta
1449 3656 1573 3709 cod.
1609 3653 1720 3727 Reg
1767 3665 1820 3712 et
1850 3657 2092 3714 Combef.

521 3721 580 3776 In
606 3721 740 3777 edit.
778 3727 805 3776 6
831 3725 1028 3793 eodm;
1049 3727 1164 3778 ἐστὶ
1198 3727 1291 3778 καὶ
1316 3726 1394 3778 τό.

592 3793 704 3862 (75)
753 3794 816 3847 Ἡ
860 3797 1209 3863 νοσοκομία.
1245 3795 1368 3848 Bill.
1406 3813 1418 3848 :
1456 3794 1690 3848 Adversa
1723 3797 1988 3849 valetudo.

591 3863 702 3942 (74)
743 3863 927 3942 Aonii
950 3864 1028 3942 τῷ
1058 3865 1345 3942 Ηλάξωνι.
1375 3864 1460 3942 ita
1479 3864 1727 3942 _Montac.
1766 3875 1820 3918 et
1849 3865 2095 3942 Combef.

522 3932 578 3986 In
600 3927 738 4004 edit.
775 3934 834 3986 τὸ
865 3927 1132 3998 Πλάτωνι,
1169 3933 1386 3987 Platoni
1413 3927 1578 3988 vis'um
1602 3945 1715 3999 est;
1748 3949 1810 3988 ac
1845 3935 2094 4004 proinde,

522 4003 599 4056 ait
638 4003 786 4068 Bill.,
827 4005 1172 4059 Academiam
1206 4005 1541 4058 insalubrem
1560 4006 1752 4060 Atticae
1779 4003 1957 4059 locum
1987 4007 2098 4060 ele-

520 4073 668 4139 gisse
709 4075 941 4135 dicitur,
996 4082 1055 4127 ut
1106 4075 1269 4128 nimis
1321 4077 1497 4128 bonus
1545 4077 1796 4144 corporis
1849 4075 2094 4144 habitus,

523 4153 779 4210 tanquam
834 4145 1002 4195 l'lill'lia
1059 4145 1185 4197 vitis
1229 4145 1472 4198 luxuries
1523 4143 1919 4210 amputaretur.
1962 4143 2096 4199 Vide

523 4209 768 4263 Ficimun
813 4212 868 4264 in
903 4211 1024 4279 ejus
1068 4213 1204 4265 Vita.

594 4280 719 4349 (75)
771 4279 844 4331 Τὰ
895 4280 1052 4346 πάθη
1106 4282 1441 4336 κλίνεσθαι.
1500 4281 1744 4338 Combef.
1796 4301 1807 4334 :
1859 4281 1925 4334 Ut
1976 4282 2092 4349 jam

522 4347 940 4415 perturbationes
989 4359 1142 4416 atque
1195 4351 1322 4402 vitia

523 4418 663 4488 Mox,
699 4433 794 4485 pro
826 4417 1149 4480 κάπτεσθαι,
1185 4417 1436 4483 morderi,
1479 4423 1654 4476 reddit
1691 4420 1805 4472 Bill.
1843 4421 2091 4488 κάμπτε-

523 4487 668 4605 σθαι,
703 4487 918 4608 ['rgnlgi;
955 4488 1143 4555 sicque
1180 4489 1471 4557 legendum
1516 4497 1828 4561 proponunt
1857 4487 2091 4543 Mentac.

523 4566 576 4608 ct
640 4572 740 4608 .Olll
785 4574 812 4608 «ξ
843 4595 854 4607 .

520 4566 576 4610 ct
610 4557 854 4609 tiontbcl‘.

594 4627 704 4697 (76)
741 4625 904 4697 οὐδὲ
952 4625 1201 4697 γέγοιγις
1245 4629 1450 4692 κακός.
1503 4627 1576 4681 Ita
1636 4628 1760 4682 cod.
1813 4627 1976 4693 2022,
2030 4644 2093 4682 ac

521 4695 767 4751 Combef.
795 4698 941 4749 Alias
957 4695 1160 4760 κακῶς,
1181 4713 1270 4748 nec
1294 4697 1447 4750 malw
1473 4699 1664 4751 indolis
1692 4699 1847 4751 homo
1864 4714 1953 4762 es;
1986 4699 2088 4761 vel,

523 4767 656 4820 male
704 4777 862 4821 natus
897 4784 969 4818 es.
1002 4765 1122 4836 Bill.
1160 4783 1173 4817 :
1213 4764 1323 4820 Nec
1359 4769 1498 4821 male
1535 4770 1708 4836 [actus
1753 4785 1824 4820 es.
1862 4767 1917 4821 In
1959 4771 2087 4823 edit.

518 4837 640 4890 οὐδὲ
671 4836 899 4903 γέγονας
933 4833 1136 4907 κακῶς,
1182 4846 1236 4888 at
1270 4838 1408 4890 forte
1445 4833 1728 4906 legendum
1763 4838 1883 4890 οὐδὲ
1916 4839 2093 4907 γέγω-

520 4925 615 4968 va;
644 4906 848 4970 κακῶς,
883 4922 1041 4976 neque
1077 4905 1278 4959 clamas
1316 4905 1665 4974 impudenter,
1699 4922 1850 4961 more
1879 4905 2092 4963 scilicet

520 4979 881 5044 quorumdam
920 4976 1388 5044 philompborum.

589 5045 700 5114 (77)
761 5047 1115 5116 Δημόκριτος
1168 5049 1198 5098 ό
1248 5047 1529 5113 κρείττων
1575 5050 1656 5111 εἷς
1713 5045 2092 5116 δημαγωγίαν

532 5115 1008 5183 Ἀριστοφάνους.
1049 5118 1126 5167 ita
1187 5119 1308 5169 cod.
1350 5116 1412 5168 li.
1459 5133 1523 5169 ac
1565 5117 1809 5169 Combef.
1843 5117 1980 5183 Huic
2015 5117 2090 5170 ie-

518 5185 686 5257 ftioni
719 5182 860 5257 favet
875 5186 1026 5257 quod
1047 5187 1112 5257 de
1134 5184 1444 5257 Democrito
1478 5187 1666 5240 scribit
1700 5182 2088 5257 Suidaszjﬁpﬁs

517 5253 572 5304 δὲ
621 5255 676 5326 ἐν
699 5323 706 5326 Α
733 5251 1046 5326 Ἀΰδῄροις,
1073 5254 1159 5306 διὰ
1202 5255 1298 5326 τὴν
1351 5257 1540 5308 ἑαυτοῦ
1569 5256 1780 5324 ,σοφίαν
1812 5251 2085 5326 τιμηθείς,

517 5322 820 5396 υνηιίιιίιᾲοι
852 5322 1237 5396 Abderitarum
1257 5322 1569 5394 'rcipublicar
1594 5341 1610 5378 :
1643 5322 1732 5396 qni
1763 5322 2086 5394 [tener-pro-

517 5402 636 5465 pter
660 5393 821 5465 ipsius
855 5395 1173 5460 sapientiam
1219 5393 1432 5449 habitus
1482 5397 1606 5465 fuit.
1655 5393 1759 5462 Qui
1803 5393 1968 5450 ctiam
2002 5412 2092 5450 re»

521 5462 667 5535 spuit
715 5463 995 5535 Athenas,
1054 5462 1490 5535 cognominatus
1536 5467 1636 5519 l'uit
1689 5467 1979 5535 sapientia,
2031 5475 2088 5519 et

517 5533 885 5604 clarissimum
941 5533 1083 5586 inter
1132 5533 1496 5604 philosophos
1548 5533 1769 5590 nornctr
1798 5537 2082 5588 obtinuit:

517 5618 639 5657 cum
673 5603 856 5672 itaque
898 5605 1094 5656 merito
1140 5603 1492 5672 Aristophani
1543 5606 1753 5659 comico
1803 5605 2087 5674 anteponit

1375 4352 1627 4419 fatiscant
1680 4361 1727 4404 et
1791 4347 2090 4403 concidant.
2125 4347 2585 4412 Dadinonemur,
2643 4353 2718 4404 ait
2782 4350 2945 4417 Bill.,

2201 3120 2402 3172 τευέτω
2443 3120 2571 3190 (8i),
2608 3121 2699 3174 καὶ
2738 3125 3193 3193 μεταρῤιπτείτω,
3231 3127 3323 3178 καὶ
3354 3126 3612 3191 παιζέτω,
3649 3129 3782 3196 φθό-

2202 3225 2312 3272 νος,
2345 3211 2437 3262 καὶ
2471 3213 2679 3282 χρόνος,
2720 3215 2814 3264 καὶ
2847 3214 3006 3285 τύχη.
3051 3218 3114 3267 Ὃ
3154 3217 3217 3286 δή
3263 3234 3394 3287 φασι
3427 3218 3536 3271 τῶν
3570 3220 3778 3290 ἁνθρω⁴

2204 3303 2371 3356 πίνων
2423 3305 2484 3357 τὸ
2531 3307 2763 3359 ἄστατον
2797 3309 2891 3360 καὶ
2943 3308 3226 3379 ἀνώμαλον
3275 3311 3409 3380 (82),
3461 3313 3773 3383 ὲρρέτωσαν

2202 3392 2737 3463 θρόνοι,δυναστείαι,
2757 3397 2996 3460 πλοῦτοι,
3024 3400 3426 3472 λαμπρότητες,
3455 3403 3773 3474 ἐπάρματα,

2201 3481 2490 3552 πτώματα,
2511 3484 2568 3535 τὸ
2583 3485 2793 3549 εὐτελὲς
2818 3487 2966 3539 τοῦτο
2983 3486 3227 3559 δοξάριον
3243 3491 3334 3543 καὶ
3354 3492 3715 3560 ἀπόπτυστον,
3732 3488 3776 3563 ᾧ

2200 3656 2514 3731 Gregorius.
2558 3657 2617 3731 _|n
2651 3659 2782 3714 edit.
2819 3657 2900 3731 οἷς
2938 3660 3159 3714 πλάττει
3188 3662 3280 3713 τὸν
3312 3663 3568 3731 ἀγοραῖον
3593 3663 3776 3728 Δημό-

2199 3743 2381 3801 κριτον
2430 3729 2523 3801 είςΔ
2553 3727 2906 3801 δημαγωγίαν
2962 3727 3373 3801 Ἀριστοφάνης,
3419 3727 3564 3801 quod
3595 3727 3719 3786 Bill.
3755 3751 3770 3786 :

2200 3796 2401 3860 Quibus
2429 3796 2806 3863 Aristophanes
2832 3796 3089 3866 forensem
3123 3796 3275 3852 illam
3309 3796 3667 3854 Democritum
3702 3802 3773 3856 ad

2197 3866 2502 3938 popyiarem
2535 3867 2964 3938 gnbernationem
3004 3871 3155 3938 ﬁngit
3200 3879 3353 3938 atque
3386 3871 3625 3924 instruit.

2269 3936 2380 4004 (78)
2426 3935 2621 4011 Τελεῖς
2657 3939 2744 4002 εἰς
2764 3935 3046 4011 ῥήτορας.
3080 3935 3348 4011 Blietores
3382 3941 3527 3995 enim
3557 3941 3772 4011 antiqui

2199 4005 2615 4078 obtrectationis
2671 4017 2724 4060 et
2773 4008 3184 4078 _r_naled_icentise
3241 4009 3374 4062 vitio
3443 4025 3641 4078 magna
3695 4005 3774 4066 ex

2197 4087 2349 4145 parte
2399 4075 2737 4145 laborabant.
2771 4074 2896 4128 llaec
2943 4075 3063 4130 Bill.

2197 4143 2378 4264 ὲγὲἶνθ)
2422 4143 2504 4196 Τὰ
2551 4143 2799 4212 δεύτερα
2834 4147 3003 4214 ἔχῃς.
3055 4144 3186 4200 Cod.
3240 4143 3366 4200 Par.
3420 4155 3476 4200 et
3519 4148 3768 4206 Combef.

2260 4231 2357 4265 ειν.

2445 4283 2925 4354 Ἀριστεύειζ
2971 4283 3251 4348 κολοιοῖς.
3316 4282 3430 4338 Hoc
3479 4287 3772 4354 proverbio

3017 4361 3275 4423 praistare
3333 4354 3474 4407 inter
3530 4356 3770 4422 optimos

2197 4430 2251 4473 et
2306 4421 2794 4492 priestantissimos
2863 4421 3041 4492 virus7
3082 4425 3520 4492 qualemcunque
3573 4421 3769 4478 florum

2197 4498 2384 4544 tenere
2421 4505 2582 4556 quam
2644 4489 2892 4564 primunt
2924 4491 3064 4564 inter
3100 4489 3361 4564 perditos
3413 4489 3467 4547 et
3517 4492 3783 4564 proﬂiga-.

2197 4568 2280 4612 tos
2327 4578 2338 4612 :
2389 4568 2579 4630 contra
2648 4574 2808 4630 quam
2861 4559 2928 4612 de
2987 4559 3202 4615 Caisare
3269 4559 3532 4630 legiturf
3565 4559 3773 4630 qui'in

2198 4645 2363 4700 parvo
2401 4627 2633 4700 quodam
2673 4637 2724 4682 et
2763 4629 2984 4696 ignobili
3015 4632 3213 4700 oppido
3257 4627 3465 4700 primus
3507 4627 3627 4684 esse
3653 4647 3774 4684 ina-

2199 4699 2359 4762 lebat,
2394 4713 2556 4765 quam
2592 4697 2776 4751 Romae
2811 4697 3106 4755 secundus.
3147 4697 3527 4769 Sedprofecto
3557 4707 3615 4752 ut
3638 4700 3771 4753 olim

2199 4769 2641 4821 Crotoniatarum
2691 4777 3001 4836 postremus
3049 4767 3386 4838 reliquorum
3453 4767 3773 4822 Graecorum

2198 4839 2405 4905 primus
2441 4853 2561 4891 esse
2591 4838 2895 4901 diCt‘bJut',
2941 4840 3011 4890 ita
3044 4840 3136 4907 qui
3175 4841 3256 4891 vel
3293 4847 3598 4892 extremum
3629 4842 3775 4892 inter

2197 4922 2356 4961 veros
2387 4908 2732 4965 Christianos
2765 4916 2910 4960 tenet
2957 4910 3158 4972 locum,
3189 4909 3352 4962 etiam
3386 4909 3592 4977 Optimo
3639 4923 3778 4976 gen-

2195 4977 2296 5040 tili,
2335 4979 2416 5029 vel
2446 4993 2510 5030 eo
2535 4977 2628 5045 qui
2659 4978 2800 5029 inter
2832 4977 3081 5031 homines
3122 4977 3326 5030 mundo
3359 4979 3612 5032 addictos
3645 4992 3778 5046 pro-

2195 5046 2479 5100 batissime
2505 5047 2652 5108 vivit,
2690 5049 3035 5114 praestantior
3074 5049 3383 5102 censendus
3415 5057 3519 5100 est.

2267 5117 2378 5185 (81)
2440 5112 2704 5180 Ἀλλουςῖ
2738 5114 3214 5184 πραγματευέτω.
3263 5117 3397 5170 Cod.
3437 5114 3560 5169 Par.
3604 5122 3662 5185 et
3708 5112 3774 5166 Β.

2190 5183 2282 5257 5(
2315 5186 2519 5257 ἄλλους
2563 5183 2873 5257 πεπευέτω
2922 5188 3016 5238 καὶ
3057 5186 3506 5257 μεταρριπτείτω
3554 5183 3776 5254 φθόνος,

2189 5255 2339 5308 Alios
2371 5255 2709 5322 (adiﬁcantur
2736 5264 2780 5306 et
2804 5253 3011 5322 jactent
3048 5253 3270 5315 invidia.
3307 5264 3413 5309 etc.
3482 5297 3488 5302 .

2262 5325 2373 5446 (ΒΞ)
2421 5327 2489 5377 Ὃ
2521 5324 2594 5390 δή
2633 5339 2780 5392 φασι
2825 5323 2942 5377 τῶν
2985 5326 3372 5390 ἀνθρωπίνων
3407 5323 3472 5376 τὸ
3507 5323 3779 5376 ἄστατον

2262 5415 2263 5421 η
2327 5393 2665 5446 ἀνώμαλον.
2700 5395 2830 5446 Otia:
2864 5397 3220 5446 sentientibus
3249 5396 3430 5446 aptius
3468 5394 3615 5446 iumzi
3649 5405 3779 5443 cre-

2190 5393 2286 5466 καὶ
2327 5393 2665 5461 ἀνώμαλον.
2694 5395 3220 5466 γριιιπιξεθψιοιιιίὺιιε
3249 5396 3430 5464 aptius
3463 5394 3615 5462 jungi
3649 5405 3780 5443 cre-

2190 5463 2392 5527 dimus,
2446 5466 2559 5516 inec
2592 5465 2756 5516 verba
2779 5463 2897 5534 _llill
2945 5463 3138 5518 ’refert
3186 5463 3357 5518 adea
3403 5477 3525 5534 quae
3571 5475 3775 5534 praece-

2189 5534 2349 5597 dunt,
2399 5535 2684 5602 redditque
2718 5554 2732 5586 :
2771 5531 2836 5584 Et
2885 5535 3122 5600 fortuna,
3159 5535 3235 5588 sic
3274 5529 3632 5588 enim'reru'm
3676 5529 3785 5581 hu-

2191 5620 2472 5658 manarum
2507 5603 2921 5658 inconstantiam
2950 5605 3239 5672 appellant.
