4012 6220
1781 284 1838 338 S.
1880 282 2209 338 GREGORII
2245 281 2336 336 ΤΗ
2346 278 2597 337 EOLUCI
3680 284 3783 339 296

1051 399 1310 454 CLxxx.
1357 399 1584 456 EIDEII.
2676 399 2801 454 PII'.
2844 400 2932 469 Ta
2967 399 3148 470 um
3185 397 3317 468 (at).

607 509 952 584 Respondisse
1000 510 1201 584 videtur
1251 510 1548 574 Eudoxius,
1596 513 1980 584 sibi77non4um7
2020 517 2231 584 omnino
2261 530 2596 584 persuasum,
2629 524 2684 584 ut
2727 529 2782 565 se
2825 521 2992 584 totum
3022 527 3088 584 aa
3121 507 3508 584 paulosopltiarn
3540 510 3790 584 sanctio-

527 595 639 650 rem
684 580 986 650 conferret,7
1014 581 1191 634 animo
1244 590 1418 634 tamen
1453 586 1572 648 jam
1622 581 2002 648 philosophari.
2047 578 2270 636 Eteninr
2303 585 2591 637 rescribens
2639 581 2945 650 Gregorius,
2980 581 3245 650 animique
3274 580 3598 650 propositum
3644 578 3787 629 istua

530 649 756 704 laudans
779 689 792 711 ,
825 649 1009 717 adjicit
1038 665 1055 702 :
1085 651 1301 703 etiamsi
1333 652 1576 704 nondum
1610 651 2009 722 phiIOSOphiam
2049 656 2402 722 proﬁtearis;
2445 668 2662 722 eumque
2693 648 2760 704 ad
2795 651 3002 719 maiora
3046 649 3181 702 miro
3214 648 3446 716 artiﬁcio
3486 662 3791 715 promerere

529 729 768 771 conatur.

534 280 641 332 “lilii

604 832 831 900 Egregio
882 831 1125 899 quidem,
1183 831 1282 896 ﬁli,
1339 841 1494 889 satus
1535 850 1594 888 es
1632 843 1804 904 patre,
1837 844 1895 888 ut
1940 835 2006 888 de
2051 842 2098 889 te

2279 837 2489 907 [ἰατρὸς
2543 836 2638 906 μὲν
2676 833 2787 902 (95)
2835 828 2915 894 εἷς
2963 829 3205 899 ἀγαθοῖο,
3268 828 3419 897 φίλον
3471 828 3646 889 τέκος,
3701 821 3790 880 οῗα

530 924 713 975 audio.
771 920 1005 973 Tantum
1060 922 1243 975 attolle
1305 931 1393 986 te,
1457 939 1716 992 prospere
1777 924 2005 986 incede,
2054 931 2098 977 el

2213 928 2552 996 πυνθάνομαι
2596 925 2722 996 περὶ
2775 925 2888 977 σοῦ.
2921 923 3095 975 Μόνον
3129 921 3390 990 ὲπαίρου,
3453 918 3546 971 καὶ
3589 936 3790 971 κατευ-

529 1028 693 1081 regna
725 1013 769 1043 ⁹⁵
791 1031 802 1065 :
827 1027 1034 1079 nosque
1061 1013 1246 1066 laudes
1272 1023 1393 1068 tuas
1423 1014 1860 1083 przedicabimus,
1892 1015 2098 1068 etiamsi

2213 1013 2357 1080 οδδῦ,
2385 1019 2475 1069 καὶ
2495 1015 2746 1084 βασίλευε
2769 1032 2782 1044 ο
2808 1014 2899 1066 καὶ
2919 1014 3080 1082 ἡμεῖς
3110 1013 3502 1081 εὑφημήσομεν
3521 1007 3653 1075 (96),
3685 1007 3784 1060 κᾶν

530 1103 768 1155 nondum
824 1102 1220 1170 philosophiam
1275 1104 1601 1171 proﬁtearis.
1639 1103 1822 1172 Neque
1860 1109 2003 1157 enim
2037 1105 2098 1157 ad

2213 1111 2288 1180 μή
2321 1128 2406 1161 πω
2440 1107 2538 1176 τὴν
2585 1105 2902 1173 φιλοσοφίαν
2934 1102 3221 1172 ὁμολογῇς.
3255 1101 3328 1153 Οὐ
3363 1100 3470 1169 γὰρ
3498 1097 3579 1160 οἷς
3607 1099 3787 1165 λέγεις

526 1210 588 1247 ea
625 1209 744 1262 quae
791 1194 948 1253 dicis.
983 1192 1155 1258 magis
1190 1193 1430 1244 animum
1480 1194 1788 1261 adjicimus,
1832 1210 1992 1263 quam
2034 1195 2098 1248 ad

2210 1199 2546 1270 προσέχομεν
2594 1195 2812 1266 μᾶλλον,
2867 1195 2900 1264 ἢ
2945 1187 3027 1255 οἷς
3069 1194 3273 1254 ποιεῖς·
3319 1190 3502 1259 ἐπειδὴ
3533 1190 3626 1240 καὶ
3655 1189 3788 1240 αὑτο

525 1301 586 1337 ea
625 1299 742 1352 quae
796 1283 928 1336 facis
964 1301 977 1336 :
1015 1281 1451 1350 quandoquidem
1490 1283 1592 1335 hoc
1637 1298 1856 1351 quoque
1898 1284 2099 1352 ipsum,

528 1373 923 1442 philosophiam
984 1388 1092 1425 non
1150 1373 1412 1440 proﬁteri,
1468 1371 1622 1425 valde
1667 1373 2098 1442 philosophicum

525 1472 626 1516 est.
666 1462 819 1526 Quod
852 1463 918 1515 de
963 1471 1180 1516 oratore
1228 1461 1390 1532 Lysia
1444 1477 1638 1516 censor
1684 1461 1971 1534 Dionysius
2003 1464 2099 1528 ait,

523 1570 718 1623 nempe
764 1555 866 1608 hoc
898 1556 1074 1623 ipsum
1105 1555 1249 1624 quod
1282 1554 1513 1608 artiﬁcio
1541 1563 1745 1619 careat,
1790 1555 1988 1610 summi
2015 1571 2102 1609 ar-

524 1644 676 1698 tiﬁcii
704 1661 842 1699 esse.

933 1775 1216 1832 CLXXXI.
1260 1775 1680 1832 SATURNINO.

2207 1288 2269 1340 τὸ
2300 1287 2374 1358 μὴ
2401 1285 2678 1356 ὁμολογεῖν
2710 1283 2807 1353 τὴν
2845 1281 3179 1350 φιλοσοφίαν,
3230 1279 3434 1348 σφόδρα
3475 1277 3783 1346 φιλόσοφον.

2213 1382 2278 1433 "O
2306 1381 2433 1450 περὶ
2458 1379 2551 1431 τοῦ
2575 1378 2774 1430 Λυσίου
2799 1374 2892 1427 τοῦ
2915 1372 3142 1444 ῥήτορος
3172 1387 3334 1441 φησιν
3365 1371 3392 1421 ὁ
3409 1369 3652 1440 κριτικὸς
3671 1367 3786 1437 ι97)

2205 1470 2498 1536 Διονύσιος,
2531 1467 2702 1521 ὅτιτὸ
2739 1467 2960 1536 ἄτεχνον
3009 1464 3119 1534 (98)
3165 1460 3328 1516 αὐτοῦ
3368 1461 3487 1514 λίαν
3537 1459 3789 1529 ἔντεχνον

2202 1559 2292 1635 ἦν.

2581 1777 2748 1828 ΡΠΑ¹.
2790 1773 3232 1843 ΣΑἸῸΥΡΝΙΝῼ
3272 1773 3404 1841 (99).

599 1893 714 1947 Hac
743 1895 966 1965 epistola
998 1895 1296 1949 Eudoxium
1332 1893 1615 1965 Gregorius
1648 1895 1976 1949 commendat
2031 1895 2344 1956 Saturnino,
2369 1895 2458 1965 qui
2480 1895 2574 1947 hoc
2599 1910 2738 1965 anno
2773 1892 3111 1965 consulatum
3133 1892 3270 1944 iniit.
3305 1887 3456 1965 Quod
3488 1890 3565 1965 pel
3599 1885 3788 1965 primis

525 1957 823 2036 litterarum
857 1964 1021 2017 verbis
1047 1966 1382 2033 signiﬁcatur
1415 1957 1582 2019 {Etsi
1617 1965 1833 2035 imperii
1887 1965 2163 2036 fastigium
2197 1957 2405 2020 aditum
2437 1979 2655 2018 onmem
2700 1963 3038 2017 intercludit.
3075 1957 3450 2028 Opportuniori
3480 1957 3592 2011 loco
3621 1958 3791 2009 collo-

521 2033 637 2085 cari
663 2033 744 2086 lite
775 2034 966 2086 littera:
993 2051 1095 2086 non
1127 2042 1393 2100 poterunt.

594 2145 709 2200 Etsi
740 2145 954 2215 imperii
989 2145 1263 2214 fastigium
1315 2143 1521 2197 aditum
1562 2157 1780 2198 onmem
1837 2145 2068 2197 interi-lu

2272 2148 2335 2200 Ei
2369 2148 2463 2200 ua).
2483 2146 2543 2200 τὸ
2576 2145 2672 2216 τῆς
2699 2145 2874 2215 ἀρχῆς
2894 2145 2968 2213 (1)
2988 2143 3121 2213 ὓψος
3151 2142 3464 2212 ἀπρόσιτον,
3498 2140 3633 2194 ἀλλά
3663 2141 3794 2208 φιλ-

521 2238 624 2300 dit,
657 2247 712 2290 at
766 2237 998 2306 benigna
1035 2245 1216 2290 tamen
1250 2244 1304 2290 et
1351 2234 1527 2288 facilis
1573 2228 1657 2288 est
1699 2232 1961 2300 amicitia,
1997 2250 2103 2302 qua

523 2328 727 2382 factum
771 2338 872 2390 est,
917 2336 974 2379 ut
1018 2328 1158 2380 hanc
1209 2325 1580 2394 precationem
1607 2323 1704 2376 tibi
1749 2323 1946 2378 oﬂ'erre
1997 2341 2106 2380 non

520 2415 838 2470 dubitarim.
885 2412 965 2466 Ad
995 2408 1178 2468 omnia
1215 2421 1306 2464 tua
1353 2425 1480 2480 erga
1529 2425 1616 2463 me
1644 2409 1909 2463 beneﬁcia
1961 2412 2108 2468 hunc

521 2507 810 2561 cumulum.
834 2505 991 2558 adde.
1029 2502 1412 2558 Doctissimum
1454 2517 1517 2556 ac
1578 2503 2006 2556 disertissimum
2039 2502 2106 2556 fi-

524 2597 654 2649 lium
709 2603 956 2648 nostrum
1013 2592 1338 2656 Eudoxium,
1401 2591 1574 2644 virum
1629 2599 1682 2644 et
1731 2591 1840 2644 vita
1899 2605 1952 2644 et
2003 2591 2105 2644 do-

520 2688 698 2742 ctrina
733 2686 934 2739 virtute
983 2694 1074 2737 tua
1120 2684 1366 2752 dignum,
1401 2683 1560 2737 velim
1615 2683 1843 2737 libenter
1880 2683 2102 2751 videas;

522 2794 588 2832 ac
617 2778 659 2832 si
697 2793 802 2846 qua
839 2777 893 2830 in
928 2791 986 2831 re
1013 2776 1298 2845 probitatis
1341 2783 1447 2828 tua:
1475 2789 1578 2844 ope
1614 2775 1929 2844 indiguerit,
1965 2792 2104 2844 pra:-

523 2868 664 2924 sidio
695 2879 786 2921 tuo
820 2867 1081 2936 digneris.
1119 2864 1229 2920 Nos
1270 2873 1450 2919 autem
1488 2881 1677 2935 preces
1713 2867 1810 2920 tibi
1839 2867 2103 2936 repende-

521 2974 645 3014 mus
676 2977 687 3012 :
723 2972 884 3028 quam
925 2972 1084 3010 unam
1127 2955 1377 3026 gratiam,
1418 2956 1506 3024 iis,
1545 2957 1639 3026 qui
1675 2956 1810 3011 bene
1840 2956 1908 3012 de
1942 2958 2102 3012 nobis

520 3057 820 3114 merentur,
862 3046 1065 3103 referre
1095 3063 1411 3118 possumus.

657 3203 818 3276 149
858 3202 1169 3258 CLXXXII.
1207 3200 1561 3256 GREGORIO
1602 3200 1946 3257 NYSSENO.

2204 2237 2484 2309 ἁνθρωπον
2532 2241 2564 2309 ἡ
2603 2238 2784 2308 φιλία,
2818 2237 2884 2288 δι’
2937 2237 3002 2306 ἦν
3031 2235 3416 2306 ὲθαρῤήσαμεν
3450 2232 3655 2302 ταύτην
3702 2249 3788 2286 στι

2203 2331 2573 2398 προσαγαγεῖν
2599 2327 2696 2398 τὴν
2738 2326 3104 2395 παράκλησιν.
3144 2327 3317 2378 Πᾶσιν
3346 2321 3427 2387 οἷς
3453 2319 3511 2376 εὖ
3553 2323 3790 2394 πεποίη-

2202 2437 2306 2482 κας
2348 2421 2480 2489 ἡμῖν
2529 2419 2626 2487 (2),
2668 2419 2762 2470 καὶ
2804 2417 2963 2470 τοῦτο
3009 2415 3280 2486 πρόσθες·
3326 2415 3418 2468 τὸν
3451 2415 3791 2482 λογιώτατον

2201 2511 2316 2564 υίὸν
2361 2511 2521 2579 ἡμῶν
2566 2508 2837 2573 Εὐδόξιον,
2894 2508 3064 2576 ἄνδρα
3097 2508 3192 2560 καὶ
3239 2507 3340 2577 βίῳ
3371 2509 3464 2560 καὶ
3507 2507 3648 2576 λόγῳ
3685 2508 3791 2578 τῆς

2205 2599 2304 2668 σῆς
2334 2599 2534 2669 ἀρετῆς
2563 2597 2731 2661 ἄξιον,
2770 2597 2862 2649 καὶ
2894 2599 2942 2648 τ’
2975 2596 3112 2650 ἄλλα
3138 2597 3310 2666 ἡδέως
3343 2598 3469 2650 ίδεῖν
3514 2585 3790 2662 καταξίω-

2205 2708 2318 2753 σον,
2362 2691 2456 2743 καὶ
2496 2691 2596 2758 τῆς
2644 2690 2718 2758 (3)
2764 2688 2917 2758 παρά
2971 2689 3065 2741 σοῦ
3135 2691 3473 2758 προστασίας
3525 2688 3788 2753 ἀξιῶσαι,

2205 2781 2333 2850 περὶ
2359 2774 2432 2832 ὧν
2466 2778 2531 2832 ἂν
2563 2779 2748 2848 δέηται
2779 2778 2877 2847 τῆς
2908 2778 3007 2847 σῆς
3037 2776 3460 2845 καλοκαγαθίας.
3513 2778 3702 2846 Ἡμεῖς
3729 2777 3791 2831 δὲ

2210 2869 2572 2940 ἀντιδώσομεν
2617 2869 2716 2932 τὰς
2753 2869 2940 2938 εὺχάς,
2968 2862 3012 2937 ᾧ
3055 2869 3205 2940 μόνῳ
3241 2869 3468 2922 δυνατὸν
3497 2871 3629 2940 ἡμῖν
3658 2869 3791 2932 τοὺς

2207 2961 2501 3028 εὐεργέτας
2530 2959 2874 3030 ἀμείϐεσθαι.

2491 3201 2662 3255 PIIB’.
2703 3201 3040 3272 ΓΡΗΓΟΡΙῼ
3077 3201 3350 3255 ΝΥΣΣΗΣ
3385 3202 3481 3272 (4).

593 3316 714 3370 Non
739 3316 894 3370 semel
921 3315 1328 3372 observavimus.
1370 3313 1700 3382 Gregorium,
1747 3323 2024 3383 postquam
2059 3311 2525 3382 Constantinopoli
2550 3315 2602 3368 in
2629 3316 2865 3381 patriam
2896 3331 3132 3368 reversus
3159 3315 3256 3379 sit,
3288 3313 3426 3368 nulli
3483 3313 3658 3368 labori
3692 3330 3759 3382 pe

517 3389 763 3454 perci:.se.
802 3397 856 3438 ut
893 3383 1254 3436 Nazianzenw
1292 3383 1544 3454 Ecclesia:
1585 3385 1857 3454 episcopus
1885 3383 2260 3454 praeﬁceretur.
2293 3383 2542 3436 Precibus
2568 3389 2798 3443 tandem.
2841 3385 3318 3454 supplicationibus
3357 3394 3408 3437 et
3439 3383 3786 3448 clamoribus,

520 3451 621 3510 uoti
650 3471 858 3522 compos
903 3455 1073 3522 factus
1119 3463 1234 3513 est;
1281 3463 1330 3504 et
1372 3453 1639 3522 Enlalius,
1689 3451 1924 3522 Gregorii
1950 3451 2320 3515 consobrinus,
2354 3454 2432 3506 vir
2459 3453 2789 3512 uerterabilis,
2825 3451 3096 3522 Nazianzi
3128 3455 3404 3522 episcopus
3431 3463 3640 3506 creatus
3679 3466 3784 3518 est,

515 3537 734 3579 exeunte
761 3521 1038 3576 ωυιοῦὅῖ
1068 3523 1145 3575 vel
1175 3522 1280 3575 585
1314 3524 1537 3576 ineunte.
1591 3521 2031 3575 Veruminvidiw
2084 3523 2343 3576 morsibus
2394 3524 2585 3576 iterum
2633 3525 2805 3590 patuit
2853 3521 3626 3592 Gregorius.777Nazianzenam
3675 3523 3787 3576 lic-

515 3595 750 3657 clesiam,
780 3603 953 3659 utpote
991 3607 1206 3659 parvam
1252 3593 1315 3643 ab
1359 3609 1417 3644 eo
1470 3591 1688 3661 despici,
1736 3592 1884 3658 prius
1931 3593 2225 3644 adversarii
2270 3592 2604 3660 objiciebant.
2643 3592 2930 3661 Postquam
2960 3591 3787 3661 autemEulalius‘consecratus

517 3664 640 3734 fuit,
670 3679 807 3722 eum,
844 3663 1006 3734 inuito
1039 3678 1124 3734 ac_
1129 3673 1446 3734 repugnante
1479 3659 1750 3734 Gregorio.
1780 3673 2141 3734 consecratum
2177 3670 2224 3714 et
2253 3661 2588 3734 prafectum77
2611 3659 3064 3734 fuisse'Ecclesia:
3110 3660 3493 3734 Naziansente,
3548 3672 3787 3716 tantum-

514 3729 614 3803 que
641 3750 740 3785 non
771 3731 1046 3804 expulsum
1085 3729 1400 3804 Tlieolognin
1442 3730 1819 3804 praedicabant.
1872 3729 2024 3804 Hanc
2049 3729 2380 3804 calumniam
2410 3731 2613 3800 repellit
2644 3731 2931 3802 Gregorius
2962 3733 3017 3786 in
3046 3733 3270 3802 epistola
3301 3749 3418 3804 qua:
3445 3734 3704 3802 sequitur,
3733 3741 3786 3786 et

518 3799 704 3856 narrat
734 3799 991 3872 quomodo
1019 3811 1204 3870 rogatu
1228 3817 1323 3854 suo
1358 3799 1602 3853 Eulalius
1634 3809 1842 3853 creatus
1879 3801 1943 3852 sit
1978 3801 2270 3870 episcopus.

517 3976 520 3980 ,
592 3919 691 3974 Ηεὲ
721 3918 867 3982 mihi,
901 3919 1026 3986 quia
1051 3917 1316 3971 incolatus
1349 3930 1500 3970 meus
1521 3916 1867 3986 prolongatus
1901 3925 1978 3970 est
2009 3917 2089 3984 ⁹⁶;

2268 3919 2436 3988 Οῖμοι
2481 3920 2574 3974 ὅτι
2610 3920 2648 3988 ἡ
2690 3921 2970 3989 παροικία
3003 3939 3121 3990 μου
3157 3921 3535 3989 ἐμακρύνθηθ
3573 3921 3684 3981 καὶ,
3722 3920 3784 3972 τὸ

516 4009 744 4081 etquod
777 4011 1046 4064 malorum
1091 4017 1256 4078 caput
1281 4016 1385 4074 est,
1412 4009 1572 4062 bellis
1623 4016 1679 4062 et
1733 4007 2100 4063 seditionibus

519 4115 606 4154 res
644 4109 848 4155 nostra:
889 4098 1143 4169 ﬂagrant,
1179 4115 1279 4154 nec
1330 4115 1544 4170 pacem,
1592 4114 1756 4168 quam
1808 4115 1838 4152 a
1892 4100 2101 4154 sanctis

518 4190 773 4245 Patribus
808 4192 1144 4259 accepimus,
1170 4191 1534 4246 servavimus.
1557 4190 1710 4245 Hanc
1739 4207 1851 4244 non
1883 4192 2096 4256 dubito,

517 4281 652 4351 quin
698 4281 814 4348 ipse
852 4281 1145 4344 restituas,
1183 4282 1238 4334 in
1272 4281 1512 4350 Spiritus
1544 4282 1690 4335 illius
1737 4283 1958 4346 virtute,
1979 4282 2095 4350 qui,

516 4379 570 4426 et
603 4378 680 4433 te,
711 4377 763 4423 et
797 4370 978 4423 omnia
1009 4377 1100 4423 tua
1135 4371 1272 4441 regit
1323 4386 1386 4424 ac
1423 4371 1760 4425 moderatur.
1812 4369 1888 4425 De
1936 4371 2098 4426 nobis

518 4469 722 4524 autem,
781 4476 849 4513 ne
900 4461 1227 4529 quisquam,
1277 4461 1543 4528 obsecro,
1601 4462 1768 4516 falsos
1818 4477 2100 4516 sermones

515 4554 704 4624 jactet,
732 4568 833 4606 nec
855 4553 923 4608 de
954 4553 1192 4608 dominis
1221 4553 1518 4622 episcopis,
1554 4561 1816 4621 tanquam
1845 4553 2100 4607 videlicet

521 4645 705 4699 invitis
755 4643 911 4699 nobis
965 4659 1029 4698 ac
1071 4643 1504 4714 repugnantibus
1553 4645 1871 4714 episcopum
1930 4643 2096 4697 alium

585 4799 633 4832 "
666 4798 811 4855 Psal.
845 4813 987 4863 XLIV,
1013 4799 1064 4853 5.
1131 4801 1177 4831 ’⁸
1207 4799 1348 4854 Psal.
1376 4814 1523 4864 cur,
1559 4800 1606 4854 5.

589 4960 699 5029 (94)
737 4959 886 5012 Alias
914 4957 1096 5029 CXXI.
1131 4958 1342 5029 Scripta
1375 4959 1564 5029 eodem
1607 4965 1871 5029 tempore.

742 5027 968 5150 [llatde
1003 5027 1138 5097 μέν.
1177 5025 1269 5080 Ita‘
1292 5027 1451 5082 codd.
1485 5036 1596 5082 tres
1638 5025 1807 5098 ηυδε.
1857 5027 1914 5081 In
1948 5027 2082 5083 edit.

521 5113 621 5167 μεν
653 5114 780 5167 tees
811 5137 824 5150 .
989 5166 994 5167 7
1277 5166 1282 5167 7
1361 5166 1368 5167 7
1397 5166 1406 5167 7

2200 4011 2490 4079 κεφάλαιον
2512 4012 2619 4065 τῶν
2643 4012 2848 4075 κακῶν,
2876 4013 2933 4064 ὲν
2961 4012 3181 4082 πολέμῳ
3213 4013 3305 4064 καὶ
3336 4013 3522 4064 στάσει
3542 4012 3608 4063 τὰ
3640 4011 3784 4080 ἡμέ-

2200 4119 2351 4172 τερα,
2385 4103 2478 4156 καὶ
2509 4103 2576 4172 ἢν
2606 4103 2985 4173 παρελάϐομεν
3019 4104 3168 4171 παρά
3185 4103 3293 4155 τῶν
3317 4104 3485 4170 ἁγίων
3518 4104 3781 4169 Πατέρων

2200 4195 2443 4263 εἰρήνην,
2495 4195 2595 4246 οὐκ
2643 4196 3012 4266 ἐτηρήσαμεν.
3049 4195 3264 4266 Ταύτην
3297 4197 3394 4264 μὲν
3437 4191 3530 4247 οὖν
3568 4191 3662 4246 οἷδ’
3695 4196 3780 4248 ὅτι

2200 4284 2361 4347 αὐτὸς
2396 4287 2865 4355 ἀποκαταστήσεις
2885 4287 2982 4355 (5),
3018 4288 3076 4338 ὲν
3111 4289 3177 4358 τῇ
3213 4287 3436 4356 δυνάμει
3480 4285 3574 4338 τοῦ
3616 4286 3675 4337 σέ
3719 4301 3780 4338 τε

2201 4374 2294 4426 καὶ
2343 4374 2411 4426 τὰ
2459 4374 2525 4426 σά
2581 4375 2838 4444 φέροντος
2884 4376 3222 4446 Πνεύματος.
3260 4377 3447 4446 Ἦμῶν
3493 4377 3549 4428 δὲ
3590 4377 3781 4446 μηδεὶς

2201 4463 2652 4531 καταψευδέσθω,
2697 4465 3034 4533 παρακαλῶ,
3089 4467 3220 4537 μηδὲ
3269 4466 3375 4518 τῶν
3421 4467 3626 4536 κυρίων
3668 4465 3781 4517 τῶν

2200 4553 2513 4604 ἐπισκόπων
2536 4593 2551 4617 ,
2601 4553 2682 4605 ὄτι
2716 4554 2958 4607 ἀκόντων
2990 4556 3146 4625 ἡμῶν
3166 4597 3180 4622 ,
3223 4556 3383 4611 ἄλλον
3435 4555 3781 4626 ἐπεκήρυξαν

2199 4645 2330 4714 ἡμῖν
2363 4643 2679 4699 ἐπίσκοπον.
2716 4646 2790 4698 Οὐ
2831 4646 2940 4718 γὰρ
2978 4647 3229 4699 τοσοῦτον
3269 4649 3453 4710 αὐτοῖς
3501 4648 3781 4717 ἀπερῤίμ-

2195 4967 2300 5012 tac.
2343 4965 2395 5011 et
2431 4957 2623 5010 Morel.
2677 4950 3012 5024 Σατουρνίνῳ
3060 4953 3424 5024 στρατηλάτῃ.
3479 4954 3780 5010 Saturnino

2193 5009 2448 5112 irt7aqisti~o
2504 5009 2730 5080 militiw.
2783 5009 2919 5078 υοά.
2969 5009 3139 5092 fing
3173 5009 3476 5094 Σατορνίνῳ
3532 5009 3777 5096 στρατηὲ

2195 5114 2348 5167 λατῃ.

589 5166 696 5248 (au)
749 5166 1433 5248 E'bg-rm-ijo'oaer.7f}odd.
1503 5175 1740 5248 quatuor
1807 5169 1978 5248 Regg.
2035 5175 2088 5221 et

2231 5237 2244 5248 ι
2266 5151 2347 5248 (1')
2390 5165 2457 5248 To
2477 5163 2585 5243 τῆς
2609 5161 3198 5248 dpzﬁ7c.77qu.77Reg.,
3230 5162 3468 5216 Montac.
3501 5169 3557 5217 et
3584 5161 3776 5217 Morel.

522 5235 1190 5308 Monteme'liflupﬁoopsv,
1233 5237 1365 5308 bona
1394 5235 1614 5308 ltetoque
1647 5237 1824 5291 animo
1868 5235 2086 5308 erimus.

589 5303 702 5374 (97)
752 5303 1044 5376 Κριτικός.
1073 5303 1083 5308 ⁷
1115 5308 1249 5360 Cod.
1288 5305 1446 5376 Reg.,
1501 5303 1736 5361 Montac.
1792 5315 1846 5361 et
1898 5307 2061 5360 Morel

521 5373 810 5448 κρητικός.
847 5373 914 5427 Ut
947 5383 1074 5430 sunt
1099 5378 1266 5439 enim,
1289 5373 1662 5448 ait'Comhcl'q
1691 5376 1932 5448 Dionysii
1964 5377 2086 5447 plu-

521 5459 630 5503 res.
662 5445 740 5497 sic
775 5448 883 5497 lere
912 5461 1102 5499 omnes
1131 5461 1197 5498 ex
1228 5447 1398 5512 patria
1431 5447 1698 5501 distincti.

591 5512 702 5585 (98)
747 5514 1211 5585 'fArsxro_r-___Ejus
1245 5516 1560 5585 simplicitas
1590 5517 1740 5570 valde
1769 5515 2082 5585 artificiosa.

592 5581 896 5654 (99)7Alias
927 5581 1186 5654 LXXXII.
1241 5583 1455 5654 Scripta
1505 5601 1650 5654 anno
1693 5586 1817 5640 585.
1859 5581 2087 5654 4772a-

520 5651 828 5722 τοὺρνίνῳ.
861 5652 996 5708 Cod.
1027 5651 1179 5710 Pass.
1208 5661 1262 5709 et
1299 5651 1540 5710 Conibef.
1576 5655 1898 5726 Σατορνίνῳ.
1936 5653 2087 5710 Mon-

2195 5237 2256 5290 τὸ
2277 5233 2386 5305 τῆς
2416 5233 2637 5305 ἀρετῆς,
2672 5235 2882 5305 virtutis
2900 5233 3209 5305 fastigium.

2269 5301 2352 5374 (Ξῖ
2399 5301 2690 5374 Epiri-.7112:
2725 5304 2856 5374 eod.
2889 5301 3050 5374 1405):.
3079 5303 3136 5356 In
3160 5302 3293 5374 edit.
3322 5302 3490 5374 ἡμᾶς.

2265 5369 2342 5445 (5)
2383 5369 2493 5445 Καὶ
2538 5371 2687 5445 τῆςζ
2725 5372 2800 5424 Ita
2842 5371 3279 5445 cod._l7{eg._':ﬁ§
3325 5369 3480 5445 deest
3530 5370 3584 5422 in
3636 5369 3776 5445 edit.

2194 5437 2338 5500 Mox;
2377 5441 2490 5494 σοῦ.
2536 5441 2610 5494 Ita
2657 5440 2810 5494 Pass.
2860 5451 2913 5494 et
2947 5441 3038 5494 alii
3079 5437 3201 5496 c'od.
3239 5437 3308 5496 'ln
3347 5441 3480 5494 edit.
3518 5437 3778 5495 σεαυτοῦ.

2264 5513 2340 5582 (7b)
2374 5512 2526 5582 Alias
2558 5509 2714 5562 XLII.
2755 5513 2971 5582 Scripta
3001 5527 3147 5582 anno
3173 5513 3298 5582 5783.

2263 5579 2340 5654 (5)
2370 5575 2951 5654 714xoxatao'tiiaeic.
2999 5580 3076 5638 Ita
3117 5581 3240 5637 cod.
3289 5585 3422 5654 Reg.
3453 5590 3508 5637 et
3545 5579 3672 5633 Pas.
3713 5575 3781 5634 In

2192 5651 2327 5708 edit.
2356 5652 2860 5721 ἀποκαταστήσαις.
