4012 6220
440 281 540 336 507

1689 288 1744 342 S.
1773 288 1862 341 Gli
1874 289 2096 344 EGORII
2141 291 2486 346 'I'III'JOLOGI

3597 290 3702 346 308

441 404 499 444 ut
531 404 706 448 morte
747 393 986 460 [ιιιιιιιίε,
1035 397 1214 450 oratio
1264 397 1512 452 funebris
1541 413 1570 450 a
1615 409 1696 465 te,
1729 401 1890 469 cujus
1933 416 2024 456 ars

2138 403 2234 457 τῶν
2282 403 2394 472 (65)
2445 401 2618 470 λόγων
2662 403 2923 470 ὠφείλετο
2971 400 3290 469 ἐπιτάφιος,
3339 393 3382 468 ᾧ
3431 400 3593 471 τέχνη
3641 402 3703 453 τὸ

441 481 494 535 in
535 482 895 536 declamamlo
947 499 1009 538 ac
1054 486 1348 540 scribendo
1398 487 1502 543 sita
1539 498 1656 552 est,
1703 489 2022 544 debebatur.

437 574 614 642 Atque
662 575 748 628 hic
793 577 1054 645 arguendi
1105 578 1229 632 linis
1277 580 1347 633 sit
1386 598 1400 634 :
1443 594 1621 648 neque
1672 581 1855 642 enim,
1897 597 2021 634 cum

2128 493 2305 561 λέγειν
2365 493 2460 546 κα)¹
2518 493 2769 562 γράφειν.
2820 492 2877 544 ’0
2942 492 3038 562 μὲν
3098 487 3190 544 οὖν
3245 491 3464 561 ἐλεγχος
3518 491 3700 543 τοσοῦ·-

2124 602 2215 646 τος
2251 584 2397 654 (66)·
2437 584 2560 636 οὐδὲ
2593 582 2703 651 γὰρ
2735 582 2816 635 δεῖ
2852 583 3080 650 φιλικῶς
3115 596 3119 600 ·
3169 581 3558 651 ἐγκαλοῦντας,
3599 582 3703 645 ἔξω

437 665 614 718 amice
643 679 990 726 accusemus.
1031 668 1083 722 id
1116 668 1258 720 ultra
1290 669 1550 724 amicitiae
1593 670 1796 725 limites
1845 672 2023 726 facere

2138 673 2231 726 τῶν
2265 675 2361 744 τῆς
2402 673 2584 742 φιλίας
2619 675 2761 744 ὅρων
2806 673 2916 741 (67)
2955 672 3111 725 τοῦτο
3143 675 3333 726 ποιεῖν.
3375 675 3442 724 ’Ἀ
3486 673 3544 724 δὲ
3575 675 3703 744 περὶ

436 753 716 806 convenit.
755 754 888 818 Quae
915 763 1100 809 autem
1134 756 1202 811 de
1233 758 1566 812 suavissimo
1607 759 1719 813 lilio
1751 759 2018 815 Nicobulo

437 846 659 908 scribis,
691 863 884 918 magna
908 850 1130 918 quidem
1161 850 1479 914 admodum,
1511 860 1566 906 et
1594 853 1842 906 miranda
1867 862 2016 914 sunt,

435 949 602 1007 atque
628 939 788 1009 155
815 941 1110 1010 ejusmodi,
1135 959 1255 1010 qua:
1283 943 1458 1012 patris
1487 941 1807 996 facilitatem
1841 943 1908 996 iis
1941 959 2020 996 rc-

437 1031 562 1089 bus.
595 1046 734 1098 quas
774 1032 908 1094 vult,
947 1031 1107 1086 ﬁdem
1169 1031 1330 1089 facile
1366 1031 1734 1095 adhibentem,
1771 1032 2020 1100 abripere

439 1128 661 1190 queant.
717 1120 828 1176 Nos
862 1135 1043 1177 autem
1092 1129 1207 1176 tum
1265 1123 1504 1192 denique
1542 1138 1668 1177 vera
1721 1138 1846 1177 esse
1899 1139 2021 1176 crc-

437 1212 652 1276 demus,
678 1227 802 1266 cum
833 1213 1155 1273 adolescens
1199 1213 1532 1266 documento
1573 1213 1732 1267 nobis
1772 1214 2017 1281 praebito,

437 1315 536 1352 nec
587 1300 695 1353 tuis
747 1301 1070 1370 promissis,
1109 1316 1211 1356 nec
1257 1309 1446 1356 nostra
1481 1317 1577 1370 spe
1626 1302 1908 1372 indignum
1961 1319 2020 1356 se

437 1389 752 1454 praebuerit.

841 1504 1218 1559 CLXXXVIII.
1258 1501 1602 1559 STAGIRIO.

2121 762 2216 816 τοῦ
2263 764 2602 831 γλυκυτάτου
2649 764 2768 816 υίοῦ
2812 763 3142 816 Νικοϐούλου
3186 763 3451 834 γράφεις,
3493 765 3703 834 μεγάλα

2127 856 2226 926 μὲν
2256 856 2496 926 σφόδρα,
2558 856 2652 909 καὶ
2696 854 3019 924 θαυμαστὰ,
3074 855 3167 907 καὶ
3222 856 3380 909 ἱκανὰ
3419 856 3702 927 συναρπά-

2124 963 2213 998 σαι
2261 945 2398 1016 (68)
2455 946 2661 1016 πατρὸς
2713 945 2996 1006 εὐκολίαν,
3053 945 3249 1014 ῥᾳδίως
3311 940 3391 1008 οἷς
3456 944 3702 1014 βούλεται

2126 1038 2218 1089 καὶ
2276 1037 2656 1091 πιστεύουσαν.
2701 1037 2834 1090 Τότε
2887 1037 2945 1089 δὲ
2986 1036 3164 1107 ἀληθῆ
3203 1031 3342 1089 εἶναι
3401 1035 3701 1106 δεξόμεθα,

2123 1129 2251 1180 ὅταν
2285 1130 2480 1199 πεῖραν
2521 1127 2694 1190 διδοὺς
2732 1128 2865 1197 ἡμῖν
2906 1127 2934 1178 ὁ
2969 1126 3107 1190 νέος,
3161 1127 3236 1196 μὴ
3274 1125 3489 1189 ἀνάξιος
3529 1126 3704 1194 φάνη-ι

2123 1233 2211 1270 ται
2243 1217 2376 1286 (69),
2424 1217 2457 1288 ἦ
2491 1218 2598 1270 τῶν
2647 1217 2756 1271 σῶν
2799 1217 3166 1288 ὑποσχέσεων,
3200 1216 3234 1287 ἦ
3276 1215 3386 1269 τῶν
3419 1215 3705 1286 ἡμετέρων

2127 1309 2375 1362 ἐλπίδων.

2540 1503 2716 1558 PIIH'.
2762 1503 3121 1573 ΣΤΛΓΕΙΡΙῼ
3160 1503 3292 1575 (70).

434 1618 521 1670 Ad
564 1622 884 1674 audiendum
928 1621 1223 1691 Stagirium
1263 1621 1559 1674 Nicobnlns
1599 1634 1796 1675 suomet
1839 1624 1946 1688 ipse
1984 1621 2207 1674 consilio
2247 1638 2300 1674 se
2327 1621 2575 1684 (ontulit,
2598 1631 2647 1674 et
2675 1619 2847 1687 patris
2884 1620 3044 1672 etiam
3073 1621 3370 1691 (voluntate,
3401 1621 3705 1673 nullatenus

927 1690 1044 1746 vero
1065 1707 1128 1744 ex
1153 1691 1394 1762 Gregorii
1429 1693 1708 1751 sententia,
1738 1693 1826 1761 qui
1869 1705 2042 1744 tamen
2072 1692 2151 1749 his
2180 1709 2294 1746 eum
2325 1692 2517 1744 litteris
2547 1691 2784 1760 Stagirio
2809 1690 3212 1744 commendavit.

507 1805 832 1860 Eruditione
861 1805 1077 1863 Atticus
1107 1807 1213 1862 cs?
1261 1807 1419 1860 Attici
1460 1823 1560 1862 nos
1595 1823 1834 1876 quoque.
1866 1807 2011 1860 Ado-
2046 1819 2087 1871 Β

436 1898 774 1952 lcscentibus
806 1899 1023 1967 przees?
1053 1914 1158 1954 nos
1190 1899 1337 1952 omni
1375 1898 1545 1952 tutati.
1579 1898 1659 1950 Ad
1703 1914 2014 1952 sermonem

438 1987 748 2043 iul'ormas?
792 2003 894 2043 nos
932 1988 1000 2042 ad
1036 2003 1240 2043 mores.
1285 1987 1453 2041 Multa
1507 1987 1667 2041 nobis
1722 1987 1865 2040 inter
1916 2005 2018 2042 nos

437 2080 752 2134 communia
810 2087 960 2135 sunt.
1014 2078 1196 2134 Unum
1245 2088 1428 2134 autem
1477 2094 1576 2148 pro
1627 2078 1907 2144 omnibus,
1957 2095 2018 2134 ac

437 2187 550 2240 pra:
589 2172 870 2236 omnibus,
923 2171 1292 2226 suavissimus
1323 2177 1514 2224 noster
1551 2168 1694 2224 lilius
1717 2162 2018 2223 Nicobulus

439 2262 494 2316 iu
529 2263 709 2318 medio
756 2263 1008 2332 positus;
1041 2262 1128 2316 cui
1183 2270 1276 2325 tu,
1331 2270 1388 2315 ut
1425 2277 1523 2331 par
1555 2268 1668 2323 est,
1723 2271 1776 2315 et
1815 2260 2020 2315 dei-tri-

441 2368 567 2405 uam
615 2362 763 2406 tuam
821 2353 1103 2415 Ostendes,
1168 2361 1222 2406 et
1283 2358 1530 2405 nostram
1589 2351 1910 2413 amicitiam,
1971 2351 2018 2406 si

441 2442 607 2494 modo
647 2457 711 2495 ca
754 2442 853 2496 tibi
894 2457 1041 2496 cura:
1086 2449 1191 2497 est.
1250 2441 1345 2496 Est
1393 2451 1614 2503 autem,
1662 2442 1715 2495 ni
1765 2442 2022 2512 Opinione

443 2530 623 2585 fallor.
651 2531 784 2586 Nam
819 2541 873 2587 et
901 2541 1112 2588 veteres
1160 2533 1377 2587 athleta:
1407 2548 1436 2585 a
1468 2531 1766 2600 juvenibus
1814 2533 2023 2587 honore

441 2623 733 2690 habentur,
770 2633 823 2680 et
855 2624 1075 2694 quidem
1104 2632 1338 2686 tantum,
1362 2633 1627 2694 quantum
1652 2625 1816 2679 etiam
1845 2626 2020 2679 victo-

442 2713 539 2768 riae.
573 2715 792 2784 praemia
849 2716 982 2784 ipsis
1023 2715 1314 2770 ollerentes
1349 2714 1502 2784 juxta
1551 2715 1814 2784 palaestra'
1851 2717 2019 2786 leges,

441 2805 580 2873 grati
615 2806 778 2859 animi
807 2806 984 2861 ollieio
1014 2806 1160 2876 fungi
1201 2807 1609 2861 existimantur.

615 2941 946 2998 CLXXXIX.
1006 2940 1399 2998 EUSTOCHIO
1453 2940 1840 2997 SOPIIISTAS.

2199 1807 2440 1871 Ἀττικὸς
2498 1807 2562 1859 σὺ
2607 1805 2706 1877 τὴν
2755 1806 3065 1871 παίδευσιν;
3111 1807 3348 1861 Ἀττικοὶ
3399 1807 3492 1858 καὶ
3520 1809 3704 1877 ὴμεξ,

2123 1901 2278 1953 Νέων
2301 1897 2646 1971 προκαθέζῃ;
2684 1899 2863 1969 πάσης
2899 1899 3114 1968 ἡλικίας
3140 1901 3322 1970 ἡμεῖς.
3357 1900 3560 1962 Τυποίς
3589 1901 3706 1972 (71)

2125 1994 2259 2066 πρὸς
2313 1995 2501 2064 λόγον;
2547 1996 2707 2066 ἡμεῖς
2759 1993 2896 2064 πρὸς
2944 1988 3096 2063 ἦθος.
3147 1990 3326 2044 Πολλὰ
3367 1991 3524 2045 κοινὰ
3568 1991 3707 2064 πρὸς

2125 2085 2384 2155 ἀλλήλους
2416 2086 2568 2157 ἡμῖν·
2611 2084 2670 2137 ἒν
2712 2083 2769 2137 δὲ
2803 2083 2925 2137 ἀντὶ
2953 2083 3169 2135 πάντων
3197 2082 3290 2135 καὶ
3325 2083 3430 2153 πρὸ
3465 2083 3707 2146 πάντων,

2125 2179 2154 2232 ὁ
2183 2176 2522 2246 γλυκύτατος
2548 2175 2662 2239 υίὸς
2700 2175 2855 2246 ἡμῶν
2883 2173 3209 2237 Νικόϐουλος
3241 2175 3299 2226 ὲν
3332 2173 3482 2245 μέσῳ
3517 2175 3708 2246 κείμε-

2127 2288 2234 2333 νος.
2265 2264 2336 2340 τί)
2370 2270 2433 2322 σὺ
2465 2267 2645 2331 καλῶς
2674 2267 2863 2328 τυοιιῖιν,
2891 2264 3132 2338 ἐπιδείξῃ
3162 2264 3257 2318 καὶ
3280 2266 3376 2335 τὴν
3402 2266 3706 2330 παίδευσιν,

2129 2361 2221 2413 καὶ
2259 2358 2358 2429 τὴν
2394 2356 2667 2428 ἡμετέραν
2711 2355 2912 2424 φιλίαν,
2961 2356 3118 2426 εἰπερ
3161 2373 3243 2409 σοι
3292 2356 3441 2426 μέλει
3479 2355 3707 2426 ταύτης.

2129 2445 2294 2517 Οἶμαι
2333 2447 2409 2499 δέ·
2455 2445 2550 2498 καὶ
2581 2444 2689 2513 γὰρ
2723 2442 2956 2513 ἀθληταὶ
2993 2443 3210 2496 παλαιοὶ
3245 2444 3384 2508 νέοις
3420 2445 3705 2515 τιμῶνται·

2130 2540 2224 2592 ιιια)⁵
2278 2536 2561 2598 τοσοῦτον,
2617 2536 2742 2587 ὅσον
2793 2534 2905 2604 (72)
2964 2535 3060 2587 κα).
3104 2535 3173 2589 τὰ
3217 2536 3315 2606 τῆς
3364 2537 3520 2605 νίκης
3568 2532 3713 2590 ἆθλα

2130 2629 2531 2700 προσφέροντες
2570 2626 2799 2689 τούτοις,
2839 2623 3181 2695 εὐγνώμονες
3219 2623 3361 2681 εἶναι
3398 2628 3710 2698 νομίζονται

2128 2738 2193 2774 πε
2201 2721 2256 2791 pi
2287 2719 2485 2790 νόμους
2522 2718 2819 2789 ἀθλήσεως.

2395 2939 2567 2994 PIlO'.
2608 2941 2946 3011 ΕΥΣΤΟΧΙῼ
2984 2941 3273 3012 ΣΟΦΙΣΤῌ
3309 2939 3441 3008 (75).

446 3077 583 3131 Huic
615 3077 884 3146 sophistw,
925 3095 1074 3146 quem
1105 3077 1322 3132 Athenis
1368 3079 1421 3130 in
1463 3075 1969 3199 litterurmnpstudio
2001 3074 2203 3128 socium
2229 3083 2277 3125 et
2303 3073 2534 3193 (anticum
2574 3071 2778 3125 videtur
2812 3073 3078 3138 habuisse,
3117 3069 3433 3140 pra-clarum
3463 3071 3714 3138 juvenem

1802 3160 2044 3199 ronomm
2076 3159 2307 3197 conamen
2350 3153 2424 3196 at.

1802 3153 2044 3199 ronoium
2076 3153 2424 3197 commendat.

513 3287 624 3342 Fac
667 3287 1036 3342 Alexandrum
1085 3287 1353 3352 imiteris,
1401 3287 1484 3340 vir
1528 3283 1849 3340 admirando
1894 3301 1906 3336 :

444 3379 906 3449 quemadmodum
957 3380 1083 3443 ille,
1134 3387 1193 3432 ut
1255 3377 1685 3432 Atheniensibus
1747 3376 2023 3444 placeret,

447 3470 725 3523 liberalior
762 3476 882 3524 erat
939 3475 1102 3537 atque
1146 3466 1603 3537 magniﬁcentior,
1648 3473 1704 3521 et
1730 3474 2024 3535 prOpterca

448 3561 599 3629 regni
629 3560 714 3614 sui
746 3559 1018 3615 theatrum
1050 3559 1292 3618 Athenas
1340 3573 1621 3628 nunquam
1650 3574 1758 3612 non
1788 3558 2029 3627 appella-

449 3654 564 3714 bat,
601 3651 790 3707 eodem
823 3651 988 3705 modo
1021 3659 1077 3706 tu
1111 3665 1331 3721 quoque
1358 3667 1460 3706 nos
1493 3651 1703 3721 aliquid
1729 3665 1851 3704 esse
1879 3652 2028 3704 arbi-

424 3753 651 3808 tratus,
686 3745 938 3814 quamvis
987 3744 1122 3798 nihil
1167 3745 1365 3808 simus,
1411 3753 1594 3798 tamen
1637 3754 1862 3814 propter
1885 3744 2027 3798 idem

446 3839 756 3893 litterarum
797 3836 1062 3899 studium,
1111 3845 1166 3892 et
1211 3844 1431 3908 propter
1479 3837 1628 3906 ipsas
1671 3836 1934 3897 Athenas,
1967 3851 2031 3890 ac

450 3939 714 3999 praeterea
757 3945 1078 3986 communes
1130 3929 1456 4001 eloquentia:
1497 3935 1752 3998 parentes
1799 3929 2027 3992 veritus,

449 4025 518 4077 da
570 4039 791 4093 operam
849 4031 907 4077 ut
962 4023 1226 4093 praeclaro
1294 4021 1531 4076 Pronoio
1585 4021 1893 4075 litterarum
1967 4035 2032 4074 ac

451 4117 715 4170 doctrina:
747 4115 989 4170 studium
1021 4114 1393 4185 conduplices.
1436 4114 1670 4169 Omnino
1708 4113 1764 4167 id
1791 4113 1936 4183 quod
1975 4113 2030 4167 in

453 4205 854 4259 adolescentem
890 4204 1210 4267 contuleris,
1241 4203 1296 4257 in
1328 4218 1428 4258 nos
1452 4203 1725 4270 conteres,
1761 4204 1854 4272 qui
1881 4213 1934 4260 et
1964 4205 2031 4258 ad

455 4296 831 4364 accipiendum
883 4294 1205 4349 beneﬁcium
1264 4295 1441 4350 idonei
1487 4311 1698 4359 suu'ius,
1743 4303 1795 4348 et
1835 4296 2033 4349 oratio-

526 4452 637 4521 (65)
680 4453 739 4502 '0
764 4450 922 4516 παρὰ
966 4449 1084 4521 τῶν
1111 4450 1258 4504 σῶν.
1298 4449 1374 4503 Ita
1415 4451 1575 4505 codd.
1627 4449 1759 4520 Ileg.
1790 4449 1850 4503 Β.
1886 4452 1943 4515 5,
1969 4466 2034 4506 ac

451 4520 698 4577 Cmnbel’.
730 4521 784 4572 In
809 4521 942 4573 edit.
971 4523 998 4572 6
1022 4520 1194 4575 deest.

527 4590 636 4661 (66)
673 4593 963 4661 Ἔλεγχος
995 4589 1305 4654 τοσοῦτος.
1339 4591 1413 4643 Ita
1448 4589 1568 4643 cod.
1611 4598 1664 4644 et
1692 4588 1939 4644 Combel.
1974 4588 2031 4644 In

455 4657 586 4715 edit.
620 4657 838 4730 ἔλεγχος
859 4657 1013 4721 οὗτος

524 4732 637 4799 (67)
675 4727 790 4798 Τῆς*
817 4732 1019 4799 φιλίας
1041 4729 1374 4800 ὅρῳνᾎϐοά.
1397 4728 1495 4800 τῆς
1520 4727 1835 4798 φιλοσοφίας
1869 4729 2030 4800 ὅρων.

456 4797 578 4856 Mox
600 4801 759 4854 τοῦτο
787 4797 940 4856 deest
967 4803 1018 4853 in
1045 4797 1171 4852 eod.
1207 4797 1360 4853 Pass.

529 4872 640 4941 (68)
680 4871 788 4924 Kal
826 4869 1274 4941 (Ιαυμαστὰωκοιὶ
1307 4867 1924 4941 ἱκανὰ-(συναρπάσαι.
1957 4867 2030 4941 Ita

458 4938 705 4996 Combel'.
757 4950 812 4994 et
860 4938 946 4996 sic,
990 4941 1117 5009 legit
1146 4938 1267 4993 Bill.
1321 4941 1380 4993 In
1431 4939 1563 4993 edit.
1600 4941 1694 4991 καὶ
1731 4939 1889 4991 ἱκανὰ
1939 4940 2031 4991 καὶ

458 5012 557 5062 (λαυ
566 5011 744 5081 μαστὰ
776 5011 1117 5081 συναρπάσαι
1128 5047 1138 5061 .

533 5077 643 5150 (69)
695 5077 967 5146 Ἀνάξιὸς
1004 5079 1280 5150 gamma.
1305 5078 1440 5150 Cod.
1470 5086 1540 5150 _et
1570 5077 1817 5150 Combel‘.
1844 5077 2030 5150 φαίνε-

457 5167 569 5204 ται.
605 5147 737 5203 Cod.
778 5153 906 5217 Ileg.
940 5147 1286 5216 ἂνφάνηται.
1310 5149 1444 5202 Cod.
1468 5147 1619 5202 Pass.
1659 5147 1725 5200 ἂν
1757 5148 2022 5216 φαίνεται.

530 5221 644 5284 (70)
698 5219 849 5272 Alias
891 5217 1269 5272 CLXXXVIII.
1321 5217 1536 5286 Scripta
1591 5232 1736 5272 anno
1816 5217 2038 5271 circiter

465 5290 584 5344 584.
625 5317 695 5358 έ-
726 5290 1057 5358 Σταγειρίῳ.
1084 5289 1393 5358 (Σούηιῖθιξ.
1429 5287 1590 5349 2022,
1627 5288 1965 5358 Στρατηγίῳ.

532 5357 645 5428 (71)
690 5356 921 5423 Τυποῖς.
964 5361 1037 5410 Ita
1067 5360 1191 5411 cod.
1230 5357 1366 5412 1405
1405 5366 1459 5412 et
1489 5360 1625 5412 alter
1660 5356 1818 5428 Reg,
1851 5356 2038 5426 sicque

465 5430 592 5497 legit.
627 5428 748 5479 ιιειι.
782 5428 838 5480 In
875 5429 1005 5481 edit.
1042 5430 1253 5489 τυπείς.

534 5498 644 5567 (7‘2)
683 5497 791 5567 Kal
834 5499 1154 5567 τοσοῦτον,
1184 5497 1355 5567 ὅσον.
1400 5495 1479 5551 lta
1518 5499 1641 5552 cod.
1682 5498 1844 5560 9.022,
1878 5506 1930 5550 et
1965 5497 2028 5548 Ii.

461 5581 522 5620 ac
545 5565 798 5621 Combef.
832 5566 888 5618 In
921 5567 1051 5620 edit.
1085 5568 1177 5618 καὶ
1209 5565 1480 5629 τοσοῦτον,
1517 5567 1678 5619 ὥστε.

534 5639 645 5708 (75)
685 5636 832 5692 Alias
881 5636 1014 5690 CXI.
1071 5635 1285 5704 Scripta
1334 5635 1523 5689 eodem
1579 5638 1715 5692 forte
1767 5654 1908 5690 anno
1947 5636 2027 5690 \‘el

1955 3301 2020 3339 ac
2046 3295 2089 3351 ο
2194 3283 2448 3354 Μίμησαί
2496 3298 2586 3352 μοι
2632 3280 2726 3334 τὸν
2786 3279 3153 3352 Ἀλέξανδρον,
3197 3273 3243 3334 ὦ
3285 3280 3574 3350 θαυμάσιε·
3617 3279 3716 3331 καὶ

2130 3374 2320 3445 ὥσπερ
2367 3375 2573 3436 ἐκεῖνος
2616 3372 2681 3425 ἵν’
2717 3371 3020 3443 ’Λθηναίοις
3058 3372 3252 3444 ἀρέσῃ,
3304 3369 3714 3440 φιλοτιμότερος

2129 3461 2219 3536 ἦν,
2249 3465 2338 3518 διὰ
2357 3464 2530 3517 ταῦτά
2548 3480 2628 3516 τοι
2653 3463 2764 3532 (74)
2785 3463 2878 3516 καὶ
2894 3461 3121 3532 θέατρον
3149 3461 3236 3515 ἀεὶ
3264 3463 3362 3531 τῆς
3389 3460 3714 3529 ὲαυτοῦ(75)

2133 3557 2408 3628 βασιλείας
2452 3556 2552 3618 τὰς
2599 3555 2830 3624 Ἀθήνας
2880 3552 3182 3623 ὠνόμαζεν,
3226 3553 3368 3606 οὓτω
3407 3553 3494 3605 καὶ
3546 3544 3610 3604 σὺ
3651 3552 3719 3605 τὸ

2132 3647 2254 3701 καθ’
2291 3649 2440 3718 ἡμᾶς
2488 3642 2629 3700 εἷναί
2669 3645 2782 3716 (76)
2823 3661 2876 3697 τι
2912 3643 3172 3714 νομίσας,
3217 3645 3266 3695 εί
3315 3654 3406 3695 και
3454 3643 3713 3712 μηδαμῆ,

2132 3740 2244 3794 ἀλλ’
2295 3740 2328 3810 ἢ
2368 3739 2477 3792 τῶν
2513 3738 2685 3807 λόγων
2727 3739 2908 3790 εἵνεκα
2940 3737 3032 3790 καὶ
3075 3736 3182 3789 τῶν
3236 3737 3471 3807 Ἀθηνῶν
3510 3737 3714 3802 αὐτῶν,

2133 3831 2271 3900 πρὸς
2300 3830 2356 3883 δὲ
2389 3830 2482 3882 καὶ
2515 3829 2639 3891 τοὺς
2673 3839 2885 3891 κοινους
2922 3828 3162 3898 πατέρας
3193 3828 3303 3880 τῶν
3333 3827 3506 3895 λόγων
3533 3827 3716 3880 αἰδού-

2136 3940 2322 3993 μενος,
2357 3920 2704 3976 διπλασιάσαι
2743 3918 3124 3991 προθυμήθητι
3163 3919 3241 3990 τῷ
3281 3918 3431 3990 καλῷ
3472 3921 3718 3991 Προνοῖῳ

2133 4012 2231 4083 τὴν
2265 4011 2392 4083 περὶ
2423 4011 2612 4080 λόγους
2644 4011 2902 4082 σπουδήν.
2932 4009 3154 4072 Πάντως
3182 4011 3211 4063 ὅ
3237 4028 3289 4062 τι
3312 4009 3377 4062 ἂν
3399 4009 3718 4079 εἰσενέγκῃς

2133 4105 2211 4172 τῷ
2240 4105 2364 4174 νέῳ,
2397 4107 2530 4174 ἡμῖν
2561 4103 2718 4157 τοῦτο
2754 4104 3025 4164 εἰσοίσεις,
3065 4103 3114 4156 οἳ
3153 4103 3248 4154 καὶ
3281 4100 3472 4154 παθεῖν
3507 4101 3617 4170 (77)
3651 4097 3716 4154 εὖ

2133 4196 2446 4267 ἐπιτήδειοι,
2483 4197 2578 4249 καὶ
2621 4195 2793 4263 λόγων
2836 4197 3118 4248 ἐπαινέται
3157 4198 3286 4258 ἴσως
3325 4195 3386 4246 οὐ
3425 4194 3632 4262 φαῦλον
3664 4196 3719 4248 εἰ

2137 4288 2232 4339 καὶ
2261 4286 2556 4356 κατωτέρω
2588 4286 2916 4355 σοφιστικῶν
2951 4286 3153 4357 θρόνων
3175 4285 3481 4356 καθήμεθα.
3505 4285 3717 4357 σιωπῆς

2137 4445 2299 4498 etiam
2333 4443 2626 4509 superiori.

2209 4512 2333 4583 (74)Δ
2361 4512 2809 4583 Φιλιῃιμότερος
2837 4509 2935 4582 ἦν,
2968 4511 3068 4583 διὰ
3093 4511 3278 4564 ταῦτὰ
3302 4511 3520 4583 toc.__|ta
3549 4511 3714 4568 codd.

2138 4579 2270 4651 Reg.
2303 4581 2364 4634 Β.
2401 4583 2454 4643 5,
2493 4579 2557 4651 R_.
2592 4590 2645 4635 et
2674 4579 2919 4636 Cmnbel‘.
2953 4584 3022 4634 At
3050 4582 3285 4636 Montac.
3320 4589 3373 4635 et
3409 4581 3593 4633 Morel.
3628 4599 3722 4649 φι-

2068 4659 2112 4713 D
2141 4647 2486 4734 λοτίμύτερος
2527 4647 2594 4721 ἧν
2631 4651 2804 4734 ταῦτα
2831 4669 2956 4734 ’σοι.
3010 4650 3065 4734 I‘n
3100 4647 3719 4734 edit._fpti.ot':poopsoo;

2139 4719 2208 4794 ἦν
2235 4719 2405 4792 ταύτῂ
2435 4719 2706 4790 τοιίψιοά
2742 4722 2865 4794 Ilill.
2899 4741 2911 4794 ι
2949 4721 3348 4794 Atheniensibus
3370 4719 3574 4794 placere
3603 4731 3721 4794 stn-

2140 4791 2287 4851 dens,
2309 4791 2585 4860 propterea
2604 4793 2748 4861 regni
2765 4792 2847 4844 sui
2867 4793 3128 4845 theatrum
3142 4791 3368 4844 Athenas
3391 4791 3714 4858 appellabat.

2143 4862 2333 4916 Melius
2371 4862 2527 4926 forte,
2565 4860 2842 4932 magnifice
2889 4860 3123 4914 liberalis
3155 4871 3290 4925 erat,
3329 4877 3391 4912 ac
3415 4872 3715 4928 propterea,

2139 4944 2243 4986 etc.

2211 5002 2321 5072 (75)
2370 5001 2484 5068 Τῆς
2508 5001 2747 5055 ἑαυτοῦ.
2779 4999 2854 5053 Ita
2889 4999 3011 5054 cod.
3052 4999 3287 5054 Montac.
3333 5009 3387 5053 ct
3435 4998 3619 5052 Morel.
3661 5001 3718 5054 In

2135 5074 2264 5126 edit.
2297 5072 2480 5124 αὐτοῦ.

2209 5143 2320 5211 (76)
2367 5142 2436 5194 Τὸ
2461 5144 2587 5197 καθ’
2617 5139 2771 5209 ἡμᾶς
2798 5137 2969 5194 εἶναι.
3014 5138 3087 5192 Ita
3116 5138 3236 5191 cod.
3269 5148 3322 5191 et
3350 5138 3592 5211 (Σςιιιιιξρί.
3622 5140 3718 5207 qui

2143 5209 2318 5266 reddit
2351 5231 2364 5266 :
2400 5211 2487 5265 Stc
2531 5211 2972 5280 quemadmodum
3024 5211 3203 5277 aliquo
3249 5226 3340 5262 nos
3387 5209 3616 5280 habuisti
3665 5211 3720 5261 in

2142 5299 2376 5344 numero,
2411 5278 2712 5350 quatiquati:
2762 5282 2910 5332 nulla
2947 5281 3053 5332 alia
3088 5280 3291 5333 ratione
3318 5295 3476 5347 qnam
3507 5278 3718 5330 littera-

2143 5369 2293 5410 rum,
2350 5355 2688 5420 ipsarumque
2733 5351 3055 5404 Athenarum
3105 5367 3302 5411 causa,
3353 5365 3414 5400 ac
3461 5358 3720 5413 pra-terea

2142 5423 2496 5474 communium
2536 5422 2852 5484 litterarum,
2875 5431 3151 5487 parentum
3201 5420 3485 5472 reverentia
3521 5429 3712 5470 motus.

2144 5493 2196 5544 In
2228 5492 2355 5544 edit.
2392 5491 2452 5543 τό
2483 5491 2654 5546 deest.

2211 5561 2323 5627 (77)
2359 5561 2426 5611 Οἳ
2451 5561 2545 5614 καὶ
2590 5559 2814 5613 παθεῖν.
2860 5558 3093 5613 Montac.
3141 5566 3194 5613 et
3227 5557 3415 5613 Morel.
3454 5558 3501 5610 οἳ
3536 5557 3626 5611 καὶ
3658 5554 3720 5609 τὸ

2143 5632 2350 5684 παθεῖν.
