4024 6206
525 230 629 284 519

525 339 919 410 ignoscendum
960 357 1268 412 propensus

523 433 632 493 cio,
664 432 758 487 sed
801 433 962 485 etiam
991 441 1146 487 certo
1188 433 1320 488 mibi
1361 432 1686 502 persuadeo.
1717 431 1890 500 Atque
1914 442 1970 485 ut
2005 431 2088 484 in-

525 520 757 590 telligas,
792 531 1058 590 quantum
1090 523 1344 591 probitati
1386 532 1440 576 et
1468 521 1792 591 benignitati
1826 531 1931 575 tuae
1956 536 2087 575 con-

525 611 707 678 ﬁdam,
733 628 802 667 en
850 614 1172 682 legationem
1212 628 1432 682 quoque
1471 612 1632 667 nobis
1678 612 1962 666 admodum
1993 626 2088 666 ne-

524 704 822 756 cessariam
873 705 968 787 toibi
1015 704 1211 768 oll'ero,
1260 711 1424 772 atque
1471 718 1502 756 a
1547 711 1640 756 tua
1685 702 1924 756 amicitia
1953 702 2088 753 ami-

525 809 716 845 corum
767 793 940 847 cilicia
981 795 1214 864 postulo.
1253 793 1577 848 Nicobulum
1621 808 1798 846 meum
1831 791 1898 846 de
1926 806 2088 844 manu

526 899 643 938 mea
678 884 776 936 tibi
815 900 938 938 cum
973 885 1233 940 fratribus
1264 886 1381 940 suis
1431 885 1607 949 trado,
1652 899 1761 938 non
1806 891 1867 938 ut
1898 897 2090 953 ptenas

523 973 636 1033 det,
659 974 751 1026 sed
773 982 830 1026 ut
853 984 1054 1039 sumat,
1077 976 1408 1043 viduamque
1425 974 1588 1027 citius
1605 987 1768 1042 quam
1781 973 2088 1042 oportebat,

522 1078 711 1117 eorum
767 1074 993 1120 matrem
1037 1077 1090 1121 et
1129 1067 1348 1121 domum
1388 1066 1661 1136 quondam
1718 1065 1983 1119 illustrem
2035 1069 2091 1117 et

521 1155 912 1223 conspicuam,
957 1172 1080 1210 cum
1137 1165 1416 1226 superstes
1463 1155 1620 1210 nobis
1657 1161 1820 1218 esset,
1853 1153 2085 1222 insignis

521 1243 606 1296 vir
652 1243 992 1308 Nicobulus;
1052 1262 1196 1300 nunc
1248 1255 1428 1301 autem
1481 1247 1554 1299 ita
1607 1247 1882 1307 miseram,
1922 1253 2088 1297 utne

522 1334 736 1403 lugendi
756 1336 975 1405 quidem
1007 1345 1247 1405 potestas
1271 1337 1373 1406 ipsi
1397 1337 1537 1390 facta
1556 1338 1650 1395 sit.
1670 1344 1782 1388 tum
1807 1335 1879 1389 ob
1901 1342 2090 1389 exorta

517 1427 629 1493 jam
661 1430 824 1491 mala,
854 1437 964 1482 tum
993 1431 1062 1484 ob
1090 1430 1473 1499 impendentia,
1509 1430 1610 1483 nisi
1653 1429 1749 1482 tibi
1773 1443 1837 1481 ac
1865 1435 1970 1480 tua:
1999 1425 2089 1494 ju-

521 1519 687 1571 stitiaa
725 1519 899 1572 visum
937 1519 1102 1574 fuerit
1137 1520 1398 1574 adversus
1429 1521 1631 1572 malum
1680 1519 1982 1573 daemonem
2037 1518 2093 1570 in

1747 227 1801 280 S.
1841 224 2168 281 GREGOR"
2201 225 2292 280 ΤΗ
2301 226 2544 282 Εοιοοι

1321 359 1336 397 :
1387 357 1488 397 nec
1535 342 1639 396 boc
1672 347 1881 394 tantmn
1917 340 2088 408 conji-

2199 341 2301 394 Καὶ
2351 342 2416 394 ἵν’
2469 341 2614 410 εἰδῇς
2645 339 2755 409 (‘29)
2797 340 2917 392 ὅσον
2962 337 3148 408 0αρρῶ
3174 340 3240 410 τῇ
3275 340 3340 409 σῇ
3366 339 3756 412 καλοκαγαθεᾳ,

3656 229 3756 285 5⁸20

2197 433 2304 486 ίδοὺ
2335 433 2428 485 καὶ
2458 431 2751 502 πρεσϐείαν
2781 430 3039 501 προσάγω
3067 446 3178 489 σοι,
3217 429 3418 499 σφόδρα
3438 431 3569 498 ἡμῖν
3593 430 3729 496 ἀναγ

2193 524 2374 586 καίαν,
2425 522 2681 593 καὶπρὸς
2719 521 2819 591 τῆς
2865 521 2956 590 σῆς
3006 519 3185 588 φιλίας
3215 520 3325 587 (50)
3367 519 3501 571 αίτῶ
3545 519 3615 571 τά
3651 520 3757 571 τῶν

2192 614 2382 682 φίλων.
2452 614 2557 666 Τὸν
2599 613 2730 682 ἐμὸν
2776 610 3101 664 Νικόϐουλον
3147 609 3252 662 ἀπὸ
3294 610 3391 678 τῆς
3413 609 3551 679 ἐμῆς
3583 608 3758 672 δεξιᾶς

2193 703 2483 774 ἐγχειρίζω
2513 720 2595 755 σοι
2627 702 2722 754 σὺν
2761 705 2873 764 τοῖς
2911 699 3177 766 ἀδελφοῖς,
3209 697 3271 750 ού
3320 695 3558 748 δώσοντα
3582 696 3755 764 δίκην,

2195 795 2332 849 ἀλλὰ
2355 793 2660 864 ληψόμενον
2682 833 2697 857 ,
2750 790 2844 843 καὶ
2877 791 3050 860 χήραν
3084 787 3260 859 ἄωρον
3289 787 3402 857 (51)
3426 786 3526 856 τὴν
3555 785 3758 838 τούτων

2199 885 2441 957 μητέρα,
2490 883 2584 937 καὶ
2608 880 2787 936 οἰκίαν
2831 880 2962 934 ποτέ
3011 880 3122 950 (52)
3167 878 3425 949 λαμπρὰν
3462 872 3628 930 οὖσαν
3666 878 3761 929 καὶ

2194 975 2531 1030 ἀπόδλεπτον
2551 1015 2565 1038 ,
2610 972 2717 1036 ἓως
2747 972 2940 1042 περιῆν
2968 972 2994 1023 ὁ
3023 969 3190 1032 πολὺς
3234 969 3364 1040 ἡμῖν
3402 966 3754 1029 Νικόϐουλοςο

2194 1067 2290 1122 νῦν
2333 1066 2392 1120 δὲ
2432 1065 2554 1118 οὐδὲ
2603 1064 2868 1132 πενθῆσαι
2914 1060 3400 1131 συγχωρηθεῖσαν,ο
3427 1059 3493 1110 ἐκ
3526 1058 3633 1110 τῶν
3658 1057 3760 1127 ἤδη

2190 1155 2574 1226 ἀναφανέντων
2601 1153 2711 1223 (55)
2757 1151 2968 1214 κακῶν,
3016 1151 3110 1203 καὶ
3159 1147 3657 1220 προσδοκωμένων,
3709 1145 3758 1199 εἰ

2195 1247 2271 1320 μὴ
2315 1247 2399 1301 σοί
2446 1264 2506 1299 τε
2555 1244 2868 1316 παρασταίη
2905 1243 3000 1296 καὶ
3043 1241 3154 1312 (54)
3199 1243 3266 1310 τῇ
3308 1243 3372 1309 σῇ
3420 1239 3546 1311 δίκῃ
3571 1237 3760 1306 στῆναι

2194 1338 2332 1409 πρὸς
2358 1339 2452 1391 τὸν
2496 1335 2732 1407 πονηρὸν
2760 1334 2987 1403 δαίμονα
3007 1371 3022 1393 ,
3073 1332 3167 1386 καὶ
3192 1331 3339 1401 ἡμᾶς
3367 1330 3592 1399 τιμῆσαι
3623 1326 3756 1394 (35),

2194 1429 2289 1482 καὶ
2315 1429 2375 1482 τὸ
2405 1428 2744 1499 ἀνθρώπινον
2774 1425 3112 1493 αἰδεσθῆναι,
3147 1423 3240 1474 κα)¹
3269 1419 3525 1491 λαμπράν
3551 1415 3759 1484 σεαυτῷ

2199 1518 2422 1588 ποιῆσαι
2451 1517 2551 1587 τὴν
2574 1515 2748 1586 ἀρχὴν
2780 1512 2870 1564 διὰ
2895 1512 2992 1580 τῆς
3018 1512 3094 1574 είς
3122 1510 3270 1580 ἡμᾶς
3295 1507 3558 1569 εὐποιίας.

523 1609 805 1674 procinctu
833 1616 1000 1673 stare,
1033 1626 1245 1678 nosque
1274 1610 1480 1664 honore
1509 1609 1722 1663 allicere
1743 1648 1758 1670 ,
1794 1616 1958 1677 atque
1981 1606 2344 1661 humanarum
2375 1622 2561 1661 rerum
2608 1604 2902 1675 fragilitate
2927 1600 3152 1664 moveri,
3184 1598 3502 1667 clarumque
3532 1602 3586 1649 et
3613 1593 3758 1648 cele-

521 1701 674 1755 brem
743 1703 842 1756 tibi
911 1702 1014 1770 ipsi
1062 1704 1439 1774 magistratum
1499 1712 1649 1758 tuum
1719 1717 1814 1772 per
1869 1700 2288 1757 beneficentiam
2346 1715 2476 1771 erga
2531 1715 2631 1752 nos
2665 1695 2916 1752 reddere.

973 1817 1204 1873 CXCVI.
1259 1817 1613 1875 ECEBOLIO.

2611 1814 2782 1879 νισι.
2827 1804 3172 1879 annumin
3210 1804 3346 1875 (36).

596 1936 841 2004 Ejusdem
879 1938 1174 2006 argumenti
1194 1947 1241 1990 et
1269 1938 1514 2005 temporis
1541 1953 1602 1988 uc
1637 1935 2002 2006 superiortest
2025 1935 2134 1987 ha'c
2161 1935 2407 2004 epistola,
2437 1934 2494 1987 in
2521 1950 2624 2002 qua
2657 1928 2906 1984 Nicobuli
2936 1941 3149 2006 uxorem
3168 1965 3182 1987 ,
3213 1921 3602 2006 ejusque-ﬁlios
3632 1920 3760 2006 Iace-

522 1989 659 2059 bnlib
689 1989 1036 2076 commendat.
1075 1989 1301 2060 Morbus
1323 1989 1425 2076 quo
1451 2005 1673 2059 detineri
1702 1989 1758 2059 'se
1791 2007 1873 2076 ait
1888 1989 2202 2076 ’ϐινεῃοζίιιεεξ
2229 2006 2319 2058 ille
2351 1989 2458 2074 ipse
2484 1989 2582 2065 est,
2615 2018 2716 2073 quo
2741 2009 3007 2065 correptus
3047 1996 3148 2064 fuit
3175 1989 3291 2062 post
3315 1989 3610 2046 electionem
3647 1989 3758 2042 Eu-

519 2077 656 2132 lalii.
701 2075 775 2128 De
802 2076 982 2129 eadem
1015 2079 1252 2146 queritur
1282 2074 1342 2128 in
1363 2077 1516 2145 epist.
1553 2076 1675 2138 107,
1708 2076 1828 2137 160,
1859 2075 1962 2128 178
1989 2086 2037 2128 et
2060 2074 2188 2126 254.

593 2188 868 2242 Adversus
911 2190 1179 2258 meipsum
1219 2191 1472 2243 nonnihil
1518 2190 1861 2254 exclamabo,
1898 2204 1961 2241 ac
1986 2189 2087 2242 do-

2263 2187 2536 2257 Βοήσομαί
2566 2203 2617 2238 τι
2645 2183 2766 2238 κατ’
2796 2180 3065 2253 ἐμαυτοῦ⁸
3110 2179 3206 2232 καὶ
3234 2173 3531 2244 συγγνώμη
3561 2171 3640 2242 τῷ
3667 2171 3758 2223 ἀλα

521 2278 651 2330 lenti
701 2279 1090 2347 ignoscendum
1151 2288 1275 2344 est,
1336 2295 1401 2334 ea
1459 2294 1578 2350 qua:
1641 2279 1874 2333 dolentis
1927 2286 2090 2341 sunt,

525 2367 787 2436 loquenti.
847 2365 892 2419 0
942 2381 1107 2435 prava
1151 2375 1205 2421 et
1247 2369 1481 2438 maligna
1524 2369 1846 2430 caruncula,
1891 2368 2092 2435 quibus

521 2472 609 2511 me
650 2457 810 2509 malis
848 2455 1054 2511 allicis!
1105 2473 1355 2526 quaenam
1419 2457 1633 2512 clﬁcisi
1685 2456 1741 2510 In
1791 2461 2095 2526 prepinquo

522 2546 607 2597 vir
653 2553 790 2610 erat,
849 2560 1011 2613 quem
1058 2546 1222 2599 etiam
1274 2547 1460 2614 procul
1520 2556 1787 2600 remotum
1842 2544 2093 2615 persequi

523 2634 853 2703 cumprimis
889 2635 1195 2704 oportebat,
1230 2644 1344 2689 tum
1370 2636 1491 2705 ejus
1511 2637 1732 2690 virtutis
1757 2651 1945 2701 causa,
1987 2651 2094 2704 qua

525 2740 726 2794 praeses
765 2726 921 2786 nitet,
966 2733 1081 2779 tum
1115 2726 1186 2781 ob
1219 2734 1471 2780 caeteram
1516 2727 1992 2781 mansuetudinem
2040 2735 2095 2782 et

525 2816 828 2871 lenitatem.
870 2815 950 2868 Tu
988 2832 1118 2870 vero
1163 2818 1302 2870 male
1336 2833 1400 2870 ac
1447 2817 1840 2886 propemodum
1883 2817 2095 2887 torpide

523 2915 576 2959 te
607 2907 792 2969 babes,
836 2921 944 2959 nec
994 2907 1091 2959 tibi
1126 2908 1421 2976 quidquam
1453 2923 1601 2961 cura:
1639 2917 1745 2970 est,
1782 2909 1924 2976 quod
1973 2908 2094 2963 aliis

521 2997 627 3050 boc
671 2997 812 3051 bono
868 2998 1193 3060 l'ruentibus,
1229 2999 1329 3068 ipsi
1360 3014 1664 3054 careamus.
1701 3001 1876 3068 Atque
1903 2999 2095 3069 hujus-

522 3087 668 3141 Inodi
715 3098 902 3143 nostra
939 3100 1024 3143 est
1070 3091 1372 3144 accusatio.
1406 3089 1679 3153 Quoniam
1723 3098 1934 3153 autem,
1969 3106 2092 3159 qua:

524 3175 780 3242 patimur,
803 3176 1090 3246 deplorare
1117 3178 1340 3232 minime
1373 3179 1598 3243 sulticit,
1629 3195 1814 3233 verum
1855 3179 2093 3234 medica-

524 3273 767 3320 mentum
799 3269 962 3321 ctiam
1003 3269 1277 3337 quoddam
1318 3270 1533 3323 vulneri
1578 3269 1948 3323 adhibendum
1981 3275 2092 3331 est,

526 3358 629 3412 hoc
658 3359 994 3423 invenimus,
1035 3361 1292 3416 nimirum
1336 3371 1394 3415 ut
1429 3362 1572 3416 banc
1616 3362 1903 3431 epistolam
1952 3363 2091 3417 scri-

525 3450 653 3504 bere
683 3450 1006 3511 audeamus,
1051 3467 1114 3505 ac
1140 3452 1489 3521 praesentiam
1521 3467 1617 3522 per
1651 3453 1861 3509 litteras
1893 3453 2088 3507 adum-

2196 2277 2379 2345 γοῦντι
2422 2276 2492 2330 τὰ
2530 2274 2821 2342 ἀλγοῦντος
2863 2270 3196 2341 φθέγξασθαι
3240 2267 3376 2326 (57).
3428 2261 3498 2316 Ὦ
3539 2263 3759 2341 σαρκίον

2195 2367 2430 2437 πονηρὸν
2468 2366 2563 2420 καὶ
2593 2363 2891 2434 κακόηθες,
2934 2359 3025 2415 οἶά
3053 2378 3122 2436 με
3151 2363 3300 2418 κακά
3330 2363 3494 2434 δρᾷςί
3547 2357 3634 2414 οἷα
3668 2363 3758 2431 ἐρ-

2193 2456 2336 2529 γάζῃ
2367 2457 2513 2526 (58)!
2567 2457 2765 2524 Ἐγγύς
2791 2454 2959 2528 ἀνὴρ,
3006 2457 3066 2509 ὃν
3093 2457 3186 2509 καὶ
3215 2455 3402 2526 πόρρω
3431 2454 3760 2522 τυγχάνοντα

2199 2549 2552 2622 μεταδιώκειν
2581 2547 2689 2601 τῶν
2717 2549 3028 2619 ἀναγκαίων
3050 2545 3138 2620 ἦν,
3166 2549 3268 2617 τῆς
3292 2565 3350 2600 τε
3375 2548 3604 2618 ἀρχικῆς
3633 2548 3761 2618 ἀρε-

2191 2643 2294 2712 τῆς
2325 2642 2509 2694 εἵνεκα
2543 2640 2653 2710 (39)
2674 2683 2688 2706 ,
2728 2643 2822 2694 καὶ
2855 2641 2953 2710 τῆς
2985 2641 3150 2711 ἄλλης
3183 2639 3538 2711 ἡμερότητος.
3595 2639 3669 2692 Σὺ
3702 2638 3762 2692 δὲ

2195 2732 2445 2802 πονηρῶς
2475 2731 2620 2802 ἔχεις
2639 2772 2654 2791 ,
2696 2731 2789 2785 καὶ
2824 2731 3009 2802 σχεδὸν
3041 2733 3338 2800 ἀκινήτως,
3381 2731 3475 2784 καὶ
3504 2731 3761 2800 περιορᾷς

2194 2820 2388 2883 ἄλλους
2414 2820 2508 2873 τοῦ
2532 2819 2737 2888 ἀγαθοῦ
2769 2820 3302 2890 μεταλαμϐάνοντας,
3336 2819 3484 2889 ἡμᾶς
3516 2819 3573 2872 δὲ
3602 2819 3762 2887 ζημι-

2194 2913 2478 2983 ουμένους.
2553 2913 2632 2965 Τὰ
2689 2913 2787 2983 μὲν
2841 2908 2934 2964 οῦν
2981 2913 3078 2980 τῆς
3129 2911 3467 2981 κατηγορίας
3517 2911 3758 2962 τοιαῦτα.

2207 3004 2362 3056 Ἐπεὶ
2392 3004 2450 3057 δὲ
2490 3004 2589 3056 οὐκ
2627 3003 2848 3072 ἐξαρκεῖ
2888 3003 2952 3055 τὸ
2987 3001 3360 3073 ἀποδύρασθαι
3391 3003 3551 3071 μόνον
3587 3000 3623 3054 ἃ.
3659 3001 3764 3054 πά-

2193 3111 2414 3165 σχομεν,
2472 3093 2608 3147 ἀλλά
2634 3093 2714 3146 δεῖ
2743 3093 2834 3145 καί
2872 3109 3017 3155 τινος
3044 3091 3334 3162 φαρμάκου
3363 3091 3473 3161 (40)
3503 3091 3639 3162 πρὸς
3663 3091 3766 3160 τὴν

2193 3185 2446 3255 πληγὴν,
2491 3184 2650 3237 τοῦτο
2692 3183 3018 3254 ἐξεύρομεν,
3076 3181 3138 3235 τὸ
3176 3181 3450 3253 θαρρῆσαι
3489 3183 3624 3252 πρὸς
3665 3183 3769 3252 τὴν

2192 3274 2481 3346 ἐπιστολὴν
2528 3273 2730 3344 ταύτην
2785 3273 2931 3344 (ιι),
3006 3273 3100 3325 καὶ
3134 3274 3248 3334 τοῖς
3283 3271 3571 3343 γράμμασι
3611 3288 3770 3324 σκια-

2194 3365 2479 3437 γραφῆσαι
2509 3365 2606 3435 τὴν
2639 3364 2959 3437 παρουσίαν.
3024 3364 3089 3416 Εἰ
3133 3363 3190 3416 δὲ
3242 3364 3338 3416 καὶ
3385 3363 3447 3415 τὸ
3479 3360 3538 3416 εὖ
3590 3366 3770 3416 ποιεῖν

2198 3457 2348 3526 ἡμᾶς
2377 3454 2673 3526 ἐπιζητεῖς,
2711 3455 2888 3525 βρύων
2924 3454 2986 3507 τὸ
3017 3454 3221 3522 ἀγαθὸν
3249 3453 3378 3524 (42),
3417 3454 3771 3524 προσάγομεν

524 3540 768 3594 bremus.
794 3540 950 3606 Quod
983 3541 1027 3595 si
1058 3541 1125 3596 de
1159 3541 1321 3597 nobis
1347 3559 1566 3612 quoque
1599 3543 1857 3613 praeclare
1898 3545 2094 3599 mereri

2200 3545 2528 3618 θαρροῦντες
2553 3545 2727 3598 οἰκίαν
2760 3543 2997 3615 ἐλεεινὴν
3029 3545 3124 3597 καὶ
3148 3543 3554 3616 φιλανθρωπίας
3582 3542 3765 3607 ἀξίαν,

522 3632 713 3686 studes
760 3642 815 3687 et
869 3634 1113 3702 expetis,
1167 3633 1551 3692 virbonitate
1613 3643 1852 3701 scatens,
1906 3633 2093 3689 ﬁdenti

523 3723 708 3777 animo
739 3723 1117 3779 calamitosam
1163 3731 1384 3778 domum
1427 3739 1492 3777 ac
1528 3725 1903 3780 misericordia
1938 3726 2094 3797 162

519 3815 739 3884 dignam
772 3815 871 3870 tibi
901 3814 1199 3880 oﬂ‘erimus,
1227 3815 1447 3870 viduam
1488 3831 1552 3871 ac
1583 3816 1814 3887 pupillos
1839 3818 2092 3887 lacrymis

522 3905 701 3960 adhuc
726 3907 988 3970 calentes,
1029 3921 1295 3968 sororem,
1339 3906 1584 3976 inquam,
1617 3913 1829 3969 'meam,
1865 3908 2094 3978 ejusque

525 3999 750 4060 liberos,
787 3999 879 4068 qui
920 3999 1092 4069 probo
1127 4007 1282 4069 patre
1323 4000 1461 4063 nati,
1498 4009 1551 4053 et
1588 3998 1680 4068 qui
1720 4006 1833 4051 tum
1864 3997 2097 4068 impera-

523 4089 739 4142 toribus
777 4105 886 4142 non
916 4087 1231 4158 ignobilem,
1257 4104 1449 4143 verum
1478 4088 1845 4159 perillustrem
1875 4102 2096 4156 operam

527 4181 579 4231 in
625 4181 797 4234 armis
843 4180 1151 4247 navaverit,
1203 4189 1314 4234 tum
1353 4181 1519 4234 etiam
1565 4180 1722 4235 vobis
1772 4179 2098 4249 praesidibus

596 4343 706 4415 (29)
738 4344 845 4415 καί
876 4344 952 4396 ἵν’
985 4345 1171 4415 claim.
1203 4345 1282 4399 ita
1330 4347 1452 4401 cod.
1516 4346 1648 4415 Reg.
1681 4357 1734 4401 et
1764 4345 2009 4400 Combef.
2041 4345 2096 4400 In

523 4413 795 4489 θιιίεεκαί-
811 4412 1244 4489 tleest._Mon_tac.
1261 4425 1315 4469 et
1341 4415 1536 4489 Morel:
1553 4412 1628 4489 iv"
1653 4417 1787 4489 ῖδῃς.

595 4482 706 4552 (50)
744 4481 898 4552 Πρὸς
934 4481 1042 4552 τῆς
1067 4483 1188 4551 σῆς
1233 4487 1457 4552 φιλίας.
1516 4481 1756 4538 Monta'c.
1801 4494 1852 4540 et
1908 4486 2094 4542 Morel.

526 4551 630 4621 πρὸ
660 4551 760 4620 τῆς
799 4551 900 4621 σῆς
932 4551 1132 4620 φιλίας,
1162 4563 1210 4606 et
1237 4551 1422 4607 coram
1451 4555 1690 4607 amicitia
1721 4565 1831 4609 tua.

595 4621 703 4690 (51)
739 4620 940 4694 Χήραν
1002 4622 1212 4689 ἄωρον.
1269 4623 1387 4676 Bill.
1425 4641 1438 4677 :
1499 4623 1724 4694 uiduam,
1755 4624 2098 4694 decrepitam;

519 4706 687 4762 quam
716 4690 1020 4762 uersionem
1055 4707 1161 4745 non
1215 4695 1408 4762 probat
1435 4695 1679 4747 Combei.
1709 4690 1913 4748 Reddit
1931 4697 2096 4760 enim,

524 4760 700 4835 inquit
727 4759 869 4821 liill.,
921 4761 1118 4830 ἄωρον,
1187 4759 1343 4830 quasi
1385 4764 1524 4835 idem
1563 4771 1726 4835 esset
1759 4780 1823 4817 ac
1857 4759 2095 4835 {ﬁmpov‘

523 4831 719 4909 melius
779 4844 911 4884 sane
961 4841 1084 4884 ante
1132 4840 1352 4898 tempus,
1394 4831 1471 4886 uel
1532 4833 1793 4886 maturius
1853 4831 2096 4887 orbatam

526 4915 768 4964 conjuqe.

537 5033 560 5050 τ
596 4967 707 5050 (3?)
750 4969 956 5021 Otxtar
1001 4968 1163 5022 ποτέ.
1202 4968 1276 5022 Ita
1310 4970 1433 5025 cod.
1473 4977 1528 5026 et
1568 4969 1815 5025 Combef.
1853 4970 1910 5024 ln
1961 4973 2092 5026 edit.

573 5052 602 5086 ν
641 5053 747 5087 οτε.

533 5054 860 5176 3233‘s..
904 5107 1022 5176 τῶν
1065 5107 1181 5175 ἤδη
1233 5107 1674 5176 ἀνασωθέντων.
1728 5109 1862 5163 Cod.
1920 5109 2094 5169 2022,

529 5173 761 5249 Montac.
801 5191 863 5228 ac
907 5173 1100 5249 Morel.
1124 5173 1187 5229 ἐκ
1211 5177 1319 5230 τῶν
1349 5173 1450 5249 ἤδη
1491 5194 1548 5230 τε
1578 5177 1946 5247 άναφυέντων,
1984 5191 2092 5233 tum

527 5242 591 5294 ob
606 5244 719 5308 jam
747 5247 1070 5298 renascentia
1103 5248 1262 5301 mala.
1372 5242 1383 5249 ’
1437 5242 1450 5248 ’
1696 5242 1707 5247 ’
1859 5269 1861 5271 ‘

599 5313 711 5388 ({5})
729 5315 830 5388 Σοί
857 5330 919 5366 τε
945 5318 1281 5388 παρασταίη
1314 5319 1432 5388 κιεί,
1460 5326 1566 5373 etc.
1603 5319 1804 5388 Legum
1859 5319 2092 5374 Montac.

528 5381 805 5458 ttelbiorel:
848 5384 1180 5458 παραστ-αίη.
1216 5381 1313 5458 Ρξίη
1343 5385 1436 5458 οὖν
1453 5391 1518 5458 τῇ
1547 5392 1612 5458 σῇ
1642 5381 1784 5458 δῖκῃ.

566 5519 574 5528 _
600 5449 710 5518 (35)
734 5448 1204 5528 'H;tﬁ_c:claﬁgdt_.
1234 5448 1764 5528 lt:i_icod.,"M6nlac'.'
1795 5467 1850 5512 ct
1885 5457 2094 5522 ΜΘΝ)ιά

530 5521 720 5590 sicque
756 5521 984 5575 reddidit
1017 5522 1140 5577 Bill.
1175 5523 1232 5577 In
1262 5524 1392 5584 edit.
1426 5527 1568 5596 ὑμᾶς
1599 5529 1846 5598 τιμῆσαι.

2198 3639 2373 3708 χήραν
2401 3639 2517 3708 μετ’
2543 3637 2794 3708 ὀρφανῶν
2822 3635 2902 3688 ἔτι
2933 3635 3153 3706 θερμῶν
3183 3637 3241 3689 ἐν
3266 3638 3377 3697 τοῖς
3395 3635 3643 3705 δάκρυσι,
3662 3636 3768 3705 τήν

2197 3745 2258 3780 τε
2289 3727 2522 3798 ἀδελφὴν
2548 3727 2643 3798 τὴν
2670 3725 2807 3798 ἐμὴν
2838 3726 3009 3795 λέγω,
3051 3728 3286 3789 καὶτοὺς
3314 3725 3516 3797 ταύτης
3549 3726 3764 3789 παῖδας,

2196 3818 2245 3872 οἳ
2292 3819 2498 3890 πατρὸς
2536 3818 2744 3887 ἀγαθοῦ
2776 3818 3090 3886 γεγονότες,
3132 3817 3226 3871 καὶ
3257 3817 3428 3871 πολλὰ
3465 3817 3561 3887 μὲν
3607 3817 3766 3886 βασι-

2198 3908 2348 3962 λεῦσι
2380 3909 2644 3980 καμόντος
2677 3911 2734 3961 ἐν
2761 3907 2944 3970 ὅπλοις
2985 3908 3086 3960 ούκ
3117 3906 3415 3977 ἀνωνύμως
3434 3948 3449 3972 ,
3508 3906 3640 3960 ἀλλά
3667 3907 3767 3958 καὶ

2199 4000 2320 4053 λίαν
2345 3999 2612 4070 λαμπρῶς
2630 4038 2644 4062 ,
2695 3999 2864 4052 πολλὰ
2890 3999 2945 4051 δὲ
2985 4001 3096 4060 τοῖς
3127 3999 3383 4069 ἄρχουσιν
3409 3999 3536 4067 ὑμῖν
3563 3997 3767 4066 ὑπουρ-

2207 4092 2478 4161 γήσαντος
2509 4092 2583 4157 (εἴ
2604 4108 2726 4143 τινα
2747 4089 3069 4142 Νικόϐουλον
3098 4089 3358 4160 ἀκούεις),
3399 4087 3765 4141 κινδυνεύουσι

2200 4178 2295 4230 νῦν
2344 4179 2575 4248 πάσχειν
2614 4177 2683 4230 τὰ
2721 4177 3095 4248 χαλεπώτατα.
3158 4177 3314 4230 Μετὰ
3357 4177 3463 4247 γάρ
3503 4177 3602 4246 τὴν
3651 4176 3765 4229 τῶν

2272 4353 2380 4424 (56)
2427 4354 2575 4408 Alias
2603 4353 2762 4407 XLV.
2796 4353 3012 4424 Scripta
3042 4353 3229 4424 eodem
3257 4362 3516 4424 tempore.

2272 4421 2381 4491 (δῖ)
2419 4424 2493 4477 Τὰ
2534 4424 2857 4492 ἀλγοῦντος
2905 4421 3288 4492 φθέγξασθαι.
3325 4421 3456 4476 Cod.
3501 4430 3556 4476 et
3604 4421 3764 4478 Pass.

2198 4490 2267 4544 τὰ
2284 4490 2383 4545 τοῦ
2420 4490 2709 4560 ἀλγοῦντος
2736 4492 2829 4545 καὶ
2852 4491 3204 4560 φθέγξασθαι.

2274 4561 2383 4631 (58)
2424 4557 2529 4614 Οἷα
2568 4562 2796 4630 ἐργάζῃ.
2827 4557 2974 4631 μεθ’
3008 4562 3126 4613 Bill.
3149 4577 3266 4631 non
3322 4559 3569 4631 reddidit.
3603 4558 3769 4613 Putat

2199 4625 2444 4734 goinbef.
2481 4625 2770 4700 legendum
2797 4625 2885 4684 οἷα
2923 4629 3262 4701 κατεργάζῃι
3296 4629 3479 4699 quibus
3512 4646 3590 4682 me
3637 4645 3770 4684 cou-

2242 4716 2346 4753 εισι

2278 4701 2290 4712 .
2340 4700 2353 4734 ,
2540 4699 2551 4700 κ
3063 4699 3071 4701 ,

2198 4699 2384 4835 βεῖἒξδ)
2436 4769 2713 4837 Ἀρχικ-ἦς
2771 4767 2988 4836 ἀρρτῆς
3038 4768 3281 4837 εἵνεκα.-
3318 4765 3487 4821 Bill.:
3541 4777 3650 4819 tum
3699 4770 3770 4820 ob

2199 4834 2432 4906 principe
2465 4834 2574 4891 viro
2604 4834 2814 4906 dignam
2850 4834 3110 4891 uirtutem.
3144 4839 3211 4888 At
3244 4834 3490 4890 Combef.
3517 4855 3531 4890 :
3571 4846 3680 4888 tum
3701 4837 3772 4890 ob

2203 4909 2301 4961 viri
2328 4908 2588 4974 prwsidis,
2621 4910 2696 4961 vel
2721 4907 2921 4975 judicia
2964 4908 3203 4960 virtutem
3225 4947 3240 4971 ,
3263 4906 3534 4975 justitiam
3572 4923 3777 4974 nempe

2201 4985 2254 5031 et
2281 4979 2608 5046 aequitatem.

2274 5042 2386 5115 (40)
2418 5049 2530 5100 Καί
2553 5062 2713 5110 τινος
2732 5044 3063 5114 φαρμάκου.
3092 5042 3167 5097 lta
3215 5044 3336 5098 cod.
3371 5043 3502 5115 Reg.
3530 5053 3584 5098 et
3604 5042 3774 5100 Pass.

2202 5117 2257 5171 In
2277 5117 2411 5186 edit.
2447 5116 2592 5186 τίνος-
2609 5117 2702 5186 καὶ
2733 5116 3042 5186 φαρμάκου.

2265 5185 2376 5254 (41)
2415 5185 2569 5252 Πρὸς
2609 5180 3086 5252 τὴνέτὶιο-τολὴν
3126 5184 3372 5250 ταύτην.
3419 5181 3580 5246 Cod.,
3627 5180 3774 5251 Reg.

2193 5261 2248 5308 et
2279 5253 2438 5325 Pass.
2461 5255 2527 5324 τῇ
2557 5255 2808 5324 ἐπιστολῇ
2832 5254 3019 5325 ταύτῃ.

2267 5323 2381 5391 (42)
2410 5320 2616 5389 Βρῦων
2635 5320 3089 5392 τὸάγέὶιθόνᾙνὶι·
3118 5321 3338 5391 fundens
3374 5322 3680 5385 bonitatem,
3709 5320 3777 5375 id

2197 5401 2301 5457 cst,
2330 5396 2525 5472 bonum
2557 5395 2697 5463 quod
2734 5396 2785 5447 in
2821 5411 2880 5449 se
2905 5405 3007 5458 est,
3046 5393 3248 5446 all'atim
3301 5392 3581 5447 nobiscum
3613 5405 3776 5445 cum-

2198 5478 2502 5517 munlcans.
