4012 6220
481 301 588 359 525

479 431 794 487 corpoream
868 411 1222 483 antecellit):

481 508 671 564 decus,
701 503 901 556 (lhristi
951 510 1358 562 ornamentum,
1390 504 1571 556 aetatis
1610 511 1810 556 nostra:
1842 505 2046 554 utilita-

482 606 615 656 tem,
663 594 986 645 feminarum
1027 591 1283 644 fiduciam
1321 607 1334 641 :
1381 591 1763 655 Theosebiam,
1799 593 1851 644 in
1896 599 2045 644 tanta

479 685 709 736 fratrum
761 681 1174 750 pulchritudine
1221 679 1675 734 formosissimum
1710 691 1764 736 et
1801 680 2041 733 clarissi-

477 789 620 825 mam
660 791 672 826 :
717 771 1084 825 Theosebiam
1119 785 1248 822 vere
1282 784 1494 822 sacram
1519 809 1533 830 ,
1577 778 1741 838 atque
1773 768 2046 824 sacerdoti

475 879 812 932 comparem,
861 871 913 916 et
951 878 1134 930 parem
1178 861 1411 922 honore,
1469 862 1794 930 magnisque
1844 871 2047 931 myste-

477 955 574 1006 riis
607 955 825 1022 dignam
870 973 882 1008 :
918 953 1307 1016 Theosebiam,
1342 971 1504 1022 quam
1550 955 1791 1008 futurum
1833 972 2048 1025 quoque

476 1055 696 1115 tempus
742 1054 1098 1116 excepturum
1147 1055 1255 1109 est,
1304 1048 1355 1100 in
1401 1047 1807 1100 immortalibus
1833 1049 2044 1100 colunt-

477 1140 584 1200 nis,
622 1139 724 1191 hoc
766 1145 852 1192 est
885 1139 1155 1200 omnium,
1193 1145 1304 1190 tam
1354 1139 1447 1204 qui
1482 1153 1600 1191 eam
1645 1153 1791 1192 nunc
1822 1146 2044 1198 norunt,

477 1244 641 1297 quam
674 1229 768 1297 qui
803 1229 1037 1298 posthac
1078 1228 1248 1282 futuri
1285 1235 1434 1287 sunt.
1477 1229 1678 1282 animis
1711 1233 1873 1282 sitam
1899 1228 2046 1281 ?Nec

479 1333 608 1371 vero
637 1320 838 1371 mirum
874 1319 973 1371 tibi
1025 1318 1299 1381 videatur,
1343 1318 1487 1386 quml
1529 1333 1650 1372 eam
1682 1333 1826 1387 smpe
1857 1319 2046 1388 appel—

481 1410 610 1462 lem.
661 1407 795 1462 Nam
846 1410 1008 1463 etiam
1055 1411 1226 1464 beatae
1277 1411 1428 1463 illius
1483 1410 1695 1463 femina:
1727 1409 2044 1463 memoriam

481 1515 580 1568 pro
622 1500 837 1552 deliciis
878 1500 1074 1552 habeo.
1122 1499 1299 1568 Atque
1328 1501 1417 1553 hic
1457 1515 1659 1561 sermo,
1691 1500 1880 1554 brevis
1921 1499 2045 1567 qui-

480 1585 603 1639 dem
641 1587 751 1648 ille,
786 1587 1002 1656 amplus
1033 1595 1214 1641 tamen
1262 1597 1314 1642 et
1347 1589 1634 1656 copiosus,
1663 1597 1774 1641 tum
1807 1587 1872 1641 ad
1901 1589 2046 1642 illius

485 1675 650 1730 funus
713 1677 1137 1742 honestandum,
1191 1685 1307 1730 tum
1357 1678 1424 1731 ad
1475 1687 1529 1732 te
1583 1680 1984 1733 consolandum
2015 1693 2045 1731 a

1715 299 1770 353 S.
1814 295 2140 354 GREGORII
2182 290 2526 352 1⁵11Εο1.οΜ

1303 413 1664 468 Theoscbiam
1700 455 1715 477 ,
1787 416 2046 468 Ecclesia!

2159 435 2224 487 τῳ
2253 415 2438 468 κάλλει
2472 412 2580 464 τῶν
2613 411 2857 480 ἀδελφῶν
2891 408 3339 478 εὐπρεπεστάτην
3375 424 3433 458 τε
3476 407 3570 458 καὶ
3607 407 3724 460 δια-

3617 293 3722 348 524

2155 504 2493 574 φανεστὰτην
2517 517 2530 530 ·
2567 499 2855 552 Θεοσεϐίαν
2881 497 2980 565 τὴν
3006 495 3172 556 ὅντως
3209 494 3378 562 ἱερὰν,
3412 492 3505 544 καὶ
3536 493 3726 562 ἱερέως

2156 595 2384 663 σύζυγον
2419 593 2552 663 (57),
2587 592 2681 643 καὶ
2709 590 2989 658 ὁμότιμον.
3031 586 3126 639 καὶ
3159 585 3267 636 τῶν
3320 583 3572 653 μεγάλων
3625 601 3727 651 μυ-

2156 687 2394 756 στηρίων
2421 681 2576 748 ἀξίαν
2595 700 2608 712 ·
2643 678 2934 732 Θεοσεϐίαν
2954 717 2968 741 ,
3011 677 3078 747 ἢν
3110 675 3201 729 καὶ
3233 677 3260 727 ὁ
3291 674 3496 744 μέλλων
3527 672 3726 739 ὑπολή-

2153 775 2565 846 ψεται’χρὸνος,
2603 773 2660 824 ἐν
2692 770 2911 840 στήλαις
2945 765 3233 828 ἀθανάτοις
3266 763 3524 834 κειμένην
3545 803 3558 826 ,
3605 767 3728 823 ταῖς

2153 868 2406 922 ἁπάντων
2447 864 2646 933 ψυχαῖς
2686 862 2794 914 τῶν
2837 877 2898 914 τε
2941 859 3036 911 νῦν
3079 856 3425 926 ἐγνωκότων,
3479 856 3571 907 καὶ
3614 855 3725 906 τῶν

2155 959 2378 1026 ὕστερον
2429 953 2698 1024 ἐσομένων
2733 971 2747 1017 ;
2783 952 2890 1004 Καὶ
2941 951 3014 1020 μὴ
3047 947 3354 1017 θαυμάσῃς,
3387 946 3435 998 εἰ
3466 945 3723 1005 πολλάκις

2152 1049 2354 1118 ταύτην
2387 1044 2662 1099 ἀνακαλῶ.
2730 1042 3008 1113 Ἐντρυερῶ
3042 1039 3149 1110 γὰρ
3171 1039 3263 1091 καὶ
3293 1037 3406 1106 (58)
3434 1036 3503 1104 τῇ
3537 1037 3724 1105 μνήμῃ

2151 1141 2252 1209 τῆς
2284 1137 2575 1209 μακαρίας.
2614 1129 2778 1197 Οὗτος
2809 1132 2992 1204 ἐκείνῃ
3022 1131 3132 1201 (59)
3158 1147 3218 1182 τε
3254 1130 3384 1200 παρ’
3413 1128 3570 1198 ἡμῶν
3599 1129 3720 1179 ὲπι-

2152 1231 2342 1298 τάφιος
2367 1230 2423 1279 ὲν
2459 1227 2648 1296 βραχεῖ
2678 1225 2844 1285 πολὺς
2877 1223 2970 1274 καὶ
2997 1222 3078 1274 σοὶ
3112 1217 3513 1292 παρακλητικὸς
3541 1217 3720 1283 λόγος,

2153 1321 2356 1390 καίπερ
2388 1317 2577 1379 ἄλλους
2598 1315 2708 1385 (60)
2729 1314 2797 1366 τὰ
2827 1311 3052 1366 τοιαῦτα
3083 1310 3415 1375 παρακαλεῖν
3443 1307 3724 1377 δυναμένῳ

2151 1411 2238 1464 διὰ
2269 1410 2365 1480 τὴν
2399 1411 2455 1460 ὲν
2495 1410 2624 1460 πᾶσι
2666 1403 2978 1474 φιλοσοφίαν
3015 1402 3148 1472 (6|).
3205 1401 3317 1471 Τὴν
3343 1401 3399 1453 δὲ
3433 1397 3724 1468 συντυχίαν

2155 1501 2296 1568 (ἐπεὶ
2319 1499 2411 1551 κοιλ⁵
2438 1497 2642 1565 ταύτην
2683 1493 2973 1564 ποθοῦμεν)
3021 1493 3114 1545 νῦν
3151 1492 3246 1562 μὲν
3275 1488 3622 1562 ἀφῃρήμεθα,
3657 1487 3723 1541 δι’

2153 1594 2217 1662 ἣν
2252 1587 2403 1644 εἷπον
2436 1589 2633 1641 αἰτίαν.
2692 1584 3068 1656 Συνευχόμεθα
3095 1583 3150 1635 δὲ
3187 1585 3319 1652 ⁴ἡμῖν
3351 1581 3564 1642 αὐτοῖς,
3619 1581 3726 1640 ἓως

2156 1685 2221 1736 ἂν
2263 1683 2340 1734 ἔτι
2387 1681 2496 1747 (62)
2546 1679 2683 1749 ὑπὲρ
2723 1679 2821 1747 γῆς
2845 1671 3025 1746 ὦμεν,
3075 1673 3168 1727 καὶ
3199 1671 3355 1742 μὴτὸ
3379 1670 3554 1722 κοινὸν
3577 1671 3729 1739 ἡμᾶς

483 1768 645 1823 nobis
696 1769 918 1824 habitus
965 1771 1078 1833 sit;
1143 1771 1363 1825 tametsi
1416 1772 1643 1841 alioqui,
1696 1787 1794 1841 pro
1844 1781 1935 1826 tua
1996 1773 2050 1825 in

2159 1769 2404 1839 διαζεύξῃ
2431 1767 2602 1830 τέλος,
2631 1760 2676 1833 ᾧ
2708 1764 3098 1835 πλησιάζομεν.
3165 1761 3256 1813 Διὸ
3288 1760 3382 1813 καὶ
3414 1759 3587 1812 πάντα
3610 1758 3728 1823 (65)

483 1859 741 1913 omnibus
790 1862 995 1915 virtute
1042 1863 1318 1930 animique
1358 1865 1715 1928 ‘constantia,
1772 1863 2043 1934 ejusmodi

2159 1863 2336 1933 φέρειν
2377 1861 2672 1927 ἀναγκαῖον
2702 1859 2864 1928 ἡμῖν,
2909 1855 2984 1918 ὡς
3014 1853 3137 1907 οὕτε
3166 1850 3557 1924 ἡσθησομένοις
3592 1849 3727 1917 ιδι),

483 1950 914 2004 cohortationem
945 1951 1069 2007 aliis
1107 1952 1224 2022 ipse
1245 1954 1509 2010 adhibere
1538 1956 1743 2024 possis.
1775 1955 2046 2024 Congres-

2159 1951 2271 2004 οὔτε
2303 1948 2678 2018 ἀνιασομένοις
2715 1944 3042 2015 μακρότερα.

481 2058 601 2096 sum
654 2053 833 2098 autem
887 2045 1034 2115 (nam
1097 2063 1200 2102 nos
1251 2064 1473 2118 quoque
1556 2050 1662 2103 hoc
1721 2050 2075 2119 appetimus),
2116 2063 2266 2101 nunc.
2314 2046 2475 2098 nobis
2526 2058 2613 2104 ea,
2667 2055 2788 2110 quae
2840 2055 2868 2092 a
2923 2039 3080 2092 nobis
3151 2043 3571 2090 commemorata
3619 2043 3726 2095 est.

485 2152 652 2191 causa
701 2138 926 2207 eripuit.
962 2138 1165 2194 Verum
1211 2141 1408 2196 demus
1459 2157 1706 2211 operam,
1751 2151 1812 2198 ut
1841 2151 2061 2196 mutuas
2099 2141 2379 2194 orationes
2407 2139 2727 2206 iungamus,
2773 2133 3013 2204 quandiu
3072 2132 3125 2184 in
3163 2131 3264 2184 hac
3331 2131 3438 2182 vita
3509 2143 3726 2190 sumus,

487 2244 666 2297 neque
714 2231 1026 2285 communis
1073 2248 1174 2288 nos
1237 2231 1360 2286 finis
1414 2233 1716 2304 disiungat,
1764 2235 1830 2288 ad
1893 2249 2056 2304 quem
2097 2233 2622 2302 appropinquamus.
2651 2229 2729 2282 Ac
2795 2226 3025 2296 proinde
3083 2223 3241 2278 nobis
3275 2224 3456 2276 omnia
3485 2221 3730 2292 perferre

489 2337 713 2376 necesse
758 2332 862 2387 est,
897 2331 957 2375 ut
993 2324 1085 2391 qui
1134 2339 1234 2378 nec
1277 2325 1485 2379 diutius
1524 2328 1796 2395 gavisuri,
1831 2342 1931 2381 nec
1961 2327 2014 2382 in
2057 2340 2293 2380 mmrore
2329 2324 2498 2377 futuri
2531 2324 2723 2378 simus.

948 2456 1224 2512 CXCVIII.
1253 2459 1578 2515 NEMESIO.

2612 2459 2776 2527 mu.
2817 2459 3121 2526 ΝΕΜΕΣΙῼ
3142 2457 3274 2526 (65).

566 2571 864 2648 Nemesim,
891 2575 960 2627 ad
983 2593 1137 2648 rqnein
1177 2577 1286 2630 ha'c
1305 2577 1528 2648 epistola
1559 2579 1779 2648 alia'que
1814 2580 1988 2648 plures
2023 2581 2234 2645 scriptre
2267 2589 2388 2632 sunt
2423 2593 2454 2629 a
2499 2577 2777 2645 Theologo,
2810 2576 3016 2648 virfuit
3047 2575 3290 2648 doctrina
3329 2582 3480 2648 atque
3499 2571 3728 2648 optirna-

492 2659 609 2717 rum
640 2645 837 2696 artium
871 2639 1059 2717 studiis
1089 2639 1346 2717 eruditus;
1377 2639 1729 2717 Cappadocia:
1766 2639 2044 2717 pra'fectus
2074 2639 2208 2711 erat,
2243 2665 2359 2701 cum
2398 2656 2677 2701 senectute
2694 2639 2750 2699 ct
2781 2645 2969 2717 inorbo
2999 2645 3227 2717 mae-inte
3261 2639 3576 2717 gravabatur
3604 2639 3723 2693 Na-

494 2713 797 2789 ziansenus,
829 2715 945 2789 qui.
973 2713 1502 2789 eumplurintifecit,
1543 2713 2140 2789 ejusque'integritatem
2184 2717 2598 2771 commendatam
2635 2718 2686 2789 in
2721 2715 2951 2784 epistolis
3001 2714 3229 2781 reliquit.
3263 2713 3511 2789 Quamuis
3549 2719 3728 2789 autem

491 2782 708 2854 gentilis
738 2779 868 2854 esset
898 2779 1191 2846 Nemesius,
1219 2779 1988 2854 ιιἱΙιὶίοιιιὶιιιιεἯνὲθοι-ἱιιηιόὁ
2022 2789 2247 2850 litteras,
2278 2803 2500 2854 quorum
2531 2785 2706 2838 studio
2733 2779 2781 2838 et
2809 2799 2984 2836 amore
3008 2779 3230 2854 uterque
3260 2781 3548 2854 (enecatur,
3579 2779 3729 2831 cultu

491 2859 542 2902 et
567 2850 760 2928 honore
785 2852 1032 2928 dignatus
1070 2864 1170 2928 est.
1217 2850 1772 2928 ejusqnesenectutem
1800 2858 1952 2928 fovit.
1981 2857 2146 2928 Cujus
2177 2850 2412 2928 beneﬁcii
2439 2857 2679 2928 gratiam_
2708 2855 2902 2928 referre
2933 2852 3160 2928 cupiens
3188 2850 3729 2928 Gregorius‘carmen

491 2929 676 2971 contra
707 2920 967 2974 idolorum
1000 2920 1284 2977 vanitatem
1315 2920 1582 2977 conditum
1614 2928 1756 2978 misit
1793 2920 2070 2986 Nemesio;
2089 2937 2145 2978 ut
2177 2920 2393 2979 eum-ab
2423 2920 2600 2978 errore
2626 2920 2907 2976 abductum
2932 2921 3000 2972 ad
3034 2920 3390 2973 Christianam
3428 2920 3730 2987 religionem

489 2989 808 3064 perduceret.
840 2989 1189 3064 Necirritum
1228 2993 1390 3061 fuisse
1422 2991 1660 3064 Gregorii
1697 3007 1941 3048 conatum
1979 2995 2224 3049 credibile
2255 3007 2352 3056 est,
2394 2995 2577 3064 quippe
2627 2995 2762 3064 inter
2812 2990 3199 3064 catechumenos
3236 3005 3421 3064 nomen
3461 2987 3667 3064 dedisse
3696 3005 3731 3040 ιι

489 3058 798 3178 zuibustlam
829 3060 1094 3121 creditur;
1118 3058 1368 3124 eleqantis
1400 3058 1555 3114 etiam
1581 3065 1704 3116 libri
1735 3065 1807 3118 De
1823 3066 2056 3118 hominis
2083 3076 2271 3119 natura
2299 3058 2622 3130 sub'no'mine
2649 3061 2880 3114 Nemesii
2906 3059 3194 3126 philosophi
3224 3059 3514 3113 Christiani
3542 3067 3733 3109 auctor

529 3128 746 3178 abetur:
776 3129 914 3178 auod
947 3140 1081 3178 certe
1111 3132 1255 3178 nobis
1283 3133 1542 3178 afﬁrmare
1571 3151 1672 3178 mm
1697 3134 1836 3178 licet-
1873 3133 2034 3178 Illum
2069 3146 2241 3178 ηιιιρηι
2272 3142 2421 3178 rntml
2454 3149 2515 3178 ιιι
2556 3131 2924 3178 Valentiniano
2955 3129 3201 3178 nmlctam
3225 3129 3437 3178 irroaet.
3469 3127 3558 3178 sed
3582 3142 3731 3178 onem

529 3128 746 3204 abetur:
776 3129 914 3204 quod
947 3132 1255 3204 certe‘nobis
1283 3133 1542 3200 afﬁrmare
1571 3151 1672 3186 non
1697 3134 1836 3188 licet.
1871 3133 2034 3187 Illum
2069 3146 2241 3188 autent
2272 3142 2421 3204 rogat
2454 3149 2515 3186 ne
2556 3127 2924 3186 Valentiniano
2955 3129 3201 3181 mulctam
3225 3129 3437 3195 irroget,
3469 3127 3558 3179 sed
3582 3142 3731 3193 opem

494 3196 631 3262 [erat
653 3197 766 3263 ejus
797 3199 1116 3250 calamitati.

564 3305 812 3361 Samium
847 3309 1210 3379 Pythagoram
1239 3312 1487 3364 nonnulli
1529 3311 1634 3366 hoc
1675 3313 1899 3366 nomine
1945 3311 2060 3365 lau—
2087 3315 2130 3373 ο

493 3397 657 3454 dibus
685 3398 945 3464 efferunt,
971 3401 1115 3470 quod
1149 3416 1273 3454 cum
1316 3402 1434 3471 ipse
1481 3402 1797 3457 sacrificare
1841 3417 2063 3472 cogere—

495 3498 586 3544 tur
605 3490 1068 3559 (quandoquidem
1094 3491 1297 3560 alioqni
1325 3492 1596 3547 sacrificia
1615 3493 1837 3548 minime
1863 3477 2067 3563 proba;

495 3579 640 3649 bat),
687 3582 824 3635 bove
872 3596 939 3636 ex
1003 3581 1162 3654 ια
1205 3584 1398 3652 argilla
1445 3583 1696 3638 confecto
1730 3583 2061 3638 sacrificium

493 3670 728 3724 exsolvit
773 3688 788 3726 :
837 3671 982 3742 quod
1027 3673 1242 3728 scilicet
1293 3684 1516 3744 negaret
1569 3680 1784 3727 mortua
1831 3673 2062 3727 mortuis

495 3760 830 3830 expianda;
901 3777 1027 3816 nam
1081 3763 1156 3817 ita
1213 3778 1446 3832 corpora
1511 3764 1840 3834 appellabat.
1909 3761 2063 3817 llunc

497 3851 634 3905 mihi
667 3861 722 3906 tu
757 3867 1000 3922 quoque,
1031 3853 1117 3907 vir
1145 3853 1365 3916 eximie,
1400 3855 1626 3923 pulchre
1662 3854 1865 3908 imitari
1903 3869 2066 3924 posse

497 3944 727 3999 videris.
783 3943 1056 4011 Quoniam
1108 3953 1290 4000 autem
1354 3945 1618 4000 mulctam
1664 3945 1906 4015 irrogare
1964 3944 2065 3998 tibi

496 4034 854 4088 interdictum
919 4041 1030 4098 est,
1093 4043 1148 4088 et
1196 4033 1345 4089 solus
1401 4034 1714 4103 praesidum,
1774 4041 1867 4087 aut
1918 4040 2067 4088 certe

492 4139 620 4178 cum
671 4124 984 4194 perpaucis,
1033 4124 1101 4179 iis
1148 4125 1350 4194 quibus
1397 4140 1594 4194 prices,
1643 4133 1847 4179 metum
1892 4123 2065 4178 detri-

568 4295 681 4386 ti?)
710 4295 2062 4386 ,ἶίῖτῖςιθςλξεξξτῖῖειξέλεεεὲοέςςὺξυγενκέἔίεξῑιθςι

496 4363 666 4434 liv-rw;
710 4362 898 4434 ίερέων
944 4362 1189 4434 σύζυγον.
1214 4362 1411 4434 Verum
1435 4366 1559 4420 cod.
1610 4362 1765 4434 Beg.,
1795 4365 1981 4419 Morel.
2012 4375 2068 4420 et

497 4431 744 4485 Combef.
763 4431 954 4493 ’ὅντως
984 4432 1174 4552 ἱεὸέως
1216 4432 1467 4500 σύζυγον,
1500 4451 1610 4489 uere
1640 4431 1924 4488 sacerdotis
1944 4450 2067 4488 con-

498 4501 692 4558 iugem.
741 4499 818 4553 Ita
863 4507 985 4558 post
1073 4503 1148 4554 ill.
1184 4502 1360 4556 reddit
1398 4503 1644 4558 Combef.
1681 4505 1746 4556 At
1789 4503 1842 4556 in
1876 4517 2067 4558 snnra-

496 4517 692 4569 )ugem.
743 4515 818 4553 ita
863 4515 985 4568 ροει
1030 4515 1148 4554 unt.
1184 4515 1360 4556 reuuit
1398 4515 1644 4558 υοιηυθι.
1681 4515 1746 4556 At
1790 4520 1842 4556 in
1876 4517 2070 4571 supra.

497 4571 641 4622 dicta
705 4569 1020 4638 praefatione
1058 4571 1552 4626 demonstravimus
1604 4586 1790 4626 vocem
1823 4570 2064 4626 Cmam

2244 3309 2554 3363 Ἐπαινοῢσί
2590 3326 2734 3372 τινες
2763 3310 2852 3362 τὸν
2889 3311 3208 3380 Πυθαγόραν
3237 3310 3328 3363 τὸν
3358 3309 3560 3380 Σάμιον
3591 3308 3730 3377 (66),

2160 3399 2242 3452 ὅτι
2283 3399 2444 3452 θῦσαι
2476 3399 2674 3470 δεῆσαν
2719 3399 2866 3470 αύτῷ
2918 3401 3124 3471 (ἐπειδή
3175 3417 3237 3468 γε
3275 3399 3447 3464 ἄλλως
3493 3399 3592 3452 οὒκ
3633 3401 3734 3452 ὲπ-

2159 3488 2276 3559 ῄνει
2307 3490 2367 3542 τὸ
2406 3489 2551 3543 θύειν
2592 3489 2751 3562 [ϐ’ῑ]),
2794 3490 3000 3561 πηλίνῳ
3038 3491 3121 3561 βοῒ
3143 3491 3239 3561 τὴν
3269 3491 3457 3544 θυσίαν
3477 3489 3735 3560 ἀφωσιώ-

2163 3597 2307 3632 σατοο
2337 3580 2470 3649 μηδὲ
2492 3581 2599 3651 γὰρ
2621 3581 2817 3651 χρῆναι
2835 3581 3007 3653 νεκρὰ
3032 3584 3244 3651 νεκροῖς
3267 3581 3568 3652 καθαίρειν,
3589 3579 3737 3634 οὕτω

2161 3669 2336 3737 λέγων
2365 3669 2433 3722 τὰ
2463 3669 2706 3740 σώματα.
2743 3669 2942 3723 Τοῦτόν
2971 3687 3060 3740 μοι
3090 3671 3182 3724 καὶ
3207 3670 3366 3733 αὐτὸς
3393 3669 3734 3740 μιμήσασθαι

2162 3759 2341 3822 καλῶς
2367 3759 2527 3829 ἔχεις,
2573 3753 2617 3813 ὧ
2645 3759 2936 3831 θαυμάσιε.
2983 3759 3199 3832 Ἐπειδὴ
3239 3761 3296 3814 δὲ
3334 3761 3392 3814 τὸ
3429 3762 3736 3832 προστιμᾷν

2162 3848 2530 3919 ἀπηγόρευταί
2563 3866 2665 3909 σοι,
2708 3850 2802 3903 καὶ
2842 3851 3004 3920 μόνος
3031 3850 3310 3922 ἀρχόντων
3340 3851 3373 3920 ἢ
3405 3850 3599 3920 κομιδῇ
3635 3850 3736 3902 σὺν

2165 3940 2386 4009 ὀλίγοις,
2419 3940 2651 4011 ἀζήμιον
2684 3941 2966 4011 ἐνίδρυσας
2997 3945 3110 4005 τοῖς
3147 3941 3470 4013 ἀρχομένοις
3506 3940 3616 4010 (68)
3642 3941 3736 3993 τὸν

2165 4031 2348 4100 φόϐον·
2389 4031 2523 4102 μηδὲ
2563 4032 3004 4086 Οὐαλεντινιανὺν
3050 4031 3326 4103 ζημιῶσαι
3374 4031 3464 4085 τὸν
3505 4030 3597 4084 σὺν
3638 4030 3737 4084 καὶ

2163 4123 2436 4194 ἡμέτερον
2473 4122 2636 4193 (ὑπὲρ
2663 4122 2960 4190 συγγενοῦς
2999 4123 3106 4195 γὰρ
3153 4123 3570 4194 πρεσϐεύομεν),
3616 4121 3736 4176 ἀλλ’

2164 4313 2256 4366 pro
2309 4306 2401 4348 tua
2459 4297 2512 4348 in
2564 4294 2803 4366 omnibus
2833 4294 2987 4362 fortis
3015 4297 3178 4349 animi
3205 4296 3522 4349 constantia.
3560 4293 3682 4348 Bill.
3719 4311 3732 4346 :

2165 4365 2282 4435 pro
2308 4375 2396 4418 tua
2429 4366 2480 4417 in
2523 4365 2869 4435 onmi‘geuere
2904 4366 3185 4435 sapientia.

2238 4434 2348 4499 (62)
2377 4435 2524 4498 Ἕως
2559 4434 2634 4484 ἂν
2667 4433 2776 4486 ἐτι.
2806 4434 2879 4486 Ita
2903 4431 3136 4487 Mentac.
3175 4447 3238 4486 ac
3263 4432 3448 4486 Morel.
3481 4439 3535 4486 et
3565 4431 3736 4486 Com-

2167 4505 2274 4559 bef.
2303 4505 2357 4556 In
2391 4503 2522 4556 edit.
2557 4501 2710 4556 deest
2737 4502 2860 4566 ἕως.

2241 4573 2348 4640 (65)
2384 4571 2480 4623 Διό
2510 4570 2605 4624 καὶ
2654 4570 2867 4624 πάντα.
2925 4571 3158 4626 Montae.
3204 4580 3258 4626 et
3305 4568 3493 4624 Morel.
3537 4570 3736 4626 melius

500 4638 753 4706 σύζυγος,
786 4640 1142 4722 non_pr0prie
1175 4639 1483 4720 significare
1514 4656 1772 4722 eosoquos
1798 4641 2057 4721 coniuges

2167 4638 2397 4722 videtun
2414 4640 2603 4722 καὶδϋ
2630 4641 2658 4693 ὃ
2692 4640 2890 4722 τιάντα.

497 4724 779 4779 vocamus,
831 4708 942 4779 sed
971 4710 1399 4779 eos‘gencratim
1447 4711 1539 4779 qui
1585 4708 1827 4776 ejusdem
1875 4708 2057 4778 operis

500 4777 655 4839 socii,
690 4778 830 4832 idem
865 4777 1027 4846 veluti
1065 4776 1254 4846 jngum
1287 4776 1504 4833 trahere
1534 4789 1842 4835 censentur.
1875 4776 2055 4833 Theo-

501 4849 654 4918 logus
680 4848 864 4919 igitur
893 4845 1285 4919 'l‘heosebiam,
1315 4847 1556 4919 _Nysseni
1598 4865 1862 4911 sororem,
1910 4850 2058 4914 ejus-

499 4917 620 4980 dem
658 4917 1021 4988 diaconissam
1065 4917 1147 4971 his
1177 4917 1359 4988 verbis
1380 4917 1598 4980 astruit,
1627 4919 1824 4988 quibus
1847 4920 2058 4987 aptiora

501 5003 606 5041 nun
639 4997 765 5053 sunt
793 4991 858 5039 ad
893 4985 1225 5055 designanda
1257 4987 1581 5041 diaconissae
1619 4985 1807 5042 merita
1847 4985 1900 5041 et
1941 5004 2060 5038 ιιιιι-

500 5057 588 5120 pia
626 5074 638 5108 :
673 5055 1009 5108 Theosebiam
1039 5072 1151 5109 vere
1175 5072 1402 5116 sacram,
1435 5065 1588 5125 atque
1629 5055 1757 5110 adeo
1799 5055 2060 5110 sacerdoti

499 5141 813 5192 comparem,
841 5134 886 5177 et
920 5141 1101 5192 parem
1128 5126 1340 5189 honore,
1367 5125 1669 5194 magnisque
1696 5125 1955 5195 mysteriis
1982 5125 2062 5179 di-

535 5209 676 5245 naui.

729 5261 1026 5328 Ἐντρυελςῶ
1065 5264 1171 5330 γὰρ
1201 5263 1319 5316 καί.
1359 5263 1432 5319 Ita
1465 5262 1584 5318 cod.
1624 5264 1760 5318 1405
1806 5271 1857 5317 et
1899 5262 2062 5316 Com-

502 5331 567 5382 be
598 5373 609 5382 .
645 5331 701 5382 In
733 5331 864 5382 edit.
905 5331 996 5382 καί
1027 5332 1197 5382 deest.

502 5331 609 5384 bef.
645 5331 701 5383 In
733 5331 864 5384 edit.
905 5331 996 5382 καί
1027 5332 1197 5386 deest.

534 5399 684 5484 "(59)
720 5395 906 5464 Οὗτος
942 5401 1160 5467 ἐκείνῃ.
1189 5399 1263 5453 Ita
1294 5402 1417 5455 cod.
1449 5411 1501 5456 ct
1533 5401 1775 5457 Combef.
1810 5401 1866 5454 In
1908 5402 2059 5462 cdit.,

503 5485 562 5521 ου
569 5485 670 5530 τως
680 5507 693 5522 .

573 5537 684 5678 μθ)
717 5538 938 5605 Καίπερ
965 5537 1211 5601 ἄλλους.
1235 5539 1364 5591 Cod.
1397 5539 1552 5602 1405,
1583 5540 1717 5611 ὑπὲρ
1749 5540 1956 5602 ἄλλους.

599 5607 687 5674 6|)
737 5607 836 5658 Διὰ
876 5606 988 5673 τὴν
1033 5608 1101 5656 ἐν
1145 5607 1288 5659 πᾶσι
1341 5611 1722 5674 palotrcpimz
1771 5611 1956 5663 (lumbi

599 5607 687 5674 6|)
737 5607 836 5658 Διὰ
876 5606 988 5673 τὴν
1033 5608 1101 5656 ἐν
1145 5607 1288 5659 πᾶσι
1341 5606 1722 5674 glarea-im",
1771 5611 2010 5663 (lotnbcl'.
2051 5628 2061 5660 :

2233 4710 2342 4778 (64)
2386 4709 2872 4777 Ἥσθησομέυνοις.
2920 4707 3056 4763 Cod.
3089 4707 3148 4762 Β.
3180 4708 3236 4770 5,
3293 4706 3732 4778 αἰσθησομένοις,

2163 4798 2252 4834 nec
2281 4779 2479 4832 diutius
2514 4780 2813 4832 sentiemus.

2233 4849 2344 4916 (65)
2377 4849 2521 4902 Alias
2547 4846 2874 4901 CLXXXIII.
2913 4847 3122 4916 Scripta
3154 4845 3291 4899 forte
3321 4860 3465 4916 anno
3490 4845 3626 4916 586.-

2236 4915 2345 4983 (66)
2387 4918 2495 4972 Τὸν
2549 4919 2896 4985 Πυθαγόραν
2937 4915 3047 4985 τὸν
3099 4915 3338 4984 Σάμιον.
3396 4915 3735 4984 Pythagoras

2168 4987 2406 5046 Samius,
2439 4984 2812 5054 philosophus.
2847 4984 3135 5054 sacrificiis
3163 4985 3418 5037 utebatur
3453 4985 3732 5038 inanimis.

2165 5053 2677 5110 Cruentas’hostias
2739 5055 2844 5108 diis
2903 5053 3085 5106 offerri
3135 5055 3326 5114 vetuit,
3363 5061 3417 5106 at
3461 5068 3609 5106 aram
3649 5055 3736 5105 in-

2169 5133 2447 5180 cruentam
2480 5125 2694 5178 adorari
2724 5123 2910 5190 jussit.
2942 5123 3186 5175 Tradunt
3211 5133 3388 5175 tamen
3417 5122 3638 5191 quidam
3667 5139 3733 5175 ex

2172 5195 2500 5250 animalibus
2534 5210 2656 5248 eum
2686 5195 2832 5262 solos
2857 5192 3033 5262 gallos
3064 5193 3416 5262 gallinaceos.
3437 5191 3638 5262 _l_ia:do§
3680 5201 3734 5262 et

2170 5279 2337 5329 agnos
2359 5264 2648 5317 subrumos
2678 5261 2742 5315 ad
2775 5257 3047 5316 sacrificia
3068 5257 3410 5315 adhibuisse.
3437 5259 3570 5314 Vide
3603 5257 3735 5313 Sni—

2169 5333 2315 5386 dum.
3007 5339 3010 5342 ’

2243 5402 2354 5468 (67)
2392 5400 2460 5453 Τὸ
2487 5402 2669 5454 θύειν.
2700 5401 2772 5453 Ita
2797 5402 2919 5452 cod.
2972 5402 3129 5469 lleg..
3160 5397 3419 5469 Melitae”
3453 5398 3638 5453 Morel.
3670 5413 3736 5452 ac

2170 5469 2438 5538 Combel'.,
2474 5473 2660 5538 sicque
2693 5471 2815 5538 legit
2847 5471 2962 5522 ltili.
2999 5468 3209 5524 In’edit.
3243 5468 3300 5520 τὸ
3323 5469 3494 5521 Θεῖον.

2244 5537 2353 5600 (68)
2392 5539 2518 5602 Τοῖς
2566 5537 2937 5606 ἀρχομένοις.
2997 5539 3226 5592 Montac.
3277 5547 3329 5590 et
3382 5538 3590 5601 Morel,
3625 5540 3736 5598 τοῖς

2173 5608 2499 5675 ἐρχομένοις,
