4012 6220
238 279 343 335 533

240 480 463 547 θεότητα
492 475 589 529 τοῦ
619 472 963 543 Μονογενοῦς
990 473 1090 543 τὴν
1123 471 1217 525 τοῦ
1253 471 1347 525 νοῦ
1383 472 1544 542 φύσιν
1571 473 1815 545 ἀναπλη-

242 569 510 641 ρὼσασαν,
557 566 725 638 μέρος
768 564 1023 633 γενέσθαι
1061 563 1157 617 τοῦ
1203 563 1543 636 ἀνθρωπείου
1576 565 1816 636 συγκρά-

246 676 406 729 paco;
441 657 555 726 (l9)
596 657 661 709 τὸ
695 654 1073 727 τριτημόριον,
1118 653 1300 723 ψυχῆς
1336 670 1395 706 τε
1431 654 1525 707 καὶ
1566 654 1815 726 σώματος

243 750 379 805 κατὰ
410 750 471 803 τὸ
514 747 857 819 ἀνθρώπινον
901 743 1032 816 περὶ
1076 744 1241 799 αὐτὸν
1281 744 1471 809 ὄντων,
1513 745 1606 800 νοῦ
1648 746 1705 799 δὲ
1741 745 1816 817 μὴ

243 843 409 905 ὄντος.
448 838 584 894 ἀλλὰ
614 837 707 891 τὸν
738 834 949 889 ἐκείνου
980 834 1143 888 τόπον
1170 834 1267 888 τοῦ
1309 833 1446 889 Θεοῦ
1480 836 1657 904 Λόγου
1682 835 1815 891 ἀνα-

244 929 595 1001 πληροῦντας.
619 926 732 983 Καὶ
754 925 909 980 οὔπω
933 923 1096 979 τοῦτο
1128 924 1321 979 δεινόν·
1346 924 1483 979 ἀλλὰ
1512 926 1574 981 τὸ
1595 928 1817 982 πάντων

244 1018 646 1092 χαλεπώτατον,
690 1017 775 1071 ὅτι
836 1016 997 1070 αὑτὸν
1042 1014 1133 1069 τὸν
1184 1016 1449 1086 μονογενῆ
1505 1016 1668 1085 Θεὸν,
1727 1017 1819 1072 τδν

247 1110 431 1182 κριτὴν
467 1108 575 1162 τῶν
630 1106 852 1161 πάντων
887 1105 1034 1177 (20),
1080 1104 1173 1159 τὸν
1226 1106 1470 1177 ἀρχηγὸν
1513 1108 1613 1177 τῆς
1651 1108 1815 1179 ζωῆς,

246 1194 333 1247 τὸν
383 1192 715 1263 καθαιρέτην
768 1191 863 1244 τοῦ
915 1191 1170 1257 θανάτου,
1221 1192 1413 1262 θνητὸν
1457 1193 1596 1248 εἶναι
1652 1213 1820 1250 κατα-

250 1284 519 1347 σκευάζει,
544 1286 639 1337 καὶ
665 1285 732 1353 τῇ
758 1282 862 1353 ἰδία
890 1283 1056 1337 αὑτοῦ
1093 1283 1307 1354 θεότητι
1340 1283 1512 1349 πάθος
1538 1285 1817 1352 δέξασθαι,

252 1377 340 1429 καὶ
369 1376 426 1429 ὲν
467 1377 533 1446 τῇ
572 1374 860 1447 τριημέρῳ
892 1373 1079 1446 ἐκείνῃ
1118 1373 1382 1446 νεκρώσει
1413 1375 1509 1429 τοῦ
1544 1375 1818 1447 σώματος,

253 1468 347 1521 καὶ
379 1467 477 1539 τὴν
511 1465 738 1537 θεότητα
764 1465 1314 1540 συναπονεκρωθῆναι
1351 1466 1428 1537 τῷ
1462 1465 1695 1537 σώματι,
1726 1467 1822 1523 καὶ

252 1559 393 1613 οὕτω
426 1558 573 1630 παρὰ
608 1558 699 1611 τοῦ
742 1555 958 1629 Πατρὸς
994 1556 1157 1611 πάλιν
1199 1556 1309 1611 ἀπὸ
1339 1556 1434 1610 τοῦ
1468 1556 1701 1612 θανάτου
1742 1557 1819 1613 δι-

253 1648 555 1718 αναστῆναι.
580 1648 659 1702 Τὰ
678 1647 722 1700 δ’
748 1646 884 1702 ἄλλα
912 1647 1013 1701 ὅσα
1050 1646 1372 1718 προστίθησι
1400 1648 1520 1712 ταῖς
1545 1647 1822 1715 τοιαύταις

251 1743 492 1806 ἀτοπίαις
520 1740 733 1813 μακρὸν
752 1738 819 1795 ἂν
842 1740 928 1812 εἴη
955 1740 1231 1807 διεξιέναι.

1608 267 1945 327 EPISTOLA
1998 267 2170 328 CCIII.

238 408 325 445 νον
352 387 443 442 τὸν
469 385 676 443 ἄνωθεν
709 386 917 456 ἥκοντα
949 383 1040 438 τὸν
1079 382 1205 437 νοῦν
1236 382 1309 455 μὴ
1340 383 1504 455 ἔχειν,
1542 385 1679 440 ἀλλὰ
1716 396 1815 458 την

1929 394 2100 443 Lextus
2160 398 2394 455 corpore
2466 382 2719 438 avulsum
2780 400 2792 437 :

2864 384 3138 440 Secundus
3206 387 3359 442 homo
3428 390 3492 445 de

1918 476 2046 532 coelo
2077 479 2121 529 ¹.
2167 475 2372 531 Deinde
2422 474 2701 529 hominem
2735 474 2887 529 illum
2934 476 3154 532 etclitus
3188 477 3493 533 venientem

1917 575 2102 623 mente
2131 567 2360 622 minime
2386 566 2676 637 praeditum
2723 580 2846 621 esse
2880 567 3102 630 asserit,
3134 581 3323 621 verum
3364 566 3497 622 Uni-

1916 658 2086 729 geniti
2123 658 2383 713 deitatem
2434 655 2636 711 mentis
2666 663 2920 712 naturam
2960 658 3331 726 supplentem.
3380 664 3497 712 ter—

1918 747 2045 801 tiam
2094 746 2349 800 bumanaz
2415 744 2907 814 coagmentationis
2975 753 3027 799 et
3088 745 3498 815 coniunctionis

1919 842 2127 905 partem
2170 834 2500 891 exstitisse:
2552 834 2693 903 quod
2740 834 3003 889 nimirum
3034 835 3215 889 anima
3266 843 3322 891 et
3368 852 3497 891 cor-

1920 939 2023 994 pus
2048 922 2207 991 juxta
2242 921 2635 977 humanitatem
2663 922 2717 977 in
2746 937 2810 977 eo
2840 923 2976 989 sint,
3008 939 3164 979 mens
3190 936 3375 981 autem
3400 926 3501 980 mi-

1919 1014 2067 1068 nime
2094 1032 2109 1081 ;
2142 1029 2329 1069 verum
2361 1013 2481 1084 ejus
2514 1014 2694 1069 locum
2726 1012 2889 1069 Verbi
2921 1015 3183 1071 divinitas
3218 1018 3495 1087 suppleat.

1921 1103 2033 1159 Nec
2083 1104 2190 1160 hoc
2240 1104 2421 1159 adhuc
2473 1118 2637 1174 grave
2692 1111 2819 1169 est;
2876 1104 2993 1169 sed,
3043 1105 3190 1175 quod
3251 1106 3495 1161 omnium

1920 1192 2367 1264 indignissimum
2422 1201 2589 1264 atque
2652 1195 3083 1255 atrocissimum.
3140 1196 3317 1265 ipsum
3373 1198 3498 1251 uni—

1920 1284 2164 1354 genitum
2192 1283 2384 1350 Deum,
2433 1284 2679 1340 omnium
2732 1284 2991 1354 judicent,
3020 1286 3146 1341 vitae
3194 1292 3495 1347 auctorem.

1922 1374 2118 1431 mortis
2144 1375 2565 1440 exstinctorem,
2597 1376 2886 1431 mortalem
2918 1390 3041 1431 esse
3071 1376 3252 1443 docet,
3282 1390 3347 1430 ac
3376 1391 3499 1446 pro-

1921 1467 2055 1523 bare
2115 1466 2333 1530 nititur,
2392 1467 2727 1537 propriaque
2778 1482 2880 1523 sua
2936 1467 3223 1527 divinitate
3271 1482 3494 1537 passum

1922 1572 2067 1626 esse,
2115 1564 2282 1628 atque
2314 1556 2369 1611 in
2404 1557 2659 1612 triduana
2686 1557 2778 1612 illa
2805 1558 3056 1628 corporis
3086 1565 3266 1613 morte
3294 1557 3498 1613 divini-

1924 1656 2093 1703 tatem
2121 1662 2341 1719 quoque
2370 1647 2534 1702 simul
2569 1662 2692 1702 cum
2728 1661 2961 1718 corpore
2995 1656 3268 1704 mortuam
3300 1648 3492 1715 fuisse,

1922 1742 2114 1812 sicque
2145 1755 2340 1797 rursus
2375 1740 2552 1798 Patris
2583 1756 2749 1811 opera
2790 1756 2823 1795 a
2862 1748 3038 1796 morte
3072 1740 3143 1795 ad
3192 1741 3361 1797 vitam
3414 1758 3496 1801 re-

254 1846 510 1893 vocatum.
541 1835 662 1889 Alia
691 1842 872 1891 autem
912 1833 1127 1900 omnia,
1163 1849 1285 1905 quae
1315 1834 1629 1905 hujusmodi
1659 1836 2095 1896 absurditatibus
2132 1835 2340 1905 adjicit,
2383 1834 2605 1904 longum
2634 1833 2799 1889 fuerit
2827 1848 3281 1891 commemorare.

319 1931 379 1983 El
412 1929 593 1983 τοίνυν
639 1928 691 1981 ol
736 1925 963 1983 τοιαῦτα
1004 1927 1329 2003 φρονοῦντες
1376 1929 1435 1982 ὲν
1471 1928 1689 2002 ἐξουσίᾳ
1727 1928 1822 1983 τοῦ

1995 1927 2233 1984 Proinde
2272 1927 2319 1982 si
2352 1926 2442 1992 iis,
2472 1925 2565 1997 qui
2606 1925 2737 1980 talia
2782 1926 3051 1990 sentiunt,
3080 1932 3260 1981 cmtus
3295 1925 3496 1981 habere

254 2021 500 2087 συνάγειν
535 2019 799 2088 γίνονται,
845 2019 1119 2073 σκοπείτω
1146 2035 1238 2073 σου
1271 2020 1305 2090 ἡ
1341 2021 1397 2074 ὲν
1428 2018 1647 2091 Χριστῷ
1676 2018 1826 2073 εὐδό-

254 2127 409 2180 κιμος
432 2110 720 2181 φρόνησις,
747 2109 829 2162 ὅτι
853 2108 930 2180 μὴ
961 2108 1367 2179 συμϐαινόντων
1394 2108 1549 2179 ήμῶν
1576 2104 1657 2173 οἷς
1680 2109 1823 2163 ἐκεῖ·

252 2219 330 2256 νοι
366 2199 623 2273 φρονοῦσι
650 2201 786 2271 (21),
830 2200 893 2255 τὸ
938 2199 1123 2254 λαϐεῖν
1171 2200 1368 2265 αὐτοὺς
1410 2201 1663 2270 ἐξουσίαν
1703 2218 1826 2256 συν-

254 2287 439 2354 ἁξιως,
468 2288 626 2343 οὐδὲν
655 2287 843 2357 ἔτερόν
878 2287 1047 2353 ἐστιν,
1087 2287 1121 2359 ἢ
1151 2289 1549 2361 ἀληθεστέρους
1576 2290 1671 2345 τοῦ
1703 2290 1824 2346 καθ’

255 2380 394 2450 ἡμᾶς
433 2379 707 2449 δόγματος
742 2378 1087 2449 νομισθῆναι.
1125 2380 1188 2433 El
1226 2379 1337 2451 γὰρ
1370 2379 1446 2445 ὡς
1474 2380 1827 2445 εὐσεϐοῦντες

256 2472 442 2525 ἐκεῖνοι
490 2470 768 2524 διδάσκειν
815 2468 892 2534 ὡς
942 2470 1222 2540 φρονοῦσι,
1277 2471 1372 2525 καὶ
1422 2472 1713 2543 κηρύττειν
1770 2473 1828 2527 ὲν

256 2560 535 2633 παρρησίᾳ
564 2561 625 2614 τὸ
654 2559 779 2615 καθ’
816 2561 1043 2625 ἑαυτοὺς
1072 2562 1459 2635 ὲπιτρέπονται
1489 2562 1666 2635 δόγμα
1688 2562 1823 2635 (22),

255 2652 405 2721 δῆλον
434 2653 520 2706 ὅτι
556 2652 989 2721 κατέγνωσταιὸ
1022 2654 1123 2724 τῆς
1171 2653 1497 2726 Ἐκκλησίας
1545 2655 1721 2725 λόγος.
1751 2655 1829 2720 ὡς

256 2742 350 2813 τῆς
372 2743 635 2815 ἀληθείας
661 2745 791 2815 παρ’
817 2743 1003 2808 αὐτοῖς
1038 2742 1226 2815 οὔσης.
1267 2744 1370 2801 Δύο
1411 2744 1520 2816 γὰρ
1552 2745 1829 2811 ἐναντίους

258 2832 439 2902 λόγους
487 2835 625 2905 περὶ
668 2834 765 2888 τοῦ
808 2834 973 2889 αὑτοῦ
1028 2834 1351 2906 πράγματος
1397 2834 1620 2906 ἀληθεῖς
1665 2831 1827 2900 εἶναι,

260 2925 413 2995 φύσις
437 2926 541 2979 οὐκ
574 2926 709 2996 εχει.
736 2925 859 2989 Πῶς
881 2920 974 2979 οῦν
1003 2924 1263 2995 ὑπέμεινέ
1296 2942 1390 2979 σου
1418 2927 1451 2995 ή
1485 2923 1830 2997 μεγαλοφυὴς

240 3014 352 3070 κα)⁸
388 3017 566 3089 ὑψηλὴ
608 3017 837 3084 διάνοια,
888 3017 964 3089 μὴ
993 3017 1302 3090 χρήσασθαι
1336 3020 1403 3088 τῇ
1439 3017 1659 3087 συνήθει
1693 3019 1831 3088 παῤ-

262 3107 421 3180 mat;
446 3111 523 3173 εις
550 3109 837 3180 διόρθωσιν
860 3108 955 3163 τοῦ
980 3107 1235 3162 τοσούτου
1260 3108 1458 3175 κακοῦ;
1503 3108 1640 3162 Ἀλλ’
1661 3109 1709 3162 sl
1737 3108 1831 3163 καὶ

266 3199 337 3269 μὴ
382 3201 652 3270 πρότερον
696 3200 855 3254 τοῦτο
894 3200 1106 3268 γέγονε,
1136 3198 1231 3253 νῦν
1265 3198 1394 3268 γοῦν
1426 3199 1767 3270 διαναστήτω
1795 3200 1828 3271 ἠ

261 3261 531 3357 ἆμίίμητὸς
548 3261 665 3358 (23)
698 3304 791 3341 σου
815 3261 1412 3360 ἐπ’-ἀρετῇ-τελειύτης,
1445 3289 1539 3343 καὶ
1566 3261 1830 3353 διδαξάτῶ
1857 3261 1899 3319 C

258 3379 348 3431 τὸν
385 3379 783 3434 εὐσεϐέστατον
828 3380 1071 3450 βασιλέα,
1120 3381 1203 3434 ὅτι
1245 3380 1397 3434 οὐδὲν
1445 3380 1633 3454 κέρδος
1677 3381 1829 3435 ἔσται

259 3468 356 3537 τῆς
384 3468 585 3539 λοιπῆς
620 3467 787 3522 αὐτοῦ
830 3469 957 3541 περὶ
988 3469 1088 3532 τὰς
1127 3467 1452 3538 Ἐκκλησίας
1491 3469 1747 3540 σπουδῆς,
1779 3471 1828 3524 εἰ

258 3558 315 3612 τὸ
352 3559 568 3613 τοιοῦτο
619 3558 789 3613 κακὸν
836 3560 928 3613 ἐπὶ
974 3558 1293 3632 καθαιρέσει
1336 3558 1437 3630 τῆς
1482 3560 1829 3631 ὑγιαινούσης

260 3650 513 3721 πίστεως,
546 3650 643 3706 διὰ
667 3651 768 3721 τῆς
792 3651 1104 3723 παρρησίας
1135 3652 1313 3706 αὐτῶν
1346 3651 1663 3723 κατισχύσει
1694 3652 1826 3723 (24).

602 3895 716 3948 ΣΡ.
756 3892 1314 3963 ΟΥΔΛΕΝΤΙΝΙΑΝῼ
1352 3892 1485 3965 (25).

1926 2018 2075 2081 licet,
2125 2017 2259 2071 illud
2305 2017 2469 2072 velim
2522 2016 2725 2087 cogitet
2771 2025 2934 2086 atque
2981 2015 3253 2085 expendat
3307 2023 3399 2069 tua
3438 2016 3493 2070 in

1925 2108 2148 2165 Christo
2188 2107 2420 2164 illustris
2470 2105 2783 2177 prudentia,
2821 2104 2970 2175 quod
3016 2104 3178 2161 nobis
3208 2119 3318 2160 non
3350 2105 3493 2160 idem

1926 2198 2298 2256 sentientibus
2342 2211 2407 2251 ac
2454 2196 2556 2265 illi,
2599 2207 2777 2251 ctetus
2818 2192 3058 2250 habendi
3104 2201 3350 2263 potestas
3384 2194 3494 2253 illis

1928 2291 2098 2354 facta,
2133 2288 2275 2344 nihil
2323 2288 2474 2344 aliud
2504 2289 2598 2355 sit,
2629 2296 2794 2358 quam
2830 2300 3020 2341 eorum
3052 2284 3361 2340 doctrinam
3395 2300 3495 2341 no-

1928 2388 2047 2437 stra
2092 2379 2359 2435 veriorem
2400 2376 2731 2437 existimari.
2785 2374 2921 2430 Nam
2959 2376 3005 2433 si
3048 2375 3179 2442 illis,
3224 2382 3368 2431 utet
3410 2374 3497 2445 pie

1928 2470 2319 2536 sentientibus,
2353 2484 2441 2534 ea,
2495 2482 2617 2539 qua
2660 2466 2930 2532 sentiunt,
2977 2465 3179 2522 docere
3221 2465 3498 2536 libereque

1928 2564 2280 2636 promulgare
2329 2561 2689 2633 permittitur,
2733 2561 2858 2630 quis
2903 2575 3012 2615 non
3052 2558 3198 2615 videt
3241 2557 3498 2614 Ecclesiae

1927 2655 2232 2711 doctrinam
2287 2652 2640 2711 condemnari
2666 2695 2682 2719 ,
2742 2650 2964 2722 perin'de
3006 2665 3072 2705 ac
3128 2650 3360 2707 veritate
3428 2649 3500 2705 ab

1930 2747 2151 2802 illorum
2202 2747 2453 2817 partibus
2511 2743 2721 2801 stante?
2765 2741 2953 2814 Neque
3002 2742 3150 2798 enim
3187 2757 3370 2797 rerum
3402 2755 3500 2796 na-

1930 2846 2055 2893 tura
2104 2836 2241 2901 l‘ert,
2270 2836 2409 2893 duas
2445 2835 2513 2891 de
2543 2836 2733 2892 eadem
2765 2849 2825 2890 re
2870 2835 3182 2891 contrarias
3218 2833 3497 2889 doctrinas

1931 2944 2093 2985 veras
2136 2942 2280 2984 esse.
2322 2926 2608 2993 Quomodo
2653 2925 2818 2996 igitur
2843 2924 3095 2980 excelsus
3137 2932 3193 2979 et
3230 2932 3499 2993 praestans

1932 3014 2152 3072 animus
2198 3024 2327 3071 tuus
2386 3014 2454 3069 ad
2509 3013 2646 3068 tanti
2706 3013 2833 3068 mali
2884 3010 3280 3069 correctionem
3341 3011 3503 3083 169

1932 3114 2201 3165 consueta
2258 3107 2511 3163 libertate
2585 3120 2698 3161 non
2768 3105 2848 3159 uti
2925 3103 3232 3159 sustinuit?
3301 3103 3499 3158 Verum

1931 3198 2151 3255 etiamsi
2199 3197 2442 3254 nondum
2493 3197 2699 3253 factum
2749 3202 2853 3259 est,
2905 3210 3051 3250 nunc
3086 3194 3281 3251 saltem
3318 3194 3501 3249 inimi-

1934 3289 2123 3345 tabilis
2169 3296 2262 3344 tua
2316 3288 2669 3360 numerisque
2716 3286 2974 3343 omnibus
3022 3286 3275 3341 absoluta
3328 3286 3501 3341 virtus

1936 3377 2208 3432 excitetur
2248 3392 2312 3432 ac
2369 3376 2777 3447 pientiesimum
2835 3376 3220 3446 imperatorem
3266 3374 3500 3441 doceat,

1935 3468 2075 3523 nihil
2115 3483 2180 3523 ex
2215 3468 2431 3540 reliquo
2463 3467 2639 3539 ipsius
2673 3482 2802 3537 erga
2839 3466 3118 3524 Ecclesiae
3151 3467 3334 3523 studio
3361 3469 3504 3523 redi-

1937 3569 2123 3616 turum
2160 3575 2285 3618 esse
2335 3561 2623 3625 utilitatis,
2656 3562 2703 3616 si
2739 3560 2848 3615 tale
2877 3560 3080 3615 malum
3108 3559 3174 3616 ad
3206 3560 3327 3616 ﬁdei
3358 3576 3506 3617 sana:

1937 3650 2281 3710 eversionem
2336 3666 2431 3722 per
2495 3664 2684 3708 eorum
2739 3650 3046 3705 libertatem
3118 3650 3504 3722 licentiamque

1940 3740 2248 3809 praevaleat.
2278 3772 2281 3775 -

2357 3892 2529 3950 CCIII.
2567 3882 3076 3948 VALEN'TINIANO
3097 3914 3115 3936 ο

328 4025 568 4080 Ceteras
627 4024 861 4095 Gregorit
900 4025 1149 4094 epistolas
1173 4040 1290 4093 qua:
1310 4035 1610 4094 supersunt,
1658 4026 1906 4081 extremis
1948 4028 2063 4096 ejus
2090 4027 2209 4080 vitae
2248 4026 2565 4096 temporibus
2612 4026 2838 4092 scriptas
2875 4026 3038 4096 fuisse
3080 4026 3199 4080 licet
3222 4027 3503 4095 aﬁirmare.

262 4092 388 4148 Cum
433 4105 617 4151 autem
660 4092 770 4149 illa:
808 4092 949 4149 omni
988 4092 1206 4164 prorsus
1254 4092 1541 4164 temporum
1585 4098 1886 4151 charactere
1931 4092 2035 4150 sint
2066 4092 2432 4165 destitutte,t'n
2467 4103 2618 4147 tanta
2648 4111 2823 4149 rerum
2854 4092 3196 4165 Obscuritate,
3232 4092 3346 4148 cum
3376 4097 3506 4165 ipsis

263 4180 454 4217 annum
484 4166 765 4233 assignare
795 4163 1043 4232 possibile
1072 4181 1172 4218 non
1201 4165 1291 4225 sit,
1327 4174 1410 4219 sat
1447 4168 1545 4219 erit
1570 4166 1706 4218 hunc
1731 4166 1869 4221 inter
1902 4165 2025 4219 illas
2050 4164 2287 4219 ordinent
2318 4180 2545 4227 servare,
2582 4175 2636 4217 ut
2668 4180 2785 4233 qua:
2814 4166 2960 4232 prius
2992 4163 3135 4218 data:
3174 4163 3505 4226 videbuntur.

263 4248 419 4299 priori
466 4251 676 4358 quozsse
712 4248 824 4288 Ioco
862 4248 1221 4295 conarentur;
1258 4249 1375 4302 qua:
1420 4248 1546 4289 erae:

264 4313 495 4359 mutuam
526 4305 576 4360 si
615 4305 632 4357 i
661 4303 826 4358 lucem
851 4313 901 4359 et
933 4304 1230 4358 claritatem
1254 4303 1546 4372 pra'beant.

331 4485 352 4518 ’
383 4486 401 4543 Ι
428 4484 565 4543 Cor.
592 4500 686 4553 xv,
717 4484 805 4541 47.

610 4251 679 4307 ue
712 4235 824 4288 loco
862 4235 1221 4307 collocentur;
1258 4249 1385 4307 quas
1420 4234 1607 4301 eidem,
1646 4237 1886 4291 eademne
1916 4236 1980 4290 de
2009 4243 2315 4307 argumento
2344 4235 2574 4305 scriptae,
2610 4234 2772 4303 juxta
2799 4250 2853 4289 se
2883 4234 3095 4289 invicem
3133 4246 3418 4305 ponantur,
3452 4248 3507 4290 ut

330 4638 444 4762 (19)
500 4638 890 4707 Ἀνθρωπείου
925 4636 1363 4707 συμράματος.
1392 4633 1524 4708 Reg.
1563 4645 1616 4692 et
1653 4634 1745 4692 0r.
1777 4636 1827 4703 2,

366 4710 611 4762 οωπίνου
649 4707 1035 4762 συγκρίματος.

2009 4637 2120 4707 (9.5)
2158 4638 2219 4693 Ἠ
2251 4639 2563 4708 ὰμῖμητος.
2608 4637 2681 4691 Ita
2714 4637 2887 4693 Coisl.
2916 4637 2967 4698 l,
2998 4635 3155 4707 Reg,
3188 4636 3419 4691 Montac.
3457 4649 3511 4692 et

1937 4706 2187 4762 Combel.
2224 4707 2397 4762 Onam
2440 4706 2725 4762 lectionem
2761 4713 2984 4762 secutus
3014 4713 3099 4761 est
3137 4705 3258 4762 Bill.
3288 4705 3346 4758 ln
3376 4705 3506 4761 edit.

266 4707 611 4785 ἀνθριρπί-νου
649 4707 1035 4785 συγκρίματος.

334 4728 611 4830 υὲωπινου
649 4728 1035 4785 συγκριματος.

334 4782 351 4846 (
390 4779 444 4845 υ)
494 4776 725 4846 Κριτὴν
752 4793 867 4846 των·
893 4774 1152 4846 urimur.
1185 4773 1262 4829 lta
1303 4773 1434 4844 Reg.
1461 4784 1536 4846 _et
1569 4774 1661 4832 0r.
1689 4775 1744 4833 Ξ.
1776 4774 1835 4846 in

265 4841 394 4901 edit.
428 4841 557 4902 ’τῶν
606 4841 779 4916 deest.
834 4844 1019 4916 Refert
1055 4843 1294 4916 Montae.
1328 4841 1413 4916 ei
1461 4841 1595 4916 Reg.
1645 4843 1837 4916 κριτὴν

267 4916 501 4980 πάντων,
541 4916 715 4968 ὄντων
748 4913 1009 4985 ἀρχηγόν.
1040 4913 1109 4985 At
1139 4914 1193 4966 in
1209 4911 1491 4985 _Mct_lic_eo,
1524 4911 1701 4984 inquit
1733 4911 1839 4985 Mt}-

268 4988 388 5047 rel.,
423 4987 647 5063 legitur
690 4981 914 5063 tantum
944 4982 1139 5063 κριτὴν
1165 4981 1274 5063 τῶν
1306 4982 1580 5063 ἀπαντίον.
1603 4981 1835 5063 Ἰηροό.

272 5069 393 5108 vero
423 5050 717 5123 Francisci
744 5052 785 5113 l,
813 5050 1006 5123 κριτὴν
1037 5050 1143 5123 τῶν
1170 5050 1358 5123 ὀντων,
1388 5051 1477 5123 τὸν
1502 5052 1761 5123 ἀρχηγόν.

335 5123 447 5192 (il)
484 5124 621 5175 Ὀτι
648 5121 734 5189 μὴ
769 5115 1401 5192 συὶιϐαἰγόντωνήμῶν
1418 5115 1506 5186 οἷς
1527 5115 1837 5192 ερῥόίοοῦσι.

274 5190 459 5246 Billius
511 5210 525 5245 :
564 5192 703 5257 quod
759 5206 877 5242 cum
917 5190 1065 5259 nobis
1112 5204 1229 5241 cum
1287 5205 1466 5242 eorum
1506 5190 1839 5259 dogmatibus

269 5276 369 5312 non
400 5262 703 5319 conveniat.
734 5269 895 5312 cretus
928 5258 1151 5312 habendi
1178 5268 1483 5324 potestatem
1508 5260 1617 5313 illis
1643 5260 1842 5313 factum

272 5346 400 5390 esse,
438 5331 580 5381 nihil
620 5329 765 5381 aliud
808 5337 882 5382 est
913 5344 1071 5397 quant
1111 5341 1288 5381 eorum
1324 5327 1615 5382 doctrinam
1661 5338 1842 5383 nostra

275 5401 524 5451 seriorem
569 5400 894 5451 existimare.

341 5467 455 5535 (‘2‘!)
489 5465 930 5535 Ἐπιτρέπονται
954 5465 1161 5535 δόγμα.
1197 5464 1251 5517 lu
1280 5465 1521 5521 oratione
1543 5467 1579 5520 2
1610 5466 1837 5521 verbum

277 5534 447 5615 stum
480 5536 667 5615 deest,
700 5550 799 5589 nec
828 5534 1027 5615 legitur
1059 5535 1220 5589 etiam
1253 5536 1307 5615 in
1344 5536 1522 5615 tribus
1554 5538 1838 5615 codicibus

278 5553 447 5660 εγιὲ
483 5553 667 5615 uccSt.
700 5553 799 5589 nec
830 5553 1027 5615 tegitur
1059 5553 1220 5589 etiam
1255 5553 1307 5615 In
1345 5553 1522 5591 ll'IDUS
1554 5553 1765 5590 comem

446 5606 640 5670 rtints,
663 5620 852 5674 nempe
885 5620 940 5658 In
982 5618 1051 5659 Its
1088 5618 1208 5674 qua:
1242 5614 1526 5675 sugnautur
1552 5606 1606 5671 5,
1631 5607 1686 5669 6,
1712 5606 1765 5660 9.

1937 4705 2187 4763 Combel.
2224 4705 2397 4773 Quam
2440 4706 2725 4762 lectionem
2761 4713 2984 4763 secutus
3014 4705 3099 4761 est
3137 4705 3258 4762 Bill.
3288 4705 3346 4758 ln
3376 4705 3506 4761 edit.

1939 4774 2261 4848 ἀμῴμητος.
2293 4776 2589 4848 inculpata.

2013 4839 2547 4915 (ilifKattqzﬁo’et.
2583 4844 2803 4915 Addunt
2834 4842 3000 4897 Coisl.
3022 4839 3269 4915 _l,_P.eg.,
3296 4856 3506 4915 necnon

1944 4910 2179 4971 Montac.
2212 4922 2265 4969 et
2290 4910 2476 4969 Morel.
2515 4913 2825 5032 ἐρρωμένον
2856 4928 2915 4963 σε
2950 4910 3043 4962 καὶ
3075 4910 3507 5032 ύηπεὲτυξόμενον

1944 4983 2099 5032 iiva
2134 4986 2163 5032 ὁ
2202 4984 2435 5032 Χριστὸς
2474 5000 2583 5032 ναο
2610 4998 2763 5032 σαιτο
2799 4984 2918 5032 ταῖς
2959 4979 3122 5031 αὐτου
3165 4980 3177 4998 ’
3225 4996 3293 5032 κκ
3326 4981 3507 5032 uolat:

1940 4986 1974 5055 ὴ
1984 4983 2099 5055 μῶν
2134 4986 2163 5037 ὁ
2184 4984 2435 5055 ,Χριστὸς
2462 4979 2918 5055 ,χαρίσαιτο-ταζς
2959 4979 3143 5055 αυτοῦ.
3165 4979 3510 5055 Ἐκκλησίαις

1943 5047 2032 5108 τδν
2062 5054 2237 5107 κοινὸν
2254 5047 2579 5123 ’προστάτην
2608 5048 3100 5123 τῷνΑῈκκλῃσιῶν,
3125 5047 3441 5123 incolumem
3462 5060 3511 5104 te

1945 5139 2007 5175 ac
2026 5138 2121 5192 pro
2150 5114 2575 5192 nobis-orantem
2601 5120 2845 5192 Christus
2877 5114 3129 5192 Ecclesiis
3162 5120 3510 5192 suis__largia-

1946 5186 2037 5244 tur
2077 5207 2401 5244 communem
2452 5189 2810 5243 Ecclesiarum
2857 5186 3203 5254 defensorem.
3263 5186 3507 5242 Similem

1944 5263 2247 5316 clausulam
2292 5259 2570 5314 nonnullis
2610 5256 2907 5326 Gregorius
2952 5258 3207 5326 apposuit
3236 5258 3505 5325 epistolis.

1944 5345 2045 5384 nec
2082 5345 2218 5400 rara
2268 5339 2367 5400 est
2390 5326 2533 5400 apud
2563 5332 2789 5400 sanctos
2821 5324 3061 5400 Patres}
3109 5326 3251 5380 hanc
3300 5333 3504 5400 tamen,

1943 5399 2117 5467 inquit
2140 5396 2367 5451 Combel
2392 5436 2407 5459 ,
2427 5393 2541 5450 ho'u
2563 5396 2723 5450 habet
2740 5394 2892 5448 Colb.
2910 5394 3201 5459 maximus,
3223 5409 3323 5450 nec
3348 5393 3509 5450 codd.

1941 5470 2199 5522 exhibent
2230 5467 2503 5519 meliores.
3072 5520 3075 5523 η

2018 5538 2127 5607 (25)
2158 5536 2304 5591 Alias
2339 5532 2565 5590 CXCVL
2603 5532 2815 5603 Scripta
2846 5532 3036 5587 eodem
3070 5546 3237 5591 anno.
