4026 6216
435 256 548 314 34:5
1615 256 1668 310 ε.
1717 243 2042 312 cuneum:
2085 243 2427 309 TllEOLOGl
3591 239 3698 295 ειι

439 363 720 420 infamiam
745 365 799 420 in
831 380 1010 420 rerum
1037 362 1398 435 gerendarum
1451 365 1748 422 consilium
1807 368 2178 424 adhibuisses.
2223 364 2319 420 His
2350 362 2689 434 iucundiora
2725 361 2944 432 quidem
2987 357 3289 420 habebam,
3325 368 3446 424 qua:
3491 351 3700 407 scribe-

438 472 575 520 rem,
603 457 819 511 utiliora
851 467 1030 513 autem
1059 457 1502 530 haudquaquam.
1539 461 1617 514 Ae
1648 463 1819 516 multo
1869 461 2036 518 etiam
2077 463 2235 534 plura
2291 459 2541 516 scribere
2600 456 3011 526 praetermittam
3038 493 3051 516 ,
3099 450 3246 522 quod
3299 447 3432 502 illud
3501 445 3696 506 sciam.

441 553 543 605 nisi
603 550 692 604 Dei
729 559 906 606 metus
953 561 1002 606 te
1034 562 1286 607 coerceat
1319 591 1333 616 ,
1392 568 1614 623 parvam
1666 563 1760 609 aut
1800 555 2006 610 nullam
2044 555 2271 611 omnino
2331 552 2439 608 vim
2481 563 2763 605 sermones
2794 547 3077 602 habituros
3115 559 3284 601 esse:
3353 535 3701 613 quandoqui-

438 647 559 700 dem
611 644 755 699 ferro
801 661 1017 716 quoque
1044 661 1169 701 cera
1215 645 1373 700 facile
1405 645 1766 716 imprimitur,
1799 645 2004 702 ferrum
2043 656 2222 703 autem
2252 644 2527 702 difﬁcilius

438 737 562 791 dem
587 751 664 801 re,
701 745 922 806 prapter
954 745 1164 792 natura:
1192 737 1473 794 duritiem.

853 898 1014 970 174
1046 896 1246 954 CCVII.
1289 897 1567 955 JACOBO.

2576 659 2588 695 :
2633 640 2856 697 adamas
2888 654 3018 695 vero
3062 651 3132 692 ne
3195 635 3508 690 firmissima
3573 633 3700 702 qui-

2615 898 2731 951 sz'.
2771 895 3024 965 ῐΑΚΩΒῼ
3063 890 3198 964 (76).

508 1030 858 1112 Iacobus._ad
906 1049 1054 1102 quem
1092 1039 1291 1112 ξενὶιρα
1331 1041 1566 1112 est_lm:c_
1594 1041 1830 1112 ⁸εμὶειοια
1865 1043 2146 1112 prcefectus
2189 1041 2292 1110 fuit
2341 1038 2736 1112 Cappadociae;
2776 1035 3003 1112 glypius
3049 1033 3446 1112 uutem,_cujus
3479 1049 3698 1112 uxorem

440 1104 648 1155 viduam
684 1103 791 1180 ipsi
841 1105 1170 1180 continenda}
1210 1105 1510 1180 Gregorius,
1549 1103 1686 1163 idem
1725 1127 1837 1164 esse
1865 1103 2100 1176 videtur,
2141 1103 2203 1166 ae
2230 1111 2319 1164 ille
2341 1103 2431 1180 qui
2455 1103 2606 1180 ianua
2629 1107 2734 1180 380
2766 1103 3120 1180 ραῂραιίοεῇῳ
3144 1104 3423 1180 pra'fectus
3455 1115 3590 1180 erat.
3629 1104 3700 1158 ad

477 1174 781 1250 neniUetiai'n
806 1173 1031 1250 scriptas
1061 1192 1092 1226 a
1124 1173 1372 1250 Gregorio
1409 1177 1624 1250 litteras
1654 1180 1901 1235 vidimus.
1932 1173 2101 1236 Porro
2141 1173 2420 1250 Simplicia
2458 1179 2589 1250 Iure,
2624 1177 2805 1250 Alypii
2833 1175 3010 1237 vidua,
3043 1174 3139 1226 illa
3160 1175 3420 1250 sit_nec::e
3447 1175 3514 1250 qd
3539 1191 3699 1250 quem

488 1242 636 1295 asilii
660 1252 706 1295 et
733 1241 972 1319 Gregorii
997 1254 1206 1319 exstant
1226 1241 1486 1319 cpistolw,
1511 1248 1745 1319 diuinure
1770 1268 1872 1304 non
1904 1251 2042 1305 licet.
2082 1241 2347 1306 eret'ica
2391 1241 2601 1319 quidem
2640 1241 2747 1319 ἱεῑὰ
2779 1256 2888 1319 tum
2920 1253 3044 1319 erat;
3072 1260 3134 1319 ac
3175 1243 3478 1319 solut_u,se¢l
3515 1241 3699 1319 agnita

440 1312 622 1390 forsan
654 1313 870 1390 veritate
905 1322 1089 1390 nupta,
1134 1312 1385 1390 i-ntogjam
1423 1327 1473 1390 et
1508 1316 1688 1390 uidua.
1732 1319 1792 1376 Si
1840 1320 2140 1374 Muratorio
2181 1321 2312 1390 ﬁdes
2343 1312 2489 1390 (T7),
2521 1317 2766 1390 Alypius,
2799 1315 2863 1368 de
2890 1331 2999 1390 _quo
3027 1315 3081 1367 in
3108 1313 3207 1390 Itgc
3242 1313 3462 1380 epistola
3497 1316 3698 1390 agitur,

440 1382 660 1460 ium-itus
689 1380 1188 1450 Gorgoniaz'sororis
1221 1380 1618 1509 Gregoriiguit,
1646 1392 1737 1456 qui
1779 1392 1942 1444 etiam
1976 1380 2270 1460 Simplicize
2309 1380 2852 1458 quondam-maritus
2885 1380 3080 1438 fuerat.
3119 1383 3250 1448 Qua:
3284 1380 3544 1449 quomodo
3569 1399 3697 1450 pos-

441 1462 545 1502 smt
584 1451 860 1504 conciliari
911 1453 1124 1506 minime
1161 1454 1414 1509 intelliao.
1517 1458 1717 1509 recibns
1765 1461 2051 1509 contendit.
2103 1471 2162 1509 ut
2194 1459 2431 1509 Iacobus
2470 1455 2768 1509 Sitnuliciw
2800 1469 2970 1509 causa
3011 1453 3320 1508 rectissime
3345 1466 3614 1509 perpensa
3646 1461 3697 1507 et

441 1452 558 1526 sint
584 1451 860 1526 conciliari
911 1453 1124 1526 ntinime
1161 1451 1414 1526 intelligo.

438 1520 739 1590 explorata,
772 1520 1087 1576 hilariorem
1115 1538 1233 1579 eam
1261 1520 1416 1580 ad'se
1446 1527 1708 1581 remittat.

1517 1453 1717 1510 recibns
1765 1461 2051 1526 contendit,
2096 1453 2162 1514 ἰιι
2194 1453 2431 1514 Iaca-bus
2470 1455 2768 1524 Simplicia:
2800 1469 2970 1510 causa
3011 1453 3320 1508 rectissime
3344 1466 3614 1522 perpensa
3646 1461 3704 1507 et

514 1648 572 1702 Si
596 1655 827 1718 corpore
855 1649 929 1703 ita
961 1651 1222 1720 valerem,
1255 1661 1316 1708 ut
1342 1653 1626 1709 laboribus
1648 1653 1888 1708 ferendis
1921 1667 2018 1723 par

2190 1654 2252 1708 Εἰ
2306 1653 2405 1724 μὲν
2443 1652 2616 1714 οὕτως
2661 1644 2822 1722 εἰχον·
2851 1647 2945 1702 τοῦ
2995 1646 3268 1720 σώματος,
3322 1649 3396 1717 ὡς
3449 1649 3706 1722 ἐξαρκεῖν

441 1753 618 1793 essem
647 1779 660 1804 ,
695 1740 922 1809 ipsemet
953 1741 1020 1796 ad
1054 1758 1149 1798 vos
1184 1757 1270 1799 me
1303 1744 1687 1809 contulissem,
1715 1752 1774 1796 ut
1799 1751 1853 1797 et
1884 1757 2016 1797 conn

441 1844 664 1896 gressus
704 1829 873 1885 vestri
908 1830 1246 1886 desiderium
1287 1833 1566 1904 explerem
1587 1872 1601 1898 ,
1635 1841 1689 1888 et
1719 1831 1785 1886 de
1817 1832 2018 1903 quibus

441 1920 656 1984 vellem,
689 1920 1054 1990 colloquerer.
1105 1921 1225 1978 Non
1277 1924 1426 1978 enim
1475 1922 1542 1979 de
1594 1923 1807 1979 levibus
1853 1923 2017 1978 rebus

441 2010 600 2067 nobis
641 2025 824 2066 sermo
877 2019 981 2067 est.
1022 2011 1292 2079 Quoniam
1327 2022 1510 2074 autem
1552 2014 1783 2072 adversa
1809 2015 2018 2070 valetu-

441 2101 571 2156 dine
622 2110 831 2170 teneor,
872 2103 938 2158 ad
968 2103 1181 2162 litteras
1223 2106 1408 2162 venire
1436 2121 1665 2162 necesse
1688 2107 1875 2162 habui.
1911 2105 2025 2161 Or-

441 2191 785 2246 notissimam
832 2192 997 2248 filiam
1044 2205 1292 2251 nostram
1334 2196 1675 2268 Simpliciam
1702 2238 1717 2264 ,
1748 2198 1904 2266 probi
1938 2205 2019 2251 at-

442 2296 550 2350 que
578 2281 796 2336 honesti
821 2283 924 2336 viri
960 2284 1160 2354 Alypii,
1208 2287 1378 2342 totius
1403 2287 1594 2356 patriae
1627 2293 1826 2340 nostra:
1855 2301 2020 2340 orna-

441 2369 633 2434 menti,
681 2370 960 2438 quondam
992 2387 1254 2440 uxorem,
1293 2388 1417 2428 cum
1458 2375 1679 2430 miseris
1708 2374 2016 2440 viduitatis,

444 2470 607 2530 atque
645 2461 899 2515 orbitatis
942 2462 1263 2518 nominibus
1291 2463 1386 2519 tibi
1427 2463 1596 2520 offero
1624 2505 1640 2531 ,
1686 2472 1803 2519 uta
1845 2471 1918 2530 te,
1955 2464 2021 2520 de

443 2551 530 2607 his
558 2552 723 2608 rebus
749 2593 763 2618 ,
804 2552 860 2606 in
904 2552 1104 2623 quibus
1149 2569 1252 2625 Ope
1282 2563 1373 2609 tua
1404 2554 1805 2626 indigebit,jus
1860 2571 2019 2611 suum

443 2645 709 2700 obtineat.
765 2643 844 2699 Ac
898 2645 1230 2702 calamitatis
1286 2645 1718 2718 magnitudinem
1752 2685 1766 2710 ,
1793 2659 1978 2716 quasso
2004 2686 2018 2707 ,

443 2735 720 2804 conspice.
771 2732 1025 2788 Nondum
1063 2734 1304 2790 luctibus
1352 2735 1514 2790 linem
1548 2734 1844 2806 imposuit,
1875 2741 1928 2789 et
1957 2733 2023 2789 de

445 2825 662 2895 pupillis
694 2826 927 2893 laborat,
972 2841 1036 2881 ac
1064 2827 1257 2899 longas
1297 2827 1766 2899 peregrinationes
1812 2828 1865 2882 in
1913 2835 2020 2881 tam

442 2913 701 2978 imbecilli
733 2937 963 2994 corpore
990 2939 1053 2978 ac
1080 2925 1424 2994 negotiorum
1448 2924 1740 2978 insolentia
1765 2924 2021 2994 suscipit,

2120 1745 2255 1816 πρὸς
2286 1745 2411 1808 τοὺς
2445 1744 2662 1809 πόνους,
2696 1740 2857 1805 αὐτὸς
2899 1739 2965 1794 ἂν
2991 1740 3322 1813 ἀφικόμενος
3358 1741 3495 1814 πρὸς
3533 1743 3703 1813 ὑμᾶς,

2116 1839 2208 1894 τόν
2255 1855 2316 1892 τε
2367 1835 2468 1908 τῆς
2523 1833 2808 1906 συντυχίας
2855 1833 2967 1904 (78)
3015 1833 3179 1888 πόθον
3232 1833 3558 1907 ἐπλήρωσα,
3608 1834 3708 1889 καὶ

2118 1925 2400 1997 διελέχθην
2446 1927 2574 1999 περὶ
2599 1919 2674 1979 ὧν
2699 1922 3020 1994 ὲὸουλόμην.
3052 1924 3126 1975 Οὐ
3165 1923 3273 1994 γὰρ
3321 1925 3449 1996 περὶ
3489 1923 3705 1995 μικρῶν

2117 2019 2251 2090 ἡμῖν
2295 2020 2324 2072 ὁ
2371 2017 2550 2086 λόγος.
2606 2015 2761 2069 Ἐπεὶ
2808 2013 2866 2066 δὲ
2910 2016 2975 2084 τῇ
3033 2015 3314 2086 ἀρρωστίᾳ
3364 2015 3701 2086 κατέχομαι,

2119 2108 2434 2178 ἀναγκαίως
2467 2103 2633 2180 ἦλθον
2656 2107 2750 2159 ἐπὶ
2777 2105 2847 2158 τὰ
2874 2105 3198 2177 γράμματα.
3237 2105 3346 2177 Τὴν
3376 2106 3704 2176 κοσμιωτά-

2118 2217 2218 2271 την
2252 2200 2532 2272 θυγατέρα
2572 2199 2729 2271 ἡμῶν
2768 2199 2882 2272 (79)
2943 2197 3308 2270 Σιμπλικίαν,
3342 2198 3439 2270 τὴν
3473 2197 3566 2250 τού
3602 2217 3708 2252 κα-

2119 2291 2213 2344 λοῦ
2248 2291 2340 2344 καὶ
2370 2289 2576 2359 ἀγαθοῦ
2621 2290 2874 2343 Ἀλυπίου
2901 2289 3031 2344 ποτὲ
3069 2292 3322 2357 γυναῖκα,
3370 2288 3462 2342 τοῦ
3494 2289 3706 2360 κόσμου

2122 2384 2301 2453 πάσης
2338 2382 2494 2453 ἡμῶν
2517 2383 2617 2453 τῆς
2639 2382 2919 2453 πατρίδος,
2955 2382 3214 2452 προσάγω
3240 2384 3304 2453 τῇ
3336 2384 3400 2452 σῇ
3429 2381 3705 2452 εὐγενείᾳ,

2125 2473 2262 2544 μετὰ
2292 2473 2400 2526 τῶν
2427 2472 2660 2543 οἰκτρῶν
2692 2473 2972 2544 ὀνομάτων
3012 2472 3238 2544 χηρείας
3265 2473 3361 2525 καὶ
3387 2472 3704 2542 ὀρφανείας,

2120 2560 2226 2614 τῶν
2267 2561 2490 2615 δικαίων
2544 2561 2694 2632 παρὰ
2742 2560 2835 2616 σοῦ
2892 2561 3256 2634 τευξομένην,
3309 2563 3438 2632 περὶ
3485 2554 3559 2616 ὧν
3608 2561 3705 2614 σοῦ

2121 2651 2371 2723 δεήσεται
2393 2651 2526 2720 (80).
2563 2651 2674 2706 Καὶ
2707 2651 2896 2706 σκόπει
2921 2652 3020 2722 τῆς
3050 2651 3336 2722 συμφορᾶς
3359 2650 3416 2702 τὸ
3455 2649 3706 2721 μέγεθος.

2123 2742 2288 2797 Οὔπω
2318 2740 2430 2797 τῶν
2462 2741 2676 2816 θρήνων
2718 2744 3014 2808 πέπαυται,
3065 2742 3159 2795 καὶ
3186 2741 3395 2810 ἀγωνιᾷ
3436 2740 3564 2811 περὶ
3597 2743 3710 2796 τῶν

2122 2833 2395 2906 ὀρφανῶν,
2427 2835 2522 2887 καὶ
2561 2833 2714 2897 ὁδοὺς
2749 2833 2975 2904 ὲκδημεῖ
3010 2830 3246 2902 μακρὰς,
3291 2831 3346 2882 ὲν
3375 2828 3514 2882 οὕτω
3547 2828 3712 2881 ἀσθε-

2124 2929 2208 2980 νεῖ
2230 2925 2306 2998 τῷ
2332 2926 2543 2997 σώματι
2569 2925 2666 2979 καὶ
2701 2925 2926 2996 ἀπειρίᾳ.
2955 2923 3318 2996 πραγμάτων,
3349 2923 3382 2993 ἡ
3414 2921 3546 2992 μηδὲ
3574 2937 3714 2992 προ-

443 3028 567 3093 quae
606 3030 677 3070 ne
725 3016 945 3086 quidem
995 3017 1138 3071 ultra
1187 3017 1386 3070 domus
1418 3016 1584 3071 limen
1618 3016 1871 3085 progredi
1894 3031 2023 3069 con-

2131 3024 2355 3072 κύπτειν
2383 3018 2479 3088 τῆς
2506 3017 2683 3079 οἰκίας
2713 3014 2824 3088 (81)
2860 3015 3166 3086 εἰθισμένη.
3208 3013 3411 3066 Τούτου
3447 3013 3498 3066 τί
3527 3011 3711 3064 ἐλεει-

446 3108 646 3162 suevit.
695 3106 816 3172 Quo
866 3107 1000 3177 quid
1054 3107 1478 3161 miserabilius?
1531 3121 1726 3176 nempe
1767 3120 1835 3160 ne
1873 3105 2029 3160 lucti-

444 3199 549 3268 bus
599 3197 816 3267 quidem
869 3198 1050 3252 locum
1099 3196 1251 3261 dari,
1313 3210 1376 3252 ac
1417 3196 1718 3251 nobilitatis
1762 3196 2026 3250 honorem

443 3290 756 3344 calamitate
794 3287 1050 3358 opprimi.
1086 3287 1210 3342 llaec
1258 3288 1422 3358 igitur
1450 3288 1632 3342 omnia
1660 3299 1839 3342 tecum
1875 3302 2030 3356 repu-

446 3389 606 3446 tans,
637 3390 798 3451 atque
836 3381 1002 3436 etiam
1051 3380 1308 3451 precibus
1351 3379 1558 3434 nostris
1592 3386 1875 3448 permotus
1902 3420 1916 3445 ,
1962 3393 2030 3433 ne

446 3481 756 3543 exspectes,
775 3472 903 3526 dum
936 3471 1075 3526 alius
1105 3471 1201 3526 tibi
1225 3470 1395 3541 judex
1421 3470 1515 3536 sit,
1538 3484 1754 3542 magno,
1786 3471 2027 3538 inquam,

448 3579 513 3618 ac
566 3565 737 3633 probo
765 3561 972 3617 Jacobo
1003 3581 1016 3618 :
1048 3578 1153 3618 neu
1207 3577 1326 3617 eam
1370 3562 1424 3616 in
1474 3561 1615 3615 hanc
1646 3560 2030 3616 necessitatem

447 3649 692 3705 adducas
717 3689 732 3715 ,
770 3657 830 3704 ut
874 3650 1179 3720 longiorem
1219 3650 1717 3722 peregrinationem
1758 3649 1896 3704 inire
1934 3664 2031 3704 co-

448 3747 608 3810 gatur
631 3781 647 3807 ,
681 3755 808 3796 eum
843 3740 1087 3811 aequitati
1129 3755 1310 3795 causae
1349 3755 1462 3795 suae
1504 3755 1834 3812 magnopere
1859 3740 2031 3799 conli-

447 3831 563 3898 dat,
613 3839 674 3887 ut
701 3833 921 3905 quidem
970 3832 1178 3896 multis,
1213 3846 1278 3895 ac
1317 3832 1476 3888 nobis
1506 3832 1658 3896 item,
1693 3831 1850 3887 tidem
1881 3831 2029 3886 facit.

449 3920 656 3979 Verum
696 3924 893 3981 litteris
941 3925 1147 3980 nostris
1184 3923 1478 3994 perlectis,
1531 3937 1808 3993 causaque
1842 3924 2034 3978 rectis-

451 4007 590 4073 siine
617 4032 885 4088 perpensa
914 4025 967 4070 et
997 4017 1308 4088 explorata,
1337 4014 1655 4070 hilariorem
1685 4030 1805 4070 eam
1838 4013 1906 4068 ad
1933 4028 2034 4070 nos

449 4110 704 4175 remitte,
755 4109 888 4161 illud
915 4117 1040 4162 ante
1072 4107 1255 4162 omnia
1290 4121 1416 4160 cum
1452 4106 1636 4160 animo
1663 4114 1757 4160 tuo
1786 4105 2034 4161 conside-

451 4213 605 4263 rans,
641 4200 810 4252 multa
842 4209 894 4253 te
933 4197 1026 4252 Dei
1061 4198 1329 4253 beneflcio
1361 4203 1718 4253 consecutum
1759 4213 1902 4262 esse,
1936 4212 2034 4268 po-

452 4284 701 4347 tentiam,
749 4300 902 4353 opes,
958 4285 1156 4338 famam
1180 4294 1344 4355 atque
1369 4285 1864 4349 existimationem,
1912 4302 2032 4356 quae

2129 3107 2378 3178 νότερον;
2411 3105 2544 3177 μηδὲ
2570 3105 2788 3176 θρήνοις
2821 3103 3078 3172 γενέσθαι
3112 3101 3317 3174 χώραν,
3356 3102 3449 3154 καὶ
3475 3101 3572 3171 τὴν
3610 3101 3711 3172 τῆς

2129 3197 2405 3266 εὐγενείας
2450 3195 2581 3250 αἰδῶ
2629 3195 2740 3264 (82)
2783 3192 3122 3264 λυθῆναιπῷ
3173 3192 3357 3247 πάθει.
3390 3190 3568 3245 Ταῦτα
3617 3185 3712 3243 οὖν

2130 3291 2306 3344 πάντα
2327 3286 2672 3358 ἐνθυμηθεὶς,
2707 3287 2802 3340 κα).
2838 3287 2973 3358 πρός
3002 3302 3065 3354 γε
3093 3286 3190 3355 τὴν
3226 3282 3500 3354 ἡμετέραν
3533 3279 3714 3352 παρὰ-

2131 3380 2322 3451 κ).ησιν
2355 3377 2644 3441 αἰδεσθεὶς,
2686 3377 2760 3450 μὴ
2798 3377 3094 3448 ἀναμείνῃς
3127 3376 3283 3430 ἄλλον
3328 3372 3578 3443 γενέσθαι
3627 3389 3712 3424 σοι

2129 3471 2390 3543 δικαστὴν
2427 3469 2506 3540 τῷ
2533 3469 2753 3540 μεγάλῳ
2784 3467 2878 3522 καὶ
2900 3465 3121 3539 χρηστῷ
3168 3463 3438 3534 Ἰακὼ6ῳ’
3473 3462 3607 3533 μηδὲ
3631 3463 3715 3524 εἰς

2131 3563 2375 3634 ἀνάγκην
2426 3561 2596 3633 αὐτὴν
2646 3561 2988 3630 καταστῆσαι
3038 3558 3149 3629 (85)
3189 3555 3528 3628 μακροτέρας
3571 3553 3716 3604 ἀπο·

2130 3653 2352 3726 δημίας,
2393 3652 2600 3722 σφόδρα
2629 3649 2942 3722 θαρῤοὖσαν
2975 3650 3088 3712 τοῖς
3116 3647 3314 3718 ἑαυτῆς
3352 3645 3601 3709 δικαίοις,
3636 3643 3714 3706 ὡς

2134 3745 2308 3799 πείθει
2344 3744 2573 3805 πολλοὺς
2603 3743 2694 3796 καὶ
2722 3743 2892 3812 ἡμᾶς.
2930 3740 3091 3794 Ἀλλά
3125 3743 3243 3803 ταῖς
3277 3738 3584 3799 ἐπιστολαῖς
3623 3736 3717 3790 ἔνο

2133 3836 2330 3909 τυχὼν,
2367 3837 2462 3891 κα).
2501 3835 2638 3907 μετὰ
2668 3835 2850 3904 πάσης
2887 3833 3176 3903 ὀρθότητος
3216 3831 3284 3885 τὰ
3326 3830 3510 3883 δίκαια
3549 3827 3719 3899 βασα-

2133 3931 2310 3996 νίσας,
2362 3929 2750 4001 εὐθυμωτὲραν
2799 3929 2927 3998 ἡμῖν
2977 3923 3322 3996 ἀπόπεμψον,
3385 3924 3558 3975 ἐκεῖνο
3607 3919 3719 3992 πρὸ

2136 4021 2352 4075 πάντων
2392 4021 2737 4094 ἐνθυμηθεὶς,
2782 4021 2863 4074 ὅτι
2909 4020 3022 4074 ἐστι
3066 4037 3148 4073 σοι
3199 4018 3368 4073 πολλὰ
3401 4017 3514 4086 (84)
3565 4013 3718 4085 παρὰ

2134 4113 2290 4177 Θεοῦ,
2322 4113 2628 4178 δυναστεία,
2657 4113 2935 4183 χρήματα,
2957 4110 3105 4176 δόξα,
3144 4111 3388 4180 μείζονος
3415 4106 3721 4177 εὐπραξίας

2133 4204 2269 4266 ὁδός.
2299 4202 2486 4257 Ταῦτα
2518 4202 2752 4272 φύλαξον
2793 4201 3002 4272 σεαυτῷ
3033 4201 3122 4254 διὰ
3159 4202 3255 4272 τῆς
3284 4199 3563 4270 παρούσης
3599 4197 3719 4266 φιλ·

2138 4292 2476 4365 ανθρωπίας,
2515 4293 2610 4346 καὶ
2653 4295 2728 4358 ὼς
2781 4295 2984 4348 τέκνων
3056 4291 3259 4363 πατὴρ,
3331 4292 3424 4346 καὶ
3463 4290 3571 4344 τῶν
3620 4288 3721 4359 μὲν

453 4375 521 4429 ad
561 4352 822 4444 majorem
877 4375 1189 4432 felicitatem
1230 4352 1438 4430 aditum
1485 4376 1754 4430 muniant.
1789 4374 1912 4430 Haec
1929 4352 2026 4432 tibi

2139 4352 2765 4454 ὲξαίρεθεὶςηκινδύνων,
2799 4387 2913 4448 τοῖς
2950 4384 3007 4437 δὲ
3047 4352 3392 4455 ὲμὸεέῇκὼς,
3434 4379 3579 4433 οὕτω
3614 4352 3724 4432 δια-

453 4483 550 4536 per
579 4477 901 4538 prmsentem
931 4467 1320 4538 benignitatem
1366 4482 1632 4522 conserva
1660 4483 1672 4518 :
1707 4467 1897 4538 sicque
1935 4484 2031 4523 co-

454 4560 588 4629 gita,
630 4568 687 4614 ut
714 4560 1012 4615 liberorum
1052 4568 1229 4630 pater,
1262 4559 1462 4628 partim
1485 4573 1515 4612 e
1539 4558 1800 4628 periculis
1847 4568 2032 4614 extra-

2139 4475 2380 4545 νοήθητι,
2405 4475 2498 4527 καὶ
2525 4473 2702 4540 δεξιάς
2727 4475 2940 4547 σεαυτῷ
2968 4476 3193 4548 ποίησον
3221 4479 3284 4529 ἐκ
3307 4475 3407 4544 τῆς
3439 4469 3725 4543 παρούσης

2141 4566 2450 4631 ὑποθέσεως
2479 4567 2577 4632 τὰς
2603 4568 2744 4622 κατὰ
2773 4567 2904 4621 Θεὸν
2943 4569 3180 4638 ἐλπίδας

454 4660 612 4718 ctus,
643 4653 841 4723 partim
871 4652 1154 4722 ingressus
1189 4651 1465 4723 pericula,
1495 4651 1756 4721 laetasque
1786 4666 1850 4706 ac
1876 4657 2198 4716 commodas
2228 4659 2326 4715 tibi
2360 4661 2460 4730 ipsi
2490 4677 2587 4731 per
2633 4669 2957 4733 praesentem
3023 4661 3310 4717 materiam
3379 4671 3505 4729 spes
3575 4648 3722 4722 apud

437 4747 626 4802 Deum
660 4746 829 4803 eliice.

489 4909 642 4992 "('76)
676 4909 827 4968 Alias
857 4908 1085 4965 CXLVI.
1125 4863 1558 4979 Scripta'iisdem
1583 4909 1804 4965 circiter
1829 4863 2036 4980 tenipo-

457 4979 631 5034 ribus.

529 5049 640 5120 (77)
676 5051 870 5106 Ληεεά.
903 5051 996 5105 Cr.
1031 5067 1082 5120 p.
1110 5049 1200 5104 66.

529 5118 643 5190 (78)
680 5120 791 5190 Τόν
821 5138 885 5172 τε
940 5118 1052 5190 τῆξ-
1101 5119 1452 5189 συντυχιάς.
1505 5120 1581 5173 Ita
1615 5120 1737 5174 cod.
1797 5119 1930 5189 Reg.
1985 5127 2039 5175 et

461 5185 708 5260 Comhef.
745 5189 799 5241 In
830 5190 958 5260 edit.
993 5185 1092 5260 τῆς
1119 5195 1291 5244 deest.

537 5257 645 5379 (79)
681 5259 981 5327 Θυγατέρα
1005 5257 1191 5328 ἡμῶν.
1222 5260 1296 5314 lla
1321 5258 1442 5314 (10d.
1470 5257 1628 5332 “03.,
1652 5257 1774 5315 Par.
1795 5276 1857 5316 ac
1879 5259 2040 5317 Com-

466 5323 534 5382 be
563 5367 575 5378 .
612 5326 665 5379 In
702 5328 832 5382 edit.
871 5330 1080 5382 μητέρα
1107 5329 1286 5382 ἡμῶν.

503 5341 575 5380 et.
613 5341 665 5379 In
702 5341 832 5382 emt.
870 5341 1080 5400 μητερα
1107 5341 1286 5400 ἡμων.

537 5396 650 5472 (81))
679 5397 982 5472 ᾼεήσεζαι.
1020 5402 1156 5472 (ῖοιίἐ
1190 5410 1243 5454 et
1266 5399 1526 5472 Comhef:
1562 5401 1897 5472 δεηθήσεται.

540 5466 651 5534 (81)
691 5469 1054 5537 "ponuntur
1086 5467 1193 5538 τῆς
1224 5471 1460 5534 οἰκείας.
1510 5470 1584 5522 Ita
1624 5466 2033 5527 eluendmimus

2140 4927 2206 4966 ex
2229 4911 2352 4984 cod.
2385 4911 2520 4984 Reg.
2540 4921 2594 4968 et
2617 4912 2741 4967 Par.
2765 4911 2821 4964 in
2844 4909 2980 4984 edit:
3000 4907 3470 4984 agonali-cistvﬁ;
3492 4903 3722 4984 οἰκείας.

2215 4981 2324 5053 (82)
2369 4976 2496 5052 Τῆξ
2516 4984 2818 5053 εὐγενείας
2847 4981 3010 5036 αἰδῶ.
3044 4976 3190 5035 Bill.:
3225 4976 3532 5034 Nobilitutis
3555 4976 3726 5044 pudo-

2143 5068 2328 5203 re’?85)
2358 5122 2768 5191 Καταστῆσαι.
2798 5119 2921 5175 Bill.
2957 5117 3344 5188 καταστήσαις.
3383 5115 3459 5170 Ita
3489 5114 3623 5171 edit.
3652 5105 3725 5168 ad

2143 5207 2467 5260 marginem.

2215 5263 2326 5330 (84)
2360 5263 2487 5316 ’Ὀτι
2517 5263 2648 5317 ἐστι
2695 5277 2792 5316 σοι
2841 5258 3060 5314 πολλά.
3091 5257 3184 5330 ita
3237 5256 3360 5330 co_d.
3392 5262 3446 5330 et
3486 5253 3628 5330 ‘Reg.
3661 5249 3723 5330 [ιι

2145 5322 2275 5384 edit.
2312 5322 2386 5395 ὡς
2423 5332 2537 5385 ἔστι
2577 5333 2742 5402 πολλή
2779 5349 2882 5394 σοι,
2912 5330 3055 5402 quod
3090 5328 3251 5382 Btll.:
3292 5325 3362 5380 Te
3399 5325 3506 5402 Dei
3529 5322 3723 5389 beneﬁ-

2144 5402 2224 5453 cio
2247 5402 2505 5471 ingentem
2542 5396 2829 5471 potentiam
2869 5396 3097 5454 obtinere
3128 5413 3345 5468 opesque
3375 5406 3422 5450 et
3451 5396 3721 5465 faniam...

2146 5471 2344 5524 aditum
2373 5475 2466 5527 tibi
2492 5474 2713 5526 muniat.
