4026 6216
506 277 612 334 ΞΠ

1070 421 1233 479 CCX.
1275 421 1504 477 EIDEM.

1699 269 1764 328 S.
1805 268 2138 328 GREGORII
2171 263 2518 326 THEOLOCI

3654 255 3764 313 3&8

2664 416 2760 469 ειν.
2803 412 2889 484 Τῼ
2927 407 3108 480 arm
3146 407 3277 480 (96).

583 554 830 624 Ejusdem
854 568 923 606 ac
953 551 1190 618 superior
1219 549 1535 624 argumenti,
1550 557 1614 624 Aet
1642 547 1711 601 ad
1742 549 1978 624 eumdem
2005 560 2202 624 scripta
2230 549 2339 624 huic
2365 557 2442 604 est
2473 546 2718 618 epistola.
2749 543 3051 624 Gregorius,
3081 547 3467 610 ingravescente
3487 540 3750 609 podagm,

508 613 646 682 lecto
690 623 913 691 afﬁxus,
947 613 1123 692 atque,
1169 613 1374 692 ιιι-ἕξω
1420 618 1670 692 loquitur,
1717 619 1876 692 plane
1916 613 2229 692 immobilis,
2274 613 2546 675 Castorem
2588 625 2759 692 rogat,
2801 613 3178 692 utdeminam
3221 625 3767 692 communem-soro-

512 712 649 760 rem,
686 683 847 762 quam
887 683 1143 762 ocissime
1174 687 1242 762 ad
1276 683 1329 739 se
1369 683 1624 751 remittat,
1658 683 1798 762 ut'et
1828 690 2050 762 pitu-um
2076 683 2318 762 omnium
2359 698 2413 743 et
2449 703 2565 743 suae
2598 683 2775 757 ipsius
2807 683 3140 738 inﬁrmitatis
3162 692 3459 734 commune
3481 688 3761 736 sustenta-

504 757 718 820 culum.
752 761 1010 828 Quianam
1041 758 1136 811 illa
1166 757 1234 811 sit
1259 772 1412 810 soror
1440 757 1754 823 communis,
1791 757 1860 811 an
1893 758 2107 822 Thecla,
2137 759 2461 829 ignoramus.

582 895 732 961 Mihi,
759 901 817 949 ut
848 899 1092 963 apparet,
1115 891 1488 964 benigniorem
1514 908 1574 949 se
1597 893 1872 965 praebebat
1892 901 2078 949 extera
2111 901 2154 958 Α

502 991 678 1059 regio,
713 1001 876 1056 quam
912 983 1109 1054 patria.
1162 981 1297 1036 Nam
1341 984 1430 1038 illa
1467 983 1572 1038 hoc
1620 985 1752 1040 mihi
1786 985 1971 1052 dabat,
2021 993 2084 1040 ut

513 1075 754 1131 amicitia
784 1085 875 1127 tua
926 1072 1178 1128 fruerer:
1219 1072 1334 1127 haec
1377 1081 1558 1128 autem
1597 1073 1731 1128 nihil
1771 1073 2086 1144 hujusmodi

510 1166 670 1221 nobis
721 1163 1016 1220 concessit.
1066 1161 1245 1233 Atque
1284 1163 1388 1217 hoc
1439 1161 1570 1217 mihi
1615 1164 1840 1220 morbus
1880 1165 2082 1229 attulit,

511 1255 606 1325 qui
649 1269 734 1310 me
759 1254 909 1308 velut
950 1253 1185 1322 pedibus
1235 1252 1547 1308 devinctum
1590 1261 1759 1318 tenet,
1811 1264 1976 1325 atque
2016 1255 2084 1310 ad

512 1346 684 1398 multa
735 1342 1038 1412 torpidum,
1079 1347 1172 1397 aut
1211 1342 1398 1409 etiam,
1441 1343 1488 1399 si
1529 1343 1713 1399 verius
1751 1343 2086 1414 loquendum

511 1440 619 1500 est,
653 1433 814 1504 plane
857 1429 1191 1488 immobilem
1225 1433 1424 1488 reddit.
1463 1431 1569 1489 Sed
1597 1434 1742 1490 enim
1784 1434 1886 1489 hoc
1918 1434 2087 1489 detri-

514 1532 778 1588 mentum,
812 1532 1011 1578 mmsto
1048 1523 1175 1578 licet
1204 1524 1408 1588 animo,
1441 1522 1698 1580 feremus.
1733 1523 1873 1591 Quid
1907 1534 2085 1580 autem

513 1613 890 1668 molestiarum
930 1623 1036 1679 est,
1080 1613 1227 1684 quod
1276 1614 1439 1670 homo
1488 1629 1597 1669 non
1641 1614 1811 1670 lerat?
1853 1614 2085 1670 Tantum

516 1705 696 1760 valeas
725 1705 862 1774 ipse,
898 1704 1108 1776 tibique
1140 1705 1323 1760 omnia
1365 1721 1432 1761 ex
1461 1705 1730 1761 sententia
1759 1706 1980 1770 cedant,
2022 1721 2088 1761 ac

513 1811 604 1852 res
631 1805 738 1851 tua:
781 1795 838 1851 in
882 1812 1048 1851 manu
1093 1795 1187 1852 Dei
1215 1797 1346 1851 sint.
1382 1795 1555 1850 Erunt
1586 1805 1791 1863 autem,
1831 1798 1878 1854 si
1908 1798 2089 1852 animo

512 1888 734 1942 sincero
778 1903 905 1942 eum
962 1887 1296 1957 prehendas.
1355 1886 1640 1942 Dominam
1685 1895 1891 1953 autem,
1939 1902 2091 1943 com-

513 1992 732 2032 munem
764 1986 1008 2031 nostram
1035 1991 1304 2041 sororem,
1337 1976 1501 2032 velim
1530 1992 1696 2046 quam
1731 1978 1992 2033 ocissime
2021 1976 2090 2032 ad

515 2083 617 2125 nos
654 2068 925 2132 remittas,
973 2075 1034 2122 ut
1081 2073 1137 2124 et
1169 2067 1385 2139 piorum
1431 2075 1486 2124 et
1527 2076 1729 2124 nostra:
1756 2067 2089 2125 inﬁrmitatis

513 2172 804 2213 comtnune
847 2157 1305 2222 sustentaculum,
1345 2165 1440 2213 aut
1485 2159 1690 2229 alioqui
1742 2158 2087 2216 sacerdotem

2264 893 2418 964 Ἐμοὶ
2455 891 2556 961 τῆς
2588 887 2869 960 πατρίδος,
2895 885 2976 951 ὡς
3015 884 3212 949 ἔοικεν,
3242 883 3276 953 ἡ
3301 881 3576 952 ἀλλοδαπὴ
3613 900 3757 955 χρη-
3783 926 3786 927 ν

2187 963 2435 1056 σττοτέρα.
2479 983 2546 1036 Ἦ
2595 981 2693 1052 μὲν
2725 978 2835 1050 γὰρ
2872 975 3042 1031 ἐδίδου
3068 975 3169 1046 τῆς
3215 973 3316 1045 σῆς
3351 972 3639 1026 ἀπολαύειν
3671 992 3765 1042 φι-

2185 1075 2304 1138 λίας
2337 1074 2471 1145 (97),
2509 1070 2626 1143 ἠδὲ
2667 1068 2816 1125 οὐδὲν
2864 1065 3104 1120 τοιοῦτον
3136 1066 3268 1136 ἡμῖν
3295 1062 3606 1135 ἐχαρίσατο.
3649 1064 3767 1117 Καὶ

2185 1164 2343 1219 τοῦτό
2378 1181 2468 1235 μοι
2504 1159 2656 1232 παρά
2691 1161 2790 1230 τῆς
2818 1157 3148 1228 ἀρρωστίας,
3176 1156 3212 1227 ἧ
3246 1171 3320 1226 με
3350 1153 3568 1224 κατέχει
3598 1153 3766 1225 πεδή-

2187 1269 2349 1318 σασα,
2379 1253 2473 1307 καὶ
2515 1251 2651 1322 πρὸς
2684 1248 2854 1302 πολλά
2885 1250 3029 1302 ποιεῖ
3056 1245 3396 1315 δυσκίνητον,
3422 1244 3455 1315 ἢ
3481 1243 3766 1314 ἀκίνητον,

2187 1345 2235 1398 εἰ
2273 1342 2380 1414 χρὴ
2421 1343 2598 1411 λέγειν
2635 1340 2694 1393 τὸ
2733 1337 3115 1410 ἀληθέστερον.
3143 1335 3359 1405 Ταύτην
3403 1334 3501 1405 μὲν
3537 1329 3630 1388 οὖν
3655 1333 3759 1406 τὴν

2188 1433 2391 1506 ζημίαν
2418 1433 2746 1503 λυπούμενοι
2783 1430 2880 1502 μὲν
2906 1428 3016 1501 (98)
3045 1431 3285 1499 οῐσομεν.
3318 1426 3384 1479 Τί
3411 1425 3468 1479 δὲ
3501 1426 3560 1478 οὐ
3603 1426 3768 1499 φέρει

2185 1523 2296 1577 τῶν
2345 1523 2583 1594 ἀνιαρῶν
2631 1521 2744 1592 (99)
2775 1519 3093 1592 ἄνθρωποςς
3149 1517 3308 1588 μόνον
3354 1516 3636 1585 ὐτιαίνοις,
3671 1515 3770 1570 καὶ

2188 1614 2450 1685 πράττοις
2479 1612 2548 1667 τά
2575 1611 2718 1668 κατά
2750 1610 2875 1665 νοῦν
2904 1610 3003 1682 (1),
3037 1610 3130 1664 καὶ
3169 1610 3228 1664 ἐν
3255 1611 3400 1681 χειρὶ
3421 1608 3558 1663 Θεοῦ
3585 1609 3672 1680 εἴη
3697 1608 3774 1663 τά

2191 1704 2280 1758 σά.
2314 1705 2506 1758 Ἔσται
2530 1703 2608 1770 δὲ,
2641 1705 2690 1757 εί
2715 1700 2956 1774 γνησίως
2998 1688 3167 1755 αὐτοῦ
3208 1700 3523 1772 λαμϐάνοια
3569 1699 3682 1772 Τὴν
3709 1701 3772 1753 δὲ

2189 1799 2384 1870 κυρίαν
2405 1838 2420 1863 ,
2470 1797 2570 1869 τὴν
2635 1796 2820 1866 κοινὴν
2872 1794 3030 1866 ἡμῶν
3083 1793 3322 1864 ἀδελφὴν
3362 1792 3478 1863 (2),
3532 1793 3774 1862 τάχιστα

2171 1892 2322 1962 ἡμῖν
2353 1887 2777 1959 ἀποπέμψασθαι
2805 1885 3051 1957 θέλησον,
3079 1884 3155 1949 ὡς
3187 1884 3366 1939 κοινὸν
3405 1883 3635 1954 ἔρεισμα
3671 1885 3775 1938 καὶ

2189 1981 2299 2034 τῶν
2339 1979 2604 2044 εὐλαϐὦν,
2652 1979 2748 2033 καὶ
2787 1977 2890 2046 τῆς
2927 1974 3210 2039 ἀσθενείας
3239 1976 3340 2046 τῆς
3380 1975 3686 2047 ἡμετέραςο
3736 1975 3772 2046 ἢ

2192 2067 2364 2122 πολλά
2391 2084 2484 2120 σου
2517 2067 2618 2138 τῆς
2666 2063 3058 2137 σακερδὼτιδος
3102 2062 3578 2135 καταϐοησόμεθα,
3606 2063 3676 2116 δι’
3702 2064 3774 2135 ἢν

2193 2157 2541 2231 ζημιούμεθα
2592 2159 2668 2229 (5)
2689 2197 2705 2224 ,
2762 2157 2858 2212 κα)Ι
2913 2157 3216 2228 καλέσομεν
3266 2155 3433 2228 αὐτὴν
3480 2157 3548 2227 τῇ
3591 2155 3777 2226 οἰκεία

514 2257 665 2301 tuam
707 2248 920 2319 magnis
966 2248 1302 2304 clamoribus
1339 2250 1762 2320 exagitabimus,
1806 2251 1877 2306 ob
1922 2265 2086 2321 quam

2193 2249 2549 2322 προσηγορία.
2581 2246 2771 2320 Γνώσῃ
2799 2246 2856 2300 δὲ
2886 2247 2923 2318 ἦ
2951 2264 3056 2312 τις,
3089 2246 3218 2320 παρ’
3240 2245 3411 2315 αὐτῆς
3440 2245 3768 2316 πυθόμενος.

441 2381 444 2383 .
515 2339 620 2394 hoc
649 2339 974 2394 detrimento
1024 2337 1314 2404 allieimur,
1343 2353 1410 2393 ac
1443 2341 1667 2411 proprio
1693 2355 1815 2398 eam
1863 2344 2085 2399 nomine
2125 2340 2546 2412 appellabimus.
2595 2339 2884 2406 Quodnam
2922 2346 3104 2394 autem
3168 2337 3302 2392 illud
3351 2336 3444 2402 sit,
3510 2336 3771 2406 explora-

471 2491 474 2493 _
516 2439 634 2487 tum
669 2431 916 2498 habebis,
947 2431 996 2486 si
1023 2446 1143 2488 eam
1178 2432 1509 2505 interroges.

1029 2584 1114 2640 CC
1125 2584 1208 2640 XI.
1249 2585 1572 2644 CYRIACO.

2664 2585 2808 2641 ΣιΑι.
2850 2583 3159 2653 meum
3198 2581 3297 2651 (4).

584 2733 868 2809 Cyriacum
899 2745 1050 2805 rogat
1075 2733 1391 2809 _Gregoriu_s_,
1423 2745 1481 2790 ut
1509 2752 1796 2808 pauperum
1819 2737 2131 2809 hospitalem
2159 2736 2507 2809 ἀπαυθημεκὶ
2534 2733 3074 2809 ρναοεζαιδαοετάοε,
3106 2735 3191 2786 cui
3216 2731 3539 2809 Castor-auo
3565 2738 3773 2805 pra-dia

516 2802 740 2873 largitus
797 2802 992 2880 fuerat,
1039 2806 1107 2860 ab
1153 2802 1300 2860 oinni
1341 2802 1529 2880 liberet
1576 2802 1781 2864 insultu
1819 2802 1982 2880 atque
2016 2808 2214 2877 injuria
2260 2807 2416 2876 (quod
2455 2802 2897 2880 de'veetigalibus
2933 2806 3309 2880 interpretatur
3352 2802 3770 2880 Tillemoutius),

515 2888 816 2946 eorumque
846 2873 899 2926 in
930 2881 1203 2946 posterum
1244 2875 1527 2946 provideat
1561 2880 1866 2934 securitati.
1895 2873 2003 2934 Hic
2044 2873 2227 2934 incerti
2269 2873 2519 2946 temporis
2547 2875 2770 2945 epistola
2807 2884 2922 2930 erat
2956 2874 3296 2939 collocanda,
3320 2890 3381 2930 eo
3405 2876 3542 2944 quod
3581 2873 3776 2931 Sacer-

515 2941 737 2996 dotis'et'
757 2941 996 2998 Castoris
1029 2944 1083 2996 in
1109 2959 1172 2997 ea
1205 2941 1397 3000 utentia
1424 2947 1542 3016 ﬁat.

585 3075 890 3146 Religiosos
938 3074 1203 3139 bonoras,
1249 3072 1419 3142 probe
1470 3071 1619 3136 novi,
1671 3079 1727 3126 et
1763 3070 2090 3141 pauperibus

2266 3069 2444 3140 Τιμᾷς
2493 3068 2620 3132 τοὺς
2670 3067 2939 3138 εὐλαϐεῖς,
2982 3065 3043 3124 εὖ
3089 3067 3228 3139 οἶδα,
3267 3074 3362 3128 καὶ
3412 3079 3662 3148 πτωχοὺς
3707 3076 3771 3134 εὖ

445 3166 448 3168 ⁷
516 3166 746 3236 benigne
779 3165 915 3220 facis
947 3183 962 3222 :
1000 3165 1287 3234 utriusque
1317 3163 1539 3218 virtutis
1591 3163 1688 3217 tibi
1721 3177 1867 3216 nunc
1908 3177 1967 3217 se
2000 3161 2087 3216 of-

2193 3161 2356 3222 ποιεῑς
2385 3158 2482 3232 (5).
2524 3160 2741 3214 Τούτων
2776 3161 3103 3235 ἀμφοτέρων
3134 3181 3214 3218 σοι
3253 3165 3350 3221 νῦν
3403 3170 3615 3241 καιρόςο
3653 3171 3774 3244 ἔχει

518 3257 624 3311 fert
651 3256 908 3320 occasio;
941 3256 1020 3310 sic
1051 3256 1196 3311 enim
1229 3269 1316 3309 res
1337 3270 1396 3309 se
1417 3253 1600 3308 habet.
1631 3251 2004 3308 Charissimus
2031 3257 2085 3306 ct

520 3348 634 3404 Deo
666 3347 1082 3418 acceptissimus
1130 3349 1274 3404 illius
1308 3355 1497 3402 noster
1523 3343 1794 3400 Sacerdos
1839 3359 2088 3413 compre-

518 3442 725 3511 sbyter,
756 3438 1045 3509 praefectus
1068 3445 1154 3494 est
1181 3452 1483 3508 pauperum
1515 3435 1965 3491 mendicorumve
1993 3435 2091 3489 do-

519 3529 656 3596 mui,
686 3526 893 3599 insigni
930 3533 984 3582 et
1009 3527 1323 3583 hominibus
1360 3525 1596 3590 refertae.
1627 3525 1698 3580 ob
1732 3526 1987 3595 pietatem
2030 3516 2086 3584 et

517 3616 851 3688 diligentiam
884 3631 1006 3686 quae
1069 3617 1124 3671 in
1165 3616 1268 3671 hac
1319 3631 1378 3672 re
1434 3613 1800 3671 desideratur.
1842 3613 1989 3670 Inter
2023 3628 2088 3670 ea

517 3714 726 3775 autem,
761 3723 885 3778 quae
911 3708 1098 3764 domui
1129 3709 1381 3780 hospitali
1407 3707 1843 3778 suppeditantur,
1873 3705 2089 3760 Lirian-

516 3801 621 3856 dus
653 3810 707 3857 et
730 3799 1000 3856 Caberina
1031 3801 1233 3872 praadia
1268 3801 1356 3856 his
1396 3800 1532 3855 locis
1561 3799 1743 3854 vicina
1785 3799 1853 3853 ad
1885 3799 2091 3853 utilita-

517 3899 627 3946 tem
656 3891 851 3947 domus
879 3893 1204 3949 liberalitate
1235 3891 1648 3949 honoratissimi
1676 3890 1925 3947 Castoris
1955 3905 2090 3945 con-

516 3983 718 4042 ferunt.
759 3984 885 4041 Haec
909 3986 956 4043 si
991 3987 1138 4042 omni
1163 3986 1365 4057 injuria
1417 3993 1472 4042 et
1506 3985 1711 4041 insultu
1743 3983 2085 4049 liberaveris,

516 4090 626 4131 non
666 4077 946 4133 minimam
989 4080 1245 4135 conteres
1279 4087 1510 4150 partem,
1546 4086 1600 4133 et
1630 4076 1960 4148 pauperibus
1986 4091 2086 4138 cu-

517 4164 773 4229 rationis,
817 4179 882 4219 ac
924 4166 1023 4220 tibi
1057 4168 1213 4237 177
1245 4167 1346 4238 ipsi
1395 4167 1872 4231 remunerationis,
1921 4180 2086 4237 quam

517 4253 627 4323 piis
659 4253 847 4308 deberi
887 4256 1055 4310 nosti.
1091 4255 1446 4327 Perspicuum
1485 4265 1570 4312 est
1607 4265 1813 4322 autem,
1845 4272 1969 4313 cum
2002 4272 2089 4312 se-

509 4340 624 4394 mel
654 4339 896 4396 animum
921 4342 1202 4401 induxeris
1225 4346 1294 4400 ad
1325 4345 1799 4408 benefacieudum,
1837 4345 2000 4399 etiam
2034 4355 2089 4399 te
2119 4377 2123 4379 -

509 4432 802 4486 securitati
844 4434 900 4487 in
945 4440 1222 4504 posterum
1263 4437 1632 4506 provisurum,
1671 4442 1731 4489 ut
1775 4451 1843 4491 ne
1883 4435 2088 4490 volenti

510 4525 735 4595 quidem
781 4525 874 4580 ulli
921 4525 1181 4581 damnum
1231 4527 1395 4582 liceat
1456 4526 1660 4582 inferre
1717 4525 1785 4582 iis
1819 4526 1974 4592 locis,
2019 4541 2086 4582 eo

505 4616 680 4672 τωοάο
701 4632 862 4687 quem
893 4615 1166 4688 sagacitas
1191 4623 1284 4671 tua
1317 4617 1727 4688 excogitaverit.

2200 3251 2311 3322 γὰρ
2358 3249 2552 3314 οὕτως.
2597 3251 2655 3305 '0
2683 3251 3012 3322 τιμιώτατος
3052 3255 3147 3308 καὶ
3189 3255 3596 3326 θεοφιλέστατος
3655 3264 3774 3328 υίὸς

2189 3343 2346 3416 ἡμῶν
2399 3341 2765 3416 Σακερδὼς,,ό
2809 3346 3309 3421 συμπρεσϐὐτερος,
3343 3352 3611 3422 πτωχείου
3642 3373 3774 3428 προ-

2193 3434 2392 3506 έστηκε
2437 3434 2547 3488 τῶν
2587 3435 2874 3505 ἐπισήμων
2912 3437 3361 3510 πολυανθρώπου,
3395 3442 3674 3511 εὐσεϐείας
3709 3464 3772 3500 τε

2190 3522 2354 3576 ἕνεκα
2391 3524 2484 3576 καὶ
2511 3521 2612 3593 τῆς
2635 3524 2718 3587 είς
2741 3524 2804 3577 τὸ
2833 3525 3067 3598 πρᾶγμα
3098 3528 3352 3600 σπουδῆς.
3391 3531 3542 3586 Ἔστι
3578 3533 3634 3586 δὲ
3656 3535 3773 3590 τῶν

2193 3615 2650 3687 ὑπηρετουμένων
2676 3615 2754 3687 τῷ
2786 3617 3036 3689 πτωχείῳ
3069 3620 3323 3692 κτήματα
3362 3623 3645 3695 Λιριάνδος
3673 3629 3773 3682 καὶ

2196 3706 2475 3778 Καϐερίνα
2517 3707 2594 3778 (6)
2631 3707 2933 3779 ὁμοροῦντα
2963 3709 3150 3785 τόποις
3189 3715 3307 3776 τοῖς
3336 3713 3435 3785 τῆς
3474 3716 3671 3783 οἰκίας,
3709 3717 3774 3785 ἐξ

2195 3799 2487 3864 ἐπιδόσεως
2534 3799 2628 3853 τοῦ
2677 3801 3004 3871 τιμιωτάτου
3040 3803 3338 3876 Κάστορος,
3386 3807 3464 3878 τῷ
3514 3810 3772 3882 πτωχείῳ

2194 3906 2246 3942 τι
2282 3889 2698 3961 συνεισφέροντα
2738 3889 2837 3960 (7).
2883 3891 3068 3945 Ταῦτα
3099 3892 3281 3965 πάσης
3313 3896 3573 3967 ἐπηρείας
3609 3898 3769 3952 ἐλευ-

2195 3980 2458 4053 θερώσας,
2492 3982 2656 4055 μέρος
2689 3982 2792 4037 οὐκ
2821 3983 3100 4056 ἐλάχιστον
3128 3989 3498 4053 συνεισοίσεις,
3536 3991 3627 4045 καὶ
3651 3994 3772 4056 τοῖς

2189 4077 2426 4144 πτωχοῖς
2458 4075 2555 4145 τῆς
2608 4073 2926 4145 θεραπείας,
2981 4077 3075 4130 καὶ
3137 4078 3350 4151 σεαυτῷ
3401 4080 3501 4152 τῆς
3553 4082 3767 4137 ἀντιδό-

2190 4183 2348 4230 σεως,
2377 4167 2444 4238 ἢν
2469 4162 2617 4230 οἶδας
2647 4167 3002 4240 ὀφειλομένην
3021 4172 3134 4233 τοῖς
3164 4171 3434 4230 εὐσεϐέσι.
3475 4173 3646 4244 Δῆλον
3673 4175 3757 4240 δὲ,

2189 4259 2269 4312 ὃτι
2308 4257 2453 4324 ἀπαξ
2503 4260 2750 4330 ὁρμήσας
2785 4262 2863 4324 είς
2898 4262 2996 4332 τὴν
3028 4262 3369 4332 εὐεργεσίαν,
3410 4265 3506 4318 καὶ
3541 4265 3641 4336 τῆς
3684 4269 3767 4330 είς

2189 4347 2250 4402 τὸ
2311 4348 2502 4418 μέλλον
2552 4349 2852 4418 ἀσφαλείας
2909 4353 3156 4423 ποιήσεις
3223 4353 3302 4424 (8)
3349 4355 3637 4426 πρόνοιαν,
3688 4359 3768 4423 ὡς

2193 4437 2328 4508 μηδὲ
2383 4437 2690 4510 βουλομένῳ
2732 4441 2841 4494 τινὶ
2896 4441 3094 4506 ἐξεῖναι
3145 4444 3314 4498 κακὸν
3371 4445 3624 4514 γενέσθαι
3686 4449 3766 4518 (9)

2192 4529 2318 4599 περὶ
2344 4529 2468 4595 τοὺς
2507 4531 2723 4598 τόπους,
2761 4532 2961 4604 τρόπον
2990 4533 3050 4587 ὃν
3090 4535 3426 4608 ἐπινοήσειεν
3456 4539 3490 4608 ἡ
3539 4539 3607 4610 σὴ
3638 4538 3765 4595 σῦν-

2189 4633 2303 4680 εσις

728 4795 876 4877 A_lias
897 4793 1080 4877 KClV.
1112 4793 1326 4877 Scripta
1356 4795 1574 4877 circiter
1601 4795 1790 4877 eodem
1822 4804 2085 4877 tempore.
2121 4800 2164 4855 D
2192 4795 2288 4877 ᾤς.
2329 4795 2529 4852 Verum
2571 4813 2697 4853 cum
2732 4800 2974 4856 Combel’.
3010 4802 3088 4866 ὥς
3135 4805 3555 4875 expungendum
3601 4817 3758 4877 puta-

587 4867 701 4936 (97)
750 4867 1098 4936 ’Artolmisw
1125 4865 1348 4935 φιλίας.
1379 4866 1510 4921 Coc.
1535 4864 1691 4936 Reg.,
1714 4864 1951 4920 Montac.
1983 4865 2092 4920 Mo-

512 4936 617 4988 rel.
652 4951 716 4990 ac
741 4935 987 4991 Combef.
1015 4935 1302 5006 ὠφελείας,
1335 4945 1392 4990 ut
1425 4935 1656 4990 utilitate
1690 4951 1806 5005 qua:
1835 4950 1900 4988 ea:
1934 4945 1981 4989 te
2013 4944 2091 4989 est

510 5007 740 5071 fruerer.
775 5006 1056 5061 Combef.:
1089 5017 1145 5061 ut
1179 5023 1244 5060 ea:
1283 5017 1329 5060 te
1371 5006 1698 5061 commodum
1745 5015 2087 5072 reportarem.

591 5075 702 5146 (98)
727 5077 1098 5146 Λυπζούμενοι
1127 5079 1262 5146 μέν.
1287 5075 1362 5130 lta
1386 5091 1450 5130 co
1474 5078 1507 5131 Ι.
1533 5074 1847 5146 etCombef.
1877 5074 1930 5146 In
1955 5077 2086 5130 edit.

517 5142 810 5216 .pévjlcesl:
840 5142 981 5216 Moit,
1005 5163 1102 5216 pro
1128 5142 1183 5199 τί
1208 5148 1285 5211 δέ,
1304 5146 1548 5202 Combel‘.
1566 5142 1761 5215 τίγάρ,
1788 5145 1911 5215 quid
1927 5148 2086 5216 enim.

594 5212 706 5282 (99)
740 5213 861 5266 Τῶν
891 5212 1168 5285 ἀνιαρῶν.
1199 5217 1276 5272 lta
1309 5217 1429 5273 cod.
1463 5216 1616 5273 Pass.
1649 5212 1984 5272 Vet'Combel'.
2031 5215 2089 5271 In

557 5281 653 5336 dit.
687 5281 796 5336 τῶν
833 5283 1004 5337 deest.

513 5290 653 5336 cdlt.
687 5290 796 5336 τῶν
833 5290 1004 5340 deest.

594 5351 670 5421 (l)
705 5352 780 5406 Τὰ
807 5355 955 5408 κατὰ
988 5356 1158 5411 γοῦν.
1197 5355 1276 5410 Ita
1305 5358 1425 5414 cod.
1456 5355 1610 5414 Pass.
1658 5365 1710 5411 et
1744 5356 1988 5415 Combel‘.
2030 5355 2088 5412 In

514 5419 658 5475 cdit.
681 5422 747 5474 τά
775 5423 945 5479 deest.

593 5491 667 5556 (2)
685 5492 1056 5566 ’Τὴν-κοινὴν
1089 5495 1256 5565 ἡμῶν
1280 5495 1571 5566 ἀδελφήν.
1594 5498 1726 5552 Cod.
1747 5479 1915 5564 Reg.,
1937 5495 2092 5551 Mon-

515 5568 657 5626 1ac.,
685 5561 870 5616 Morel.
903 5571 956 5617 el.
977 5561 1221 5651 Combel'.
1256 5566 1353 5651 τῂν
1382 5561 1795 5651 γνησίανηὴμῴν
1833 5561 2086 5651 ἀδελφήν,

2193 4881 2388 4920 vnnus.

2262 4937 2338 5059 (ὅ)
2370 4939 2450 4992 Δι’
2482 4937 2560 5006 ἣν
2598 4936 2971 5009 ζημιούμεθα.
3019 4943 3098 4996 Ita
3145 4942 3270 4998 cod.
3307 4944 3366 5000 In
3414 4945 3546 5000 edit.
3587 4945 3654 4999 δι’
3693 4947 3763 5017 ἢν

2191 5024 2305 5063 και.

2259 5077 2334 5153 (ᾖ)
2363 5077 2509 5153 {llas
2527 5076 2865 5153 liCXXXllI.
2903 5078 3116 5153 Scripta
3150 5091 3392 5153 tempore
3421 5084 3647 5141 incerto.

2372 5143 2644 5220 Quoiam
2692 5148 2789 5201 καὶ
2838 5143 3112 5220 πτωχόὺς
3145 5149 3216 5208 εὖ
3262 5143 3474 5220 ’ποῶ-ἴς,
3521 5155 3579 5210 ιη
3628 5156 3754 5212 ευρ,

2187 5212 2330 5271 2022
2364 5212 2422 5269 εὖ
2453 5218 2628 5271 deest.

2261 5288 2339 5366 (6)
2377 5289 2684 5366 Καᾷερίνα.
2715 5287 2790 5341 Id.
2824 5289 2946 5343 cod.
2986 5290 3288 5362 Καϐαρίνα.
3324 5291 3468 5357 Mox,
3502 5297 3616 5358 τοῖς
3655 5295 3758 5366 τῆς

2187 5359 2393 5420 οἰκείας
2424 5359 2482 5409 τό
2493 5375 2626 5420 ποις.

2259 5427 2336 5558 (7)
2369 5419 2862 5495 Συνεισςοέροντα.
2896 5426 2972 5482 Id.
3001 5431 3123 5484 cod.
3153 5419 3614 5504 συνεισφέροντος.

2259 5498 2310 5558 (8
2362 5497 2662 5558 Ποιήσεις.
2702 5496 2834 5550 Cod.
2867 5497 3028 5558 2022,
3062 5503 3283 5558 ποιήσῃ.

2256 5496 2332 5574 (ξ)
2362 5497 2662 5574 avusque.
2702 5496 2834 5574 βοειο
2867 5497 3283 5574 egeamus»,

2258 5567 2334 5637 (9)
2370 5569 2568 5631 Kayser
2591 5566 2882 5635 γενέσθαι.
2902 5568 3093 5623 lleddit
3122 5566 3310 5625 Μοῶι.
3335 5590 3346 5624 :
3379 5569 3444 5623 Ut
3480 5588 3541 5626 ne
3566 5573 3758 5626 uolenti

515 5647 697 5687 cctam
735 5649 965 5689 sororem
1002 5645 1258 5692 nostram.
1295 5637 1418 5693 Mox
1450 5637 1502 5692 in
1543 5637 2088 5708 οὰιῑ.⁷τάχιστα·ᾐμίν
2186 5639 2392 5708 quidem
2426 5638 2522 5691 ulli
2554 5642 2809 5708 integrum
2833 5639 2900 5692 sit
2925 5640 3152 5710 maligno
3182 5657 3293 5698 esse
3318 5643 3458 5696 circa
3485 5641 3593 5698 hate
3615 5642 3755 5698 loca.
