4026 6216
501 285 607 340 330

1697 280 1755 337 S.
1795 279 2122 336 GREGOIKII
2174 275 2539 336 TllEOLOGL

3649 287 3751 341 $60

501 393 758 452 canitiem
813 402 868 451 et
917 394 1158 460 labores,
1211 400 1328 447 tum
1380 405 1520 462 quos
1573 393 1659 462 pie
1715 393 2075 464 religioseque

2181 394 2275 459 οὓς
2323 397 2463 449 κατὰ
2514 393 2648 448 Θεὸν
2696 393 2937 466 ὑπέστη,
2983 395 3362 466 πρεσϐυτέραν
3396 394 3492 465 τῆς
3538 395 3756 466 ἡλικίας

502 486 825 551 exantlavit,
880 487 1143 556 majorem
1193 500 1354 557 quam
1389 501 1490 553 pro
1513 484 1690 539 artatis
1713 485 1929 538 ratione
1961 485 2078 553 pie-

503 586 669 632 tatem
709 577 995 642 exhibens,
1047 585 1160 631 tum
1217 592 1357 646 quos
1384 574 1652 645 impendit
1693 575 1906 630 alendis
1949 591 2083 644 pau-

505 669 769 738 peribus,
817 667 1160 737 fratrumque
1213 667 1468 738 regendis
1507 667 1777 737 collegiis.
1834 667 1990 734 Quod
2034 667 2081 722 si

505 774 736 828 parvum
788 759 892 812 hoc
936 759 1032 813 tibi
1064 759 1302 824 videtur,
1349 773 1450 812 nos
1492 759 1688 812 saltem
1737 765 1794 812 et
1835 766 2080 812 nostram

503 850 937 904 obsecrationem
976 864 1202 918 prorsus
1251 862 1320 903 ne
1361 847 1636 917 despicias
1674 855 1771 902 :et
1817 857 1942 903 ante
1973 848 2081 902 alia

504 939 710 1003 omnia,
734 940 956 994 dimitte
981 940 1062 993 illi
1093 939 1232 993 iram
1278 939 1559 1010 animique
1581 939 1827 994 dolorem
1855 957 1868 993 :
1894 953 2082 1008 quaso

503 1041 579 1094 te,
617 1041 673 1085 ut
706 1038 965 1100 tanquam
1006 1041 1160 1101 pater
1193 1030 1291 1086 tibi
1323 1030 1490 1085 filium
1518 1030 1821 1101 conjungas
1853 1049 1866 1085 :
1898 1031 1945 1085 si
1973 1043 2080 1100 qua

503 1121 557 1174 in
589 1136 648 1174 re
688 1135 928 1175 maerore
959 1130 1010 1176 te
1053 1120 1320 1186 aﬂ‘ecerit,
1346 1120 1493 1191 quod
1529 1137 1638 1175 non
1677 1121 1935 1186 arbitror,
1977 1121 2081 1175 hoc

505 1211 663 1267 nobis
711 1211 1058 1276 eondonans,
1107 1222 1159 1268 et
1210 1213 1344 1267 nihil
1381 1213 1668 1283 indignum
1714 1213 1831 1278 illo,
1885 1227 1949 1267 ac
1986 1220 2079 1266 tua

502 1304 750 1366 lenitate,
785 1304 868 1358 vel
897 1304 1110 1371 dicens,
1159 1305 1244 1360 vel
1276 1305 1524 1360 scribens
1556 1304 1623 1359 de
1655 1304 1812 1374 ipso;
1866 1303 1912 1359 si
1947 1303 2078 1374 quid

503 1402 682 1447 autem
709 1393 821 1463 jam
847 1395 1113 1464 scriptum
1139 1395 1231 1457 sit,
1269 1394 1576 1450 remittens.
1611 1392 1801 1463 Neque
1829 1393 2075 1448 dolorem

502 1484 771 1553 publices,
807 1499 968 1553 quem
999 1487 1277 1538 occultare
1306 1483 1507 1538 melius
1533 1490 1638 1548 est,
1677 1498 1842 1552 quam
1883 1488 2077 1536 notum

503 1572 683 1628 facere
727 1573 1008 1639 externis;
1052 1581 1112 1627 ut
1143 1589 1267 1627 cum
1314 1574 1443 1638 alia,
1474 1580 1589 1628 tum
1633 1574 1798 1629 etiam
1826 1586 1984 1644 aequo
2025 1580 2079 1628 et

502 1661 733 1732 patienti
772 1662 957 1716 animo
989 1662 1166 1732 ipsum
1195 1676 1319 1716 esse
1349 1661 1554 1717 doceas
1583 1662 1858 1732 exemplo.

1041 1815 1127 1870 CC
1137 1814 1252 1869 KX.
1295 1813 1529 1869 EIDEM.

2185 486 2283 557 τὴν
2315 485 2598 538 εὐλάϐειαν
2625 485 3095 556 ἐπιδεικνύμενος,
3129 488 3223 540 καὶ
3251 488 3378 549 τοὺς
3405 487 3516 558 (78)
3560 488 3652 540 ἐπὶ
3684 490 3753 559 τῇ

2182 577 2566 648 πτωχοτροφίᾳ
2615 577 2709 630 καὶ
2763 579 3066 649 προστασίᾳ
3113 579 3224 634 τῶν
3273 579 3534 647 ἀδελφῶν.
3588 581 3652 633 El
3695 579 3757 633 δὲ

2179 667 2338 720 τοῦτο
2379 666 2575 738 μικρόν
2603 681 2686 718 σοι
2719 665 2886 732 δοκεῖ,
2931 667 3048 720 ἀλλ’
3077 668 3223 737 ἡμᾶς
3258 685 3322 736 γε
3354 668 3449 722 καὶ
3477 669 3573 738 τὴν
3613 670 3756 739 ἡμε-

2181 757 2344 830 τέραν
2383 757 2677 830 πρεσϐείαν
2734 758 2952 820 πάντως
3009 759 3084 830 μὴ
3138 760 3446 830 ἀτιμάσῃς·
3516 761 3608 813 καὶ
3645 776 3756 830 προ

2182 851 2399 904 πάντων
2446 851 2552 904 τῶν
2585 849 2760 904 ἄλλων
2795 848 2906 920 (79)
2932 887 2947 912 ,
2990 849 3116 913 ἄνες
3146 850 3296 920 αὐτῷ
3328 852 3429 921 τὴν
3457 851 3625 922 ὀργὴν
3657 869 3754 912 szt

2181 940 2277 1011 τὴν
2309 939 2513 1009 λύπην,
2549 941 2637 993 ναὶ
2685 940 3022 1012 παρακαλῶ,
3070 940 3167 994 καὶ
3207 940 3283 1004 ὡς
3333 942 3516 1012 πατὴρ
3564 943 3752 1000 τέκνον

2180 1029 2488 1084 οἱκείωσαι·
2525 1028 2648 1084 εῐτι
2697 1031 2792 1084 καὶ
2839 1029 3170 1100 λελύπηκεν,
3215 1031 3351 1102 ὅπερ
3405 1031 3505 1084 ούκ
3546 1032 3748 1104 οἴομαι,

2179 1120 2337 1174 τοῦτο
2379 1117 2514 1192 ἡμῖν
2580 1123 2938 1194 συγχωρήσας
2961 1162 2976 1186 ,
3032 1122 3128 1175 καὶ
3182 1122 3349 1193 μηδὲν
3403 1123 3621 1190 ἀνάξιον
3654 1127 3753 1195 μὶν

2180 1211 2382 1277 αὐτοῦ,
2417 1211 2634 1277 ἀνάξιον
2665 1213 2723 1266 δὲ
2756 1215 2855 1284 τῆς
2893 1213 2993 1283 σῆς
3036 1213 3372 1285 ἡμερότητος
3416 1215 3447 1285 ἢ
3479 1215 3645 1268 εἰπὼν
3668 1257 3682 1280 ,
3717 1216 3748 1288 η

2179 1303 2396 1373 γράψας
2434 1304 2563 1376 περὶ
2587 1303 2750 1358 αὐτοῦ
2768 1322 2782 1336 ·
2813 1305 2860 1357 εἰ
2885 1303 2941 1357 δέ
2970 1321 3022 1358 τι
3049 1305 3142 1358 καὶ¹
3165 1304 3473 1376 γέγραπται
3496 1289 3516 1374 ,’
3562 1304 3748 1372 λύσας.

2178 1392 2329 1464 Μηδὲ
2385 1392 2484 1464 τὴν
2538 1392 2714 1464 λύπην
2766 1392 3163 1464 δημοσιεύσῃς,
3215 1393 3281 1464 ἢν
3339 1393 3602 1466 κρύπτειν
3643 1395 3754 1464 βέλ-

2139 1523 2142 1527 ν
2178 1500 2290 1536 τιον
2331 1483 2442 1554 (80)
2485 1483 2518 1554 ἢ
2569 1483 2855 1555 γνωρίζειν
2888 1485 3002 1546 τοῖς
3058 1482 3284 1549 ἔξωθεν·
3339 1484 3415 1548 ὡς
3464 1484 3531 1539 ἂν
3577 1485 3649 1538 τά
3691 1503 3752 1540 τε

2179 1567 2312 1622 ἄλλα
2355 1570 2449 1624 καὶ
2494 1570 2654 1625 αὑτὸν
2705 1570 3076 1644 μακροθυμεῖν
3113 1569 3328 1644 διδάξῃς
3386 1572 3466 1644 τῷ
3537 1573 3751 1628 ὑποδεί-
3852 1585 3856 1588 ’

2177 1675 2368 1729 γματι.

2650 1817 2774 1871 Σκν.
2817 1816 2903 1886 re
2940 1814 3124 1886 ΛΥΤῼ
3147 1815 3280 1888 (81).

570 1965 811 2036 Beuigna
840 1967 1006 2020 verbis
1024 1965 1236 2091 guidem
1261 1968 1538 2036 suavisque
1566 1965 1802 2021 Ile/[adii
1825 1967 2097 2036 responsio
2129 1966 2232 2035 fuit
2261 1965 2532 2036 Gregorio,
2557 1985 2610 2023 re
2639 1979 2816 2024 autem
2858 1971 3268 2033 molestissima.
3296 1973 3478 2043 quippe
3506 1971 3622 2044 qua:
3655 1991 3748 2030 ea-

570 2053 584 2088 ι
609 2045 656 2089 et
681 2037 996 2091 ararissima
1066 2036 1304 2090 arerdoti
1335 2037 1537 2091 obiecta
1569 2036 1732 2091 fuisse
1757 2039 2004 2091 crimina.
2033 2037 2110 2090 vel
2139 2045 2276 2090 certe
2315 2037 2518 2091 invidos
2543 2039 2829 2091 admodum
2861 2042 3172 2091 imposuisse
3203 2042 3452 2091 Helladin
3481 2045 3748 2091 sianiﬁm-

501 2035 584 2088 ria
609 2045 656 2089 et
681 2035 996 2104 gravissima

1066 2036 1304 2114 arerdoti
1335 2037 1537 2114 affecta
1558 2036 2004 2114 fuisseerimina,
2033 2037 2110 2090 vel
2139 2045 2276 2114 certe
2315 2037 2518 2114 invidos
2543 2039 3172 2114 admodumimposuisse
3203 2036 3452 2114 Heliadio
3481 2036 3750 2114 signiﬁca-

500 2106 608 2183 bat.
627 2105 844 2183 Quibus
873 2123 932 2161 eo
962 2108 1136 2183 minus
1167 2106 1324 2183 [idem
1345 2104 1635 2183 Gregorius
1666 2105 2006 2175 adjungebat,
2037 2105 2177 2176 quod
2209 2105 2488 2183 Sacerdos,
2520 2109 2611 2177 qui
2632 2120 2752 2183 _tum
2776 2104 2988 2183 aderat,
3026 2111 3095 2164 ad
3125 2113 3503 2179 defendendum
3527 2104 3587 2167 se
3618 2104 3750 2183 'pro-

500 2173 828 2251 {aridumque
848 2177 1027 2251 omnia
1049 2192 1162 2230 esse
1183 2175 1326 2242 falsa
1351 2185 1400 2230 et
1426 2173 1923 2251 coizﬁetaparatum
1956 2193 2010 2229 se
2023 2173 2140 2251 esse
2162 2173 2579 2251 contestabatur.
2617 2178 2880 2251 Quocirca
2914 2181 3085 2248 ipsum
3129 2173 3249 2235 cum
3286 2182 3384 2236 hac
3424 2173 3644 2251 epistola
3679 2185 3750 2237 ad

503 2241 810 2321 ilelladiuiit
855 2247 1023 2314 misit,
1072 2255 1129 2298 ut
1160 2241 1254 2312 per
1293 2259 1369 2310 se,
1417 2246 1466 2298 si
1485 2241 1630 2320 quid
1659 2241 1812 2298 illum
1859 2249 2245 2314 centris-lasset,
2279 2258 2492 2301 sanaret
2541 2241 2667 2316 ipse,
2715 2241 3053 2321 eamdemque
3091 2252 3267 2306 omnia
3309 2268 3374 2306 ea:
3415 2241 3490 2307 rei
3537 2255 3751 2309 veritate

498 2311 728 2368 doceret.

573 2463 704 2527 Quae
729 2460 797 2515 ad
844 2475 930 2515 me
979 2457 1276 2528 scripsisti,
1311 2457 1508 2527 partim
1553 2457 1848 2513 admodum
1892 2461 2082 2516 suavia

2249 2459 2348 2520 Ὦν
2391 2467 2709 2534 ἐπέστειλας
2736 2469 2804 2524 τὰ
2839 2470 2939 2542 μὲν
2974 2471 3094 2527 λίαν
3121 2474 3305 2547 ἥμερα
3327 2475 3421 2529 καὶ
3446 2475 3751 2546 φιλάνθρω-

497 2563 554 2609 et
592 2552 852 2621 benigna,
897 2550 1096 2620 partim
1125 2548 1396 2618 ejusmodi
1432 2556 1582 2615 sunt,
1625 2558 1683 2603 ut
1721 2551 1848 2620 quid
1883 2551 1951 2606 de
1995 2552 2075 2609 his

2179 2571 2287 2621 πα,
2314 2555 2381 2608 τὰ
2411 2557 2469 2610 δὲ
2501 2559 2601 2612 οὐκ
2635 2559 2743 2630 ἔχω
2770 2561 2880 2632 (82)
2917 2563 2970 2615 τί
3001 2562 3180 2632 λέγειν
3203 2606 3216 2628 ,
3250 2565 3389 2636 πλὴν
3421 2567 3551 2637 ἡμῖν
3578 2566 3752 2638 λυπη-

498 2645 702 2706 dicam,
737 2658 846 2698 non
880 2642 1131 2704 habeam,
1164 2640 1272 2696 nisi
1303 2639 1450 2710 quod
1479 2642 1638 2697 nobis
1673 2643 1903 2698 molesta
1933 2643 2080 2700 siut:

2181 2645 2278 2718 ρά⁸
2303 2649 2418 2701 καὶ.
2437 2649 2582 2720 μάλα
2603 2652 2829 2717 εἰκότως
2851 2693 2866 2716 ,
2893 2654 2969 2717 ὼς
3002 2656 3235 2726 ἐμαυτὸν
3266 2657 3454 2712 πείοω.
3491 2657 3614 2710 Εἴτε
3640 2659 3750 2730 γὰρ

496 2733 699 2804 etjure
743 2734 962 2797 merito,
997 2740 1057 2786 ut
1107 2732 1240 2787 mihi
1274 2731 1600 2802 persuadeo.
1635 2733 1770 2788 Nam
1813 2735 1929 2791 sive
1954 2736 2075 2806 jure

2176 2735 2398 2803 δικαίως
2426 2740 2738 2808 ἐγκαλεῖται
2777 2744 2805 2796 ὁ
2837 2744 3064 2815 ἀδελφὸς
3085 2747 3242 2817 ἡμῶν
3268 2748 3362 2802 καὶ
3393 2749 3749 2819 συμπρεσϐύ-

499 2834 792 2882 accusetur
817 2825 976 2895 183
1007 2823 1176 2878 frater
1205 2831 1410 2886 noster,
1443 2830 1497 2877 et
1531 2825 1941 2897 compresbyter
1971 2825 2075 2880 Sa-

497 2919 715 2982 cerdos,
753 2918 897 2988 quod
936 2917 1154 2986 quidem
1202 2931 1312 2970 non
1342 2916 1602 2980 arbitror,
1635 2918 1927 2974 molestum
1967 2928 2070 2975 est.

2179 2846 2338 2900 τερος
2371 2831 2654 2901 Σακερδὼς
2700 2833 2811 2904 (83)
2837 2874 2852 2898 ,
2891 2835 3027 2905 ὅπερ
3073 2837 3172 2891 οὐκ
3218 2837 3434 2909 οἴομαι,
3485 2837 3746 2908 λυπηρόν.

2187 2919 2310 2981 Πῶς
2339 2922 2449 2993 γὰρ
2489 2922 2583 2990 ob;
2615 2924 2880 2997 τοσαύτην
2914 2927 3200 2982 εὐλάϐειαν
3228 2929 3324 2983 καὶ
3343 2928 3628 2992 τοσούτους
3660 2931 3752 2984 πό-

497 3005 602 3072 Qui
628 3007 781 3062 enim
815 3005 872 3060 id
911 3020 1020 3060 non
1051 3005 1235 3060 esset?
1277 3011 1486 3058 tantam
1531 3005 1875 3077 religionem,
1911 3017 1965 3064 et
1997 3016 2075 3064 tot

2179 3029 2303 3078 νους
2353 3014 2526 3079 οὕτως
2583 3017 2642 3071 ὲν
2692 3017 2886 3088 βραχεί
2923 3015 3315 3093 καταλυθῆναις
3366 3021 3489 3076 Εἴτε
3527 3021 3750 3093 διαϐολὴ

497 3112 562 3152 ac
607 3106 786 3152 tantos
823 3097 1059 3160 labores,
1111 3101 1223 3147 tam
1278 3109 1448 3164 parvo
1491 3097 1758 3166 temporis
1798 3109 2075 3155 momento

497 3186 760 3258 periisse?
794 3185 920 3240 Sive
949 3184 1224 3239 calumnia
1256 3185 1371 3238 lmc
1408 3183 1576 3239 fuerit
1609 3186 1678 3240 ab
1703 3187 2074 3246 invidentibus

497 3278 600 3348 ipsi
627 3285 978 3347 comparata;
1014 3285 1068 3330 et
1094 3276 1200 3330 hoc
1235 3275 1514 3340 acerbum,
1547 3276 1748 3338 virum.
1783 3278 1942 3349 cujus
1972 3280 2072 3336 tibi

497 3369 793 3439 conjuncta
841 3369 963 3424 vitae
1007 3366 1148 3421 ratio
1199 3375 1252 3422 et
1302 3366 1618 3435 disciplina,
1655 3367 1824 3432 hunc,
1875 3371 2074 3439 quibus

498 3463 775 3530 appetitur
804 3458 1047 3528 injuriis,
1092 3457 1413 3512 abalienari.
1453 3456 1610 3523 Quod
1649 3457 1816 3528 igitur
1845 3460 1898 3514 in
1930 3475 2073 3531 preco

498 3549 640 3606 senti
681 3564 866 3605 rerum
925 3555 1075 3605 statu
1117 3549 1386 3618 Optimum
1436 3558 1492 3603 et
1542 3549 1897 3604 utilissimum
1946 3552 2073 3608 novi

497 3641 813 3705 consilium,
847 3644 950 3696 hoc
975 3640 1163 3711 accipe
1196 3660 1210 3695 :
1246 3641 1425 3710 ipsum
1459 3640 1526 3694 ad
1569 3646 1621 3696 te
1663 3641 1787 3696 misi
1824 3641 2069 3708 fratrem,

498 3733 580 3787 vel
610 3731 791 3802 potius
825 3729 1130 3801 profectum
1171 3731 1397 3794 deduxi,
1427 3730 1521 3800 qui
1561 3730 1678 3802 ipse
1710 3749 1807 3803 per
1835 3750 1895 3790 se
1925 3734 2073 3805 quod

498 3821 948 3885 moleste'habet,
994 3829 1292 3877 sanaturus
1325 3823 1418 3890 sit,
1453 3831 1507 3877 et
1541 3822 1726 3877 omnia
1754 3837 1823 3878 ex
1863 3825 1940 3879 rei
1979 3841 2074 3881 ve-

498 3911 663 3966 ritate
686 3912 1005 3968 edocturus.
1043 3911 1119 3968 De
1145 3913 1270 3969 aliis
1310 3912 1457 3967 enim
1487 3913 1556 3968 ad
1581 3912 1958 3970 defensionem
1983 3916 2071 3970 of-

497 4001 776 4058 ferendam
814 4011 1067 4075 paratum
1107 4019 1166 4060 se
1189 4004 1346 4070 dicit,
1389 4012 1445 4061 et
1477 4004 1544 4059 ad
1579 4005 1920 4076 probandum
1963 4007 2072 4062 alia

498 4101 564 4147 ut
590 4093 726 4149 falsa
751 4094 880 4147 dolo
904 4093 1077 4150 fuisse
1100 4096 1426 4164 composita.
1459 4093 1574 4150 Hoc
1596 4096 1742 4152 enim
1771 4097 1933 4152 etiam
1965 4112 2070 4152 no-

497 4182 582 4236 bis
612 4182 907 4251 persuasit,
949 4183 1153 4254 quippe
1205 4186 1299 4254 qui
1335 4183 1431 4240 Dei
1472 4194 1621 4241 metu
1659 4201 1945 4244 sermones
1985 4185 2072 4242 in-

495 4272 695 4328 stituit.

489 4509 610 4546 την.

526 4493 679 4636 2&9)
711 4561 829 4630 Πρὸ
869 4561 1110 4636 πᾴντῳγ
1154 4564 1272 4616 τῶν
1305 4563 1528 4636 degitur.
1559 4563 1793 4636 Montac.
1828 4566 1932 4636 πρὸ
1957 4567 2063 4621 τῶν

491 4631 690 4703 ἄλλων,
721 4643 843 4686 ante
870 4632 1000 4686 alia.
1036 4631 1154 4686 Non
1187 4641 1334 4687 recte
1366 4632 1554 4688 Morel.
1587 4635 1656 4688 ad
1686 4631 1949 4703 personas
1979 4652 2067 4692 ree-

495 4702 617 4772 fert,
663 4704 928 4772 vertitque
956 4710 1078 4755 ante
1108 4704 1244 4756 alios
1266 4719 1465 4772 omnes.
1506 4703 1626 4758 Mox
1651 4742 1667 4767 ,
1688 4702 1841 4758 idem
1870 4703 2060 4762 Morel.

492 4770 619 4835 ἄνες
648 4771 796 4844 αύτῷ
832 4770 932 4844 τὴν
960 4771 1128 4842 ὀργὴν
1157 4773 1251 4825 καὶ
1277 4771 1475 4842 λύπην,
1501 4773 1636 4828 iram
1661 4774 1915 4829 adversus
1944 4791 2063 4829 eum

494 4859 556 4895 ac
591 4842 895 4896 molestiam
915 4857 1111 4896 coerce.

562 4912 674 4983 (80)
701 4913 997 4983 Kpdaretr
1016 4912 1284 4983 βέλτιονξ.
1323 4908 1628 4979 Legendum
1654 4913 1908 4983 proponit
1938 4913 2059 4968 Bill.

493 4981 1025 5052 xpdxceaﬂatdétov,
1058 4993 1110 5052 et
1144 4981 1311 5052 paulo,
1345 4990 1497 5052 post,
1530 4998 1628 5051 pro
1658 4981 2060 5052 μακροθυμεῖν,

496 5050 972 5120 μάκροθυμοῦντα,
1008 5051 1102 5105 sed
1139 5051 1263 5104 huic
1303 5050 1870 5107 lectiuni’non‘favent
1899 5050 2058 5107 codd.

491 5118 689 5171 nostri.
733 5118 830 5172 nec
861 5118 1096 5175 Montac.
1132 5135 1228 5174 nec
1250 5120 1496 5174 (Zombel.

523 5187 673 5268 .(8l)
729 5187 877 5242 Alias
929 5188 1181 5244 CCXVII.
1235 5190 1451 5260 Scripta
1504 5189 1665 5260 paulo
1721 5198 1840 5257 post
1893 5207 2060 5263 supe-o

490 5270 712 5310 norem.

562 5324 674 5400 (8%)
706 5324 1000 5400 Οὐκέχω.
1032 5327 1110 5380 Ita
1133 5327 1255 5382 cod.
1293 5329 1446 5400 “83.,
1484 5329 1672 5386 Morel.
1713 5343 1779 5386 ac
1807 5328 2059 5388 Combef.

489 5396 552 5449 In
581 5393 712 5448 edit.
747 5394 864 5448 οὐδὲ
893 5395 1020 5465 ἔχω.

563 4422 682 4494 (78)
719 4424 832 4477 Kat
892 4423 1053 4490 τούς.
1088 4424 1166 4480 Ita
1193 4424 1318 4482 cod.
1341 4425 1485 4481 2022
1541 4437 1647 4482 etc.
1679 4426 1737 4481 ln
1799 4426 1928 4483 edit.
1976 4429 2069 4482 καὶ
2103 4430 2145 4485 1)

563 4511 591 4545 ν

2178 3103 2351 3157 ταῦτά
2384 3107 2499 3158 ἐστι
2536 3106 2689 3179 παρὰ
2714 3109 2822 3162 τῶν
2857 3109 3195 3179 φθονούντων
3227 3112 3376 3184 αὐτῷ
3409 3131 3750 3168 κατασκευα-

2181 3192 2366 3246 σθεῖσα
2397 3194 2506 3265 (84)
2527 3235 2542 3261 ,
2581 3197 2858 3251 καὶτοῦτο
2885 3199 3138 3272 ἀνιαρὸν,
3175 3196 3236 3257 οὗ
3266 3205 3298 3274 ἡ
3341 3204 3584 3257 πολιτεία
3625 3221 3749 3258 συν-

2177 3284 2346 3354 ῆπται
2381 3302 2496 3351 σοι,
2551 3286 2737 3342 τοῦτον
2784 3289 3194 3363 ἀλλοτριοῦσθαι
3243 3297 3364 3358 ταῖς
3433 3295 3745 3366 ὲπηρείαις.

2185 3379 2288 3432 Ἦν
2329 3375 2421 3434 οὖν
2466 3381 2524 3434 ὲν
2556 3384 2667 3446 τοῖς
2700 3383 2934 3455 παροῦσι
2963 3384 3194 3458 ἀρίστην
3230 3387 3455 3460 γνώμην
3484 3389 3577 3441 καὶ
3603 3387 3751 3440 1w:-

2177 3469 2503 3543 τελεστάτην
2529 3473 2700 3542 ἔγνων
2722 3515 2737 3540 ,
2776 3474 2979 3546 ταύτην
3011 3478 3268 3545 ἀπόδεξαι
3287 3496 3300 3508 °
3334 3480 3497 3534 αὐτὸν
3528 3479 3750 3550 ἐπεμψά

2179 3579 2261 3616 σοι
2305 3561 2395 3617 τὸν
2439 3564 2665 3634 ἀδελφὸν
2689 3604 2705 3631 ,
2760 3567 2959 3637 μᾶλλον
3006 3568 3062 3622 δὲ
3113 3569 3442 3642 ὡρμημένον
3471 3571 3749 3643 προέπεμ-

2176 3655 2254 3725 ψα
2277 3655 2387 3726 (85)
2410 3695 2425 3721 ,
2459 3657 2530 3710 δι’
2561 3658 2725 3712 αὑτοῦ
2753 3662 2845 3714 καὶ
2875 3662 2935 3715 τὸ
2956 3663 3158 3716 λυποῦν
3193 3663 3614 3734 θεραπεύσαντα,
3650 3667 3750 3717 καὶ

2179 3745 2354 3799 πάντα
2391 3747 2527 3817 μετὰ
2559 3733 2818 3818 ἀληθείὲις
2865 3733 3407 3827 ἀναδιδάξονταίωϐ).
3463 3756 3597 3827 Περὶ
3644 3757 3749 3826 μὲν

2177 3836 2286 3907 γὰρ
2313 3838 2420 3890 τῶν
2457 3839 2899 3912 ἀπολογήσασθαί
2939 3861 3104 3914 φησιν
3139 3844 3357 3916 ἕτοιμος
3385 3840 3524 3900 εἶναι
3547 3885 3562 3910 ,
3592 3847 3660 3900 τὰ
3685 3847 3749 3900 δὲ

2173 3928 2253 3993 ὡς
2303 3929 2474 4002 ψεύδη
2518 3933 2974 4002 κατεσκευᾶσθαι,
3026 3934 3216 4002 δεῖξαι.
3274 3936 3444 3991 Τοῦτο
3493 3937 3599 4010 γὰρ
3647 3940 3750 3993 καὶ¹

2175 4021 2326 4090 ἡμᾶς
2374 4021 2590 4079 ἔπεισεν
2615 4063 2631 4091 ,
2676 4023 2754 4090 ὡς
2809 4023 2958 4096 φόϐῳ
3014 4024 3126 4098 (87)
3177 4023 3313 4081 Θεοῦ
3365 4029 3492 4092 τοὺς
3552 4027 3748 4096 λόγους

2177 4109 2518 4182 ποιούμενος.

2245 4431 2913 4554 (ἱέῗὶιέιιίιμπρεσϐύτερος
2944 4433 3266 4504 Σακερδώς.
3313 4434 3500 4493 Morel.
3527 4435 3751 4507 presby-

2172 4508 2251 4555 ter
2283 4508 2499 4556 colteaa.

2243 4518 2560 4641 (803??qu
2614 4574 3190 4629 κατασκευασθεῖσα..
3242 4573 3320 4628 Ita
3375 4574 3624 4632 Combef.
3669 4556 3748 4630 'ln

2169 4640 2479 4715 quaeea;
2510 4643 2679 4715 deest.
2708 4642 2853 4715 Mox,
2891 4646 2982 4697 καὶ
3019 4644 3174 4697 τοῦτο
3206 4644 3448 4715 ἀνιαρόν,
3475 4654 3583 4700 etc.
3611 4644 3750 4698 red-

2169 4709 2248 4762 dit
2277 4709 2464 4764 Morel.
2501 4730 2514 4764 :
2545 4710 2614 4763 'Id
2645 4712 2808 4767 etiam
2842 4715 3089 4778 infestum
3125 4723 3224 4776 est,
3261 4709 3428 4767 virum
3458 4729 3745 4768 conversa-

2172 4781 2311 4852 tione
2343 4779 2436 4852 tibi
2459 4781 2952 4852 conjunctissimum
2982 4783 3206 4836 alienari
3245 4784 3565 4852 injuriarum
3597 4783 3751 4835 inso-

2169 4850 2660 4921 lentia._Combef.:
2691 4853 2825 4906 hunc
2863 4852 3236 4906 malevolorum
3285 4850 3556 4906 calumnia
3586 4862 3752 4921 atque

2169 4919 2448 4986 fraudibus
2472 4921 2716 4974 alienari.

2380 4991 2757 5063 Προέξτεμψιι.
2786 4991 3028 5063 Montac.
3056 4999 3111 5046 et
3136 4990 3330 5063 Morel.
3350 4991 3748 5063 προσέπεμψα.

2169 5056 2364 5111 Reddit
2395 5056 2636 5133 Combef.
2659 5056 3021 5133 ὡρμημένον,
3053 5056 3409 5133 προέπεμψα,
3453 5056 3753 5130 properan-

2169 5137 2270 5180 tem
2300 5137 2348 5180 et
2381 5144 2413 5180 a
2443 5143 2497 5181 se
2522 5130 2796 5182 incitatum
2828 5130 3044 5185 deduxi.

2167 5196 2352 5330 δᾰιἓὸϐ)
2393 5197 2870 5262 Ἀναδιδάξοντα.
2911 5198 2988 5253 lla
3019 5199 3266 5255 Combcf.
3296 5197 3357 5254 In
3383 5197 3514 5254 edit.
3552 5197 3746 5252 ἀναδι-

2267 5283 2421 5320 αντα.

2267 5283 2421 5320 αντα.

2235 5336 2350 5392 (8³1)
2399 5335 2495 5402 Ὠς
2531 5337 2710 5406 φόϐῳ.
2742 5337 2978 5396 Montac.
3007 5349 3060 5396 et
3087 5338 3271 5395 Morel.
3304 5340 3380 5403 ὡς
3407 5337 3466 5394 ἐν
3492 5335 3664 5409 φόϐῳ.
