4026 6216
272 367 387 427 373

1614 368 1951 425 EPISTOLA
1985 366 2264 425 CCXXXI.

3387 367 3493 425 574

270 480 413 552 Πρὸς
451 477 502 531 τί
540 477 725 548 βλέπει
767 494 858 548 μοι
907 477 966 530 τὸ
1011 477 1391 550 παράδειγμα;
1418 472 1525 531 Ἦν
1556 479 1687 547 ἡμῖν
1715 476 1851 548 πρὸς

1979 476 2263 530 ὼεοινιιηι.
2308 473 2587 541 Quorsum
2627 473 2760 530 mihi
2792 480 3012 545 spectat
3043 473 3149 529 hoc
3176 475 3523 543 eaeth'plum?

268 568 534 638 ἀλλήλους
569 566 722 635 φιλία
764 565 980 636 καθαρά
1019 583 1077 619 τε
1115 568 1208 621 καὶ
1240 567 1421 630 ἄδολος
1458 567 1710 638 (πρᾶγμα
1745 565 1852 618 τῶν

269 658 514 712 σπανίων
539 657 637 711 νῦν
659 656 914 727 μάλιστα,
939 658 1030 711 καὶ
1050 659 1178 728 παρ’
1198 657 1400 726 ὀλίγοις
1420 655 1850 729 εὑρισκόμενον),

275 751 366 805 καὶ
411 747 616 819 ταύτην
665 748 796 817 ἡμῖν
849 746 1019 799 ἐποίει
1065 746 1194 801 οὔτε
1239 748 1527 817 συγγένεια
1580 745 1851 811 τοσοῦτον,

269 839 397 895 οὔτε
427 838 681 892 κοινωνία
702 836 980 908 πατρίδος,
1004 834 1148 899 οὔτε,
1171 836 1200 890 ὅ
1225 854 1388 907 φησιν
1411 837 1679 908 Ὅμηρος,
1710 838 1855 904 ὁμη-

274 929 441 995 λικίη
468 925 764 996 ἐρατεινὴ,
796 926 920 979 ὅσον
947 927 1250 998 ὁμοτροπία
1268 966 1281 987 ,
1311 926 1405 980 καὶ
1442 927 1503 980 τὸ
1535 928 1646 989 τοῖς
1675 926 1857 990 αὐτοῖς

274 1018 511 1090 χαίρειν⁸
541 1018 571 1070 ὃ
605 1017 841 1087 μάλιστα
872 1017 1112 1089 πήγνυσι
1137 1017 1234 1080 τὰς
1270 1016 1472 1085 φιλίας,
1511 1016 1604 1070 καὶ
1643 1015 1858 1086 βεϐαιο-

278 1108 447 1179 τέρας
480 1104 794 1177 ἐργάζεται.
826 1105 942 1158 Νῦν
972 1107 1067 1159 καὶ
1098 1106 1167 1158 τά
1205 1106 1334 1178 γένη
1378 1106 1705 1160 συνάπτεται
1741 1104 1860 1175 (σὺν

280 1199 402 1268 Θεῷ
427 1198 484 1251 δὲ
502 1199 531 1251 ὀ
553 1196 761 1265 λόγος),
786 1198 873 1249 ἵνα
905 1197 971 1266 τῇ
1004 1195 1155 1265 φιλίᾳ
1185 1194 1469 1267 προσθήκη
1499 1195 1744 1268 γένηται,
1770 1197 1861 1250 καὶ

286 1288 486 1357 μᾶλλον
516 1280 667 1358 ὦμεν
696 1286 808 1355 (59)
841 1284 1103 1355 ἀλλήλων.
1147 1286 1261 1339 Καὶ
1292 1284 1449 1338 τοῦτο
1484 1285 1863 1357 πραγματεύε-

282 1395 375 1431 ται
409 1377 520 1448 (60)
554 1376 763 1447 φίλτρῳ
781 1374 977 1444 δικαίῳ
1010 1372 1217 1444 βοηθῶν
1248 1375 1277 1426 ό
1306 1373 1455 1438 Θεός.
1486 1375 1615 1447 Ἔχε
1647 1370 1740 1429 οὖν
1769 1374 1863 1428 καὶ

288 1470 434 1538 ἡμᾶς
463 1466 552 1520 διά
585 1464 682 1518 τοῦ
716 1463 1054 1531 γλυκυτάτου
1085 1461 1203 1515 υίοῦ
1239 1462 1403 1534 ήμῶν.
1434 1463 1738 1535 Εὐφημίου·
1770 1464 1865 1517 καὶ

290 1558 485 1626 slopes;
519 1555 660 1624 ὑμᾶς
677 1551 765 1605 διὰ
796 1554 897 1623 τῆς
926 1550 1271 1621 γλυκυτάτης
1302 1551 1569 1623 θυγατρὸς
1598 1553 1770 1624 ὑμῶν.
1792 1552 1866 1606 Τδ

289 1648 349 1706 δὲ
369 1646 517 1715 ἑξῆς,
543 1639 777 1701 οὐκοῖδα
801 1642 944 1713 ὑπὲρ
966 1640 1109 1704 τίνος
1142 1642 1362 1712 μᾶλλον,
1388 1642 1421 1713 ἢ
1451 1643 1557 1700 τίνι
1577 1643 1864 1713 διαλεχθῶ,

289 1738 434 1806 ὑπὲρ
461 1734 553 1788 τοῦ
582 1732 701 1787 νέου
729 1734 794 1803 τῇ
830 1731 1071 1802 ὑμετέρᾳ
1104 1732 1378 1803 τιμιότητι
1412 1731 1546 1803 (6|),
1575 1733 1608 1804 ἢ
1645 1733 1723 1805 τῷ
1757 1733 1862 1804 νέῳ

288 1804 422 1896 περῇ
466 1821 644 1892 ὑμῶν.
686 1818 879 1873 Εὕνοια
922 1818 1032 1890 γὰρ
1078 1820 1283 1890 πατρὸς
1326 1820 1533 1883 τέκνοις
1581 1804 1860 1892 ὁμότιμος.
1896 1804 1935 1857 Β

291 1912 440 1983 Πλὴν
478 1909 781 1979 ἐπεύχομαι
817 1908 946 1977 ὑμῖν
982 1907 1078 1960 ἐπὶ
1110 1908 1277 1963 παντὶ
1323 1906 1582 1979 βελτίστῳ
1618 1908 1870 1977 γενέσθαι

293 2004 393 2073 τὴν
424 1998 708 2067 συζυγίαν,
741 1997 835 2051 καὶ
855 1996 974 2057 οἵαν
1001 1996 1171 2061 είκὸς,
1202 1996 1337 2050 Θεοῦ
1367 1996 1816 2069 συναρμόζοντος.

1955 565 2083 619 Erat
2127 564 2284 635 190
2320 565 2434 634 jam
2468 566 2611 620 inter
2653 580 2757 621 nos
2801 579 2937 635 pura
2980 564 3311 633 minimeque
3344 562 3526 619 fucata

1955 654 2194 709 amicitia
2254 654 2362 725 (res
2397 668 2531 709 sane
2573 670 2721 709 nunc
2765 654 3068 725 praesertim
3104 668 3252 719 rara,
3295 667 3526 723 quaeque

1957 745 2015 800 in
2052 745 2243 814 paucis
2283 745 2640 815 inveniatur),
2690 752 2853 815 atque
2882 745 3023 798 hanc
3060 744 3241 808 nobis,
3274 758 3383 798 non
3414 751 3523 797 tam

1957 834 2235 904 cognatio,
2264 842 2319 889 et
2348 834 2658 890 communis
2689 836 2887 905 patria,
2920 840 2974 889 et
3004 842 3060 887 ut
3094 831 3315 886 Homeri
3343 831 3528 886 verbis

1958 931 2103 989 utar,
2149 923 2395 979 amabilis
2448 932 2664 983 (statum
2714 923 2993 993 wqualilas
3030 920 3314 985 elﬁciebat,
3362 933 3526 989 quam

1959 1030 2171 1071 morum
2215 1014 2539 1079 similitudo,
2586 1016 2841 1085 quodque
2882 1013 3074 1069 iisdem
3118 1011 3284 1067 rebus
3323 1009 3527 1081 gaude-

1960 1121 2180 1171 remus;
2221 1103 2368 1174 quod
2401 1104 2619 1174 quidem
2652 1104 2924 1159 amicitias
2954 1102 3189 1156 maxime
3238 1115 3529 1170 coagmen-

1962 1204 2062 1259 tat,
2106 1196 2483 1264 ﬁrmioresque
2513 1193 2715 1249 reddit.
2754 1193 2909 1247 Nunc
2947 1206 3165 1263 quoque
3204 1205 3400 1261 genera
3434 1204 3530 1244 co-

1961 1287 2219 1355 pulantur
2265 1285 2491 1354 (faveat
2545 1285 2706 1340 velim
2756 1283 2885 1337 huic
2931 1284 3165 1339 sermoni
3221 1280 3407 1351 Deus),
3471 1287 3530 1333 ut

1964 1391 2118 1430 amor
2156 1383 2348 1431 noster
2392 1376 2789 1430 incrementum
2829 1375 3029 1444 capiat,
3071 1372 3356 1442 magisque
3394 1371 3533 1425 alter

1965 1466 2193 1519 alterius
2234 1465 2427 1521 simus.
2483 1465 2664 1533 Atque
2712 1464 2767 1517 id
2816 1464 2927 1533 agit
2977 1477 3043 1517 ac
3088 1462 3311 1517 molitur
3367 1459 3531 1528 Deus,

1962 1557 2111 1626 justo
2157 1559 2329 1610 amori
2374 1570 2532 1626 Opem
2570 1554 2772 1611 ferens.
2809 1554 3201 1622 Quamobrem,
3241 1561 3297 1608 et
3342 1561 3399 1607 tu
3430 1567 3532 1608 nos

1968 1659 2003 1715 p
2037 1660 2065 1698 r
2091 1645 2477 1700 suavissimum
2505 1646 2673 1699 ﬁlium
2700 1652 2946 1699 nostrum
2975 1641 3335 1712 Euphemium
3366 1641 3531 1696 habe:

1967 1741 2021 1789 et
2062 1750 2163 1790 nos
2209 1735 2335 1789 item
2372 1751 2467 1805 per
2512 1733 2899 1791 suavissimam
2947 1733 3109 1787 ﬁliam
3159 1740 3396 1787 vestram
3440 1745 3537 1786 vos

1963 1823 2249 1879 habemus.
2278 1823 2434 1889 Quod
2456 1832 2637 1879 autem
2658 1824 2927 1893 sequitur,
2948 1822 3124 1877 utrius
3146 1822 3330 1893 potius
3345 1835 3534 1885 causa,

1976 1922 2070 1968 aut
2107 1913 2174 1968 ad
2210 1929 2370 1984 quem
2415 1914 2629 1984 loquar,
2679 1930 2788 1969 non
2835 1914 2983 1977 novi,
3028 1929 3224 1984 nempe
3251 1912 3539 1982 juvenisne

1976 2017 2143 2058 causa
2177 2002 2243 2058 ad
2277 2010 2515 2059 vestram
2543 2003 2943 2074 pmstantiam,
2967 2018 3036 2057 an
3063 2010 3243 2057 vestra
3274 2015 3441 2057 causa
3471 2000 3540 2055 ad

300 2094 587 2163 invenem?
626 2090 804 2147 Patris
849 2090 994 2145 enim
1058 2091 1438 2151 benevolentia
1474 2107 1573 2163 par
1634 2109 1761 2165 erga
1794 2096 2017 2154 liberos.
2064 2098 2333 2153 Caeterum
2400 2097 2456 2153 id
2490 2099 2642 2155 vobis
2689 2105 2854 2173 Opto,
2888 2106 2948 2159 ut
2990 2099 3095 2154 hoc
3136 2096 3537 2154 matrimonium

308 2200 469 2256 quam
483 2186 678 2256 optime
703 2184 890 2248 cedat,
912 2189 1076 2255 atqtte
1105 2195 1180 2240 ita
1210 2192 1271 2241 ut
1303 2199 1403 2257 par
1430 2195 1535 2253 est,
1565 2202 1690 2245 cum
1719 2187 1864 2247 Deus
1901 2190 1956 2246 id
1982 2191 2223 2263 copulat.

667 2337 833 2397 max
869 2338 1159 2408 Erzsstn
1177 2339 1339 2409 «me
1364 2338 1501 2410 (es).

2322 2342 2603 2399 CCXXXI.
2644 2342 2733 2402 EU
2743 2343 2939 2400 SEBiO
2975 2343 3208 2401 AMICO.

301 2491 521 2550 Festina
548 2492 833 2554 admodum
862 2503 940 2551 est
968 2489 1079 2549 haec
1122 2493 1345 2577 epistola
1373 2494 1610 2577 quamvis
1639 2511 1672 2547 α
1702 2495 1813 2577 piro
1845 2495 2031 2577 inorbo
2073 2497 2349 2577 laborante
2377 2500 2597 2577 scripta,
2626 2498 2854 2556 Eusebio
2897 2501 2961 2558 de
2990 2502 3150 2575 hujus
3178 2501 3283 2571 ﬁlii
3311 2498 3545 2572 nuptiis;

1282 2562 1636 2621 benedictione
1663 2574 1712 2619 et
1750 2566 1884 2621 votis
1918 2567 2239 2624 solemnibus
2278 2562 2567 2625 claudititr.

368 2717 619 2772 Εὑώπιον
633 2719 669 2789 ή
687 2717 919 2787 φιλτάτη
934 2716 1045 2786 (65)
1060 2756 1077 2782 ,
1099 2718 1195 2776 καὶ
1213 2717 1394 2789 γάμου
1410 2718 1623 2790 καιρὸς,
1649 2720 1743 2773 καὶ
1759 2718 1876 2789 βίου

302 2809 543 2878 κρηπὶς,
588 2807 680 2861 καὶ
724 2805 971 2877 πατέρων
1010 2806 1167 2875 εὐχαὶ
1213 2806 1621 2878 πληρούμεναι.
1685 2807 1878 2879 Ἡμεῖς

302 2896 360 2955 δὲ
391 2895 658 2964 άπεσμεν,
711 2893 806 2957 οὒς
839 2894 1071 2965 μάλιστα
1105 2897 1357 2967 παρεῖναι
1390 2896 1484 2949 καὶ
1523 2894 1876 2965 συνεύχεσθαι

302 2985 513 3039 δίκαιον
548 2981 636 3055 ἦν.
672 2985 780 3041 Καί
812 3002 895 3038 τοι
928 2986 1022 3039 καὶ
1056 2985 1400 3057 ὑπεσχόμην,
1420 2985 1482 3040 τὸ
1508 2986 1615 3059 γὰρ
1642 2984 1880 3054 ἐλπίζειν

304 3075 452 3147 ὖπῆν
476 3075 555 3146 τῷ
583 3075 784 3130 ποθεῖν
820 3075 1000 3131 ἱκανὸν
1029 3075 1135 3148 γὰρ
1168 3076 1249 3139 είς
1278 3076 1493 3148 ἀπάτην
1526 3076 1638 3148 (64)
1664 3077 1726 3135 τὸ
1756 3076 1882 3148 βού-

306 3166 518 3220 λεσθαι.
547 3168 657 3223 Καὶ
684 3167 940 3232 πολλάκις
965 3167 1067 3237 μὲν
1090 3167 1365 3237 ὁρμήσας,
1378 3166 1639 3231 πολλάκις
1660 3166 1717 3219 δὲ
1747 3183 1879 3225 κατ-

307 3259 566 3329 οκνήσας,
597 3258 749 3322 τέλος
790 3259 1028 3330 ἡττήθην
1060 3257 1154 3328 τῆς
1208 3257 1518 3329 ἀρρωστίας
1544 3257 1678 3329 (65).
1702 3258 1886 3317 Ἀλλρι

311 3348 415 3421 μὲν
446 3344 541 3403 οὖν
572 3347 908 3405 καλείτωσαν
951 3348 1160 3425 ἔρωτας
1195 3346 1406 3420 (tuabi)
1441 3348 1675 3419 γαμικὸν
1705 3347 1800 3401 καὶ
1824 3346 1889 3401 τὸ

310 3440 553 3511 παίζειν)
576 3479 593 3499 .
643 3441 738 3495 καὶ
781 3439 1049 3512 παρθένου
1101 3440 1299 3506 κάλλος
1342 3440 1706 3513 γραφέτωσαν
1732 3477 1747 3504 ,
1795 3440 1890 3501 καὶ

309 3528 550 3602 νυμφίου
590 3530 749 3600 χάριν
783 3528 1262 3600 ἁντεγειρέτωσαν,
1297 3528 1393 3586 καὶ
1421 3527 1763 3599 βαλλέτωσαν
1799 3527 1889 3583 λό-

311 3636 434 3688 γοις
462 3619 601 3689 μετὰ
640 3617 750 3671 τῶν
793 3618 968 3677 ἀνθῶν
1014 3618 1126 3690 (66)
1159 3618 1259 3684 τάς
1302 3618 1600 3683 παστάδας.
1651 3617 1792 3688 Ἐγὼ
1833 3618 1891 3675 δὲ

313 3709 446 3778 ὑμῖν
469 3708 729 3779 προσᾴσω
747 3708 859 3777 (07)
882 3707 973 3762 τὸν
993 3710 1018 3760 ὲ
1026 3709 1125 3780 μὸν
1142 3708 1518 3780 ἐπιθαλάμιον.
1541 3709 1893 3779 Εὐλογήσαι

314 3796 474 3865 ὑμᾶς
499 3798 709 3866 Κύριος
733 3796 802 3851 ἐκ
831 3797 1002 3863 Σιὼν,
1032 3800 1126 3852 καὶ
1157 3798 1315 3863 αὐτὸς
1348 3800 1586 3871 ἁρμόσαι
1610 3799 1710 3871 τὴν
1737 3799 1897 3863 συζυ-

311 3888 466 3957 γίαν,
502 3888 602 3940 καὶ
650 3886 802 3953 ἴδοις
836 3888 1005 3954 υἱοὺς
1041 3887 1161 3942 τῶν
1202 3888 1350 3944 υἱῶν
1396 3903 1535 3953 σου,
1576 3889 1638 3942 ού
1680 3888 1814 3943 πολὺ
1849 3889 1894 3943 δ’

304 3980 516 4039 εἰπεῖν,
540 3977 622 4030 ὅτι
646 3977 740 4030 καὶ
766 3978 1101 4048 κρείσσονας.
1128 3977 1300 4032 Τοῦτο
1325 3979 1420 4033 καὶ
1441 3977 1630 4050 παρὼν
1657 3978 1896 4049 ἐπηυξά-

317 4085 436 4145 μην
487 4067 554 4121 ἂν
603 4068 869 4138 ύμῖν,καὶ
916 4067 1009 4121 νῦν
1063 4069 1387 4140 ἐπεύχομαι.
1434 4068 1613 4130 Τάλλα
1663 4069 1721 4123 δὲ
1769 4069 1898 4140 ὑμῖν

320 4158 559 4231 μελέτω,
603 4158 699 4212 καὶ
743 4158 1086 4228 στεφανούτω
1124 4160 1327 4230 πατὴρ,
1359 4159 1435 4223 ὡς
1475 4158 1695 4230 ηὔξατο.
1730 4157 1901 4213 Τοῦτο

318 4251 435 4320 γὰρ
464 4251 562 4304 κα)⁸
582 4251 636 4302 εί
654 4267 756 4303 που
785 4249 982 4321 γάμοις
1010 4251 1484 4321 παραγεγόναμεν,
1520 4247 1896 4319 ὲτυπὼσαμεν·

319 4343 551 4396 ἐκείνων
574 4341 673 4412 μὲν
692 4336 831 4394 εἶναι
852 4342 977 4405 τοὺς
1004 4341 1317 4409 στεφάνους,
1343 4340 1500 4412 ήμῶν
1521 4340 1579 4393 δὲ
1600 4340 1695 4404 τὰς
1717 4340 1900 4410 εὐχάς,

324 4433 396 4497 ἃς
425 4428 546 4485 οἶδα
573 4431 647 4504 μὴ
677 4432 861 4496 τόποις
893 4432 1238 4504 ὁριζομένας.

2053 2720 2257 2792 Evopia
2285 2722 2683 2790 amantissima,
2712 2730 2768 2779 et
2793 2721 3036 2780 nubendi
3074 2730 3311 2793 tempus,
3338 2728 3394 2778 et
3425 2720 3550 2777 vitae

1983 2809 2424 2877 fundamentum,
2467 2820 2523 2867 et
2555 2822 2846 2883 parentum
2885 2820 3013 2868 vota
3047 2814 3280 2882 eXpIeta.
3310 2811 3423 2868 Nos
3451 2827 3549 2867 au-

1982 2904 2093 2953 tem
2115 2897 2400 2962 absumus,
2438 2915 2580 2970 quos
2619 2900 2858 2955 maxime
2898 2900 3091 2955 adesse
3128 2913 3193 2953 ac
3230 2900 3392 2954 simul
3422 2905 3549 2954 vota

1987 2986 2171 3043 facere
2222 2991 2531 3058 oportebat.
2588 2988 2733 3054 Quin
2785 2989 2839 3044 id
2892 3002 3111 3059 quoque
3171 2989 3549 3059 promiseram,

1987 3074 2256 3149 siquidem
2299 3077 2588 3148 cupiditati
2626 3093 2759 3148 spes
2798 3078 3022 3135 suberat
3059 3096 3074 3133 :
3114 3093 3367 3150 magnam
3403 3078 3551 3134 enim

1985 3166 2055 3226 ad
2099 3165 2398 3227 fallendum
2446 3167 2556 3224 vim
2592 3167 2758 3223 habet
2786 3168 2990 3240 aliquid
3031 3169 3186 3225 velle.
3223 3169 3401 3238 Atque
3436 3168 3556 3240 ipse

1985 3258 2230 3329 quidem,
2276 3273 2403 3314 cum
2454 3258 2915 3330 saepe'proﬁcisci
2963 3274 3269 3330 parassem,
3303 3273 3368 3314 ac
3413 3273 3558 3331 saepe

1987 3362 2206 3404 rursum
2232 3356 2528 3404 cunctatus
2556 3363 2761 3416 essem,
2788 3348 3007 3404 tandem
3056 3362 3087 3403 a
3108 3348 3302 3404 morbo
3330 3363 3558 3418 supera-

1989 3446 2081 3496 tus
2112 3453 2257 3495 sum.
2286 3438 2392 3499 Alii
2422 3439 2590 3510 igitur
2607 3452 2824 3493 amores
2855 3444 3052 3494 vocent
3096 3436 3558 3508 (quandoquidem

1990 3528 2196 3599 nuptiis
2233 3536 2641 3585 consentaneus
2687 3535 2773 3585 est
2827 3527 3027 3601 lusus),
3080 3542 3147 3584 ac
3176 3526 3404 3599 virginis
3438 3527 3560 3598 pul-

1990 3619 2355 3676 cbritudinem
2387 3622 2635 3691 pingant,
2683 3618 2984 3689 sponsique
3012 3625 3351 3676 venustatem
3401 3616 3562 3673 vicis-

1992 3710 2097 3766 sim
2129 3710 2402 3777 attollant,
2429 3709 2842 3780 thalamumque
2871 3716 2930 3765 ut
2967 3707 3219 3771 ﬁoribus,
3248 3708 3322 3762 ita
3357 3720 3562 3763 sermo-

1993 3800 2160 3857 nibus
2198 3807 2584 3872 conspergant.
2631 3798 2746 3871 Ego
2778 3814 2910 3854 vero
2939 3798 3184 3871 nuptiale
3228 3813 3407 3853 meum
3435 3810 3563 3851 car-

1994 3905 2119 3947 men
2173 3890 2332 3946 vobis
2383 3892 2628 3946 accinam
2664 3904 2679 3945 :
2723 3889 3015 3946 Bmdicat
3062 3905 3151 3947 ros
3191 3886 3450 3942 Dominus
3498 3900 3564 3939 es

1998 3979 2210 4045 Sion“;
2238 3986 2404 4051 atque
2437 3979 2552 4050 ipse
2572 3978 2981 4035 matrimonium
3013 3978 3307 4034 concinnet
3337 3991 3351 4028 :
3385 3974 3456 4030 Et
3480 3975 3562 4029 vi-

1996 4070 2122 4127 deas
2159 4070 2556 4140 ﬁliosﬁliorum
2586 4077 2795 4127 tuorum
2831 4069 2896 4136 “;
2922 4083 3059 4140 pene
3105 4066 3315 4130 addidi,
3349 4072 3403 4121 te
3426 4079 3564 4137 qum

1998 4178 2105 4233 que
2135 4161 2393 4218 meliores
2444 4176 2511 4216 ac
2542 4160 2972 4233 praestantiores.
3024 4158 3141 4214 Hoc
3184 4166 3238 4214 et
3285 4156 3460 4221 vobis,
3518 4155 3567 4211 si

2001 4254 2272 4319 adessem,
2315 4269 2595 4321 orassem;
2644 4260 2699 4308 et
2742 4267 2890 4308 nunc
2943 4259 3093 4323 opto.
3143 4244 3352 4306 Caetera
3383 4254 3568 4303 autem

2002 4344 2161 4400 vobis
2209 4358 2357 4398 curae
2387 4344 2519 4406 sint,
2547 4356 2611 4396 ac
2635 4350 2791 4412 pater
2816 4341 2981 4395 ﬁliam
3015 4340 3167 4395 vittis
3198 4338 3470 4398 redimiat.
3509 4343 3570 4389 ut

1930 4426 1976 4481 Ι)
2010 4433 2238 4501 optavit.
2273 4432 2387 4487 Hoc
2425 4433 2593 4497 enim,
2642 4439 2697 4487 et
2744 4433 2904 4489 sicuti
2954 4432 3164 4502 nuptiis
3198 4428 3568 4492 interfuimus,

322 4525 798 4595 praeseripsimus;
866 4540 1059 4596 nempe
1129 4526 1373 4596 ipsorum
1439 4537 1673 4580 coronas
1701 4537 1842 4591 esse,
1884 4533 2134 4582 nostrum
2199 4535 2382 4585 autem
2421 4542 2545 4584 esse
2587 4541 2800 4601 preces,
2848 4540 2987 4602 quas
3030 4526 3146 4581 scio
3186 4524 3321 4579 locis
3350 4519 3571 4578 minimc

325 4620 586 4676 deﬁnitas
607 4635 670 4675 ac
700 4619 1167 4693 circumscriptas.

438 4795 483 4827 "
532 4795 678 4852 Psal.
712 4812 918 4861 cxxvn,
950 4799 1003 4853 5.
1082 4799 1125 4829 “
1162 4798 1295 4853 ibid.
1327 4798 1382 4853 θ.

404 4969 809 5053 (59)M&.1.lor
1080 4970 1187 5027 Pro
1240 4966 1400 5053 inp-sv
1462 4969 1577 5025 Bill.
1649 4968 1900 5040 proponit

331 5043 597 5111 ἐρῶμεν,
666 5057 858 5110 nosque
905 5052 1084 5097 mutuo
1144 5043 1335 5111 majori
1392 5058 1569 5096 amore
1623 5055 1907 5110 prosequa-

546 5180 1033 5252 ΠιαΥμᾳτεύετᾳι.
1064 5179 1199 5237 Cod.
1232 5178 1705 5252 πραγματεύηται,
1752 5186 1906 5244 atque

331 5248 389 5301 id
411 5258 538 5313 agat
572 5264 635 5300 ac
657 5247 909 5302 moliatur
940 5251 1095 5305 Deus.

406 5312 519 5385 (61)
561 5317 872 5385 Τιμιότητι.
902 5319 1157 5374 Nonnulli
1177 5318 1339 5373 codd.
1370 5332 1434 5373 ac
1459 5313 1703 5373 Comhef.
1727 5312 1905 5385 λογιό-

330 5382 479 5476 331,
502 5382 1213 5476 Vad‘ifeslrapt‘facunjliam.
1263 5387 1407 5452 Mox,
1445 5403 1541 5458 pro
1574 5384 1700 5455 περὶ
1732 5382 1905 5453 ὑμῶν,

332 5453 455 5508 Bill.
493 5453 751 5523 proponit
778 5453 918 5523 ὑπὲρ
948 5458 1121 5527 ὑμῶν.
1445 5453 1463 5458 ”
1646 5453 1653 5455 ⁷

407 5524 517 5591 (62,
568 5525 718 5577 Alias
783 5521 1012 5581 CLXXI.
1090 5527 1300 5599 Scripta
1357 5525 1544 5582 eodem
1594 5520 1731 5576 forte
1773 5529 1910 5574 tem-

337 5608 487 5663 pore.

1916 4710 1985 4730 δ.

2075 4961 2484 5085 (ἓῗλξὲὠπιον
2508 4960 2548 5028 ἡ
2578 4958 2854 5031 φιλτάτη.
2878 4954 2999 5010 Bill.
3034 4951 3230 5022 Evopia
3261 4952 3343 5014 tui,
3366 4965 3569 5006 amores
3644 4924 3647 4925 ν

2005 5034 2317 5174 uagi???
2351 5098 2609 5168 ἀπάτην.
2659 5096 2795 5153 Cod.
2827 5094 2989 5157 2022,
3020 5100 3073 5147 et
3094 5089 3160 5144 Β.
3208 5092 3286 5153 είς
3331 5089 3570 5160 ἀγάπην,

2003 5169 2408 5225 αάἀηὶαηόιιηι.

2073 5240 2185 5308 (65)
2247 5237 2542 5308 Ἠττήθην
2582 5234 2689 5303 τῆς
2743 5229 3096 5301 ἀρῤωστίας.
3160 5227 3571 5284 Combeﬁsius:

2001 5307 2055 5362 Μ
2062 5306 2186 5363 orbo
2215 5306 2479 5362 succubui.

2073 5378 2183 5448 (66)
2216 5376 2404 5448 Μετὰ-
2423 5370 2794 5448 τῷν-ᾀνθῶν.
2831 5370 2908 5424 ita
2943 5366 3068 5424 cod.
3116 5374 3170 5423 et
3225 5364 3473 5422 Combei.
3516 5365 3575 5418 ln

2004 5440 2138 5504 edit.
2156 5440 2308 5516 ﬁttest
2339 5442 2445 5516 τῷν
2475 5440 2699 5516 ἀνθέων.

2076 5502 2193 5656 (67)
2222 5510 2532 5581 Προσᾲσω.
2558 5510 2633 5564 Ita
2661 5509 2782 5565 cod.
2818 5508 2971 5574 “05,
3001 5523 3063 5562 ac
3082 5504 3328 5561 Combel‘.
3355 5502 3417 5559 In
3444 5503 3574 5563 edit.

2076 5601 2157 5637 νοσ
2198 5598 2322 5636 σων.

2017 5598 2322 5656 προσᾳσων.
