4066 6210
539 225 634 282 391
747 215 778 264 ι’

1794 222 1852 278 S.
1895 220 2226 278 GREGORII
2277 219 2618 276 THEOLOGI

3673 228 3777 283 39!

608 335 810 390 Servos
853 347 1211 403 quoscunque
1251 333 1333 390 vel
1365 347 1486 389 mea
1518 335 1821 396 voluntate,
1860 334 1942 388 vel
1973 335 2093 387 bea-

2269 336 2406 398 Τοὺς
2425 331 2516 388 οὗν
2536 333 2772 397 οἰκέτας,
2789 333 2883 396 οὒς
2901 333 3010 406 (Si)
3036 333 3402 405 ἠλευθέρωσα,
3424 335 3533 390 εἴτε
3557 337 3616 403 ἐξ
3635 342 3774 410 ἐμῆς

538 428 875 482 tissimorum
931 432 1219 494 parentum
1288 439 1535 480 meorum
1591 426 1848 479 mandato
1907 439 2094 477 manu.

536 515 660 571 misi
693 534 708 570 :
738 517 839 571 hos
867 531 1062 571 omnes
1101 529 1250 571 nunc
1277 516 1441 570 etiam
1473 515 1674 569 liberos
1706 529 1926 569 manere
1953 514 2099 577 volo,

532 615 590 659 et
608 606 820 675 peculia
852 621 950 660 sua
993 605 1130 674 ipsis
1158 606 1366 674 absque
1396 604 1508 656 ullo
1536 603 1923 672 impedimento
1945 603 2100 655 firma

532 711 872 768 permanere.
925 694 1056 750 Volo
1097 705 1358 764 praeterea
1406 694 1673 748 hazredem
1721 707 1926 755 meum,
1966 691 2100 747 Gre-

535 789 747 857 gorium
792 787 1104 849 diaconum,
1150 799 1258 839 una
1294 799 1418 838 cum
1472 783 1757 839 Eustathio
1807 782 2096 848 monacho,

535 879 726 932 ambos
746 877 876 930 olim
904 890 934 928 e
959 874 1120 928 domo
1143 889 1282 936 mea,
1305 873 1588 942 possidere
1610 872 1872 942 prmdium
1902 871 2099 925 Arian-

535 981 752 1028 zenum,
782 965 926 1034 quod
976 979 1041 1018 ex
1086 962 1318 1034 Rhegini
1361 963 1520 1019 bonis
1574 963 1642 1017 ad
1691 977 1794 1018 nos
1829 961 2095 1032 pervenit.

531 1053 788 1124 Gregales
829 1069 959 1108 vero
1006 1069 1177 1124 equas
1223 1063 1278 1110 et
1322 1070 1473 1119 oves,
1519 1061 1786 1125 quotquot
1814 1053 1926 1122 jam
1965 1052 2099 1123 ipsis

533 1157 772 1212 praesens
811 1141 928 1196 dari
968 1141 1131 1210 jussi,
1163 1157 1505 1212 quarumque
1546 1142 1932 1212 proprietatem
1965 1140 2098 1210 ipsis

531 1247 598 1286 ac
653 1231 956 1285 dominium
1001 1233 1235 1296 tradidi,
1275 1232 1376 1287 has
1425 1232 1558 1302 ipsis
1610 1233 1825 1302 quietas
1878 1245 2099 1286 manere

531 1324 678 1386 volo,
703 1323 828 1392 jure
856 1321 1107 1378 dominii.
1139 1323 1243 1378 Per
1280 1324 1699 1392 praeceptionem
1740 1323 1867 1378 item
1890 1320 2096 1392 Grego-

531 1416 673 1470 rium
703 1414 1016 1476 diaconum,
1047 1420 1103 1468 et
1135 1413 1406 1468 hmredem
1442 1429 1644 1477 meum,
1678 1412 1769 1482 qui
1806 1413 1939 1467 mihi
1968 1412 2098 1468 lide-

532 1507 654 1562 liter
691 1504 1038 1568 ministravit,
1074 1504 1289 1574 privato
1317 1505 1442 1573 jure
1476 1503 1706 1558 dominii
1737 1503 1940 1557 habere
1971 1503 2097 1556 volo

530 1609 727 1648 aureos
755 1606 981 1646 numero
1007 1593 1424 1662 quinquaginta.
1459 1593 1745 1646 Russiana:
1781 1589 1982 1661 virgini
2005 1605 2099 1645 ve-

532 1682 804 1749 neranda,
837 1681 1154 1752 propinqua:
1186 1697 1337 1746 meae,
1369 1693 1517 1736 certa
1542 1681 1788 1750 qua-dam
1827 1682 1882 1735 in
1921 1695 2096 1736 annos
2130 1673 2170 1731 Β

530 1774 775 1846 singulos
797 1773 912 1827 dari
930 1772 1092 1841 jussi,
1133 1773 1277 1827 unde
1303 1773 1600 1827 liberaliter
1626 1773 1797 1838 vivat;
1825 1787 1947 1842 qua
1976 1773 2098 1842 qui-

528 1866 652 1921 dem
683 1865 865 1920 omnia
893 1865 1090 1929 eidem,
1117 1863 1573 1935 quemadmodum
1599 1864 1935 1934 praescripsi,
1974 1864 2098 1918 volo

529 1970 594 2009 ac
623 1955 791 2023 jubeo
827 1955 1121 2025 quotannis
1162 1955 1281 2010 sine
1313 1969 1466 2008 mora
1505 1954 1775 2024 praestari.
1813 1953 1889 2009 De
1934 1954 2096 2008 habi»

530 2046 737 2101 tatione
771 2054 950 2099 autem
997 2052 1110 2098 tum
1142 2043 1363 2114 quidem
1399 2043 1536 2097 nihil
1573 2051 1863 2114 propterea
1903 2044 2094 2109 statui,

528 2137 672 2211 quod
718 2135 986 2191 nescirem
1032 2135 1256 2190 ubinam
1304 2135 1422 2204 ipsa
1449 2133 1646 2203 degere
1691 2133 1895 2188 mallet.
1942 2131 2097 2186 Nunc

529 2245 679 2294 vero,
725 2235 779 2283 et
812 2227 916 2283 hoc
957 2228 1099 2293 volo,
1147 2242 1479 2297 quocunque
1536 2226 1653 2295 ipsa
1689 2227 1809 2280 loco
1849 2226 2094 2296 elegerit,

528 2321 712 2392 parari
752 2320 802 2376 ei
823 2321 1042 2375 domum
1079 2320 1327 2388 ingenuae
1363 2325 1778 2388 congruentem,
1824 2316 1890 2370 ad
1929 2317 2097 2371 hone—

527 2420 667 2467 stam
707 2411 933 2481 virginis
976 2410 1369 2464 habitationem
1407 2429 1419 2463 :
1454 2425 1614 2479 quam
1657 2409 1843 2478 utique
1871 2407 2094 2462 domum

528 2502 648 2557 sine
688 2499 1129 2571 interpellatione
1163 2499 1385 2554 habebit
1416 2500 1534 2569 ipsa
1578 2500 1631 2552 in
1665 2498 2092 2562 usumlructum,

526 2592 710 2664 quoad
764 2593 962 2646 vixerit
1009 2609 1024 2646 :
1069 2598 1256 2661 postea
1319 2604 1448 2644 vero
1507 2589 1757 2644 restituet
1813 2587 2094 2643 Ecclesiae.

527 2685 664 2740 Addi
694 2692 952 2756 praeterea
993 2683 1166 2738 eidem
1201 2682 1322 2736 volo
1365 2683 1576 2752 puellas
1605 2682 1765 2747 duas,
1802 2697 1940 2753 quas
1976 2683 2093 2753 ipsa

527 2776 782 2848 delegerit
810 2795 824 2831 :
857 2776 960 2829 hoc
990 2775 1260 2846 nimirum
1292 2781 1472 2844 pacto,
1505 2781 1566 2828 ut
1607 2788 1731 2828 cum
1773 2789 1834 2828 ea
1877 2789 2094 2830 moren-

529 2877 619 2923 tur
653 2869 844 2938 puella:
871 2883 1044 2938 usque
1075 2867 1204 2922 dum
1248 2867 1432 2923 vivet:
1464 2875 1520 2922 et
1552 2867 1599 2922 si
1625 2867 1844 2937 quidem
1877 2867 1986 2923 illis
2020 2868 2091 2921 ita

2208 425 2594 499 προαιρέσεως,
2618 424 2725 477 εἴτε
2756 423 2815 488 ἐξ
2842 425 3067 478 ἐντολῶν
3083 426 3188 478 τῶν
3216 429 3645 496 μακαριωτάτων
3659 431 3771 501 (52)

2205 517 2406 585 γονέων
2448 534 2570 586 μου,
2615 515 2833 579 τούτους
2876 517 3079 580 πάντας
3127 516 3385 587 βούλομαι
3433 519 3528 570 καὶ
3563 518 3658 574 νῦν
3688 522 3775 573 ἐπ’

2204 605 2514 675 ἐλευθερίας
2570 604 2773 675 μένειν,
2813 607 2905 660 καὶ
2958 606 3028 659 τὰ
3077 606 3338 660 πεκούλια
3370 609 3551 666 αὐτοῖς
3593 607 3774 664 πάντα

2207 694 2392 764 μένειν
2421 693 2652 762 βεϐαίως
2671 695 2762 747 καὶ
2795 695 3141 767 ἀνενόχλητα.
3175 698 3293 749 Ἔτι
3325 699 3583 768 βούλομαι
3606 715 3774 752 κατα-

2208 785 2353 852 σχεῖν
2380 783 2470 835 τδν
2516 783 2845 855 κληρονόμον
2877 803 2978 855 μου
3033 787 3331 858 Γρηγόριον
3377 787 3468 841 τὸν
3506 788 3770 856 διάκονον,

2205 873 2325 944 ἃμα
2378 874 2456 943 τῷ
2511 873 2790 944 μονάζοντι
2851 877 3156 946 Εὑσταθίῳ,
3204 879 3330 941 τοὺς
3362 880 3682 948 γενομένους
3707 883 3771 934 ὲκ

2203 961 2303 1032 τῆς
2333 963 2509 1025 οἰκίας
2541 967 2648 1032 μού
2699 981 2850 1028 ποτε,
2888 964 3071 1035 κτῆμα
3124 968 3178 1017 ἐν
3222 965 3524 1037 Ἀριανζοῖς
3550 968 3681 1038 ('53),
3712 970 3772 1021 τὸ

2205 1053 2268 1104 ὲκ
2294 1051 2402 1104 τῶν
2437 1052 2684 1122 Ῥηγίνου
2718 1052 2974 1106 κατελθὸν
3003 1056 3081 1116 εἰς
3113 1056 3279 1125 ἡμᾶς.
3315 1055 3394 1109 Τὰ
3431 1057 3486 1109 δὲ
3518 1058 3768 1128 φοράδια,

2205 1141 2386 1194 καὶτὰ
2409 1143 2672 1211 πρόϐατα,
2698 1144 2798 1196 ὅσα
2825 1143 2925 1214 ἤδη
2967 1145 3148 1208 αὐτοῖς
3177 1145 3364 1218 παρὼν
3402 1148 3660 1202 ἐκέλευσα
3688 1150 3771 1202 60-

2205 1234 2381 1304 θῆναι,
2421 1229 2495 1289 ὧν
2531 1235 2625 1289 καὶ
2664 1236 2762 1304 τὴν
2793 1239 2962 1308 νομὴν
3005 1239 3186 1302 αὐτοῖς
3215 1240 3308 1292 καὶ
3331 1241 3426 1311 τὴν
3455 1243 3768 1296 δεσποτείαν

2203 1323 2517 1395 παρέδωκα,
2547 1324 2716 1377 ταῦτα
2745 1324 2924 1395 μένειν
2945 1326 3125 1389 αὐτοῖς
3158 1328 3486 1400 ἁνενόχλητα
3507 1329 3766 1402 βούλομαι

2201 1413 2516 1477 δεσποτείας
2541 1414 2752 1487 δικαίῳ.
2795 1417 2914 1468 Ἔτι
2946 1415 3000 1468 δὲ
3026 1416 3316 1488 ἐξαιρέτως
3353 1421 3650 1491 Γρηγόριον
3675 1423 3767 1474 τὸν

2201 1505 2443 1558 διάκονον
2461 1505 2554 1558 καὶ
2585 1506 2914 1577 κληρονόμον
2943 1525 3065 1578 μου,
3090 1509 3326 1579 γνησίως
3353 1509 3768 1583 ὑπηρετήσαπά

2206 1612 2318 1665 μοι,
2379 1595 2636 1667 βούλομαι
2705 1601 2995 1667 κατασχεῖν
3054 1599 3168 1669 ἰδίῳ
3219 1599 3533 1664 δεσποτείας
3573 1601 3768 1674 δικαίῳ

2199 1688 2481 1757 χρυσίνους
2513 1688 2602 1741 τὸν
2621 1689 2852 1761 ἀριθμὸν
2875 1693 3228 1763 πεντήκοντα.
3263 1693 3340 1763 Τῇ
3365 1693 3766 1767 αίδεσιμωτὰτῃ

2199 1777 2453 1847 παρθένῳ
2500 1778 2842 1850 Ῥουσσιανῇ,
2881 1783 2946 1851 τῇ
2989 1780 3258 1850 συγγενίδι
3302 1799 3423 1852 μου,
3464 1782 3604 1854 ῥητὰ
3648 1786 3768 1838 ἐκέ-

2198 1869 2363 1922 λευσα
2420 1869 2542 1923 καθ’
2600 1871 2826 1925 ἕκαστον
2873 1872 2990 1934 ἔτος
3032 1871 3266 1924 δίδοσθαι
3307 1873 3439 1943 πρὸς
3459 1870 3520 1926 τὸ
3547 1873 3764 1928 ἐλευθε-

2200 1961 2330 2031 ρίως
2371 1960 2482 2032 (54)
2505 1960 2674 2032 αὐτὴν
2694 1961 2900 2030 διάγειν
2919 1978 2933 1991 ·
2972 1962 3114 2032 ἅπερ
3156 1962 3412 2032 βούλομαι
3439 1965 3530 2017 καὶ
3561 1964 3765 2017 κελεύω

2200 2047 2375 2100 πάντα
2407 2049 2547 2102 κατὰ
2588 2049 2677 2102 τὸν
2712 2049 2901 2114 τύπον,
2932 2050 2990 2103 ὃν
3021 2051 3347 2122 προσέταξα,
3386 2053 3763 2123 ἁνυπερθέτως

2197 2136 2334 2207 αὐτῇ
2373 2137 2607 2191 δίδοσθαι
2659 2137 2778 2191 καθ’
2812 2139 3038 2192 ἕκαστον
3084 2139 3221 2203 ἔτος.
3247 2141 3380 2212 Περὶ
3406 2141 3462 2194 δὲ
3499 2144 3762 2212 οίκήσεως

2196 2228 2384 2298 αὐτῆς,
2415 2227 2534 2281 τότε
2585 2228 2686 2298 μὲν
2732 2229 2884 2282 οὐδὲν
2939 2229 3288 2300 διεταξάμην,
3321 2230 3396 2301 μὴ
3447 2230 3601 2294 εἰδὼς
3657 2230 3762 2284 ποῦ

2199 2318 2398 2389 μᾶλλον
2427 2319 2654 2390 ἀρεστόν
2679 2321 2826 2372 ἐστιν
2855 2320 2991 2388 αὐτῇ
3013 2319 3218 2388 διάγειν
3235 2337 3250 2350 ·
3286 2319 3379 2373 νῦν
3404 2321 3459 2374 δὲ
3488 2322 3580 2374 καὶ
3607 2320 3764 2374 τοῦτο

2197 2409 2476 2480 βούλομαι,
2521 2411 2682 2474 ὥστε,
2724 2413 2780 2462 ὲν
2807 2411 2903 2481 οἴῳ
2930 2411 2994 2464 ἂν
3043 2412 3154 2482 (55)
3197 2411 3506 2482 ἐπιλέξηται
3541 2412 3760 2484 χωρίῳ,

2195 2501 2701 2572 κατασκευασθῆναι
2747 2502 2883 2572 αὐτῇ
2925 2501 3096 2557 οἰκίαν
3130 2503 3386 2575 ἐλευθέρᾳ
3425 2505 3759 2575 πρέπουσαν,

2194 2591 2491 2663 εὐσχήμονι
2517 2592 2757 2664 διαγωγῇ
2792 2593 3085 2665 παρθένουο
3115 2594 3292 2666 ἥνπερ
3327 2595 3502 2648 οἰκίαν
3531 2595 3640 2662 ἕξει
3667 2596 3762 2668 δη-

2193 2680 2325 2753 λαδὴ
2379 2683 2750 2754 ἀνενοχλήτως
2794 2686 2875 2748 είς
2917 2685 3110 2756 χρῆσιν
3161 2685 3256 2738 καὶ
3305 2687 3546 2757 καρπίαν
3600 2689 3761 2760 μέχρι

2196 2772 2311 2842 βίου
2336 2772 2500 2843 ζωῆς,
2535 2775 2672 2844 μετὰ
2689 2775 2745 2827 δὲ
2777 2774 2952 2828 ταῦτα
2973 2777 3410 2848 ἀποκαταστήσει
3428 2781 3493 2849 τῇ
3533 2779 3763 2851 Ἐκκλη-

2196 2864 2304 2932 σίᾳ.
2343 2865 2706 2934 Προστεθῆναι
2736 2866 2791 2918 δὲ
2819 2867 2954 2936 αὐτῇ
2974 2866 3231 2936 βούλομαι
3247 2869 3341 2920 καὶ
3365 2868 3459 2922 δύο
3487 2870 3673 2941 κόρας,
3696 2871 3762 2935 ἂς

527 2961 704 3016 visum
738 2959 921 3024 fuerit,
969 2960 1130 3016 liceat
1159 2958 1263 3030 ipsi
1311 2959 1560 3014 libertate
1591 2974 1684 3014 eas
1732 2959 1960 3022 donare,
2005 2959 2091 3014 sin

2196 2955 2332 3025 αὑτὴ
2363 2956 2696 3026 ἐπιλέξηται,
2722 2957 2862 3012 οὕτω
2882 2961 3086 3028 μέντοι,
3105 2961 3243 3013 ὥστε
3265 2962 3400 3032 αὐτῇ
3430 2967 3761 3034 παραμεῖναι

526 3055 731 3116 minus,
783 3060 840 3108 et
872 3051 980 3106 illa!
1032 3065 1251 3122 quoque
1300 3051 1366 3105 ad
1414 3050 1711 3107 Ecclesiam
1765 3051 2092 3122 pertineant.

528 3143 888 3214 Theophilum
929 3156 1184 3212 puerum,
1214 3141 1307 3210 qui
1348 3155 1561 3195 mecum
1593 3147 1798 3206 manet,
1827 3141 1939 3209 jam
1983 3153 2096 3192 ma-

526 3232 752 3288 numisi.
787 3230 922 3285 Volo
952 3239 1134 3285 autem
1177 3229 1227 3285 ei
1267 3244 1414 3284 nunc
1441 3222 1605 3286 etiam
1643 3229 1761 3284 dari
1806 3229 1967 3300 legati
1996 3244 2096 3283 no.

527 3328 673 3381 mine
705 3337 958 3380 nummos
986 3324 1249 3393 quinque.
1300 3321 1629 3394 Eupraxium
1668 3339 1798 3378 vero
1823 3325 1944 3392 ejus
1981 3323 2094 3376 l'ra-

525 3426 665 3472 trem
707 3416 940 3470 liberum
979 3428 1104 3469 esse
1147 3412 1292 3478 volo,
1325 3414 1484 3484 eique
1519 3413 1677 3483 legati
1725 3414 1946 3468 nomine
1975 3413 2094 3468 dari

525 3518 778 3560 nummos
827 3517 1026 3559 aureos
1069 3502 1332 3573 quinque.
1367 3501 1503 3557 Volo
1538 3511 1801 3572 pra-terea
1843 3502 2090 3558 Theodo-

524 3593 666 3647 sium
711 3592 986 3647 notarium
1034 3605 1212 3645 meum
1256 3591 1487 3646 liberum
1533 3605 1678 3656 esse,
1725 3592 1886 3662 eique
1931 3592 2092 3662 legati

521 3682 746 3739 nomine
778 3682 899 3737 dari
939 3696 1138 3737 aureos
1181 3697 1436 3737 nummos
1462 3682 1726 3754 quinque.
1767 3684 2090 3754 Alypianam

521 3773 687 3831 ﬁliam
745 3788 920 3828 meam
976 3773 1353 3828 dulcissimam
1401 3777 1745 3836 (czeterarum
1793 3777 1938 3829 enim
1985 3775 2093 3830 Eu-

521 3867 692 3937 geniae
720 3865 878 3936 203
901 3870 956 3920 et
990 3862 1217 3928 Nonnaz,
1257 3867 1453 3937 exigua
1510 3866 1650 3922 ratio
1691 3865 1939 3921 ducenda
1983 3877 2089 3930 est,

521 3967 579 4013 ut
608 3972 839 4028 quarum
875 3958 986 4010 vita
1035 3957 1461 4028 reprehensione
1489 3973 1599 4013 non
1640 3958 1819 4028 vacat)
1876 3957 2088 4013 veniam

520 4049 651 4102 mihi
692 4046 823 4102 dare
853 4047 997 4111 volo,
1027 4048 1175 4118 quod
1215 4047 1350 4102 nihil
1383 4049 1589 4119 possim
1623 4047 1727 4119 ipsi
1757 4049 2087 4119 relinquere,

519 4141 720 4210 quippe
771 4139 865 4209 qui
911 4139 1097 4192 omnia
1141 4139 1256 4207 jam
1288 4139 1625 4210 pauperibus
1659 4136 1954 4206 destinavi,
1995 4148 2090 4193 aut

520 4231 705 4301 potius
758 4227 1096 4283 beatissimis
1157 4229 1517 4298 parentibus,
1567 4230 1661 4299 qui
1728 4229 1801 4284 ita
1858 4231 2084 4300 polliciti

2196 3045 2296 3107 τὰς
2329 3045 2495 3117 κόρας
2531 3047 2690 3119 μέχρι
2710 3049 2801 3102 τοῦ
2839 3051 2940 3120 τῆς
2958 3049 3108 3120 ζωῆς
3133 3053 3300 3121 αὐτῆς
3318 3053 3531 3123 χρόνου.
3568 3055 3675 3107 Καὶ
3712 3057 3762 3108 εί

2200 3135 2299 3205 μὲν
2337 3137 2528 3201 αὐταῖς
2580 3139 3039 3211 εὐχαριστήσειεν,
3073 3142 3269 3206 ἐξεῖναι
3313 3145 3448 3213 αὐτῇ
3482 3144 3763 3216 ἐλευθερίᾳ

2195 3226 2362 3290 αὑτὰς
2416 3228 2669 3299 τιμῆσαιο
2699 3231 2748 3282 εἰ
2797 3229 2854 3282 δὲ
2890 3231 2986 3302 μὴ,
3032 3232 3137 3285 καὶ·
3165 3233 3335 3295 αὐτὰς
3369 3233 3662 3301 διενεγκεῖν
3693 3239 3759 3305 τῇ

2194 3317 2331 3388 αὐτῇ
2389 3318 2705 3391 Ἐκκλησία.
2767 3320 3023 3390 Θεόφιλον
3064 3322 3155 3374 τὸν
3192 3323 3356 3377 παῖδα
3391 3324 3480 3377 τὸν
3510 3327 3762 3396 παραμέ-

2193 3408 2353 3462 νοντά
2383 3426 2493 3479 μοι,
2517 3410 2616 3481 ἤδη
2655 3409 3021 3482 ἠλευθέρωσα.
3065 3413 3330 3484 Βούλομαι
3363 3410 3455 3469 οὖν
3492 3417 3638 3487 αὐτῷ
3667 3418 3764 3470 καὶ

2193 3496 2288 3550 νῦν
2316 3497 2534 3568 δοθῆναι
2561 3499 2789 3567 λεγάτου
2812 3501 2992 3572 χάριν,
3030 3501 3338 3571 νομίσματα
3368 3510 3428 3556 ε’.
3456 3503 3764 3574 Εὑπράξιον

2192 3588 2250 3640 δὲ
2279 3588 2370 3643 τὸν
2400 3589 2624 3658 ἀδελφὸν
2671 3590 2833 3643 αὑτοῦ
2868 3590 3127 3662 βούλομαι
3165 3593 3446 3664 ἐλεύθερον
3477 3590 3633 3657 εἶναι,
3669 3595 3763 3649 καὶ

2190 3678 2408 3750 δοθῆναι
2450 3680 2597 3751 αὐτῷ
2653 3681 2879 3751 λεγάτου
2930 3683 3073 3753 λόγῳ
3129 3685 3306 3754 χρυσᾶ
3347 3683 3654 3754 νομίσματα
3694 3691 3760 3739 ε’.

2196 3770 2316 3822 Ἔτι
2351 3770 2610 3841 βούλομαι
2637 3772 2912 3826 Θεοδόσιον
2951 3774 3044 3826 τὸν
3076 3773 3319 3845 νοτάριόν
3351 3791 3452 3844 μου
3481 3773 3761 3845 ἐλεύθερον

2190 3857 2582 3930 εἷναι,δοθῆναι
2614 3862 2672 3916 δὲ
2714 3863 2862 3932 αὐτῷ
2897 3865 2989 3917 καὶ
3015 3864 3242 3932 λεγάτου
3272 3865 3412 3936 λόγῳ
3443 3864 3642 3937 χρυσοῦ
3682 3880 3760 3917 νο-

2193 3951 2440 4022 μίσματα
2469 3957 2529 4004 ε’.
2559 3953 2669 4022 Τὴν
2690 3953 3028 4024 γλυκυτάτην
3049 3971 3150 4024 μου
3191 3954 3462 4026 θυγατέρα
3510 3955 3758 4011 Ἀλυπια-

2188 4040 2414 4111 νὴνβθ)
2438 4041 2566 4107 (τῶν
2596 4042 2703 4113 γὰρ
2728 4042 2922 4108 ἄλλων,
2955 4044 3244 4111 Εὐγενείας
3273 4045 3384 4115 (37)
3415 4063 3470 4100 τε
3497 4049 3588 4102 καὶ
3617 4047 3758 4105 Νόν·

2189 4148 2307 4202 νης,
2355 4132 2531 4201 ὀλίγος
2579 4133 2756 4201 λόγος,
2789 4127 2864 4188 ὧν
2902 4136 2996 4187 καὶ
3033 4138 3062 4188 ό
3092 4134 3204 4205 βίος
3249 4137 3576 4207 ὲπιλήψιμός
3616 4141 3757 4206 ἐστι)

2192 4223 2452 4294 βούλομαι
2481 4223 2809 4294 συγγνώμην
2840 4224 2984 4294 ἔχειν
3010 4243 3121 4296 μοι,
3154 4227 3202 4279 εί
3228 4226 3397 4296 μηδὲν
3428 4229 3562 4298 αὐτῇ
3591 4246 3758 4284 κατα-

518 4326 699 4383 erant,
745 4319 1042 4373 obsecutus
1094 4331 1251 4385 sum;
1301 4333 1537 4389 quorum
1571 4320 1907 4374 voluntatem
1955 4320 2084 4374 irri-

2194 4314 2364 4368 λιπεῖν
2390 4315 2577 4386 κύριος
2627 4315 2914 4386 ἐγενόμην,
2960 4317 3138 4370 πάντα
3184 4319 3758 4390 προεπαγγειλάμενος

521 4420 630 4464 tam
657 4409 887 4464 reddere
917 4422 1018 4462 nec
1039 4415 1294 4462 sanctum
1320 4423 1421 4462 nec
1447 4415 1626 4462 tutum
1649 4408 1907 4463 arbitror.
1929 4408 2086 4474 Qum-

518 4515 736 4569 eunque
776 4507 958 4554 tamen
1005 4513 1072 4554 ex
1101 4498 1242 4552 beati
1279 4497 1467 4554 fratris
1510 4498 1616 4553 mei
1665 4499 1890 4554 Caesarii
1922 4499 2084 4556 rebus

519 4594 574 4648 iu
613 4599 763 4647 veste
791 4591 992 4652 serica,
1023 4597 1117 4644 aut
1149 4590 1319 4656 linea,
1345 4598 1440 4644 aut
1469 4591 1646 4654 lanea,
1693 4597 1788 4644 aut
1828 4589 2086 4644 buricba-

519 4683 616 4739 liis
634 4689 950 4756 supersunt,
973 4681 1088 4734 hmo
1109 4679 1175 4734 ad
1203 4680 1378 4752 ipsius
1403 4679 1606 4735 liberos
1631 4680 1904 4750 pertinere
1924 4680 2081 4748 volo;

515 4783 570 4830 et
602 4776 752 4830 nulla
806 4774 862 4829 in
903 4789 963 4829 re
1006 4773 1184 4844 ipsam
1229 4773 1314 4829 vel
1359 4787 1580 4828 sorores
1606 4771 1780 4843 ipsius
1824 4771 2084 4826 molestas

586 4945 698 5015 (3|)
719 4945 1088 5015 Oﬁc.Deestit_t
1116 4943 1452 5015 cod.‘Cl_Iig.A
1483 5013 1490 5015 _
1775 5013 1784 5015 _
1872 4983 1878 4990 .

588 5012 698 5084 (3'2)
724 5013 1207 5084 Μακαριῳζάτῳν,
1239 5012 1549 5084 defChig.
1579 5013 1879 5084 μακαρίων.

585 5081 698 5154 (55)
743 5081 1067 5154 ῗΑριακζοῒς.
1098 5082 1232 5154 Cod.
1260 5081 1425 5154 Chig.
1459 5081 1742 5154 ’Κριανζῷζ

741 5152 1486 5223 ξΕλευρερζως-.-ίῖοᾱζβιιίθ
1513 5152 1841 5223 ἐλευθερίας.

585 5215 700 5291 (35)
745 5220 848 5291 Ἐν
869 5215 1101 5281 οἵφίᾶνέ
1122 5220 1253 5291 Cod.
1285 5215 1527 5291 Chigfév
1553 5215 1724 5291 οἴῴδ⁹
1753 5221 1838 5291 ἄν.

584 5289 696 5359 (56)
729 5288 846 5352 T-rjr
868 5288 1306 5359 “quaeratépa
1348 5288 1726 5356 Ἀζιυπιαιέήν,
1758 5289 2077 5359 Alypianam

509 5357 687 5429 ﬁliani
708 5373 895 5429 necem.
921 5357 1065 5429 Nihil
1103 5360 1276 5429 magis
1309 5368 1606 5429 certumgae
1637 5357 1977 5429 exploratum
2009 5376 2074 5414 ex

511 5426 1033 5508 cluiuiliuspregorii
1063 5426 1226 5508 rebus
1252 5429 1420 5508 gestis
1447 5427 1615 5483 videri
1647 5426 1842 5497 potest,
1874 5437 1932 5508 ut
1950 5444 2074 5508 cum

514 5497 750 5566 llaronio
783 5496 1208 5566 loquaraquam
1257 5496 1434 5565 ipsum
1484 5496 1801 5566 perpetuam
1837 5500 2075 5553 coluisse

513 5562 894 5637 virginitatem.
940 5562 1130 5619 Filiam
1168 5562 1335 5636 igitur
1365 5562 1720 5624 non'habuit.
1765 5565 1855 5621 Sic
1892 5576 2073 5621 tamen

2185 4406 2297 4468 τοῖς
2325 4405 2580 4473 πτωχοῖς,
2611 4402 2808 4472 μᾶλλον
2836 4403 2893 4457 δὲ
2920 4407 3032 4468 τοῖς
3056 4408 3489 4476 μακαριωτάτοις
3511 4406 3756 4475 γονεῦσιν

2186 4493 2571 4563 ὑποσχομένοις
2601 4493 2989 4563 ἀκολουθήσας,
3021 4489 3096 4546 ὧν
3117 4495 3377 4566 ἀθετῆσαι
3403 4497 3502 4566 τὴν
3528 4495 3756 4569 γνώμην

2185 4585 2297 4638 οὔθ’
2321 4585 2484 4647 ὅσιον,
2502 4584 2613 4637 οὔτ’
2635 4584 2874 4654 ἀσφαλὲς
2894 4585 3156 4655 ἡγοῦμαι.
3177 4588 3316 4641 Ὀσα
3351 4587 3530 4658 μέντοι
3557 4590 3622 4642 ὲκ
3643 4590 3755 4644 τῶν

2183 4679 2276 4733 τοῦ
2319 4679 2591 4750 μακαρίου
2642 4697 2741 4750 μου
2776 4679 3005 4749 ἀδελφοῦ
3055 4680 3353 4751 Καισαρίου
3390 4683 3750 4754 πραγμάτων,

2182 4769 2240 4821 ὲν
2266 4768 2450 4840 ἐσθῆτι
2479 4773 2676 4841 σηρικῇ
2701 4771 2734 4840 ἢ
2765 4771 2955 4842 λινῇ,ῆ
2980 4772 3182 4842 ὲρεᾷ,ῆ
3211 4771 3570 4844 βουρικαλίοις
3599 4791 3756 4845 περι-

2181 4951 2340 4998 vocat
2368 4944 2710 5016 Alypianam,
2745 4962 2866 5016 quae
2906 4947 3015 5002 lilia
3053 4959 3170 5003 erat
3213 4946 3502 5019 Gorgouize
3540 4950 3751 5006 sororis

2181 5029 2313 5069 suae.

2251 5084 2372 5158 (37)_
2396 5081 2518 5158 Τῶζ
2546 5085 2654 5154 γὰρ
2684 5085 2907 5158 ἄλλων,
2951 5087 3287 5158 Εῄγενείας,
3317 5095 3422 5158 etc.
3451 5086 3561 5142 Cod
3589 5087 3746 5158 Chig.

2179 5151 2461 5228 Εὐγενίας.
2476 5151 2795 5228 Cgeterarum
2813 5156 2974 5228 enim,
2993 5151 3236 5228 [ingenim
3245 5151 3293 5209 et
3312 5155 3538 5228 Nonae,
3553 5151 3749 5228 exigua

2179 5221 2570 5296 ratio_du_c_enda
2582 5223 2884 5296 ert.Mi_rum
2900 5225 3039 5278 forte
3055 5221 3222 5296 videri
3243 5227 3415 5295 possit
3427 5221 3746 5296 Gregorium

2182 5290 2571 5362 turpitudinem
2606 5293 3005 5362 sempiternam
3028 5290 3260 5362 publicis
3299 5296 3500 5350 tabulis
3525 5290 3746 5351 inurere

2179 5360 2444 5445 amnibus
2471 5361 2607 5415 suis.
2631 5360 2946 5445 .Sic;pos.tea
2973 5360 3268 5445 Gregorius
3300 5362 3525 5445 Magnus
3556 5378 3743 5445 coram

2181 5428 2447 5498 frequenti
2484 5430 2683 5499 popqu
2717 5428 3004 5502 Gordianaa
3036 5428 3261 5502 virginis
3306 5428 3486 5488 amita:
3527 5447 3639 5489 sua
3665 5433 3747 5484 la-

2181 5512 2339 5567 psum
2385 5499 2845 5568 narrareiveritus
2898 5515 3005 5554 non
3040 5499 3163 5556 fuit.
3208 5499 3324 5556 Viri
3355 5504 3538 5568 sancti
3586 5515 3742 5568 suos,

2179 5566 2224 5622 si
2252 5567 2470 5638 quando
2500 5567 2648 5639 impii
2678 5577 2826 5636 sunt,
2855 5568 3184 5641 despiciunt.
3355 5566 3363 5574 ”
