4026 6216
545 307 638 363 ιδ]
1205 301 1262 356 S.
1301 298 1631 356 GREGORII
1669 295 1918 354 TIIEOL.
1961 292 2333 355 CARMINUM
2371 290 2570 352 LIBER
2607 293 2645 353 l.
2688 291 3148 353 TIIEOLOGICA.
3694 289 3813 352 £52

545 418 606 470 Et
637 413 736 486 μὲν
761 411 918 477 Θεοῦ,
949 409 1064 474 πῶς
1095 408 1330 480 πρῶτον,
1361 409 1390 462 ὂ
1415 407 1634 479 στρέφει
1661 407 1830 470 Θεός;
2141 415 2189 471 Α
2218 407 2376 462 suum
2409 408 2460 461 τί
2485 407 2716 477 πάσχει;
2742 408 2866 469 τοὺς
2899 405 3102 469 κακοὺς
3126 403 3268 477 ὁρῶν
3298 404 3476 468 καλῶς

544 503 651 556 To?»
679 501 788 574 γὰρ
816 499 1104 562 πλέκοντός
1139 499 1257 550 ἐστι
1285 497 1376 550 καὶ
1407 496 1786 567 μεταπλέκειν.
2225 499 2568 569 Πράττοντας
2599 498 2695 569 (ὡς
2717 495 2977 565 δοκοῦσι),
3008 495 3189 567 σφόδρ’
3221 493 3477 566 είλιγγιᾷ,

546 597 607 647 Εἰ
633 593 676 646 δ’
708 593 770 644 οὐ
803 589 960 651 Θεοῦ,
999 588 1112 652 πῶς
1143 587 1355 658 nilo-ef
1386 586 1446 651 ἐξ
1477 587 1765 657 ἀναρχίας,
2222 589 2313 658 Μή
2345 605 2426 650 τις
2457 588 2596 658 φορᾷ
2625 587 2700 657 δῷ
2725 587 2824 655 τὴν
2859 583 3156 654 φύσιντῶν
3190 585 3551 655 πραγμάτων,

552 681 616 735 15
637 683 707 734 Ἢ
733 680 826 733 καὶ
851 678 1026 748 μάχης
1056 677 1151 729 τοῦ
1181 677 1492 746 κρείσσονος
1515 692 1529 741 ;
1560 676 1684 739 Πῶς
1709 677 1752 728 δ’
1779 675 1839 727 ού
1865 676 2048 745 μάχη;
2221 677 2290 732 ’50
2336 678 2422 739 Ὠς
2447 677 2546 730 ούκ
2573 675 2986 737 ἐπιστατοῦντος
3012 675 3143 745 ἡμῖν
3170 675 3405 738 οὐδενός.

561 774 624 826 Ἡ
653 772 762 842 γὰρ
786 769 1038 840 προνοίας
1070 767 1246 838 ἄρσις,
1276 767 1534 838 ἀνταρσις
1562 766 1727 820 Θεοῦο
2233 765 2292 818 '0
2325 765 2369 817 δ’
2402 765 2562 830 αὐτὸς
2594 760 2702 818 οἶδε
2731 766 2830 835 τὴν
2859 763 3012 816 λύσιν
3031 781 3044 795 ο
3078 764 3152 817 Τδ
3183 763 3289 837 γὰρ
3321 763 3474 828 τελός

554 865 612 916 Et
649 863 722 934 μὴ
751 864 814 914 σὺ
853 862 1021 922 ποιεῖς
1053 859 1144 912 καὶ
1177 858 1309 911 Θεὸν
1340 858 1720 928 πεπρωμένον,
2225 853 2448 906 Πάντων
2477 853 2668 906 σκόπει
2706 869 2818 922 μοι,
2844 853 3028 924 φησὶν,
3063 853 3138 917 ὡς
3167 853 3541 924 ἀντίστροφον.

553 954 764 1026 Φέροντ’
790 953 990 1006 ἄκοντα
1016 951 1114 1020 τὴν
1143 948 1347 1018 πλοκῆς
1377 948 1684 1022 τυραννίδα.
2227 945 2524 1012 Ἐσπειρας
2547 959 2561 974 ο
2597 943 2718 1014 δψει
2747 943 2848 1014 τῆς
2880 945 3088 1015 σπορᾶς
3120 943 3215 997 καὶ
3244 941 3334 996 τὸν
3367 944 3588 1013 στάχυν.

553 1043 708 1095 Οὕτω
737 1039 836 1111 μὲν
863 1031 1006 1091 οὗτοι
1041 1037 1188 1107 σφῶν
1217 1036 1526 1090 ἁλίσκονται
1558 1035 1759 1104 λόγοις.
2225 1031 2288 1084 Εἰ
2317 1030 2374 1084 δ’
2401 1032 2613 1099 ἀγνοεῖς
2651 1032 2716 1085 σὺ
2745 1032 2872 1095 τοὺς
2897 1031 3106 1099 λόγους,
3131 1033 3192 1085 οὐ
3228 1032 3325 1086 καὶ
3353 1032 3552 1101 Λόγος·

554 1135 622 1189 20
657 1133 817 1202 Ἡμῖν
841 1131 884 1184 δ’
908 1131 1028 1199 ἄγει
1063 1131 1161 1200 μὲν
1187 1125 1266 1194 εἷς
1295 1128 1427 1192 Θεὸς
1453 1129 1514 1182 τὸ
1542 1130 1648 1182 πᾶν
1678 1128 1816 1194 τόδε,
2225 1125 2294 1180 55
2319 1123 2449 1178 Οὐδὲ
2476 1122 2602 1194 γὰρ,
2636 1123 2684 1176 εί
2725 1123 2790 1176 σὺ
2823 1123 2920 1194 τῆς
2948 1123 3188 1194 γραφῆς,
3218 1124 3311 1177 καὶ
3344 1123 3666 1195 ζωγράφος·

555 1222 740 1291 Σοφῶς
771 1220 996 1274 ἑλίσσων
1026 1221 1118 1275 καὶ
1145 1219 1380 1284 πλέκων,
1413 1219 1488 1282 ὼς
1511 1217 1576 1272 ἀν
1603 1217 1753 1289 Θέλῃ,
2226 1213 2348 1268 Οὐδ’
2373 1215 2422 1268 εί
2450 1215 2513 1267 σὺ
2543 1213 2835 1285 γραμμῶν,
2872 1213 2964 1267 καὶ
2991 1214 3314 1285 γεωμέτρης
3348 1214 3377 1267 ὅ
3402 1213 3489 1270 σύ.

556 1315 681 1376 Τοῖς
715 1313 874 1375 αὐτὸς
899 1311 1062 1369 αὑτοῦ
1091 1309 1320 1381 νεύμασι
1348 1326 1408 1362 τε
1439 1310 1532 1362 καὶ
1556 1309 1754 1378 λόγοις,
2227 1305 2301 1358 To
2324 1303 2422 1375 μὲν
2450 1303 2778 1373 κατείληφάς
2801 1321 2876 1368 τι,
2904 1303 2981 1374 τῷ
3008 1303 3051 1356 δ⁴
3080 1305 3212 1358 ἕπου
3248 1304 3448 1373 σοφῶς.

557 1404 674 1456 Κᾶν
710 1402 783 1472 μὴ
807 1403 876 1454 τὰ
899 1401 1074 1454 πάντα
1105 1398 1294 1463 δεξιῶς
1317 1397 1566 1469 στρέφειν
1589 1397 1740 1468 δοκῇ.
2233 1397 2418 1450 Ἔστιν
2449 1394 2604 1463 λόγος
2627 1394 2718 1447 καὶ
2748 1393 2925 1456 τοῦτο,
2951 1393 3232 1448 πείθεσθαι
3257 1395 3420 1466 λόγῳ.

627 1494 816 1548 Πολλοί
840 1510 902 1562 γε
931 1493 1036 1563 μὴν
1074 1491 1336 1562 κάμνουσι
1365 1490 1458 1542 καὶ
1497 1489 1839 1558 σοφωτάτων.
2228 1483 2293 1536 Et
2322 1483 2496 1536 πάντα
2519 1481 2672 1553 δῆλα,
2704 1481 2806 1534 ποῦ
2835 1481 2897 1536 τὸ
2925 1483 3216 1548 πιστεύειν,
3253 1483 3398 1552 λέγε.

559 1586 630 1638 25
653 1585 776 1647 Τοῖς
804 1584 918 1654 τῇδ’
945 1583 1165 1646 ἀνίσοις,
1196 1581 1289 1635 καὶ
1322 1579 1486 1634 πάλαι
1515 1580 1607 1632 καὶ
1628 1575 1722 1633 νῦν
1750 1577 1850 1630 ἔτι.
2231 1574 2299 1630 40
2328 1573 2517 1638 Πίστις
2553 1575 2662 1647 γάρ
2686 1576 2831 1629 ἔστιν
2860 1575 3166 1648 ἀπράγμων
3196 1575 3496 1640 συναίνεσις

563 1675 626 1727 Τί
649 1675 730 1728 δεῖ
749 1674 925 1743 λέγειν
953 1673 1197 1736 ἅπαντας
1218 1689 1234 1736 ;
1259 1671 1396 1725 ἀλλά
1426 1687 1514 1741 μοι
1542 1669 1732 1724 σκόπει
2313 1665 2453 1733 Ἐγὼ
2478 1665 2534 1719 δὲ
2566 1666 2659 1720 καὶ
2683 1666 2826 1721 τοῦτ’
2856 1668 3021 1722 ἐννοῶ
3049 1669 3226 1738 σοφῶς
3249 1670 3379 1734 ἴσως
3397 1686 3413 1702 ·

1068 1851 1124 1905 Si
1150 1851 1367 1921 quidem
1397 1863 1427 1903 a
1463 1847 1594 1921 Deo,
1629 1847 1902 1921 quomodo
1925 1846 2158 1917 primum
2186 1845 2334 1916 quod
2362 1853 2544 1902 versat
2572 1845 2757 1903 Deus?

1068 1918 1218 1975 Illius
1249 1921 1427 1988 enim,
1449 1919 1542 1988 qui
1580 1918 1774 1980 texuit,
1809 1925 1892 1972 est
1923 1924 1978 1970 et
2004 1924 2268 1988 retexere.

1069 1989 1126 2042 Si
1149 1997 1328 2043 autem
1361 2002 1390 2039 a
1417 1985 1526 2042 Deo
1554 2003 1661 2041 non
1693 1995 2001 2048 moventur,
2026 1985 2300 2056 quomodo
2327 1985 2570 2056 stabunt,
2595 1999 2720 2040 cum
2743 1993 2966 2040 careant
2989 1986 3187 2056 capite.

1069 2060 1137 2114 15
1175 2059 1281 2111 Aut
1314 2065 1552 2126 pugnent
1577 2065 1768 2128 contra
1800 2055 2198 2128 potentiorem?
2223 2055 2496 2128 quomodo
2519 2070 2757 2126 namque
2782 2071 2890 2111 non
2915 2055 3069 2113 esset
3089 2069 3270 2128 pugna
3288 2055 3314 2109 2

1071 2128 1282 2198 Etenim
1308 2125 1526 2198 sublata
1558 2125 2162 2198 prouvideutiagollitur
2189 2125 2408 2196 quoque
2441 2125 2616 2191 Deus;

1067 2197 1180 2278 ljisl
1209 2205 1270 2278 tu
1305 2194 1700 2278 ticum._statuis
1729 2194 1842 2278 fato
1873 2196 2172 2278 alligatum,

1066 2267 1172 2332 Qui
1207 2267 1344 2321 ferat
1373 2267 1540 2319 invite
1571 2279 1746 2320 nexus
1776 2266 2140 2334 tyrannidem.

1070 2336 1162 2390 Sic
1187 2335 1334 2389 enim
1361 2333 1437 2388 illi
1462 2335 1691 2388 suismet
1713 2333 2006 2402 capiuntur
2042 2333 2242 2388 verbis.

1065 2405 1134 2460 20
1167 2404 1332 2457 Nobis
1364 2410 1542 2456 autem
1578 2418 1721 2457 unus
1750 2402 1893 2458 Deus
1921 2403 2061 2473 regit
2087 2403 2229 2456 hanc
2260 2403 2698 2466 universitatem,

1069 2473 1356 2542 Sapienter
1387 2473 1610 2526 volvens
1640 2480 1694 2526 et
1721 2479 1972 2542 nectens,
2004 2480 2066 2525 ut
2095 2473 2352 2537 voluerit,

1069 2540 1197 2597 Suis
1227 2542 1344 2611 ipse
1371 2541 1596 2595 nutibus
1627 2555 1691 2594 ac
1721 2540 2050 2605 rationibus,

1067 2608 1326 2678 Quamvis
1351 2625 1457 2665 non
1486 2612 1669 2664 omnia
1701 2617 1848 2664 recte
1874 2608 2146 2665 moderari
2177 2608 2444 2666 videatur.

1139 2679 1292 2734 Multi
1325 2679 1543 2750 quidem
1581 2687 1907 2748 torquentur
1934 2682 2099 2734 etiam
2131 2681 2275 2735 inter
2302 2679 2768 2750 sapientissimos,

1064 2751 1136 2806 25
1173 2750 1254 2804 Ob
1289 2748 1712 2818 iniequalitatem
1746 2763 1950 2812 rerum,
1974 2758 2088 2803 tum
2114 2750 2266 2813 olim,
2291 2748 2403 2803 tum
2429 2751 2590 2804 etiam
2621 2765 2788 2803 nunc.

1069 2820 1210 2886 Quid
1243 2833 1469 2874 necesse
1497 2825 1580 2873 est
1611 2827 1844 2873 cunctos
1877 2819 2122 2874 referre?
2153 2820 2246 2875 sed
2275 2820 2435 2873 velim
2471 2819 2746 2883 attendas,

1072 2889 1259 2943 Davidi
1290 2889 1420 2959 quid
1456 2887 1737 2960 acciderit.
1770 2887 1940 2943 Malos
1969 2904 2204 2960 cernens
2233 2903 2496 2960 prospero

1071 2960 1271 3039 [terum
1301 2955 1446 3014 statu
1474 2955 1668 3039 florere
1691 2957 1782 3039 (ut
1806 2959 2064 3039 .uonnulli
2097 2955 2403 3039 videntur},
2437 2958 2784 3014 vehementer
2813 2957 3053 3030 angitur,

1071 3028 1292 3084 Veritus
1320 3044 1389 3084 ne
1419 3029 1542 3097 quis
1567 3028 1720 3082 casui
1752 3028 1956 3082 tribuat
1981 3028 2124 3083 hanc
2157 3038 2406 3082 naturam
2433 3043 2634 3092 rerum,

1071 3099 1140 3154 '50
1171 3098 1251 3152 Ac
1277 3099 1441 3153 veluti
1473 3113 1633 3152 nemo
1667 3097 1759 3166 sit,
1783 3098 1875 3166 qui
1907 3098 2065 3153 nobis
2096 3099 2302 3166 praesit.

1072 3170 1144 3237 ᾼι
1176 3168 1406 3237 ipsemet
1439 3166 1585 3237 hunc
1611 3165 1813 3237 nodum
1839 3174 2000 3221 norat
2036 3165 2245 3237 solvere
2272 3165 2493 3222 :Finem
2524 3166 2671 3221 enim

1074 3235 1274 3306 Rerum
1306 3235 1548 3306 omnium
1570 3236 1866 3306 considera
1895 3237 2051 3306 mihi,
2081 3236 2279 3306 inquit,
2303 3251 2466 3304 quam
2492 3240 2563 3292 sit
2583 3237 2916 3292 contrarius.

1078 3305 1376 3376 Seminasti
1403 3325 1416 3359 :
1441 3304 1651 3376 videbis
1679 3321 1744 3361 ex
1774 3305 1982 3376 semine
2011 3304 2420 3376 provenientem
2447 3308 2710 3376 culmum.

1163 3382 1220 3455 t_u
1253 3374 1419 3442 hujus
1449 3373 1526 3455 rei
1555 3373 2209 3455 igiioras.ratione's,.non
2242 3389 2336 3430 eas
2365 3374 2581 3455 ignorat
2608 3374 2867 3455 verbum.

1065 3445 1136 3516 §_5
1171 3443 1356 3516 Neque
1380 3443 1548 3506 enim,
1577 3445 1622 3516 si
1651 3452 1708 3497 tu
1731 3445 1968 3516 pictura:
1991 3445 2235 3516 rationes
2264 3443 2466 3504 nescis,
2494 3458 2588 3499 eas
2613 3445 2777 3516 etiam
2808 3445 2982 3500 nescit
3017 3446 3215 3516 pictor.

1069 3512 1260 3585 {Seque
1285 3514 1526 3585 demum,
1558 3513 1604 3566 si
1639 3521 1696 3566 tu
1730 3512 1995 3585 linearum
2018 3513 2184 3585 rudis
2213 3529 2295 3577 es,
2325 3522 2628 3585 geometres
2659 3515 2815 3570 rudis
2837 3522 2943 3577 est,
2975 3512 3204 3585 perinde
3231 3533 3292 3570 ac
3322 3523 3403 3569 tu.

1073 3581 1192 3654 [loc
1216 3582 1438 3654 quidem
1471 3589 1528 3654 tu
1554 3583 1867 3654 percepisti,
1901 3583 1954 3637 in
1983 3583 2106 3638 aliis
2142 3581 2644 3654 autem'acquiesce
2672 3585 2950 3654 sapienter
2976 3581 2990 3638 Ξ

1073 3651 1324 3722 Rationis
1342 3651 1486 3705 enim
1511 3651 1657 3706 istud
1685 3659 1790 3722 est,
1820 3653 2200 3722 obtemperare
2229 3651 2454 3706 rationi.

1075 3721 1135 3776 Si
1164 3729 1364 3791 cuncta
1395 3729 1524 3776 sunt
1556 3721 1867 3791 perspicua,
1899 3720 2025 3786 dic;
2046 3723 2300 3788 obsecro,
2333 3723 2424 3775 ubi
2454 3721 2522 3776 sit
2551 3720 2707 3779 ﬁdes.

1066 3790 1336 3862 40_Fides
1359 3793 1500 3862 enim
1534 3790 1763 3862 simplex
1793 3802 1875 3846 est
1911 3799 1964 3846 et
1994 3791 2126 3846 nihil
2162 3799 2518 3862 perscrutans
2552 3807 2839 3848 assensus.

1139 3859 1252 3932 Ego
1285 3875 1414 3915 vero
1446 3860 1576 3914 illud
1604 3859 1768 3915 etiam
1797 3862 1999 3932 cogito,
2033 3859 2310 3932 sapienter
2337 3861 2521 3916 forsan
2548 3881 2561 3915 :

649 4042 720 4096 25
752 4041 859 4096 Καὶ
885 4040 1069 4094 πάλαι
1102 4041 1195 4093 καὶ
1230 4040 1345 4094 νῦν
1369 4039 1474 4093 ἔτι.
1515 4039 1642 4092 Tum
1675 4039 2030 4108 superioribus
2052 4056 2151 4093 sa:-

2259 4043 2541 4110 amplexus
2567 4046 2671 4105 est,
2703 4053 2797 4096 eas
2827 4039 2881 4094 in
2903 4048 3077 4096 morte
3108 4053 3230 4110 cum
3257 4037 3627 4110 acerbissimis
3659 4036 3821 4110 dolo-

581 4113 737 4173 cutis,
777 4120 884 4164 tum
916 4112 1015 4163 isto
1043 4111 1204 4163 etiam
1231 4120 1474 4178 tempore.
2256 4107 2409 4166 ribus
2439 4117 2754 4173 commutat,
2791 4118 2845 4164 et
2875 4117 3085 4164 contra.
3139 4109 3376 4164 BILLIUS.
3426 4107 3590 4164 Leuv.
3641 4107 3819 4174 Quam

648 4180 718 4232 26
753 4181 1072 4245 Ἄβαντας.
1112 4178 1234 4233 Vat.
1271 4180 1508 4234 ἅπαντα.
2254 4181 2300 4234 is
2328 4189 2574 4234 accurate
2611 4178 2940 4247 respondeat.

651 4248 734 4318 52
761 4248 854 4318 Ὡς
886 4249 1306 4314 ἀντίστροφον.
1358 4248 1528 4313 Quam
1559 4249 1626 4302 sit
1663 4251 1977 4302 contrarius.
2012 4247 2145 4302 Nam

2321 4249 2387 4303 37
2421 4249 2645 4316 Σοςεῶς.
2675 4245 2916 4304 Combef.
2960 4247 3088 4318 legit
3119 4249 3321 4316 σοφοῖς,
3351 4247 3484 4300 artis
3511 4245 3707 4314 peritos
3735 4259 3820 4298 se—

583 4317 675 4386 qui
706 4316 930 4370 delicias
961 4324 1015 4370 et
1055 4319 1360 4386 voluptates
1383 4331 1478 4385 per
1505 4332 1720 4371 omnem
1753 4319 1873 4371 vitzc
1922 4333 2144 4372 cursum
2251 4333 2425 4387 qaere.

1881 4490 2210 4550 METRICA
2243 4490 2538 4551 VERSIO.

583 4675 864 4731 Nectentis
898 4675 1100 4729 etenim
1128 4683 1213 4745 est
1239 4681 1450 4731 vertere
1477 4675 1528 4730 id
1560 4674 1704 4745 quod
1734 4676 1938 4730 nexuit.
2185 4682 2229 4738 Β
2255 4675 2494 4745 Florere,
2529 4684 2586 4729 ut
2617 4675 2719 4745 ipsi
2749 4675 3021 4744 judicent.
3057 4675 3222 4733 Valde
3253 4686 3470 4744 azstuat,

585 4745 643 4818 Si
677 4761 784 4818 non
819 4753 1066 4799 movetur
1099 4759 1129 4798 a
1163 4744 1676 4818 lieo.ue_x_aparchia
1840 4813 1850 4818 Α
2253 4744 2332 4818 l‘ie
2359 4752 2553 4799 cuncta
2584 4744 2788 4801 teinere
2819 4746 3089 4816 quispiam
3125 4746 3253 4818 ferri
3281 4757 3452 4818 putet,

585 4817 1132 4895 Stabuntnenpugna
1159 4816 1243 4895 vel
1277 4813 1626 4895 Dei?_Pugn_a
1651 4813 1932 4895 estnenim.
2253 4814 2365 4895 Sec
2386 4829 2512 4895 esse
2535 4813 2888 4895 quemquam,
2915 4813 3104 4895 nostra
3137 4817 3230 4886 qui
3265 4813 3506 4895 prudens
3540 4822 3712 4886 regat.

583 4885 719 4956 Nam
752 4881 1246 4956 provideritemqui
1275 4893 1455 4956 negat,
1491 4881 1838 4956 bélluntADeo
2252 4885 2322 4956 ᾼι
2357 4883 2520 4956 solvit
2550 4881 2696 4956 istud
2722 4881 2978 4956 ipsemet.
3009 4881 3198 4942 Finem
3231 4881 3476 4940 omnium

584 4953 804 5010 lnferf:
835 4953 1004 5010 Deum
1033 4953 1094 5025 ni
1123 4953 1262 5010 forte
1283 4953 1509 5025 fatalem
1542 4953 1776 5018 invehis,
2256 4953 2478 5025 Specta,
2509 4954 2696 5025 inquit
2721 4953 2835 5017 ille,
2865 4969 3138 5025 quamque
3171 4957 3240 5010 sit
3272 4955 3605 5010 contrarius.

586 5025 689 5092 Qui
723 5025 976 5080 nexionis
1003 5024 1217 5079 illibens
1243 5023 1350 5078 vim
1383 5023 1628 5079 sufferat.
2254 5023 2411 5090 Quod
2441 5023 2754 5086 seminat-is,
2779 5031 2962 5078 certus
2993 5023 3096 5077 hoc
3132 5026 3350 5078 tandem
3385 5034 3576 5080 metes.

588 5095 826 5164 suismet
860 5095 995 5149 istos
1027 5095 1107 5150 sic
1136 5094 1288 5149 vides
1318 5093 1483 5148 dictis
1515 5093 1658 5164 capi.
2256 5093 2444 5163 Ignota
2472 5095 2614 5147 ratio
2644 5095 2688 5164 si
2715 5094 2812 5147 tibi
2841 5100 2946 5156 est,
2975 5109 3082 5147 non
3115 5102 3198 5147 est
3232 5096 3339 5148 Deo
3375 5113 3388 5147 :

587 5163 847 5233 Mundum
872 5165 1313 5233 gubernatuunus
1344 5170 1400 5217 at
1426 5161 1597 5218 nobis
1612 5161 1775 5226 Deus,
2259 5161 2441 5233 Ignota
2471 5178 2598 5217 nam
2632 5163 2677 5218 si
2709 5163 2862 5218 linea:
2888 5173 2990 5225 est,
3021 5165 3222 5217 tabula?
3251 5173 3304 5218 et
3333 5164 3456 5226 tibi,

590 5231 1017 5302 Sapienter'ipse
1047 5231 1271 5288 nutibus
1299 5237 1524 5288 volvens
1555 5233 1694 5298 suis,
2261 5231 2558 5302 Utriusque
2592 5234 2745 5286 novit
2773 5233 2910 5286 hanc
2939 5234 3019 5287 vel
3055 5233 3195 5287 hanc
3229 5241 3412 5286 tamen
3445 5231 3668 5285 artifex.

586 5301 930 5373 Nectensque
957 5311 1153 5358 cuncta
1185 5318 1412 5373 prorsus
1444 5303 1509 5357 ad
1540 5303 1754 5373 libitum
1783 5315 1965 5366 suum,
2258 5303 2516 5373 Quaedam
2544 5301 2660 5370 ipse
2690 5304 2835 5356 nosti
2861 5319 2874 5354 :
2903 5301 2955 5355 in
2987 5304 3200 5373 caeteris
3229 5315 3348 5356 esto
3377 5318 3598 5373 sequar.

589 5370 1094 5441 Quatdam’putetur
1122 5370 1339 5428 volvere
1369 5373 1510 5427 haud
1543 5379 1689 5428 recte
1716 5371 1862 5429 licet.
2256 5371 2550 5426 Prudentis
2585 5374 2688 5425 hoc
2717 5379 2802 5426 est
2837 5386 2960 5424 nam
2993 5374 3116 5433 viri.
3151 5371 3328 5426 Verbo
3361 5370 3610 5441 obsequi.

660 5439 813 5494 Multi
841 5439 1111 5512 laborant,
1144 5443 1440 5512 etquidem
1472 5442 1627 5512 sophi
1661 5441 1954 5498 admodum
2262 5443 2317 5495 Si
2353 5447 2549 5496 cuncta
2579 5441 2751 5512 clara,
2775 5441 2865 5495 dic
2892 5441 3048 5495 velim
3079 5442 3212 5496 tldes
3244 5443 3357 5494 ubi.

589 5510 654 5564 Et
682 5524 851 5574 nunc,
888 5518 939 5564 et
975 5511 1125 5575 olim,
1163 5509 1435 5580 disparem
1463 5509 1685 5580 ob'vita'
1716 5520 1940 5566 statum.
2260 5512 2500 5580 Simplex
2533 5509 2778 5580 profecto
2807 5518 2892 5565 est
2918 5526 3042 5564 nam
3076 5511 3209 5565 fides
3243 5510 3513 5580 assensio.

590 5579 811 5650 Referre
835 5587 1063 5650 cunctos
1090 5579 1221 5650 quid
1254 5577 1446 5636 decet?
1471 5579 1694 5648 Spectcs
1721 5582 1877 5635 velini
2264 5649 2297 5650 η
2327 5577 2469 5646 Quin
2497 5577 2630 5634 iliud
2659 5580 2825 5650 etiam
2855 5581 3060 5650 cogito,
3093 5580 3235 5634 haud
3269 5578 3452 5634 forsan
3485 5577 3650 5632 male.

589 5647 759 5705 David
791 5647 919 5719 quid
945 5649 1060 5719 ipse
1088 5647 1312 5713 sentiat,
1341 5647 1571 5703 cernens
1596 5651 1769 5705 malos
2259 5649 2400 5716 Non,
2430 5666 2553 5705 cum
2587 5649 2824 5714 venires,
2861 5647 2961 5706 ista
2991 5651 3214 5720 promisi
3249 5650 3369 5714 tibi,
