4026 6216
471 236 566 291 451
1116 225 1175 281 S.
1216 223 1549 280 GRECORH
1592 222 1842 278 TIIEOL.
1885 219 2255 277 CAltMlNUM
2298 215 2497 275 LIBER
2543 220 2581 273 Ι.
2626 217 3088 276 TIIEOLOGICA.

2075 339 2116 393 A
2146 334 2367 405 Θνητῶν
2393 335 2440 386 τ’
2471 334 2754 387 ἀθανάτων
2785 351 2843 388 τε
2877 336 3120 404 νοήμονα
3148 335 3303 403 φῶτα
3329 337 3569 406 μεσηγὺ,

549 343 846 414 Ἡμέτερον
871 341 914 394 δ’
949 339 1089 403 ἀΐοις
1121 338 1302 409 ψυχῆς
1331 339 1456 409 πέρι
1487 337 1652 408 μῦθον
1678 337 1917 407 ἄριστον.

471 434 664 488 Ἐνθεν
693 431 850 494 ἑλὼν,
881 430 1072 501 τέρψιν
1099 429 1156 482 δὲ
1195 429 1398 500 μικρην
1429 429 1765 499 ἀναμίξομεν
1792 427 1942 499 οἴμῃ.

470 523 652 579 55⁷Ην
675 540 805 576 ποτε
823 519 889 593 ἦν
905 523 994 575 ὅτε
1011 521 1216 592 κόσμον
1236 520 1476 590 ἐπήξατο
1491 520 1583 572 νοῦ
1604 520 1776 587 Λόγος
1794 520 1982 581 αἰπὺς,

484 616 811 685 Ἐσπόμενος
842 613 1098 684 μεγάλοιο
1131 612 1236 682 νόῳ
1264 612 1499 682 Πατρδς,
1525 612 1585 664 οὐ
1618 612 1748 682 πρὶν
1779 609 1958 662 ἐόντα.

474 703 634 758 Εἶπεν
660 706 754 767 ὅδ’,
786 705 1134 758 ὲκτετέλεστο
1154 703 1276 756 ὅσον
1303 702 1474 755 θέλεν.
1553 701 1640 764 Ὠς
1665 701 1722 754 δὲ
1755 700 1825 753 τά
1856 702 2031 754 πάντα

475 796 690 865 Κόσμος
724 795 838 864 ἔην,
867 793 996 864 γαίη
1024 809 1083 844 τε
1109 793 1203 844 καὶ
1235 790 1464 861 οὐρανὸς
1488 789 1583 858 ἠδὲ
1611 787 1876 852 Θάλασσα,

471 887 656 949 Δίζετο
677 886 770 937 καὶ
796 882 988 953 σοφίης
1015 883 1304 952 ἐπιίστορα
1344 880 1550 951 μητρὸς
1575 879 1854 944 ἁπάντων,

470 977 538 1030 60
562 977 665 1028 Καὶ
692 975 916 1044 χθονίων
950 973 1181 1044 βασιλῆα
1211 972 1454 1038 θεουδέα,
1499 973 1594 1026 καὶ
1623 971 1729 1024 τόδ’
1762 971 1978 1026 ἔειπενο
2039 1012 2042 1014 ν

411 1081 424 1110 ι
477 1084 496 1114 σ
549 1067 683 1137 Ἤδη
715 1066 812 1136 μὲν
843 1066 1072 1137 καθαροὶ
1095 1067 1188 1118 καὶ
1214 1065 1433 1130 ἀείζωοι
1464 1065 1792 1136 θεράποντες

469 1157 707 1227 Οὐρανὸν
737 1159 899 1230 εὐρὺν
927 1157 1144 1228 ἔχουσιν
1175 1159 1330 1226 ἀγνοὶ
1357 1158 1494 1223 νόες,
1517 1156 1738 1225 ἄγγελοι
1769 1156 1971 1220 ἐσθλοὶ,

483 1245 800 1316 ’Υμνοπόλοι
838 1248 1138 1318 μέλποντες
1165 1250 1298 1320 ἐμὸν
1330 1249 1487 1311 κλέος
1515 1247 1712 1301 οὔποτε
1744 1247 1938 1318 λῆγον·

471 1340 607 1392 Γαῖα
625 1340 669 1392 δ’
694 1341 773 1392 ἔτι
807 1341 1023 1406 ζὼοισιν
1055 1341 1348 1411 ἀγάλλεται
1382 1341 1737 1412 ἀφραδέεσσι.

469 1430 539 1486 65
567 1431 734 1487 Ξυνδν
760 1433 805 1488 δ’
830 1433 1217 1506 ἀμφοτέρωθεν
1244 1433 1369 1505 ἐμοὶ
1392 1433 1548 1504 γένος
1570 1431 1727 1486 εὔαδε
1756 1430 1924 1500 πῆξαι

3633 225 3737 283 459

2149 424 2501 494 Τερπόμενόν
2531 423 2578 476 τ’
2613 423 2856 494 ἔργοισιν
2885 425 3059 492 ἐμοῖς,
3083 425 3178 477 καὶ
3215 424 3482 494 ἐχέφρονα
3526 426 3738 497 μύστην

2150 515 2451 584 Οὐρανίων,
2484 514 2649 584 γαίης
2671 533 2728 567 τε
2755 515 2898 584 μέγα
2926 516 3150 584 κράτος,
3181 515 3412 584 ἄγγελον
3440 517 3598 572 ἀλλον

2163 606 2259 658 Ἐκ
2283 605 2492 676 χθονὸς⁹
2519 606 2813 676 ὑμνητῆρα
2839 594 2988 676 ἐμῶν
3026 606 3234 676 μενέων
3262 623 3346 670 τε,
3369 607 3490 661 νόου
3512 625 3591 661 τε.
3634 630 3652 660 ι

2150 698 2221 752 70
2254 698 2349 761 Ὣς
2372 696 2457 770 ἀρ’
2482 697 2607 769 ἔφη.
2646 698 2743 750 καὶ
2785 700 2982 768 μοῖραν
3014 697 3152 751 ἑλὼν
3183 698 3480 770 νεοπηγέος
3515 700 3660 766 αἴης,

2154 789 2410 860 Χείρεσιν
2434 789 2772 861 ἀθανάτῃσιν
2796 789 2934 861 ἐμὴν
2957 791 3226 860 ἐστήσατο
3254 792 3493 862 μορφὴν,

2153 882 2229 952 Τῇ
2259 881 2304 934 δ’
2331 881 2420 953 ἄρ’
2447 882 2544 950 ὲῆς
2568 881 2714 952 ζωῆς
2746 881 3064 952 μοιρήσατο.
3120 882 3208 933 Ἐν
3232 882 3341 952 γὰρ
3363 881 3496 952 ἕηκε

2151 969 2394 1041 Πνεῦμα,
2427 970 2488 1024 τὸ
2517 970 2582 1042 δὴ
2618 970 2869 1041 θεότητος
2894 971 3102 1034 ἀειδέος
3123 970 3272 1024 ἐστὶν
3305 969 3585 1042 ἀπορρώξ.

2162 1063 2257 1117 Ἐκ
2283 1063 2342 1116 δὲ
2363 1064 2487 1134 χοὸς
2509 1063 2700 1132 πνοιῆς
2727 1079 2786 1114 τε
2809 1065 2995 1133 πάγην
3024 1061 3212 1132 βροτὸς
3232 1061 3521 1116 ἀθανάτοιο

2150 1151 2218 1210 Ἰῦ
2257 1153 2433 1208 Εἰκών
2452 1171 2465 1185 ·
2491 1156 2524 1224 ἢ
2561 1153 2670 1226 γὰρ
2703 1153 2913 1207 ἄνασσα
2933 1153 3054 1206 νόου
3084 1155 3244 1222 φύσις
3275 1153 3652 1224 ἀμφοτέροισι.

2151 1244 2392 1298 Τοῠνεκα
2417 1246 2512 1298 καὶ
2541 1244 2720 1314 βίοτον
2753 1245 2843 1297 τὸν
2877 1245 2976 1313 μὲν
3007 1243 3222 1315 στέργω
3252 1244 3338 1298 διὰ
3371 1246 3553 1312 γαῖαν,

2151 1336 2257 1390 Τοῦ
2282 1337 2326 1390 δ’
2351 1336 2474 1408 ἔρον
2499 1337 2556 1392 ὲν
2597 1335 2886 1406 στήθεσσιν
2914 1335 3020 1404 ἔχω
3050 1334 3200 1389 θείαν
3225 1334 3314 1388 διὰ
3339 1338 3554 1406 μοῖραν.

2222 1428 2355 1482 Ἤδε
2385 1429 2483 1499 μὲν
2525 1427 2844 1498 ἀρχεγὸνοιο
2888 1425 3080 1498 βροτοῦ
3109 1425 3276 1488 δέσις.
3323 1425 3512 1496 Αὐτὰρ
3539 1424 3728 1479 ἔπειτα

1035 1629 1289 1686 Nostram
1319 1630 1446 1686 audi
1473 1629 1542 1685 de
1569 1629 1748 1683 anima
1781 1627 2044 1698 optimam
2075 1627 2379 1681 doctrinam
2411 1647 2422 1681 :

965 1699 1106 1756 Hinc
1135 1701 1424 1770 incipiens,
1460 1697 1669 1770 aliquid
1688 1697 2074 1770 oblectamenti
2108 1698 2424 1770 admisceho
2451 1697 2711 1770 sermoni.

964 1773 1034 1826 55
1066 1765 1325 1825 Mundtim
1355 1771 1485 1824 olim
1516 1765 1758 1824 condidit
1791 1781 2020 1820 summa:
2047 1768 2247 1820 mentis
2275 1768 2508 1820 sublime
2547 1765 2806 1832 Verbum,

967 1841 1171 1896 Parens
1203 1841 1395 1911 magni
1413 1839 1591 1894 Patris
1618 1838 1870 1911 consilio,
1902 1845 2061 1911 antea
2087 1851 2196 1911 non
2232 1837 2608 1911 ex_sistentem.

967 1911 1116 1964 Dixit
1143 1911 1256 1973 ille,
1291 1905 1347 1965 Et
1376 1909 1575 1964 factum
1607 1915 1692 1962 est.
1717 1905 1980 1976 quidquid
2017 1907 2249 1960 volebat.
2284 1907 2419 1960 Cum
2445 1914 2627 1960 autem
2659 1905 2843 1960 omnia
2873 1913 3058 1962 creata

967 1980 1227 2034 Mundum
1263 1981 1336 2034 lta
1369 1978 1810 2041 constituissent,
1851 1985 2020 2037 terra,
2051 1977 2248 2030 cmlum
2280 1985 2333 2030 et
2365 1992 2534 2038 mare,

964 2051 1258 2116 Quaerebat
1291 2051 1598 2118 agnitorem
1629 2047 2056 2118 suaaisapientiae
2084 2047 2366 2118 genitricis
2397 2047 2666 2118 otnnium,

963 2115 1031 2176 60
1064 2119 1126 2172 Ει
1149 2115 1494 2174 terrestrium
1526 2133 1709 2189 regem
1749 2115 1857 2171 Deo
1897 2115 2167 2189 similem;
2197 2115 2536 2189 ac_sic_t‘atus
2566 2135 2578 2168 :

970 2209 988 2240 ι
1027 2189 1145 2244 lam
1183 2190 1405 2259 quidem
1435 2189 1554 2258 puri
1587 2186 1640 2242 et
1666 2202 1884 2256 semper
1913 2186 2111 2239 victuri
2143 2186 2382 2259 ministri

966 2260 1162 2314 Latum
1197 2255 1449 2312 habitant
1474 2259 1700 2320 caelum,
1743 2255 1954 2311 mentes
1986 2263 2212 2314 sanctze.
2263 2256 2386 2310 boni
2419 2255 2625 2321 nuntii,

964 2329 1032 2382 Et
1071 2329 1288 2399 hymnis
1329 2330 1608 2399 perpetuis
1629 2326 1868 2399 gloriam
1898 2340 2071 2378 meam
2103 2325 2395 2399 celebrare
2413 2341 2690 2399 nunquam
2726 2325 3000 2380 desinunt.

966 2394 1138 2452 Terra
1186 2394 1370 2451 autem
1413 2394 1592 2450 adhuc
1629 2394 1807 2450 brutis
1838 2400 2047 2446 tantum
2079 2394 2278 2463 gaudet
2309 2395 2660 2458 animalibus,

964 2468 1036 2521 65
1061 2469 1246 2535 Itaque
1277 2465 1570 2518 conﬂatum
1606 2480 1673 2519 ex
1701 2464 1923 2535 duobus
1949 2463 2082 2535 mihi
2115 2464 2293 2535 placet
2331 2479 2502 2533 genus
2537 2465 2801 2535 condere,

969 2532 1228 2591 Mortales
1255 2536 1397 2588 inter
1425 2542 1480 2590 et
1514 2533 1875 2605 immortales,
1911 2532 2272 2605 intelligentia
2297 2532 2584 2605 praeditum
2613 2534 2912 2605 hominem,
2943 2535 3036 2605 qui
3074 2533 3284 2590 medius
3315 2533 3410 2600 sit,

967 2607 1393 2674 Ohlecteturque
1423 2605 1683 2673 operibus
1712 2602 1874 2674 meis,
1907 2601 2234 2670 prudentem
2263 2601 2712 2672 investigatorem

967 2671 1319 2738 Cretes-tinxit,
1343 2671 1500 2729 terra:
1526 2686 1780 2744 magnum
1810 2671 2216 2744 imperatorem,
2258 2671 2512 2744 angelum
2548 2674 2780 2728 alterum

970 2746 1044 2800 Ex
1089 2755 1258 2804 terra,
1291 2757 1596 2813 prmconem
1621 2741 1774 2796 'mea:
1811 2741 2068 2810 potentia:
2097 2748 2150 2795 et
2180 2741 2483 2810 sapientiae.
2517 2761 2536 2794 ι

970 2817 1038 2870 70
1083 2815 1174 2870 Sic
1206 2813 1366 2878 dixit,
1401 2821 1455 2868 et
1495 2819 1962 2882 partemisumens
1995 2820 2195 2865 creata:
2229 2825 2424 2882 recens
2466 2822 2630 2867 terra:

971 2887 1225 2939 Manibus
1255 2883 1373 2938 suis
1407 2881 1834 2942 immortalibus,
1874 2895 2048 2950 meam
2079 2881 2352 2950 expressit
2385 2883 2618 2938 formam
2646 2900 2662 2948 ;

969 2957 1069 3010 Cui
1099 2956 1260 3010 etiam
1292 2953 1457 3005 vitam
1491 2965 1646 3006 suam
1681 2950 2000 3019 impertivit.
2031 2948 2087 3003 In
2117 2948 2235 3004 eam
2262 2953 2409 3006 enim
2442 2952 2671 3008 immisit

972 3026 1238 3096 Spiritum
1268 3022 1363 3096 qui
1393 3036 1423 3074 a
1450 3021 1745 3096 l_)_iv_initate
1777 3019 1965 3096 formae
1991 3026 2214 3089 experte
2243 3019 2384 3076 ﬂuit.

973 3087 1065 3149 Sic
1095 3111 1162 3150 ex
1197 3087 1422 3162 put—vere
1452 3092 1751 3162 divinoque
1786 3087 1916 3142 ﬂatu
1945 3087 2241 3162 concretus
2267 3106 2387 3162 sum
2421 3091 2606 3156 homo,
2637 3091 2963 3148 immortalis
2990 3091 3086 3148 Dei

971 3167 1040 3220 75
1067 3159 1278 3232 Imago;
1309 3163 1508 3232 mentis
1536 3159 1683 3232 enim
1715 3166 1908 3232 natura
1945 3159 2181 3226 imperat
2224 3161 2464 3232 utrique.

973 3228 1355 3301 Quamobrem
1373 3230 1714 3301 vitamhanc
1743 3228 1914 3301 diligo
1943 3237 2101 3301 terra:
2126 3243 2295 3301 causa

975 3297 1042 3358 Et
1071 3302 1298 3371 alterius
1327 3299 1660 3371 desiderium
1691 3298 1747 3352 in
1777 3297 1942 3371 corde
1965 3297 2432 3371 habeo,_divinam
2458 3301 2530 3371 ob
2561 3303 2909 3371 particulam.

1044 3372 1194 3426 Talis
1228 3370 1329 3423 luit
1362 3369 1597 3438 primum
1627 3369 1799 3423 creati
1832 3367 2072 3423 hominis
2097 3369 2401 3438 colligatio.
2436 3367 2637 3426 Verum
2668 3373 2930 3442 deinceps

644 3553 753 3611 Ἦν
777 3573 919 3609 ποτε
954 3551 1045 3625 ἦν.
1075 3555 1199 3610 Erat
1225 3551 1508 3625 aliquando
1535 3560 1756 3625 tentpus,
1790 3558 1895 3606 etc.

547 3628 615 3682 59
647 3626 853 3686 Δι’ζετο.
898 3622 995 3679 llic
1023 3641 1214 3680 versus
1241 3632 1293 3678 et
1315 3622 1618 3676 cctudecim
1648 3629 1940 3691 sequentes
1963 3622 2040 3674 le-

476 3711 680 3766 guntur
708 3703 840 3750 sect.
875 3712 933 3758 ιι,
970 3696 1021 3766 in
1049 3703 1294 3766 poemate
1313 3692 1670 3764 jamJaudato
1699 3691 1891 3746 moral.
1921 3708 1958 3755 ι,
1985 3692 2040 3745 iu

478 3763 688 3822 tandem
722 3763 1063 3836 virginitatis;
1094 3764 1211 3819 Bill.
1245 3763 1297 3817 5.

2216 3549 2284 3622 66
2319 3552 2595 3622 Μεσηγύἶ
2619 3553 2752 3622 Reg.
2789 3551 2914 3622 99L
2945 3554 3198 3622 μεσηγόν.

2319 3620 2539 3693 [Idyma
2563 3621 2656 3693 _lta
2693 3620 2826 3692 Reg.
2861 3620 2988 3693 99L
3013 3620 3170 3693 Edit.
3202 3623 3404 3693 rrayﬁ._

2219 3689 2289 3742 75
2325 3689 2519 3762 Ἠγὰρ
2545 3689 2808 3762 ἇνασᾳᾰ.
2853 3689 3047 3745 Mentis
3097 3693 3233 3746 enim
3273 3689 3467 3746 na'ttira
3508 3692 3720 3762 utrique

2153 3760 2394 3826 imperat,
2430 3760 2607 3813 animo
2639 3759 2834 3816 scilicet
2864 3768 2912 3815 et
2935 3763 3162 3829 corpori.
3208 3789 3210 3791 ν
3238 3817 3256 3831 ,

1780 3940 2112 4001 METRICA
2142 3939 2435 4001 VERSIO.

475 4128 710 4186 Credere
743 4127 792 4182 si
827 4126 907 4183 tas
925 4127 1066 4196 est),
1115 4127 1248 4197 quin
1285 4124 1374 4180 hic
1403 4141 1622 4195 quoque
1662 4125 1934 4199 maximus
1955 4142 2016 4180 cr
2078 4147 2117 4200 Β
2147 4124 2299 4200 (ξιιεηΔ
2313 4127 2524 4180 ratione
2558 4134 2768 4182 carent.
2801 4127 2930 4200 Mihi
2962 4142 3125 4198 porro
3153 4128 3400 4200 condere
3425 4127 3685 4200 utrinque

1830 4209 1972 4265 lror,

479 4267 673 4320 Dicere
706 4281 792 4319 me
830 4273 954 4318 vitae
990 4278 1284 4318 memorem
1319 4279 1428 4318 non
1467 4278 1590 4318 esse
1621 4263 1844 4331 prioris;

551 4335 766 4402 Optima
794 4334 906 4400 jam
944 4333 1010 4386 de
1039 4340 1217 4386 mente
1235 4333 1385 4402 _lides
1413 4332 1773 4402 doctrinaque
1808 4341 1997 4386 nostra

479 4398 738 4469 Quaenam
767 4398 856 4467 sit,
894 4402 1128 4454 breviter
1164 4398 1397 4454 referam
1435 4417 1448 4453 :
1481 4408 1538 4455 ιιι
1571 4400 1792 4455 sedulus
1826 4402 1972 4454 audi.

479 4475 659 4542 Atque
695 4487 794 4540 ego
825 4471 1113 4542 verborum
1141 4470 1270 4542 (quo
1300 4469 1540 4542 carmina
1570 4469 1784 4542 dulcius
1816 4485 1976 4542 aures

481 4539 674 4597 Nostra
710 4539 833 4595 tuas
874 4539 1114 4610 feriant),
1156 4540 1533 4610 hincdemum
1567 4539 1791 4610 exordia
1824 4539 2042 4593 ducam.

482 4610 758 4680 Principio
793 4609 1056 4663 mundum
1075 4607 1144 4661 ex
1181 4608 1350 4680 nihilo
1381 4608 1636 4680 produxit
1661 4607 1716 4680 in
1742 4616 1922 4663 ortum

481 4675 736 4737 Consiliis
769 4694 963 4749 parcns
993 4685 1229 4732 alaternus
1251 4675 1456 4749 Sermo
1477 4675 1761 4749 Tonantis.

484 4750 650 4812 Dixit,
693 4761 746 4805 et
772 4747 1021 4804 eﬂ‘ectum
1057 4758 1142 4802 est
1172 4747 1434 4815 quidquid
1477 4747 1659 4801 divina
1689 4747 1940 4803 voluntas

483 4821 658 4892 Ipsius
692 4821 832 4873 tulit.
863 4817 932 4873 Ut
957 4833 1084 4871 vero
1107 4816 1730 4892 jam__ctinrta_decorem

482 4887 752 4962 Al-cepere
779 4904 960 4951 suum,
999 4897 1106 4940 tam
1139 4887 1260 4962 cteli
1298 4887 1709 4962 fervidus_axis,

482 4957 655 5028 Quam
687 4975 859 5025 mare,
905 4973 1068 5028 quam
1101 4960 1284 5021 tellus,
1331 4958 1424 5012 sed
1477 4957 1569 5026 qui
1619 4957 1974 5028 s0phiamqne

1731 5026 2044 5098 [perennem

482 5099 766 5160 Noscerct,
803 5098 1203 5168 imperiumque
1233 5097 1287 5150 in
1323 5107 1498 5152 terrea
1531 5104 1727 5150 cuncta
1759 5105 1991 5160 teneret,

485 5169 677 5222 Deerat
705 5169 903 5231 adhuc,
938 5169 1072 5220 tales
1098 5169 1278 5222 emisit
1315 5175 1532 5236 pectore
1563 5181 1724 5220 voces
1753 5185 1766 5220 :

491 5259 519 5317 ς-
545 5237 660 5292 Jam
703 5237 824 5317 puri
857 5238 1079 5317 omnino
1115 5239 1277 5317 servi,
1313 5246 1685 5317 aeternumque
1717 5237 1904 5317 tuturi.

486 5308 625 5362 Sunt
655 5307 806 5372 mihi,
831 5307 921 5374 qni
956 5308 1124 5360 cm'os
1159 5307 1400 5360 habitent
1428 5307 1694 5374 sedesque
1730 5308 1936 5369 beatas,

481 5377 757 5448 Angelica:
797 5391 861 5430 ac
899 5384 1105 5430 sancta:
1152 5387 1386 5441 mentes,
1439 5378 1640 5448 quibus
1691 5377 1792 5448 hoc
1837 5392 1974 5445 opus

1735 5445 1926 5516 [unum
1960 5455 2042 5501 est

482 5515 832 5571 Carminibus
867 5513 1142 5569 celebrare
1176 5531 1328 5570 meas
1367 5517 1419 5570 in
1455 5517 1650 5570 secula
1687 5513 1894 5570 laudes.

484 5586 626 5653 Quin
667 5586 828 5639 etiam
863 5584 1025 5638 tellus
1058 5587 1422 5640 animantibus
1460 5587 1639 5639 exsilit
1677 5587 1806 5648 illis,

2149 4195 2453 4265 tionﬂatnzn
2484 4211 2655 4260 genus
2673 4204 2758 4251 est
2778 4195 3225 4260 cordifmortalia
3258 4197 3402 4265 quod
3437 4199 3509 4251 sit

2150 4263 2314 4335 inter.
2343 4273 2408 4335 eti
2428 4265 2542 4335 haec
2572 4266 2760 4335 rigidae
2793 4282 2914 4333 qua:
2947 4281 3055 4320 non
3089 4263 3324 4322 obnoxia
3355 4269 3537 4332 morti,

2147 4331 2352 4401 Nempe
2399 4331 2674 4388 hominem
2725 4331 3056 4410 instructum
3110 4337 3339 4392 rationis
3395 4352 3646 4410 munere,

3515 4424 3723 4464 ultraue

2147 4468 2394 4544 Gaudeat
2418 4479 2480 4544 et
2509 4472 2762 4544 lustrans
2785 4473 2963 4528 oculis
2989 4489 3333 4544 quaecunque
3368 4405 3646 4536 crealti'ituq

2147 4539 2655 4613 Qontémplansque
2677 4543 2865 4596 animo
2893 4539 3140 4598 cmlestia
3173 4539 3372 4598 cuncta
3399 4547 3579 4613 sagaci
3615 4567 3629 4601 :

2147 4608 2438 4683 Ierraeque
2470 4608 2755 4680 imperium
2788 4621 2993 4677 teneat,
3026 4614 3206 4683 sitque
3239 4608 3661 4682 angelns'alter,

2147 4678 2190 4752 ξ
2223 4678 2364 4752 terra
2400 4678 2706 4752 nomenque
2741 4696 2918 4736 meum
2944 4678 3302 4752 dextramque
3317 4678 3604 4752 potentem

2146 4747 2254 4821 pre
2284 4749 2395 4821 pio,
2421 4747 2783 4821 suphiainque
2813 4767 3038 4807 canens.
3075 4770 3093 4802 ι
3125 4747 3250 4805 Haec
3280 4747 3372 4806 ille
3403 4753 3644 4820 locutus,

2148 4819 2471 4890 Particulam
2504 4819 2875 4890 terrm—quam
2901 4821 3062 4890 paulo
3088 4829 3364 4876 struxerat
3395 4831 3542 4884 ante,

2150 4887 2358 4958 Divinis
2391 4891 2626 4958 sumpsit
2657 4887 2929 4950 manibus,
2964 4889 3308 4958 formamque
3337 4893 3540 4944 ereavit

2148 4957 2404 5028 l’rotinus
2434 4957 2551 5028 ipse
2575 4974 2770 5024 meam,
2795 4961 3072 5028 vitamque
3101 4957 3362 5028 impertiit
3398 4963 3494 5014 illi.

2147 5027 2388 5082 Pneuma
2428 5029 2628 5084 etenim
2676 5029 2936 5091 inseruit,
2977 5027 3122 5096 quod
3174 5027 3400 5084 numine
3443 5029 3600 5085 ﬂuxit
3648 5034 3722 5088 ab

3552 5103 3685 5156 alto.

2147 5167 2240 5238 Sic
2273 5182 2374 5236 ego
2403 5167 2616 5222 cmlesti
2640 5167 2881 5238 ﬂatuque
2909 5177 2962 5223 et
2987 5169 3210 5238 pulvere
3235 5175 3396 5222 terra:
3528 5100 3547 5173 [

2148 5237 2278 5308 Sum
2311 5246 2602 5292 concretus
2638 5237 2819 5302 homo,
2851 5237 3022 5308 patris
3051 5239 3378 5293 immortalis
3412 5238 3590 5308 imago

2149 5306 2314 5376 Regia
2349 5322 2500 5361 mens
2532 5309 2800 5377 siquidem
2836 5306 2975 5376 parti
3009 5309 3323 5362 dominatur
3354 5306 3591 5378 utrique.

2147 5380 2263 5450 Quo
2290 5379 2346 5450 iit
2372 5385 2429 5450 ut
2453 5378 2592 5450 hanc
2625 5378 2787 5430 vitam
2812 5379 3147 5450 complectar
3173 5379 3422 5445 corporis
3451 5393 3609 5450 ergo,

2149 5446 2304 5509 Quod
2342 5447 2473 5500 mihi
2515 5457 2790 5500 terrenum
2823 5446 2957 5511 est;'
2975 5463 3038 5501 ac
3069 5463 3260 5500 rursus
3299 5451 3408 5500 vita
3442 5446 3625 5502 l‘utitra

2155 5516 2398 5567 Divinam
2432 5517 2503 5568 oh
2533 5529 2743 5583 partem
2778 5517 3030 5571 stimulos
3065 5517 3195 5570 mihi
3223 5517 3424 5571 subdat
3453 5518 3678 5573 amoris.

2225 5584 2300 5638 En
2329 5601 2451 5654 qua:
2491 5586 2776 5655 primigeni
2809 5585 2971 5639 fuerit
3001 5595 3280 5642 structura
3307 5589 3568 5652 parentis.
