4098 6208
445 292 542 346 6H
1114 286 1170 338 S.
1215 281 1537 338 GREGORII
1566 280 1812 335 THEOL.
1853 277 2219 333 CARMINUM
2263 275 2461 329 LIBER
2499 277 2520 328 l
2573 274 3030 330 THEOLOGICA.

2051 411 2097 465 Α
2129 393 2333 462 Πτῶμα
2356 393 2526 455 πέλει,
2547 388 2793 444 θανάτοιο
2812 392 2998 454 πέλας,
3020 392 3155 460 πρὸς
3176 391 3220 444 δ’
3239 388 3426 463 αἶσχος
3443 394 3699 466 ἄληκτον.

447 403 770 472 Παρθενίην,
810 400 862 453 εἴ
896 397 975 452 σοί
1001 415 1062 466 γε
1098 398 1277 468 μένκ,
1307 400 1399 451 καὶ
1448 397 1616 467 θυμὸς
1651 397 1880 467 ὄρωρεν,

445 495 553 548 4ιῦ
604 493 694 544 Ἦὲ
730 492 902 560 γάμον
933 489 1179 558 στέργειν
1209 488 1298 539 τὸν
1331 487 1559 558 ὁμοίϊον,
1581 486 1655 547 ὡς
1682 486 1950 546 ἐνέπουσι,

445 586 705 655 Δεύτερον
734 586 798 636 ἐκ
827 581 1064 654 πρώτοιο
1093 581 1255 633 καλὸν
1286 580 1466 632 πλόον.
1505 579 1855 648 ’Λμφοτέρων
1884 579 1940 630 δὲ

445 678 669 744 Φεύγειν
695 674 920 740 ἀζυγέος
949 691 1004 726 τε
1039 671 1174 742 βίου,
1210 669 1395 737 ζυγίου
1425 685 1482 721 τε
1511 667 1820 738 πρόσωπον,

445 767 754 836 Μιγνύντας
781 764 956 835 μέλιτί
987 780 1044 816 τε
1076 763 1259 831 χολὴν,
1287 761 1381 812 καὶ
1409 758 1666 829 βόρϐορον
1699 758 1846 826 οἴνῳ,

448 861 555 912 Καὶ
585 858 844 927 Σολύμοις
880 856 1190 926 Σαμάρειαν
1223 851 1577 922 ἀλιτροτάτην
1614 850 1858 919 ἱεροῖσιν.

447 949 552 1001 420
591 949 729 1000 osse
777 947 886 1018 γὰρ
929 945 1113 1015 ὥσπερ
1181 942 1320 995 ὁδοῖο
1360 941 1730 1010 τιταινόμενον
1778 937 2015 992 κατόπι-

1801 1027 1949 1098 [σθεν

450 1125 557 1193 “Adi
589 1125 724 1178 ἰέναι
765 1123 924 1184 πόνος
947 1123 1092 1173 ἐστὶν
1125 1119 1368 1183 ὲτώσιος,
1398 1120 1518 1172 ούδέ
1548 1136 1601 1171 τι
1633 1118 1852 1188 τάρϐος,

459 1218 550 1270 Ἦὲ
582 1215 737 1284 βέλος
764 1213 1048 1283 πέμποντα
1080 1211 1273 1282 μικρὸν
1301 1211 1636 1282 προπάροιθε
1671 1211 1872 1262 ποδοῖιν

457 1308 658 1376 Titi/at,
685 1305 805 1374 μηδ’
833 1305 924 1356 ἐπὶ
945 1303 1122 1372 τέρμα
1153 1303 1246 1354 καὶ
1271 1303 1327 1363 ὲς
1351 1301 1550 1354 σκοπὸν
1576 1300 1743 1371 ἄκρον
1775 1299 1984 1352 ἱκέσθαι
2005 1314 2021 1325 ⁸

447 1397 559 1466 Οὐχ
589 1395 664 1458 ὣς
691 1394 986 1466 παρθενίην
1021 1391 1235 1464 Χριστῷ
1267 1391 1482 1461 βασιλῆϊ
1511 1390 1798 1461 προθέντα,

446 1487 554 1541 425
591 1489 698 1540 Καὶ
730 1487 952 1555 λογικὴν
995 1485 1207 1554 θυσίην,
1262 1485 1462 1552 ἱερήϊον
1502 1481 1730 1550 αἵματος
1771 1481 1948 1546 ἐκτὸς,
1999 1522 2002 1525 .

447 1581 542 1643 Εἰς
568 1581 743 1650 γάμον
770 1579 844 1647 ἂψ
875 1579 1032 1640 ξέναι,
1068 1575 1180 1646 Οωὴ
1211 1575 1392 1644 μόνον,
1435 1572 1572 1626 ἀλλὰ
1599 1572 1850 1642 μέγιστον

3593 282 3698 340 612

2123 484 2212 554 Τῷ
2246 484 2442 546 ἴκελον,
2478 484 2552 547 ὼς
2581 485 2632 535 εἴ
2655 500 2736 545 τις
2767 483 2851 536 ἐπ’
2879 482 3067 554 οὔρεος
3100 484 3448 554 ἀκροτόμοιο,

2120 571 2190 646 τῼ
2225 576 2518 627 πλείστοισι
2555 575 2740 644 μάγοις
2784 574 3160 644 προσεϐήσατο
3193 575 3395 646 χρυσὸν
3425 575 3701 648 ὀρύσσωθ,

2124 665 2224 720 450
2265 668 2334 718 Ἦ
2367 666 2538 736 θήρης
2572 665 2822 734 μεθέπων
2880 665 3146 736 γλυκερὸν
3200 665 3382 728 πόνον,
3444 666 3699 734 ἁπροτίο-

3472 753 3630 826 [πτος

2134 848 2422 918 Ἐξαπίνης
2459 847 2553 899 ἐπὶ
2580 849 2740 912 γαῖαν
2765 844 3068 914 ὸλισθήσειε
3104 845 3344 898 πόδεσσι.

2134 937 2227 999 Τίς
2264 936 2308 988 δ’
2342 936 2474 987 ἀΐων
2509 935 2824 1002 Σάπφειραν
2861 932 3186 996 ἀτάσθαλον,
3231 931 3478 1002 Ἀνανίην
3509 949 3591 996 τε,

2129 1027 2362 1097 Κέρδεος
2387 1025 2435 1077 οἳ
2474 1024 2753 1093 σφετέροιο
2776 1022 2944 1075 κακὸν
2974 1023 3138 1094 μόρον
3166 1021 3484 1092 ἠλλάξαντο,

2129 1119 2203 1170 Οὐ
2231 1115 2448 1187 τρομέει
2475 1117 2568 1170 καὶ
2600 1117 2794 1187 μικρὸν
2833 1115 3164 1185 ὑποσχεσίης
3197 1131 3250 1166 τι
3282 1115 3556 1180 κολούειν;

2126 1211 2231 1264 455
2286 1211 2395 1262 Καὶ
2457 1207 2709 1277 γλῶσσαν
2765 1206 3000 1281 χρυσέην
3050 1223 3168 1270 τις,
3235 1207 3359 1260 ἐπεὶ
3411 1205 3699 1274 νοσφίσατο

3448 1293 3544 1346 λάθ

3448 1293 3544 1346 λάθ

2141 1387 2416 1458 ’Λνδρὰσιν
2447 1389 2503 1439 ὲν
2534 1386 2867 1468 προτέροισι,
2897 1383 3196 1457 παρεκνόον
3228 1293 3620 1456 ίηεμοὲῆος,ρη

2126 1473 2271 1546 Εἶμά
2301 1497 2381 1541 τε,
2412 1479 2600 1549 χρῆμά
2623 1495 2683 1530 τε
2715 1477 2886 1548 βαιὸν,
2915 1476 3020 1546 ὅλῳ
3047 1476 3316 1548 δηλήσατο
3344 1475 3477 1547 λαῷ.

2125 1570 2278 1633 Τοίος
2309 1568 2606 1640 παρθενίης
2636 1568 2810 1622 ὀπίσω
2840 1567 3059 1638 δρόμος,
3095 1567 3158 1638 ὴὲ
3187 1565 3436 1638 χερείων,
3657 1592 3691 1622 ο

957 1752 1353 1821 Virginitatem,
1387 1751 1430 1804 si
1464 1751 1562 1803 tibi
1594 1747 2284 1821 viresisunt,ct_voluntas
2315 1745 2541 1821 impellit
2567 1785 2580 1809 ,

953 1816 1192 1875 4l5'Aut
1224 1822 1439 1887 nuptias
1466 1822 1602 1886 elige
1635 1820 1843 1873 similes
1869 1816 2232 1889 [virginitati],
2270 1825 2328 1869 ut
2356 1817 2530 1889 aiunt,

954 1884 1313 1958 Secundama
1345 1894 1516 1957 prima
1543 1884 1764 1941 felicem
1796 1884 2428 1958 tenensnavigationem.
2485 1884 2780 1956 Utriusque
2811 1891 2992 1941 autem
3018 1886 3141 1940 vita:

952 1959 1120 2029 Fuge,
1142 1959 1347 2029 cielibis
1371 1974 1561 2029 nempe
1585 1967 1645 2029 et
1667 1957 1988 2024 eonjugalis,
2019 1961 2278 2024 speciem,

951 2027 1068 2092 Qua
1105 2028 1365 2081 miscetur
1391 2028 1459 2080 I'el
1493 2027 1658 2085 melli,
1695 2037 1746 2080 et
1778 2041 1994 2079 omnum
2023 2028 2172 2090 vino,

952 2097 1018 2164 Et
1053 2097 1226 2166 sacris
1257 2095 1649 2166 Hierosolymis
1683 2094 1917 2149 nefanda
1950 2092 2218 2166 Samaria.

949 2167 1054 2220 4‘20
1085 2165 1202 2219 Non
1233 2167 1378 2219 enim
1412 2168 1547 2220 sicut
1583 2166 1673 2234 qui
1710 2180 1805 2234 per
1830 2165 2072 2219 eamdem
2103 2166 2242 2220 viam
2274 2165 2598 2235 regreditur,

955 2236 1119 2291 lletro
1152 2239 1333 2290 euntis
1365 2237 1659 2305 inauisgest
1684 2235 1855 2296 labor,
1890 2248 1990 2288 nec
2016 2235 2310 2305 quidqtiam
2342 2234 2450 2305 ipsi
2476 2234 2775 2291 timendum
2801 2253 2815 2288 :

951 2308 1059 2358 Aut
1087 2306 1178 2374 qui
1211 2320 1431 2374 parvam
1459 2304 1709 2373 sagittam
1735 2305 2014 2368 emittens,
2044 2304 2174 2357 eam
2201 2315 2326 2358 ante
2357 2304 2521 2373 pedes

951 2374 1198 2444 Projicit,
1226 2389 1326 2429 nec
1357 2390 1422 2428 ac
1453 2374 1793 2444 destinatum
1823 2388 2208 2444 summumque
2237 2390 2462 2443 scopum
2490 2374 2746 2444 pertingit
2771 2392 2783 2426 :

951 2441 1070 2497 Non
1095 2444 1177 2497 sic
1204 2445 1388 2507 etiam,
1424 2444 1468 2496 si
1503 2445 1628 2510 quis
1661 2442 2028 2511 virginitatem
2064 2441 2286 2498 Christo
2322 2441 2431 2511 regi
2466 2441 2684 2511 obtulit,

953 2513 1060 2566 425
1096 2513 1377 2566 Rationale
1409 2511 1762 2573 sacrificium,
1791 2511 2064 2564 victimam
2094 2512 2460 2575 incruentam,

951 2581 1181 2651 Nuptias
1203 2583 1250 2637 si
1281 2582 1538 2648 deinceps
1571 2581 1867 2650 quaesierit,
1899 2578 2114 2646 jactura
2146 2589 2350 2635 tantum
2386 2582 2484 2651 illi,
2525 2596 2712 2637 verum
2744 2579 3101 2651 gravissimus

954 2650 1052 2705 Est
1083 2666 1245 2706 casus
1277 2651 1436 2703 morti
1474 2652 1776 2720 proximus,
1811 2665 1874 2702 ac
1911 2657 2194 2717 propterea
2225 2650 2578 2720 opprobrium
2615 2650 2926 2716 indelebile,

955 2720 1093 2775 lluic
1116 2721 1316 2783 simile,
1349 2735 1413 2773 ac
1438 2720 1608 2790 veluti
1641 2720 1683 2774 si
1713 2721 1896 2790 quise
1931 2728 2113 2772 monte
2141 2731 2436 2790 prarupto,

955 2791 1127 2854 Quem
1155 2790 1325 2842 multo
1348 2789 1546 2843 sudore
1576 2789 1914 2846 conscendit.
1945 2798 2003 2841 ut
2036 2789 2228 2845 aurum
2257 2791 2537 2854 effoderet,

954 2859 1060 2928 450
1092 2860 1198 2912 Aut
1227 2859 1531 2913 venationis
1559 2866 1771 2926 gratum
1800 2858 2080 2926 amplexus
2104 2859 2367 2925 laborem,
2398 2875 2466 2913 ex
2498 2855 2796 2928 improviso

957 2927 1154 2982 Statim
1193 2929 1247 2982 in
1273 2936 1474 2981 terram
1510 2928 1738 2996 pedibus
1769 2929 2058 2980 corruerit.

953 2997 1089 3064 Quis
1116 3013 1242 3053 Vero
1271 2993 1854 3066 audieus'Sapphiram
1892 2997 2162 3052 infelicem
2192 3002 2247 3049 et
2273 2993 2566 3055 Ananiam,

956 3067 1136 3122 Lucro
1156 3067 1248 3137 qui
1278 3083 1378 3121 suo
1410 3067 1612 3137 malam
1639 3074 1866 3119 mortem
1883 3072 2329 3137 Acommutarunt,

951 3137 1070 3191 Non
1097 3129 1348 3191 vereatur
1382 3137 1464 3189 vel
1495 3135 1766 3188 modicum
1803 3135 1934 3203 quid
1961 3135 2027 3190 de
2065 3138 2337 3205 promisso
2370 3129 2673 3205 decedere?

951 3207 1058 3261 435
1088 3206 1348 3275 Regulam
1375 3207 1537 3259 etiam
1567 3201 1946 3275 quispam-eam
1981 3201 2105 3259 cum
2142 3206 2329 3258 furtim
2361 3201 2730 3271 subripuisset

954 3276 1016 3329 In
1039 3274 1208 3329 veteri
1236 3275 1455 3343 p0pulo,
1482 3275 1658 3328 inscio
1685 3274 1845 3336 duce,

953 3343 1170 3398 Vestem
1193 3341 1251 3398 ei
1278 3341 1519 3412 pecunia:
1551 3343 1846 3406 modicum,
1883 3342 1984 3396 toti
2013 3341 2199 3395 nocuit
2233 3341 2403 3412 genti.

955 3411 1104 3467 Talis
1131 3424 1217 3468 est
1247 3405 1339 3483 q'ui
1367 3413 1737 3483 virginitatem
1770 3405 2054 3482 amplexus
2090 3405 2531 3481 retro'graditur,
2557 3415 2651 3462 aut
2682 3407 2845 3462 etiam
2879 3405 3140 3471 deterior,

521 3581 626 3637 416
654 3583 935 3652 Δεύτερον
968 3586 1037 3639 ἐκ
1086 3584 1354 3652 πρώτοιο.
1405 3582 1878 3647 Quemadmodum,
1927 3583 2017 3652 qui

456 3653 595 3706 mari
641 3653 738 3706 iter
781 3653 1006 3721 faciunt,
1054 3671 1171 3707 cum
1217 3670 1332 3708 eum
1377 3669 1527 3722 quem
1557 3655 1784 3705 maxime
1814 3661 2014 3722 optant,

454 3734 731 3790 nequeant,
770 3726 1066 3791 proximum
1100 3723 1182 3776 illi
1211 3721 1403 3785 tamen,
1429 3739 1726 3792 quanquam
1749 3738 1850 3792 non
1889 3721 2017 3773 adeo

455 3793 806 3856 commodum,
839 3810 1052 3846 cursant
1085 3807 1252 3846 tenere
1283 3791 1544 3844 conantur
1567 3807 1585 3843 :
1615 3793 1711 3855 ita,
1735 3791 1920 3860 quibus
1949 3791 2016 3842 ad

455 3861 774 3931 virginitatis
808 3863 1016 3915 laudent
1051 3864 1290 3931 aspirare
1320 3876 1410 3928 per
1441 3861 1617 3914 carnis
1655 3861 2018 3928 infirmitatem

456 3945 558 3983 non
589 3930 727 3994 licet,
756 3943 808 3984 ut
839 3934 876 3984 ii
907 3930 1300 3985 matrimonium
1333 3935 1665 3983 contrahant.

525 4000 628 4071 418
658 4004 1014 4071 Μιγνύντας.
1052 4001 1196 4071 Reg.
1217 4001 1285 4053 39
1313 4001 1594 4071 μιγνύντα.

525 4070 630 4140 419
672 4070 953 4136 ’1εροῖσιν.
986 4072 1115 4140 Reg.
1141 4070 1244 4140 991
1281 4070 1505 4140 ἱερεῦσι.

525 4139 629 4208 4ἐο
669 4138 1100 4208 Τιταινόμενονί.
1148 4138 1350 4208 Regius
1389 4140 1514 4193 991.
1553 4138 1864 4193 Coislianus
1893 4153 2015 4207 sup.

457 4206 555 4277 lin.
589 4206 904 4276 ἑλκόμενον.
937 4210 1062 4274 Qui,
1097 4206 1294 4277 inquit,
1325 4211 1444 4272 iter,
1469 4208 1604 4276 quod
1632 4209 1832 4276 fecerit,
1864 4206 2020 4261 veluti

458 4276 636 4346 relegit
671 4292 731 4327 ac
764 4280 969 4338 retexit,
995 4286 1086 4329 aut
1112 4276 1201 4346 qui
1235 4277 1565 4346 scopum,ad
1594 4293 1745 4346 quem
1773 4278 2019 4330 collimao

459 4344 567 4405 bat,
600 4360 702 4396 non
731 4355 808 4397 est
846 4344 1135 4412 assecutus,
1172 4345 1305 4398 nihil
1328 4344 1482 4398 aliud
1507 4344 1664 4415 quam
1698 4360 1908 4412 operam
1937 4349 2024 4398 lu-

2121 3583 2207 3635 sit.
2249 3581 2317 3633 At
2347 3580 2563 3650 virginis
2605 3581 2752 3650 longe
2793 3579 2903 3632 alia
2944 3588 3023 3633 est
3068 3579 3227 3634 ratio.
3267 3579 3514 3650 Quisquis
3544 3583 3684 3635 enint

2122 3648 2463 3720 virginitatis,
2511 3666 2669 3718 quant
2701 3648 2821 3701 Deo
2877 3659 3102 3720 voverat,
3150 3650 3351 3718 objecta
3382 3648 3578 3715 studio,
3610 3651 3681 3705 ad

2123 3718 2458 3788 conjugatam
2507 3721 2668 3772 vitam
2728 3718 3040 3787 regreditur,
3092 3735 3195 3772 non
3256 3720 3409 3773 modo
3464 3723 3688 3786 priorem

2124 3805 2335 3929 ἴδει·αηῖ
2366 3790 2515 3851 lusit,
2542 3789 2632 3842 sed
2665 3790 2974 3858 gravissimo
3006 3789 3223 3842 crimine
3251 3806 3362 3844 sese
3387 3789 3684 3860 obstringit.

2194 3875 2300 3913 ιιι..

2194 3875 2300 3913 ιιι..

2194 3929 2300 3980 428
2334 3927 2592 3980 Ἴκελον.
2628 3927 2800 3981 Coisl.
2836 3928 3064 3981 εἴκελον.

2195 3999 2299 4051 450
2342 3997 2783 4063 Ἀπροτίυπτος.
2812 3995 2944 4066 Reg.
2976 3997 3081 4050 990
3109 3997 3493 4066 ἀπροτίοπτον.

2197 4069 2304 4121 452
2351 4066 2656 4134 Ἀνανίην.
2694 4067 2826 4135 Reg.
2862 4067 2930 4120 59
2976 4067 3242 4120 Ἀνανίαν.

2199 4135 2303 4190 454
2337 4139 2394 4188 Tt
2430 4138 2724 4190 κολούειν.
2761 4139 2934 4200 Quam
2968 4137 3043 4189 vel
3081 4138 3255 4189 leviter
3281 4137 3542 4204 promissa
3587 4137 3697 4192 uio-

2131 4208 2243 4262 lare
2267 4221 2284 4258 :
2307 4204 2592 4273 quidquam
2624 4216 2738 4259 voto
2771 4206 3063 4259 detrahere.

2196 4277 2302 4329 455
2331 4274 2439 4324 Kal
2470 4275 2780 4340 γλῶσσαν.
2817 4273 2939 4328 Vid.
2969 4283 3100 4327 tom.
3132 4273 3170 4340 Ι,
3203 4289 3320 4344 pag.
3359 4273 3484 4328 626.

2201 4343 2306 4400 456
2337 4345 2696 4408 Παρεκνόον.
2726 4345 2927 4398 Prwler
2954 4343 3470 4398 voluntatem'ducis.

1759 4529 2091 4590 METRICA
2118 4529 2413 4590 VERSIO.

460 4692 515 4764 Si
544 4707 714 4764 genus
742 4691 848 4745 hoc
880 4693 1000 4746 vita:
1035 4692 1263 4764 arridet,
1292 4695 1397 4757 vel,
1428 4692 1679 4764 membra
1706 4693 1929 4748 domare

461 4762 518 4815 Si
554 4762 815 4831 nequeas,
849 4764 1091 4815 thalamo
1123 4763 1391 4815 cervicem
1425 4763 1638 4815 innecte
1661 4762 1854 4830 jugali.

464 4831 640 4902 thue
659 4833 727 4894 is,
747 4834 841 4902 qui
877 4834 1088 4888 ratibus
1118 4840 1270 4886 secat
1297 4847 1513 4902 aequora
1533 4841 1704 4894 vasta,
1725 4832 2024 4886 secundum

462 4901 563 4956 Sicf
589 4901 777 4956 teneas
808 4917 1054 4963 cursum,
1093 4903 1266 4970 primo
1298 4910 1348 4954 et
1382 4901 1602 4954 meliore
1634 4912 1848 4970 negato.

459 4973 559 5026 Ast
594 4971 788 5026 fmdam
829 4975 947 5026 vita:
981 4973 1266 5027 misturam
1304 4971 1591 5039 utriusque
1621 4981 1832 5033 caveto,

460 5040 571 5096 Nec
597 5057 812 5095 cmnum
842 5045 988 5102 vino,
1019 5058 1116 5094 nec
1149 5041 1256 5094 felli
1287 5041 1467 5093 dulcia
1496 5040 1676 5097 mella,

460 5109 572 5180 Nec
600 5113 773 5166 sacris
799 5109 1083 5163 Samaram
1117 5109 1354 5180 Solymis
1381 5107 1952 5180 miscetonefandam.

461 5177 580 5232 Non
609 5181 805 5232 etenim
840 5189 897 5232 ut
924 5195 1064 5232 vano
1094 5177 1310 5248 torquet
1341 5193 1438 5232 sua
1471 5179 1710 5248 membra
1739 5179 1943 5242 labore,

463 5248 564 5311 Qui
604 5249 792 5314 relegit
823 5263 1067 5316 gressus.
1105 5247 1334 5316 pedibus
1366 5263 1504 5316 quos
1532 5247 1760 5300 triverat
1787 5258 1934 5313 ante,

466 5315 559 5370 Vel
601 5316 725 5369 ferit
755 5315 958 5371 emissa
991 5315 1194 5371 stultus
1227 5319 1343 5370 loca
1379 5315 1549 5369 densa
1579 5317 1796 5385 sagitta,

462 5387 568 5455 Aut
603 5385 748 5437 illam
782 5395 906 5439 ante
934 5387 1098 5454 pedes
1132 5387 1312 5439 laxato
1343 5387 1560 5455 projicit
1590 5402 1744 5449 arcu,

462 5452 592 5511 Nec.
625 5469 734 5520 quo
768 5452 1046 5518 tendebat,
1083 5463 1284 5508 temere
1315 5452 1598 5508 volitantia
1631 5458 1746 5508 fixit

463 5521 682 5592 Spicula
708 5541 720 5575 :
749 5523 827 5576 sic
857 5523 1020 5592 etiam
1052 5525 1144 5591 qui
1173 5523 1396 5578 Christo
1427 5524 1815 5592 virginitatem,

464 5591 758 5661 Spirituale
786 5591 934 5645 velut
959 5607 1174 5661 sacrum
1204 5591 1546 5661 vacuumque
1573 5607 1792 5655 cruore,

464 5659 693 5725 Obtulit,
730 5670 892 5730 atque
926 5659 1388 5734 pedenrrefcrcns
1421 5659 1692 5717 connubia
1725 5663 1941 5733 quierit,

2062 4698 2108 4757 Β
2138 4693 2250 4746 Non
2286 4691 2363 4744 illi
2394 4691 2496 4744 hoc
2524 4690 2736 4746 facinus
2768 4698 2979 4747 tantum
3013 4693 3225 4761 jactura
3257 4690 3501 4748 futurum
3528 4703 3638 4758 est,

2137 4763 2241 4816 Sed
2273 4778 2436 4815 casus
2462 4761 2665 4831 gravis,
2699 4769 2753 4814 et
2785 4766 2941 4816 morti
2976 4766 3157 4816 vicina
3187 4762 3367 4824 ruina,

2135 4832 2196 4884 Et
2229 4832 2484 4900 probrum
2517 4846 2580 4882 ac
2617 4831 2767 4885 labes
2795 4834 2940 4886 onmi
2969 4833 3232 4886 durabilis
3259 4847 3396 4886 aevo.

2132 4901 2250 4954 Non
2280 4916 2438 4955 secus
2466 4915 2529 4952 ac
2566 4901 2611 4952 si
2643 4901 2767 4968 quis
2796 4911 3067 4970 praerupto
3096 4919 3125 4956 e
3153 4903 3354 4956 vertice
3386 4905 3607 4966 montis,

2133 4972 2301 5036 Quem
2333 4971 2531 5023 sudore
2559 4971 2708 5037 gravi
2739 4980 2960 5038 reptans
2990 4973 3332 5033 ascenderat,
3369 4988 3562 5026 aurum

2137 5039 2204 5110 Ut
2236 5039 2464 5101 foderet,
2497 5054 2735 5095 cursuve
2771 5039 2916 5093 feras
2947 5041 3178 5110 agitaret
3209 5051 3475 5109 agrestes,

2132 5109 2190 5162 In
2221 5120 2417 5162 terram
2447 5109 2628 5162 subita
2659 5110 2842 5174 lapsus
2872 5110 3031 5163 cadat
3065 5111 3156 5163 ille
3188 5113 3370 5165 ruina.

2132 5179 2266 5244 Quis
2286 5193 2444 5246 porro
2459 5191 2672 5246 pinnam
2689 5179 2914 5234 Ananiae
2929 5178 3282 5248 Saphiraaque
3301 5180 3635 5234 tremendam

2125 5249 2260 5317 Cum
2297 5249 2446 5316 legit,
2474 5249 2720 5300 occultos
2751 5265 3003 5302 nummos
3030 5252 3120 5317 qui
3145 5258 3322 5304 morte
3353 5252 3593 5314 luerunt,

2125 5316 2264 5382 Non,
2295 5321 2458 5370 etiam
2497 5317 2708 5382 leviter,
2743 5319 2933 5372 metuit
2973 5316 3311 5386 perfringere
3341 5319 3508 5372 vota?

2127 5387 2286 5456 isque
2306 5389 2468 5439 etiam
2505 5388 2558 5438 in
2590 5387 2830 5455 linguam
2854 5387 3087 5441 ellictum
3112 5391 3204 5456 qui
3231 5391 3454 5442 sustulit
3481 5403 3699 5455 aurum,

2126 5454 2448 5526 Yestesque,
2481 5466 2533 5507 et
2571 5454 2775 5522 paucos
2813 5457 3004 5526 ignaro
3035 5454 3280 5526 principe
3309 5473 3585 5526 nummos,

2127 5525 2412 5597 Sacrilego
2438 5533 2606 5597 totam
2643 5529 2971 5597 constrinxit
3004 5525 3235 5581 crimine
3263 5537 3498 5597 gentem.

2125 5591 2365 5666 Yirginis
2401 5591 2545 5666 haud
2586 5593 2762 5649 levius
2804 5596 3034 5666 crimen,
3081 5611 3204 5666 qua:
3234 5591 3437 5666 pcrflda
3466 5608 3692 5652 cursum

2125 5663 2410 5733 Egregium
2439 5662 2719 5732 linquens,
2755 5663 2954 5720 misere
2986 5667 3041 5719 in
3067 5662 3346 5721 contraria
3374 5667 3566 5721 fertur.
