4098 6208
456 435 748 505 Ἕστάμεν,
779 433 854 496 ὥς
895 447 987 486 κεν
1019 431 1149 484 ἔωσι
1173 431 1451 484 διασταδὸν
1485 429 1851 493 εὐσεὸἐοντες,

453 525 518 577 10
561 523 772 594 ’Λνὲρες
812 521 906 591 ἡδὲ
926 522 1199 588 γυναῖκες,
1226 519 1363 588 ὁμὸν
1405 518 1550 578 κλέος
1577 513 1686 571 οἷον
1713 518 1906 588 ἔχοιεν.

450 614 587 667 Οὐδὲ
623 612 732 684 γὰρ
760 612 1005 664 οίοόίοισι
1036 609 1192 679 μόνον
1228 608 1438 676 φθόνος,
1475 607 1589 659 ἀλλ’
1611 607 1689 659 ἔτι
1719 607 1920 677 μᾶλλον

455 701 811 771 Πλειοτέροις,
851 699 1047 752 πλείων
1096 715 1155 749 τε
1197 695 1368 750 κακοῦ
1412 695 1592 766 μόρος.
1630 697 1692 749 Εἰ
1723 697 1892 750 δὲκαὶ
1919 692 2029 759 οἷος

453 791 737 844 Ναιετάειν
765 789 965 853 ὲοέλοις
996 787 1213 860 Χριστῷ
1249 785 1568 857 ξυνούμενος
1599 787 1697 857 οἴῳ

453 883 564 936 Καὶ
589 882 650 933 τὸ
671 880 842 950 φίλον·
879 882 1141 934 πάντεσσι
1169 877 1217 930 δ’
1240 878 1388 946 ὅμως
1415 878 1551 941 δέος,
1583 877 1772 955 ιἰξσπερ
1793 877 1915 948 ἐμοι
1940 893 2025 946 γε,

451 972 520 1025 15
551 971 854 1041 Δυσμενέος
875 986 935 1023 τε
968 969 1166 1038 πάλης,
1197 970 1290 1022 καὶ
1321 967 1610 1040 πτώματος
1637 969 1968 1039 οὐλομένοιο.

903 1103 994 1169 (Γ.
1029 1102 1133 1167 Εἱς
1159 1100 1580 1169 σωφροσύνην.

519 1236 697 1291 Καλὸν
726 1237 889 1307 γάμῳ
917 1233 1180 1297 δεδέσθαι,
1212 1232 1505 1304 σωφρόνως
1535 1235 1720 1306 μόνον,

449 1329 640 1382 Πλεῖον
666 1327 900 1398 νέμοντα
929 1325 1007 1396 τῷ
1033 1325 1152 1395 Θεῷ
1184 1325 1539 1397 συσσαρκίας.

450 1421 718 1490 Κρεῖσσον
749 1419 810 1471 τὸ
825 1417 1044 1488 δεσμῶν
1071 1418 1358 1486 τυγχάνειν
1385 1415 1688 1486 ἐλεύθερον,

449 1511 525 1564 Τὸ
547 1513 654 1564 πᾶν
683 1509 917 1580 νέμοντα
943 1507 1020 1577 τῷ
1051 1505 1170 1575 Θεῷ
1187 1507 1282 1559 καὶ
1307 1509 1414 1569 τοῖς
1432 1507 1562 1560 ἄνω.

1123 317 1178 374 S.
1215 314 1543 372 GREGUBII
1594 314 1842 370 TilEOL.
1883 315 2252 376 CARMINUM
2289 317 2496 373 LIBER
2535 316 2573 372 l.
2614 316 3082 376 TllEOLOGlCA.

3601 319 3707 376 ϐυ

2055 439 2099 492 Α
2130 431 2164 484 5
2197 432 2328 495 Θεὸς
2359 432 2458 502 μὲν
2493 430 2645 498 ἄζυξ,
2685 432 2936 500 ἀγγέλων
2961 433 3008 485 τ’
3035 435 3292 506 ἀσαρκίαο

2130 521 2270 592 Ὗλη
2309 523 2366 575 δὲ
2396 523 2632 592 συζυγής
2659 540 2718 576 τε
2769 525 2862 577 καὶ
2885 525 3101 595 πλήρης
3133 525 3360 596 φθορᾶς.

2130 613 2310 683 Γάμος
2339 614 2578 684 μέριμνα
2610 615 2843 683 συζύγου
2881 616 2976 669 καὶ
3015 616 3306 686 φιλτάτων·

2130 702 2210 772 Τῇ
2247 703 2515 774 παρθενίᾳ
2540 707 2794 776 Χριστός.
2824 708 2885 760 Ei
2907 708 3042 778 γυνὴ
3065 708 3185 778 Θεῷ

2141 794 2284 845 Ἴσον
2308 794 2460 864 φέρει
2484 811 2558 855 τι,
2588 795 2683 848 καὶ
2708 797 2885 866 γάμος
2911 795 3058 867 λυτῷ

2132 883 2198 937 10
2230 884 2292 936 Et
2317 883 2361 935 δ’
2385 884 2539 937 οὐδὲν
2564 886 2697 952 ἴσον,
2725 887 2844 940 οὐδὲ
2866 890 2980 950 τοῖς
3014 889 3147 957 βίοις
3173 889 3308 942 ἴσον.

2131 974 2223 1045 Μὴ
2249 973 2445 1036 τοίνυν,
2477 969 2521 1028 ὦ
2555 977 2824 1041 τεκόντες,
2863 977 3133 1051 ὑϐρίζοιτέ
3163 996 3252 1048 με,

2133 1063 2300 1133 Γάμῳ
2329 1065 2813 1136 περισκιρτῶντες,
2836 1066 3028 1137 ἁγνείᾳ
3057 1065 3113 1119 δὲ
3151 1068 3248 1138 μή.

2135 1153 2300 1223 Γάμῳ
2327 1154 2538 1224 δίδωμι,
2568 1155 2665 1223 τὴν
2699 1156 2919 1222 ἁγνείαν
2942 1155 3224 1226 λαμϐάνω.

2221 1243 2358 1295 Ἀλλ’
2391 1246 2527 1299 είσὶν
2549 1247 2595 1298 οἳ
2624 1246 2962 1299 ﬂammatae"
3004 1247 3117 1299 ἀλλ’
3148 1246 3286 1299 ﬂeta
3325 1264 3437 1316 μοι,

2136 1331 2202 1385 l5
2238 1332 2328 1404 Μὴ
2356 1334 2482 1397 τοὺς
2509 1335 2762 1406 ἀρίστους
2787 1337 3042 1404 ἐκλέγων.
3067 1338 3192 1399 τοὺς
3219 1337 3266 1388 δ’
3293 1336 3557 1401 ἀσθενεῖς.

2133 1422 2197 1473 Οί
2237 1423 2336 1492 μὲν
2370 1423 2479 1495 γὰρ
2509 1425 2691 1489 αὐτοῖς
2723 1424 2929 1496 αἶσχος.
2951 1429 3000 1480 οἱ
3023 1427 3071 1479 δ’
3105 1429 3230 1497 ἡμῖν
3251 1426 3426 1490 κλέος-

2131 1509 2210 1579 Γῆ
2235 1510 2281 1562 δ’
2315 1513 2415 1568 οὐκ
2439 1515 2670 1584 ἀροῦται
2706 1519 2804 1587 τῆς
2823 1516 3066 1594 χαλάζης
3091 1517 3295 1579 tivam.

959 1659 1318 1724 intercedere,
1352 1668 1412 1715 ut
1443 1659 1554 1712 illic
1579 1661 1871 1728 separatim
1901 1660 2154 1729 pietatem
2187 1666 2371 1720 colant

1063 1730 1267 1810 Viri-ac
1296 1731 1583 1810 mulieres,
1619 1745 1683 1781 ac
1709 1733 2018 1810 communis
2056 1737 2366 1810 tantum_sit
2412 1736 2552 1792 inter
2578 1753 2673 1792 eos
2711 1740 2904 1810 gloria.

960 1800 1075 1879 μου
1109 1802 1268 1879 eniur
1404 1807 1637 1879 tantum.
1675 1802 1764 1867 qui
1801 1800 1906 1879 soli
1947 1801 2159 1866 vivunt,
2187 1805 2290 1879 sed
2319 1807 2402 1879 iis
2429 1808 2593 1879 etiam
2628 1800 2802 1879 magis
2829 1811 2920 1879 qui
2953 1828 3080 1868 cum
3114 1808 3322 1874 multis,

959 1869 1130 1939 instat
1163 1871 1386 1928 invidia,
1418 1868 1697 1935 inajm'que
1731 1870 1852 1921 mali
1895 1870 2150 1938 impetus.
2178 1873 2332 1939 Quod
2361 1877 2406 1928 si
2436 1877 2588 1930 solus

961 1938 1215 1992 llabitare
1249 1940 1381 1990 velis
1413 1953 1536 1990 cuni
1568 1941 1685 1990 solo
1711 1940 2166 1995 consuetudinem
2198 1938 2404 1998 habens
2444 1945 2684 2007 Christo.

1349 2007 1401 2060 Id
1427 2022 1643 2075 quoque
1673 2008 1925 2085 mi_bi__est
1955 2018 2167 2085 gratum
2194 2029 2208 2078 ;
2250 2013 2344 2068 sed
2381 2023 2558 2070 tamen
2589 2018 2865 2084 omnibus,
2899 2028 2957 2074 ut
2989 2028 3044 2075 et
3076 2019 3229 2085 mihi,
3263 2016 3418 2073 adest
3449 2014 3614 2071 timor

961 2079 1030 2130 15
1071 2077 1298 2132 llostilis
1333 2092 1525 2147 pugna:
1545 2086 1598 2130 et
1624 2077 1864 2132 exitialis
1891 2080 2084 2135 ruinae.

1812 2205 1898 2260 Vl.
1929 2207 2005 2262 De
2033 2210 2291 2279 pudicitia
2321 2225 2370 2266 ο.

1016 2327 1225 2382 Bonum
1252 2334 1338 2380 est
1372 2325 1582 2394 nuptiis
1617 2325 1794 2396 ligari.
1827 2328 1988 2381 modo
2024 2335 2196 2394 caste,

945 2397 1012 2468 Et
1046 2397 1171 2467 plus
1209 2397 1375 2468 detur
1408 2397 1518 2450 Deo
1555 2411 1718 2468 quam
1750 2397 2031 2468 conjugio.

947 2465 1144 2521 Melius
1175 2465 1412 2521 vinculis
1440 2480 1564 2519 esse
1601 2465 1856 2527 liberum,

913 2554 917 2558 ·
948 2536 1014 2589 Ει
1040 2543 1217 2589 totum
1255 2537 1498 2606 tribuere
1523 2534 1654 2606 Deo,
1684 2534 1962 2606 rebusque
1992 2534 2333 2606 caelestibus.

945 2607 980 2661 5
1020 2607 1166 2660 Deus
1205 2621 1234 2658 a
1264 2604 1524 2674 coniugio
1559 2605 1697 2664 liber
1729 2613 1832 2669 est,
1874 2604 2302 2674 angelorumque
2335 2604 2445 2658 vita
2473 2604 2712 2668 caelebs;

947 2675 1149 2730 Crassa
1179 2690 1308 2729 vero
1340 2676 1513 2728 moles
1537 2685 1622 2729 est
1646 2676 1980 2744 connubinm
2009 2683 2064 2729 et
2099 2674 2258 2744 plena
2296 2675 2688 2742 corruptionis.

947 2745 1278 2815 Qunjngium
1305 2744 1607 2815 sollicitum
1635 2751 1721 2797 est
1744 2743 1813 2797 de
1839 2743 2186 2815 compareiet
2217 2744 2802 2815 rebus_cbarissiinis:

949 2812 1562 2885 VirginitatiChristus
1597 2828 1744 2867 curae
1773 2822 1877 2869 est.
1916 2813 1971 2868 Si
2000 2813 2201 2885 lelnina
2235 2829 2360 2885 cum
2398 2812 2507 2867 Deo

949 2883 1187 2954 IEq'uale
1211 2883 1341 2953 quid
1377 2884 1561 2954 habet,
1587 2885 1925 2954 connubium
1958 2884 2124 2954 etiam
2163 2883 2325 2954 habet
2356 2897 2483 2936 cum
2517 2884 2696 2938 soluta
2738 2886 2843 2937 vita

951 2955 1020 3010 10
1045 2952 1155 3008 ’δίη
1189 2952 1370 3007 autem
1411 2953 1550 3007 nihil
1578 2953 1808 3022 aequale,
1849 2969 2028 3022 neque
2064 2953 2117 3005 in
2139 2952 2272 3007 vitis
2306 2962 2392 3007 est
2425 2955 2531 3005 ulla
2563 2954 2791 3022 paritas.

952 3024 1028 3094 Ne
1057 3025 1244 3094 igitur,
1273 3037 1306 3076 o
1343 3032 1622 3092 parentes,
1646 3021 1964 3092 ’opprobriis
1997 3037 2082 3094 me
2110 3021 2383 3083 atliciatis,

948 3091 1219 3163 Coniugio
1244 3091 1582 3163 voluptatem
1616 3091 1920 3161 capientes,
1947 3092 2174 3163 minime
2208 3107 2338 3146 vero
2373 3091 2615 3161 puritate
2647 3091 2787 3149 vitaz.

941 3161 1237 3218 :Coniiubio
1264 3161 1532 3226 concedo,
1555 3165 1865 3232 castitatem
1899 3162 2226 3232 amplector.

1021 3234 1091 3302 At
1117 3241 1270 3294 sunt,
1301 3232 1540 3302 inquies.
1566 3235 1660 3302 qui
1684 3230 2049 3302 exciderunt;
2085 3237 2271 3299 pereat
2296 3230 2453 3297 mihi,

951 3303 1019 3357 15
1053 3301 1158 3368 Qui
1184 3318 1291 3357 non
1323 3299 1568 3372 optimos
1585 3299 1792 3370 seligit,
1817 3303 1910 3356 sed
1939 3299 2211 3354 infirmos.
2232 3337 2258 3372 _«

949 3372 1015 3440 lli
1037 3372 1192 3426 enim
1230 3369 1525 3440 ipsis'sunt
1563 3369 1850 3440 probrum,
1883 3371 2124 3425 illiwero
2155 3369 2318 3426 nobis
2345 3369 2534 3426 decus.

948 3439 1210 3512 Nunquid
1237 3439 1382 3496 terra
1411 3456 1522 3496 uou
1553 3439 1745 3496 aratur
1767 3441 2052 3512 grandinis
2091 3455 2282 3502 causa,

518 3623 536 3642 ο
568 3617 719 3674 Alias
750 3616 873 3672 Bill.
909 3616 996 3682 78,
1033 3634 1089 3689 p.
1134 3617 1253 3671 ηδ.

449 3798 676 3854 colentes
715 3797 871 3852 decus
912 3796 1139 3852 habeant
1185 3813 1480 3851 commune.
1518 3793 1646 3851 lndc
1693 3795 1862 3864 liquet
1897 3808 2022 3863 pro-

449 3870 686 3939 positum
743 3868 988 3938 Gregorii
1042 3883 1150 3922 non
1206 3866 1395 3929 fuisse,
1460 3874 1518 3919 ut
1577 3865 1834 3919 mulieres
1893 3878 2018 3939 cum

447 3931 581 3992 viris
605 3939 658 3991 in
691 3931 880 3994 eodeni
913 3939 1242 3992 monasterio
1275 3953 1378 3990 uon
1413 3944 1897 4004 congregarentur.
1929 3931 2023 3984 Ju-

449 4007 539 4062 bet
566 4008 909 4063 solummodo
956 4023 1052 4062 eos
1083 4023 1112 4061 a
1160 4024 1219 4062 se
1250 4008 1478 4059 invicem
1521 4005 1783 4071 separari,
1831 4018 1897 4055 ne
1923 4015 2019 4071 eos

449 4078 914 4200 pretilaatéiuvidia,
941 4087 995 4133 et
1024 4077 1132 4132 ulla
1163 4077 1290 4130 mali
1321 4091 1454 4130 ansa
1481 4070 1761 4144 subrepat.
1795 4071 1851 4124 lu
1883 4070 2014 4125 edit.

449 4162 574 4200 iees
687 4187 700 4199 .

446 4155 599 4200 deest
625 4155 700 4199 δέ.

519 4216 588 4284 15
616 4215 1014 4284 Ξιγνούμενος.
1045 4214 1138 4270 Sic
1165 4214 1334 4269 Coisl.
1371 4212 1514 4284 Edit.
1546 4212 1906 4284 ξεινούμενος.

518 4281 607 4339 Vl.
661 4280 928 4349 Τιτ.Ἐὶς
979 4283 1404 4352 σωφροσύνην.
1457 4280 1577 4336 Vat.
1629 4280 2019 4350 Εἰς’παροἑνον

445 4352 663 4426 ἑτέραν,
697 4355 765 4407 ad
788 4355 952 4408 aliam
985 4355 1262 4423 virginem.

2196 3789 2229 3842 5
2271 3786 2555 3858 Ἀἰγέλῳν
2583 3787 2632 3838 τ’
2664 3786 2944 3858 ἁσαρξιία.
2973 3785 3027 3840 Id
3056 3795 3138 3858 est
3167 3805 3182 3840 :
3225 3788 3540 3857 Angetornm
3592 3792 3700 3847 rita

2125 3854 2343 3912 crelebsi
2371 3854 2482 3910 ’Alii
2535 3865 2750 3910 vertunt
2778 3873 2791 3908 :
2822 3854 2887 3908 Et
2933 3856 3106 3925 angeli
3139 3854 3324 3912 carnis
3363 3869 3485 3914 sunt
3516 3877 3701 3930 eJ‘per-

2132 3940 2226 3983 tes.

2194 4001 2227 4049 8
2259 4000 2328 4050 Et
2356 3994 2509 4066 γυνὴ
2539 3996 2678 4063 Θεῷ,
2713 3992 2763 4046 id
2795 4002 2898 4057 est,
2922 4005 3176 4059 quantum
3201 3995 3337 4050 inter
3359 3996 3628 4052 Christum
3655 4007 3709 4053 et

2122 4065 2375 4135 feminam
2428 4067 2661 4138 interest,
2707 4073 2912 4116 tantum
2963 4065 3122 4117 etiam
3176 4067 3314 4120 inter
3370 4069 3704 4138 conjugatam

2120 4138 2281 4192 vitam
2298 4145 2346 4189 et
2369 4135 2624 4188 caelibem.

2195 4207 2262 4259 i5
2295 4205 2474 4272 Γάμῳ
2492 4203 2717 4269 δίδωμι.
2754 4200 2810 4254 Id
2833 4210 2936 4265 est,
2975 4204 3217 4273 confugio
3254 4205 3486 4270 utimini,
3513 4223 3603 4273 per
3627 4221 3708 4261 me

2125 4275 2244 4328 licet
2273 4290 2290 4326 :
2314 4272 2536 4327 concedo
2564 4273 2704 4326 vobis
2729 4274 2938 4340 nuptias
2967 4288 2985 4325 :
3010 4274 3135 4325 mihi
3159 4277 3453 4329 castitatem
3479 4272 3704 4331 vindico.

2128 4344 2296 4399 Favet
2328 4343 2452 4397 cod.
2488 4341 2608 4395 Vat.
2645 4342 2821 4411 γάμον
2852 4342 3062 4413 δίδωμι.

1752 4503 2086 4564 METRICA
2109 4499 2412 4561 VERSIO.

451 4675 731 4733 Distinctis
757 4675 918 4728 illiut
947 4673 1148 4746 degant
1180 4687 1244 4746 ac
1267 4670 1493 4746 sedibus
1533 4668 1660 4732 illae,

449 4748 650 4816 Sicque
674 4746 814 4814 piam
842 4746 1002 4799 vitam
1021 4739 1202 4816 simili
1220 4757 1344 4816 cum
1371 4739 1527 4816 laude
1557 4744 1882 4807 sequantur.

450 4810 720 4886 Solivagis
741 4817 938 4886 etenim
969 4829 1076 4868 non
1106 4813 1243 4886 solis
1269 4813 1408 4886 livor
1445 4810 1669 4886 iniquus
1737 4875 1751 4886 _
1793 4875 1827 4886 η

449 4875 720 4948 Ιιιιιιιὶιῖὖι,
745 4894 800 4939 at
825 4885 996 4939 multo
1024 4883 1195 4953 magis
1229 4883 1316 4936 his
1341 4897 1480 4950 quos
1508 4875 1620 4934 vita
1653 4875 1862 4953 sodalis

447 4957 691 5010 ()blectat
711 4947 730 5019 7;
774 4956 990 5024 gravior
1013 4947 1247 5022 uanique
1274 4947 1410 5024 istos
1436 4965 1614 5024 pugna
1648 4947 1859 5024 fatigat.

449 5027 567 5087 Sin,
606 5017 858 5078 ιιίειθῆιιι
891 5025 1135 5083 Christo,
1161 5017 1242 5076 vis
1279 5017 1447 5092 plane
1469 5017 1651 5074 vivere
1683 5017 1857 5077 solus,
1974 5083 1986 5094 .

448 5096 504 5150 ld
546 5112 764 5165 quoque
808 5095 880 5148 mi
925 5105 1137 5163 gratum
1193 5104 1320 5159 est;
1385 5100 1564 5145 uictus
1607 5097 1678 5230 at[
1712 5097 2022 5209 continuum

1683 5175 1712 5210 ιι
1748 5170 1950 5224 risque,

1683 5165 1950 5224 utrisque,

450 5233 517 5288 lit
549 5232 704 5294 inihi,
737 5233 826 5293 sit,
861 5247 927 5286 ne
961 5232 1105 5285 hosti
1137 5230 1278 5284 duro
1309 5231 1362 5284 in
1394 5230 1694 5284 certamine
1723 5230 1940 5289 Ct'lialll,

444 5304 871 5372 Praecipitesque
906 5309 1066 5356 ruant
1093 5302 1368 5356 tenebrosi
1399 5300 1467 5353 ad
1501 5309 1712 5354 tartara
1743 5297 1900 5351 Ditis.

976 5428 1049 5466 Vl.
1089 5427 1156 5466 DE
1199 5426 1490 5466 PUDICITIA.

962 5522 1144 5592 (Leuv.
1175 5523 1496 5592 interprete.)

513 5641 721 5694 Bonum
749 5634 901 5704 ligari
932 5634 1159 5702 nuptiis,
1189 5641 1341 5689 caste
1371 5634 1556 5693 modo.

445 5705 662 5777 υοοτιηρ
702 5703 825 5775 plus
848 5704 964 5771 des,
993 5717 1158 5774 quam
1193 5711 1315 5756 toro
1341 5703 1603 5757 connubii
1639 5722 1652 5758 :

2047 4668 2088 4726 Β
2117 4661 2186 4715 At
2216 4665 2440 4729 praestat
2471 4673 2598 4713 esse
2627 4658 2861 4729 liberum
2887 4657 3085 4729 vinclis
3110 4666 3317 4724 tamen,

2121 4728 2344 4798 Deoque
2373 4736 2570 4792 totum,
2607 4728 2769 4784 rebus
2807 4739 2860 4781 et
2892 4728 3129 4795 superis,
3166 4729 3318 4783 dare.

2120 4800 2215 4854 Est
2250 4814 2449 4853 numen
2481 4798 2654 4864 inqu,
2690 4799 2917 4868 angelus
2951 4813 3057 4850 nou
3086 4807 3170 4853 est
3202 4815 3332 4855 caro
3361 4812 3378 4852 :

2120 4871 2188 4939 At
2220 4869 2514 4936 coniugata
2547 4869 2688 4923 labis
2717 4877 2771 4922 et
2798 4868 2953 4937 plena
2981 4875 3066 4920 est
3096 4869 3239 4939 hyle.

2119 4938 2185 4992 Et
2216 4955 2349 4994 cura
2382 4939 2551 5006 prolis
2579 4945 2631 4992 et
2656 4939 2910 5007 conjugis
2932 4946 3016 4992 est
3061 4938 3267 5008 nuptiis
3293 4959 3309 4994 :

2119 5011 2187 5062 At
2216 5024 2348 5063 cura
2378 5008 2579 5062 Christi
2612 5009 2808 5064 caelibi.
2842 5008 2897 5061 Si
2929 5024 3024 5076 par
3053 5008 3161 5060 Deu

2122 5078 2217 5132 Est
2248 5092 2408 5139 uxor,
2441 5086 2525 5130 est
2558 5093 2652 5146 par
2678 5079 2853 5132 caelibi
2884 5079 3006 5131 vitae
3039 5086 3214 5132 torus.

2123 5149 2218 5218 Sin
2245 5162 2476 5218 prorsus
2510 5149 2706 5216 impar,
2733 5149 2972 5218 impares
2997 5147 3122 5200 vita:
3151 5163 3392 5218 quoque.

2122 5217 2418 5288 Vos’ergo,
2451 5227 2659 5285 patres,
2694 5233 2761 5273 ne
2802 5217 3018 5286 probris
3049 5232 3134 5271 me
3155 5217 3462 5288 aspergite,

2121 5287 2314 5342 Taedas
2342 5296 2655 5355 sequentes,
2685 5304 2794 5341 non
2824 5288 2927 5340 tori
2963 5288 3124 5338 vitam
3153 5287 3406 5342 insciam.

2120 5357 2264 5410 Toro
2297 5357 2618 5425 pudicitiam
2645 5358 2818 5427 jugali
2845 5357 2917 5409 d0
2950 5356 3194 5424 quidem,

2114 5431 2182 5480 At
2211 5428 2466 5496 puritatis
2499 5427 2713 5480 catlibes
2739 5438 2961 5494 carpunt
2994 5427 3180 5480 decus.

2187 5495 2256 5548 At
2281 5504 2636 5558 corruerunt,
2665 5496 2896 5557 dixeris,
2935 5497 3182 5564 quidam.
3213 5495 3348 5551 Male

2115 5565 2236 5619 Tibi
2266 5565 2355 5623 sit.
2390 5565 2522 5633 legis
2548 5566 2640 5634 qui
2675 5566 2904 5629 debiles,
2939 5582 3042 5618 non
3079 5567 3339 5633 optimos.

2115 5634 2193 5687 Illi
2228 5634 2492 5703 probrum
2525 5644 2656 5690 sunt
2681 5651 2804 5689 naut
2839 5636 2942 5689 sibi
2972 5653 2984 5687 :
3017 5636 3069 5688 hi
3104 5637 3261 5688 nobis
3294 5637 3483 5691 cirrus.

2116 5704 2371 5759 Diramne
2401 5714 2626 5774 prepter
2657 5707 2980 5777 gramiiucm
3012 5705 3176 5758 tellus
3201 5707 3330 5764 t'uli.
