4066 6198
341 296 440 352 8ο9
1423 287 1685 355 ΒΕΟΊΊΟ
1709 289 1774 344 ll.
1814 285 2096 343 ΡΟΕΜΑΤ

2043 289 2145 343 ,ΤΑ
2185 290 2519 346 MORALIA.

337 412 609 479 Ἐχουσιν.
643 402 832 468 Οὕτως
856 403 924 458 ἂν
952 403 1130 474 μόνως
1162 398 1303 473 ἦσαν
1337 406 1539 473 σχετοξ.

333 502 400 553 Τί
436 499 481 551 δ’
518 499 579 551 οὐ
604 498 666 550 τὸ
693 496 853 566 σῶμα
883 497 995 557 τοῖς
1024 494 1269 547 θέλουσιν
1298 493 1552 560 ὲνδίδωςς

340 591 443 647 170
478 590 543 643 'l‘l
572 590 617 644 δ’
650 588 772 658 οὐχὶ
798 587 893 640 καὶ
921 586 1225 656 λῄσταρχον
1258 585 1477 657 ἀσπάζῃ
1502 585 1614 656 βίον
1633 622 1653 650 ,

338 682 699 753 Τοιχωρυχείς
730 696 788 732 τε
814 678 910 732 καὶ
931 677 1220 747 διοχλίζεις
1243 677 1469 745 τάφους,

339 775 407 829 Εἴ
431 790 513 827 σοι
539 772 601 825 τὸ
630 769 881 823 πλουτεῖν
904 768 1002 820 καὶ
1034 767 1195 836 μόνον
1217 765 1598 831 σπουδάζεται,

338 865 446 919 Τοῦ
487 863 605 927 πῶς
633 862 699 925 δ’,
726 848 857 927 ῆθεν
874 875 955 923 τε,
991 858 1129 928 μηδὲ
1159 851 1239 920 εἷς
1258 857 1395 920 ὅλως
1426 857 1618 924 λόγοςς

339 956 587 1019 Κάλλους
620 953 717 1023 μὲν
755 946 894 1004 εἶναι
927 950 1145 1020 μέτρον,
1175 944 1314 1003 εἷναι
1342 949 1386 1002 δ’
1412 949 1623 1018 ὅψεως,

340 1049 443 1101 1Ἱό
466 1045 700 1117 Δρόμου,
729 1042 946 1103 σθένους
974 1057 1034 1093 τε
1075 1040 1169 1093 καὶ
1194 1039 1394 1111 μελῶν,
1421 1040 1517 1093 καὶ
1554 1037 1833 1108 ἁλμάτων,

340 1142 526 1207 Λόγων
552 1154 636 1198 τε,
682 1134 894 1206 μόχθων
919 1133 971 1185 τ’
992 1149 1005 1163 ·
1045 1131 1207 1203 ἔργον
1235 1132 1336 1204 οὐχ
1360 1132 1725 1203 ἀρπάγματος
1743 1146 1758 1160 ·

341 1231 546 1299 ςίτὴσει
578 1227 634 1280 δὲ
660 1223 1056 1298 μηδὲνμέτρον
1074 1238 1087 1253 σ
1122 1221 1238 1275 ἀλλ’
1265 1222 1411 1292 ἔχειν
1441 1220 1595 1290 ξένον

342 1321 423 1375 Τὰ
460 1318 554 1372 τοῦ
593 1316 860 1386 καμόντος
887 1314 982 1367 καὶ
1018 1312 1201 1377 καλῶς
1226 1331 1395 1385 κεκτη
1406 1314 1568 1384 μένου
1588 1351 1605 1378 ,

344 1415 414 1468 Ἢ
437 1412 529 1467 καὶ
554 1407 808 1480 πατρῷον
835 1405 1032 1475 κλῆρον
1056 1399 1117 1457 εὖ
1143 1403 1464 1475 δεδεγμένοι)
1482 1416 1498 1432 ο

3480 293 3605 362 ,8ῗο

1954 413 1999 468 Α
2033 408 2135 462 180
2164 408 2277 461 Καὶ
2304 408 2449 461 τοῦτ’
2479 409 2537 471 ἐς
2564 408 2769 478 μικρὰν
2798 406 2943 462 ἔστιν
2975 402 3055 471 οἷς
3086 408 3203 477 βὶου
3237 408 3425 480 πνοὴν,

2030 497 2133 549 Τὸν
2165 498 2275 550 οὐδ’
2308 498 2496 568 ἔχοντα
2528 498 2730 567 γνῶσιν
2759 492 2835 552 ὧν
2858 498 3076 568 κέκτητ’
3106 498 3254 562 ἴσως.

2028 585 2116 658 Μὴ
2148 587 2231 640 σοὶ
2261 588 2407 658 μόνῳ
2437 588 2680 658 δοθήσετ⁹
2707 590 2740 658 ἡ
2770 588 3095 658 οἱκουμένη;

2026 676 2145 729 Κᾶν
2177 676 2351 729 ταῦτα
2383 676 2585 746 δῶμεν,
2612 674 2727 729 οὕτι
2749 676 2841 728 καὶ
2874 675 3255 744 λειφθήσεται;

2098 764 2163 816 Tl
2191 761 2283 817 οὖν
2308 765 2559 835 δράσειςς
2589 765 2653 818 σὺ
2676 766 2998 829 σπουδάσεις
3029 766 3124 819 καὶ
3149 764 3300 818 ταῦτ’
3326 763 3469 837 ἔχειν
3490 782 3508 830 ;

2026 856 2131 909 185
2169 856 2280 907 Ἀεὶ
2324 857 2605 925 μογήσεις,
2643 854 2722 925 τῷ
2748 856 2983 910 λείποντι
3009 857 3118 927 γὰρ
3146 857 3333 927 πένης.

2037 947 2197 999 Ἀλλὰ
2231 945 2472 1018 σχεθήσῃ
2493 961 2507 1009 ;
2532 947 2691 998 τοῦτο
2717 948 2810 999 καὶ
2842 946 2935 999 νῦν
2964 947 3189 1011 δοξάτω.

2028 1037 2149 1090 Τῶν
2190 1035 2298 1088 σῶν
2340 1035 2484 1105 ἔχεις
2518 1035 2703 1106 ὄνησιν
2722 1054 2735 1066 °
2766 1038 2814 1088 al
2843 1037 2887 1089 δ’
2914 1037 3153 1107 ἄμετρος
3181 1033 3231 1088 εἴ
3250 1077 3266 1101 ,

2042 1127 2142 1181 ’ἰὸν
2166 1125 2271 1179 τόδ’
2302 1124 2411 1177 ἴσθι
2441 1124 2751 1194 προστιθεὶς
2776 1120 2857 1188 οἷς
2883 1125 2977 1178 νῦν
3000 1126 3163 1195 ἔχεις,

2030 1218 2141 1271 Καὶ
2165 1216 2297 1286 φλὸξ
2326 1214 2609 1279 ἀκάνθαις,
2644 1216 2672 1268 ὃ
2700 1216 3062 1288 προσέρχεται
3093 1216 3297 1280 κακῶς,

2027 1308 2129 1363 190
2169 1302 2263 1369 Οἷς
2287 1307 2333 1359 δ’
2357 1305 2423 1359 ἂν
2453 1305 2749 1377 προσέλθῃ,
2782 1305 2955 1360 ταῦτα
2986 1307 3082 1360 καὶ
3107 1304 3437 1359 συνόλλυται.

2038 1399 2125 1461 Ὠς
2150 1400 2211 1451 οὐ
2257 1397 2509 1468 μαραίνει
2554 1396 2713 1465 δίψαν
2744 1395 2805 1462 ἐξ
2832 1398 3009 1469 ἅλμης
3043 1398 3225 1464 ποτὸν,

890 1581 1201 1637 Possident.
1231 1580 1322 1636 Sic
1351 1581 1616 1636 duntaxat
1646 1588 1869 1652 possent
1898 1579 2190 1652 compesci.

882 1654 1084 1715 Quidni
1113 1662 1294 1707 autem
1323 1668 1525 1722 corpus
1551 1650 1702 1705 tuu'm
1728 1651 1903 1705 cuivis
1930 1650 2231 1722 perii_iittis?_

881 1723 985 1776 170
1016 1723 1217 1788 Quidni
1250 1728 1305 1776 et
1343 1718 1613 1776 latronum
1651 1720 1996 1789 amplecteris
2023 1718 2235 1774 vivendi
2265 1722 2477 1789 genus?

881 1792 1082 1857 Quidni
1119 1807 1306 1846 muros
1333 1791 1546 1855 eﬂ'odis,
1580 1799 1634 1844 et
1661 1790 1902 1844 tumulos
1940 1789 2154 1857 diripis,

883 1861 940 1914 Si
966 1870 1021 1915 tu
1052 1864 1104 1915 in
1134 1862 1187 1915 id
1213 1877 1404 1922 unum,
1438 1870 1497 1914 ut
1528 1861 1680 1915 dives
1710 1860 1830 1923 fias,
1864 1858 2154 1923 incumbis,

880 1932 1092 1995 Quibus
1131 1931 1332 1993 modis,
1356 1939 1409 1984 et
1432 1929 1573 1985 unde
1602 1929 1856 1996 acquiras
1879 1943 2032 1996 opes,
2068 1927 2202 1981 nihil
2228 1929 2469 1984 curans?

879 1997 1281 2055 Pulchritudini
1305 2003 1562 2054 statuitur
1590 1999 1806 2060 modus,
1830 2006 1885 2053 et
1917 1997 2081 2059 visui,

877 2071 983 2124 175
1007 2069 1073 2122 Ει
1102 2070 1381 2135 cursibus,
1401 2082 1457 2123 et
1481 2070 1689 2131 robori,
1712 2076 1767 2122 et
1796 2067 2105 2129 cantilenis,
2137 2074 2191 2119 et
2226 2067 2469 2129 choreis,

877 2138 943 2192 Et
973 2139 1341 2201 sermonibus,
1380 2147 1436 2194 et
1460 2138 1741 2193 laboribus
1767 2155 1782 2204 ;
1812 2152 1922 2191 non
1955 2137 2209 2191 violentia
2235 2153 2374 2205 opus
2409 2145 2517 2192 est.

879 2209 1201 2262 Divitiarum
1228 2217 1409 2262 autem
1438 2209 1620 2263 nullus
1650 2216 1734 2262 est
1768 2206 1962 2260 modus
1989 2223 2003 2258 :
2035 2222 2224 2259 verum
2252 2208 2413 2261 habet
2442 2216 2739 2263 extraneos

878 2278 1339 2347 Facultatesejus
1371 2278 1464 2347 qui
1493 2277 1802 2340 desudavit,
1826 2284 1880 2330 et
1896 2278 2133 2347 honeste
2164 2292 2259 2331 eas
2284 2279 2643 2346 comparavit,

877 2345 1372 2419 554-55515“
1389 2345 1555 2419 etiam
1579 2353 1862 2419 paternam
1896 2345 2291 2419 haereditatem,
2320 2345 2485 2417 quam
2518 2349 2759 2419 legitime
2783 2347 2993 2418 accepit
3019 2362 3034 2412 ;

880 2414 985 2486 181)
1010 2414 1215 2486 Ἀῐιιῦθί
1232 2417 1318 2472 his
1349 2415 1552 2471 fruitur
1575 2414 1642 2468 ad
1671 2415 1927 2486 exiguum
1950 2414 2073 2468 vitae
2108 2414 2346 2486 tempus,

879 2485 985 2555 Qui
1010 2484 1299 2555 nequidem
1342 2486 1528 2542 forsan
1562 2485 1713 2539 novit
1738 2484 2031 2555 bonaqua:
2059 2484 2323 2555 possidet.

885 2551 1141 2624 Nunquid
1176 2555 1272 2610 tibi
1297 2571 1438 2612 unus
1463 2555 1683 2609 dabitur
1703 2551 1908 2624 orbis?

883 2624 987 2679 Sed
1020 2620 1078 2677 ut
1116 2625 1266 2679 illum
1300 2625 1515 2685 demus.
1544 2638 1728 2678 annon
1766 2620 1972 2692 aliquid
2007 2620 2387 2691 relinquetur?

958 2693 1097 2764 Quid
1128 2694 1294 2764 igitur
1323 2694 1529 2750 facies?
1552 2691 1928 2764 tuncisatag’es
1960 2691 2093 2746 illud
2129 2693 2294 2746 etiam
2326 2692 2657 2763 acquirere?

887 2762 990 2817 185
1024 2762 1248 2833 Semper
1274 2764 1569 2830 laborabis,
1597 2764 1668 2818 ob
1694 2763 1749 2818 id
1774 2762 1919 2831 quod
1945 2770 2134 2833 restat,
2161 2777 2387 2831 pauper.

885 2834 968 2911 gn
1000 2830 1215 2911 tandem
1236 2834 1330 2911 tibi
1357 2830 1846 2911 moditinstattiesl
1868 2832 2000 2901 quin
2031 2831 2083 2885 id
2102 2832 2396 2911 jauinunc
2422 2830 2522 2911 tibi
2553 2830 2865 2911 faciendum
2896 2831 3215 2886 decetnito?

886 2899 1227 2957 Facultatum
1252 2910 1469 2957 tuarum
1494 2903 1665 2958 habes
1700 2899 2048 2965 fruitioiiem;
2075 2899 2121 2954 si
2145 2908 2329 2955 autem
2359 2901 2693 2957 insatiabilis
2721 2917 2804 2967 es,

886 2969 1163 3040 Yenenum
1199 2974 1338 3026 scito
1372 2982 1424 3027 te
1461 2972 1661 3027 addere
1691 2972 1761 3027 iis
1792 2985 1915 3040 qua:
1940 2970 2212 3040 possides,

885 3038 951 3112 Et
975 3042 1152 3112 instar
1180 3040 1409 3095 ﬂammae
1432 3042 1618 3112 spinas
1642 3038 1991 3112 corripientis
2022 3046 2106 3112 est
2138 3038 2401 3108 quidquid
2429 3040 2642 3096 accedit
2674 3040 2903 3112 injuste,

891 3108 998 3163 190
1027 3109 1092 3163 Ει
1124 3112 1323 3180 quibus
1352 3108 1691 3175 admovetur,
1727 3108 1841 3165 [nec
1862 3111 2025 3165 simul
2049 3109 2437 3165 absumuntur.

888 3180 1357 3245 Quemadmodum
1383 3197 1495 3236 non
1537 3183 1836 3250 exstinguit
1865 3181 2011 3237 sititn
2040 3180 2182 3235 salsa
2212 3181 2383 3250 potio,

428 3322 530 3399 169
558 3323 739 3399 ονρ-τὸ
764 3323 958 3399 σῶμα,
986 3335 1093 3381 etc.
1119 3327 1309 3383 Billius
1339 3327 1456 3383 haec
1489 3344 1585 3399 per
1626 3329 1931 3383 aculeatam

2110 3328 2217 3383 185
2245 3328 2377 3383 Κᾶν
2416 3327 2604 3383 ταῦτα
2648 3327 2861 3399 δῶμεν.
2912 3326 3190 3398 Superiori
3232 3344 3395 3384 versu
3436 3328 3618 3384 οἰκου-

349 3396 587 3467 ironiam
610 3394 756 3467 dicta
788 3410 835 3467 ad
853 3393 1121 3467 Gregorio
1140 3400 1413 3453 observat.

2045 3399 2197 3470 μένηί
2227 3414 2337 3453 non
2368 3400 2421 3452 in
2455 3415 2652 3469 genere
2700 3414 2798 3468 pro
2826 3407 2939 3454 toto
2983 3410 3251 3454 terrarum
3288 3402 3420 3454 orbe
3467 3401 3615 3453 acci-

430 3464 532 3517 l70
573 3465 719 3538 ρρχι
749 3466 844 3518 καὶ
872 3456 1243 3538 λῄὸῖταρκονἐ
1280 3467 1435 3522 llunc
1484 3456 1703 3522 versum
1733 3465 1937 3538 ABillius

349 3549 480 3608 non
501 3533 761 3608 reddidit,
788 3551 887 3608 n_ec
914 3533 1081 3608 Leuv§
1107 3533 1175 3576 5—
1209 3535 1617 3608 Supplevimits.
1643 3546 1697 3592 et
1730 3536 1939 3592 Italicis

348 3604 732 3675 distinximus.
777 3604 1088 3675 (CAILLAU.)

346 3674 530 3794 M2713
579 3673 1015 3744 Ὄλωςαόγος.
1071 3673 1256 3732 Coisl.
1309 3675 1463 3741 ὅλος,
1527 3677 1679 3730 nulla
1734 3677 1940 3732 ratione

464 3759 477 3793 Ι
508 3760 561 3794 ιι.

464 3753 561 3795 ιιιι.

429 3812 536 3864 176
568 3812 823 3880 Μόχθων
856 3813 927 3867 τ’.
968 3814 1045 3867 lta
1075 3812 1273 3879 Coisl.,
1300 3829 1424 3883 quae
1453 3830 1554 3868 vox
1606 3814 1939 3884 interpreta-

344 3882 507 3937 tione
519 3894 803 3950 separatur
815 3884 881 3937 ab
898 3884 982 3936 his
995 3900 1117 3953 quae
1130 3882 1452 3954 sequuntur,
1470 3884 1629 3955 ἔργον
1643 3882 1940 3955 οὺχᾶρπά-

340 3967 589 4021 γματος,
620 3968 721 4004 non
753 3959 983 4019 opus'est
1008 3955 1295 4015 violentia;
1330 3955 1383 4008 id
1405 3954 1513 4017 est,
1547 3954 1601 4007 id
1634 3954 1694 4021 ﬁt
1737 3954 1939 4021 sponte,

343 4023 554 4089 absque
596 4024 710 4093 ulla
759 4025 847 4085 vi;
895 4023 1161 4091 siquidem
1204 4023 1519 4093 defetigatio
1565 4023 1739 4093 eﬂigil,
1772 4034 1829 4077 ut
1861 4024 1941 4078 his

347 4094 513 4142 rebus
538 4090 1122 4163 modumimponamus.
1146 4090 1291 4147 Edit.
1318 4090 1535 4163 μόχθον.
1555 4090 1625 4132 -ἔ
1644 4091 1800 4163 Unde
1820 4108 1947 4147 con-

346 4172 443 4211 tra
464 4175 690 4213 sensum
717 4161 878 4215 simul
899 4170 953 4214 et
969 4170 1162 4216 contra
1194 4161 1425 4216 metrum
1449 4172 1689 4217 verterat
1717 4162 1938 4216 Billius:

366 4228 673 4299 Verbiqu,
707 4229 857 4301 labor
883 4240 961 4283 est
988 4232 1221 4300 quidem,
1248 4248 1352 4301 non
1396 4232 1471 4285 vis
1501 4244 1693 4301 rapax.
1740 4234 1939 4286 Corre-

344 4309 511 4437 ῗὲιιιυ
542 4300 723 4438 (ιιιοριι
750 4312 1043 4369 utrumque
1070 4316 1291 4356 versum
1329 4300 1535 4357 Italicis
1566 4300 1941 4358 distinximus.

427 4382 641 4421 Αιιιλυ.

345 4374 667 4438 (Cum.qu

430 4436 737 4511 1ξξθ,7ξοῦτ’
762 4438 829 4511 ές
844 4437 1083 4511 μικράν.
1112 4438 1189 4492 Ita
1208 4437 1333 4492 Vat.
1362 4438 1506 4511 Edit.
1536 4439 1695 4494 τοῦτο
1719 4440 1939 4511 μικράν.

339 4536 427 4548 --
464 4508 556 4560 Sic
598 4507 958 4574 Benedictini,
980 4511 1095 4578 qui,
1128 4518 1187 4562 ut
1229 4510 1416 4565 sensui
1474 4507 1732 4577 faveant,
1770 4507 1944 4564 metro

342 4592 589 4647 prorsus
603 4585 821 4641 nocent,
837 4587 895 4632 ut
914 4579 1139 4635 cuilibet
1153 4581 1504 4635 manifestum
1520 4580 1941 4649 esthstcuu.)

2040 3469 2236 3550 pienda
2272 3478 2357 3524 est
2396 3470 2635 3550 (alioqui
2663 3471 2797 3523 nihil
2830 3471 3216 3550 acquirendum
3247 3471 3616 3550 superesset),

2040 3539 2134 3593 sed
2165 3539 2433 3611 duntaxat
2466 3556 2571 3611 pro
2586 3541 2654 3595 iis
2686 3552 2843 3594 terrae
2872 3542 3121 3611 partibus
3144 3555 3265 3610 quae
3289 3540 3358 3596 ab
3382 3539 3619 3593 homini-

2039 3610 2143 3663 bus
2176 3609 2510 3663 incoluntur.
2544 3609 2696 3665 BILL.

2112 3679 2215 3732 184
2232 3681 2292 3734 Τί
2306 3675 2421 3734 οὖν
2452 3678 2715 3747 δράσεις.
2750 3680 2825 3733 Ita
2853 3680 3019 3735 Coisl.
3060 3679 3196 3733 Edit.
3232 3679 3285 3732 τί
3316 3677 3471 3748 γοῦν,
3505 3682 3614 3731 etC.

2038 3780 2106 3789 —
2132 3750 2223 3803 Sic
2253 3745 2611 3803 correxerunt
2632 3750 2991 3816 Benedii-tini,
3023 3751 3146 3803 licet
3165 3745 3435 3803 editorum
3458 3745 3618 3800 lectio

2040 3827 2217 3888 metro
2247 3820 2420 3888 magis
2448 3820 2642 3874 faveat.
2682 3821 2989 3886 (CA|I.LAU.)

2115 3887 2216 3941 185
2252 3886 2643 3952 Τῷλείποντι
2689 3890 2767 3943 lta
2795 3891 2907 3943 fere
2926 3902 3098 3957 supra
3121 3902 3293 3940 carm.
3316 3900 3436 3949 viii,
3468 3898 3615 3938 vers.

2119 4028 2221 4080 189
2268 4026 2591 4092 Ἆκάνθαις,
2626 4026 2678 4081 ὅ.
2725 4025 2801 4080 Ita
2835 4025 3002 4079 Coisl.
3047 4024 3186 4078 Edit.
3210 4024 3427 4086 anavo',
3464 4037 3620 4077 men-

2044 4097 2177 4152 dose
2205 4116 2218 4151 :
2253 4099 2399 4166 quod
2434 4098 2689 4150 mendum
2728 4096 3001 4165 corrigere
3032 4097 3259 4166 tentavit
3284 4095 3494 4166 Billius,
3522 4092 3620 4166 sed

2046 4164 2291 4221 frustra}
2331 4168 2433 4221 nisi
2474 4168 2619 4235 quod
2667 4166 2920 4221 observat
2960 4175 3128 4227 recte.
3153 4165 3374 4219 divitias
3416 4164 3621 4235 iniquis

2045 4237 2259 4291 artibus
2296 4232 2661 4305 comparatas,
2696 4236 2870 4290 instar
2909 4235 3139 4289 flamma:
3180 4232 3530 4304 cori-ipientis
3568 4242 3622 4285 et

2046 4307 2389 4361 absunientis
2418 4307 2683 4375 quidquid
2716 4306 3055 4369 admovetur,
3083 4306 3243 4359 etiam
3273 4306 3513 4359 honestis
3536 4316 3623 4354 rae

2046 4376 2295 4431 tionibus
2322 4376 2567 4445 quaesitis
2594 4377 2788 4445 opibus
2817 4378 3110 4445 perniciem
3138 4375 3354 4445 afferre.

2118 4452 2220 4500 19³)
2255 4444 2589 4513 Προσέλθῃ.
2620 4444 2791 4499 Coisl.
2832 4455 2885 4498 et
2926 4444 3046 4499 Vat.
3080 4444 3340 4497 συνέλθοι.

2123 4518 2213 4572 191
2262 4516 2363 4581 Ἐξ
2392 4516 2610 4597 ἅλμης.
2640 4514 2880 4569 Haustus
2903 4532 2930 4569 e
2961 4517 3098 4569 mari
3134 4526 3309 4581 potus.

1672 4738 2009 4798 METRICA
2058 4737 2359 4800 VERSIO.

337 4897 540 4953 Partis
568 4897 801 4951 olerent.
831 4894 1011 4952 Unum
1044 4896 1099 4951 id
1124 4897 1248 4953 illos
1277 4898 1517 4953 sisteret.

335 4968 500 5034 Quin
536 4969 653 5037 ipse
683 4981 882 5036 corpus
909 4967 1103 5037 obiicis
1129 4968 1303 5022 cuivis
1337 4968 1527 5021 tuum?

338 5039 504 5104 Quin
534 5048 579 5090 et
610 5037 879 5090 latronum
911 5037 1098 5107 deligis
1133 5040 1255 5091 vita:
1282 5038 1486 5108 genus.”

336 5108 624 5175 Sepulcra
654 5108 787 5177 quin
820 5114 877 5161 tu
913 5106 1126 5177 diripis,
1163 5106 1303 5162 teeta
1336 5106 1567 5161 cffodis?

331 5179 568 5249 Opibus
598 5176 875 5249 struendis
902 5176 1167 5249 siquidem
1197 5178 1423 5231 omnino
1452 5179 1662 5244 studes,

329 5246 469 5303 Nec
505 5248 651 5301 unde
676 5261 900 5309 curans,
927 5262 1026 5301 nec
1055 5246 1253 5316 quibus
1281 5260 1511 5315 prorsus
1547 5248 1746 5304 modis.

334 5320 555 5386 Figere
586 5316 793 5382 decori,
822 5318 986 5381 visui,
1024 5328 1187 5387 atque
1212 5317 1396 5387 robori

331 5388 603 5449 Modum,
628 5387 864 5451 choreis,
895 5386 1207 5450 cantilenis,
1232 5386 1510 5451 cursibus.

348 5456 573 5517 Verbis,
606 5456 813 5519 labori;
841 5472 943 5509 non
972 5472 1101 5526 opus
1133 5456 1402 5526 violentia.

322 5533 423 5583 At
456 5540 567 5578 non
597 5526 793 5581 modus
821 5542 984 5596 opum
1009 5535 1094 5583 est
1122 5528 1288 5587 ullus,
1320 5525 1406 5580 bis
1436 5526 1530 5581 sed
1556 5534 1778 5584 exteros

325 5597 603 5666 Fruitur,
638 5596 822 5650 labore
849 5605 1004 5665 parta
1029 5611 1151 5666 qua:
1171 5598 1310 5650 alius
1331 5598 1588 5666 maximo

320 5664 626 5727 Tenebat,
655 5674 748 5720 aut
779 5664 901 5736 qua:
935 5664 1165 5736 liquerat
1205 5665 1444 5721 moriens
1473 5677 1646 5736 pater.

1978 4920 2021 4973 Β
2052 4898 2148 4973 [lis
2174 4899 2394 4973 fruitur,
2429 4898 2674 4969 inquam,
2702 4898 2966 4973 pauculos
2994 4909 3134 4973 saepe
3161 4893 3227 4948 ad
3253 4894 3391 4960 dies,

2050 4969 2152 5036 Qui
2189 4971 2328 5023 forte
2354 4983 2455 5022 nec
2487 4966 2609 5038 quae
2638 4966 2876 5037 possidet
2913 4967 3062 5038 novit
3088 4966 3258 5038 bona.

2050 5038 2281 5094 Orbisne
2304 5036 2523 5092 dabitur
2554 5036 2700 5093 totus
2730 5038 2815 5091 hic
2837 5038 2938 5092 soli
2969 5036 3109 5089 tibi?

2051 5109 2118 5164 Ut
2147 5110 2341 5163 demus
2371 5108 2571 5177 ipsum,
2601 5108 2849 5177 nonnihil
2888 5114 3059 5162 restat
3089 5112 3290 5158 tamen.

2120 5178 2260 5244 Quid
2289 5193 2417 5245 ergo
2445 5177 2651 5232 facies?
2678 5176 2877 5232 addere
2907 5178 3020 5231 hinc
3047 5182 3261 5245 satages
3293 5188 3530 5244 quoque,

2050 5247 2276 5318 Semper
2308 5246 2583 5309 laborans,
2620 5262 2825 5317 pauper
2848 5248 2917 5302 ob
2942 5246 3242 5318 restantia?

2047 5314 2337 5372 Cohibehis
2365 5324 2420 5370 at
2442 5318 2533 5371 te?
2554 5314 2685 5387 quin
2715 5314 3024 5387 idemnunc
3048 5317 3159 5386 jam
3186 5314 3404 5387 placet?

2050 5388 2284 5442 Fructus
2311 5398 2524 5441 tuorum
2561 5385 2613 5442 te
2636 5387 2813 5456 juvat.
2842 5385 3028 5443 Nescis
3053 5385 3317 5440 modum?

2050 5458 2256 5527 Opibus
2286 5472 2575 5527 venenum,
2601 5472 2738 5527 quas
2764 5457 2952 5520 babes,
2980 5457 3134 5527 addis
3163 5456 3349 5527 miser.

2049 5526 2336 5599 linstarque
2365 5526 2593 5582 flammat
2622 5526 2707 5599 est
2723 5526 2995 5599 quidquid
3026 5527 3226 5599 injuste
3258 5526 3494 5599 advenit.

2049 5596 2423 5666 Quodcunque
2456 5598 2648 5668 tangit,
2684 5596 2957 5653 id‘statim
2983 5596 3145 5653 simul
3171 5596 3374 5668 interit.

2052 5669 2122 5723 b‘t
2150 5671 2293 5723 unJa
2316 5668 2461 5722 salsa
2499 5666 2758 5724 fervidam
2792 5669 2938 5725 haud
2968 5668 3116 5741 fugat
3144 5666 3314 5732 sitim,
