4056 6206
325 389 551 462 Πρᾶξις,
582 386 738 455 λόγος
761 401 844 440 τε.
872 384 1128 454 Δοίδορος
1153 383 1197 436 δ’
1219 385 1383 455 αἴσχη
1419 384 1595 456 φέρει.

323 479 548 550 Μέμφις
570 479 616 532 δ’
641 474 988 547 ἀτιμώρητος
1015 476 1078 527 ἐκ
1109 473 1263 543 φίλου
1295 474 1488 544 ψόγος.

326 571 647 641 Κατηγορία
673 569 717 622 δ’
751 566 1006 638 ἔγκλημα
1031 565 1140 619 τῶν
1165 566 1472 619 κολαστέων
1491 584 1506 598 ’

337 664 400 716 'H
431 662 477 716 δ’
511 661 613 714 οὐκ
649 658 858 731 ἀληθὴς
895 657 1127 726 γίνεται,
1165 657 1530 726 συκοφαντία·

331 753 432 807 105
476 752 542 804 'H
573 749 792 820 λάθριος
817 749 904 812 δὲ,
933 745 1156 817 διαϐολή
1190 763 1274 800 σοι
1309 747 1534 816 κλητέα.

325 845 551 914 Μέμφις
588 839 880 904 ἀνεύθυνός
905 840 1070 910 τις,ὴ
1102 837 1444 910 βλασφημία.

327 937 654 1004 Κακήγορος
677 933 744 998 δ’,
770 932 829 996 ὃς
863 933 1030 984 πᾶσιν
1054 928 1268 994 ὁπλίζει
1303 930 1498 1002 στόμα.

340 1027 650 1096 ’Λστειότης
683 1025 802 1096 μὲν,
835 1023 1132 1094 φαιδρότης
1165 1025 1222 1077 ὲν
1251 1023 1514 1094 συλλόγῳ.

337 1119 402 1170 ’11
431 1117 478 1170 δ’
508 1114 859 1187 εὐτραπελία,
883 1113 1177 1184 φαιδρότης
1207 1112 1312 1178 ἔξω
1340 1113 1522 1182 λόγου.
1595 1119 1598 1122 ’

333 1207 432 1260 110
464 1205 640 1273 Λόγου
664 1203 721 1258 δὲ
751 1204 909 1274 μωρί⁹
941 1203 1089 1256 ἐστὶν
1119 1203 1151 1272 ἡ
1181 1202 1476 1273 ἁχρηστία.

328 1297 524 1360 Γέλως,
559 1296 792 1365 παρειᾶς
827 1293 1070 1363 βράσμα,
1100 1291 1311 1362 παλμὸς
1336 1292 1584 1363 καρδίας.

328 1387 488 1439 υῐνου
520 1385 564 1438 δ’
597 1384 836 1455 ἄμετρον
866 1385 1064 1454 χρῆσιν
1094 1383 1214 1435 εἰπὲ
1241 1382 1339 1453 τὴν
1371 1382 1566 1452 μέθην,

328 1477 410 1530 Τὰ
429 1476 475 1530 δ’
505 1476 569 1528 ὲκ
591 1476 763 1546 μέθης
788 1474 1099 1545 ὑϐρίσμαθ’,
1125 1477 1160 1546 ἡ
1189 1473 1463 1546 παροινία.

338 1567 400 1620 ’11
429 1568 704 1640 κραιπάλη
734 1567 779 1622 δ’
808 1567 975 1630 ἕωλος
1014 1566 1172 1638 ὕϐρις
1199 1567 1264 1620 ἐκ
1300 1565 1493 1636 μέθης.

1369 268 1614 327 SECTIO
1650 269 1714 326 ll.
1751 270 2078 326 POEMATA
2105 271 2439 330 MOllALlA.

3469 279 3574 338 954

1933 394 1979 449 Α
2010 386 2112 440 115
2143 387 2306 450 Φόνος
2339 387 2384 440 δ’
2409 389 2437 440 ό
2473 386 2573 458 μέν
2599 403 2682 450 τις
2715 388 3002 458 σωμάτων,
3035 389 3064 441 ό
3091 389 3136 442 δ’
3163 390 3400 454 είκόνοςο

1940 473 1946 478 ’
2013 475 2213 546 Ἀμφω
2241 476 2299 529 δὲ
2333 475 2486 538 λύσις
2517 475 2615 546 τῆς
2645 475 2806 546 φίλης
2837 476 3123 547 ἁρμονίας.

2011 567 2244 634 Πορνεία
2276 568 2369 620 καὶ
2405 567 2644 637 μοιχεία,
2685 567 2718 636 ἡ
2751 567 2847 638 μὲν
2879 567 3144 636 σωμάτων

2008 656 2188 710 Ξένων
2221 658 2393 728 κλοπή
2423 676 2528 722 τις,
2570 661 2604 730 ἠ
2636 658 2694 712 δέ
2724 675 2808 721 τις
2846 659 2940 711 καὶ
2969 659 3264 730 δαιμόνωνο

2012 749 2176 801 Ὅταν
2202 748 2338 802 θεοῦ
2371 748 2433 801 τὸ
2459 749 2681 819 φίλτρον
2714 750 2793 811 είς
2823 747 3050 819 ἐχθροὺς
3077 749 3245 819 πέσῃ.

2011 837 2118 892 1ἓο
2144 838 2548 910 Εἰδωλολάτρης
2578 839 2621 892 δ’
2647 839 2706 902 ὃς
2736 837 2883 890 σέϐει
2917 840 3012 892 καὶ
3040 839 3283 910 χρυσίον.

2011 931 2075 982 Εἰ
2101 930 2146 982 δ’
2171 929 2431 998 ὠφέλεια,
2464 931 2656 1000 κέρδος
2689 931 2769 994 είς
2802 929 2977 1001 ψυχὴν
3003 929 3214 996 λαϐεῖν,

2012 1019 2217 1089 Βλάϐη,
2238 1019 2300 1072 τὸ
2326 1019 2529 1090 ταύτην
2552 1019 2851 1090 ζημιῶσαι,
2881 1020 3110 1087 γίνεται.

2015 1111 2204 1174 Ἔλεος
2228 1111 2326 1181 μέν
2358 1112 2475 1164 ἐστι
2503 1112 2815 1182 συμπάθεια
2839 1113 3144 1183 συμφορᾶς.

2012 1198 2209 1266 Οἴκτος
2240 1201 2296 1254 δέ
2321 1203 2371 1255 κ’
2404 1198 2463 1255 εὖ
2489 1220 2544 1255 τι
2576 1202 2668 1255 τὸν
2696 1202 3004 1256 πεπονθότα
3030 1201 3247 1272 δράσαι.

2013 1292 2114 1346 125
2151 1292 2302 1357 Ἔξις
2329 1292 2386 1346 δὲ
2413 1293 2543 1346 ποιὰ
2573 1293 2710 1364 πρὸς
2730 1291 2802 1346 τὰ
2829 1291 3134 1363 πράγμαθ’,
3155 1293 3183 1342 ό
3206 1290 3408 1362 τρόπος
3426 1303 3443 1321 '

2007 1379 2181 1446 Ἦθος
2207 1383 2263 1436 δὲ
2295 1383 2525 1454 πλάσμα
2559 1384 2654 1437 τοῦ
2685 1384 2887 1455 τρόπου
2921 1385 3248 1455 κατήγορον.

2011 1472 2363 1538 Διδασκαλία,
2389 1473 2631 1538 τύπωσις
2665 1473 2814 1544 ἔργῳ
2841 1474 2936 1527 καὶ
2963 1474 3124 1544 λόγῳ.

2010 1565 2178 1634 Λόγος
2199 1564 2244 1618 δ’
2271 1565 2492 1637 ἄριστός
2511 1567 2629 1621 ἐστι
2658 1567 2984 1638 φαρμακεὺς
3013 1564 3228 1620 κακῶνο

817 1803 973 1872 Actio
996 1803 1082 1857 vel
1109 1803 1308 1858 oratio.
1342 1801 1640 1857 Maledictis
1678 1801 1927 1856 convicia
1962 1801 2175 1872 ingerit.

815 1871 1132 1941 Ohjurgatio
1157 1880 1334 1925 autem
1367 1873 1526 1926 amici
1558 1873 1780 1925 innoxia
1808 1879 1892 1925 est
1922 1871 2290 1940 reprehensio.

814 1940 1135 1995 Criminatio
1161 1949 1245 1994 est
1270 1942 1550 1996 accusatio
1583 1956 1760 1994 rerum
1790 1941 2211 2010 puniendarum.

817 2011 872 2064 Si
912 2012 1046 2064 t'alsa
1073 2011 1143 2064 sit
1174 2010 1522 2080 (accusatio).
1552 2010 1903 2080 schphantia
1932 2017 2046 2070 est;

817 2080 922 2134 105
960 2080 1015 2132 Si
1039 2076 1395 2143 clandestina,
1422 2076 1701 2133 calumnia
1732 2078 1829 2131 tihi
1860 2076 2176 2146 appellanda
2207 2085 2310 2132 est.

821 2149 1193 2218 1ιειρι·(ξιιρηείο
1223 2162 1328 2202 non
1363 2150 1497 2202 fulta
1529 2147 1961 2218 probationibus,
1992 2147 2347 2216 blasphemia.

814 2217 1110 2286 Maledicus
1149 2225 1325 2271 autem
1360 2219 1448 2271 ille
1468 2227 1574 2276 est.
1607 2217 1698 2286 qui
1722 2226 1907 2270 contra
1931 2232 2120 2272 omnes
2143 2231 2206 2274 os
2235 2232 2392 2272 suum
2422 2224 2617 2272 armat.

811 2285 1057 2356 Qomitas
1077 2293 1160 2339 est
1190 2287 1434 2340 hilaritas
1477 2287 1530 2339 in
1558 2287 1850 2356 colloquio.

814 2355 1082 2422 Dicacitas
1106 2363 1284 2408 autem
1313 2366 1395 2408 est
1419 2355 1664 2410 hilaritas
1691 2355 1840 2409 extra
1866 2355 2151 2408 rationem.

813 2424 936 2477 110.
973 2424 1253 2478 Sermonis
1287 2425 1514 2478 stultitia
1539 2424 1658 2492 ejus
1687 2433 1771 2477 est
1794 2424 2080 2476 inutilitas.

815 2492 981 2563 Elisus
1011 2507 1270 2563 genarum
1301 2502 1383 2548 est
1420 2491 1708 2562 impulsus,
1743 2493 2072 2548 subsultatio
2096 2491 2301 2547 cordis.

814 2560 936 2615 Vini
968 2560 1316 2615 immodicum
1349 2560 1514 2615 usuni
1542 2578 1671 2616 voca
1694 2563 2091 2625 temulentiam,

814 2630 893 2700 Ex
925 2631 1239 2685 temulentia
1262 2639 1440 2684 autem
1472 2639 1628 2685 natas
1658 2631 1885 2700 injurias
1911 2631 2414 2700 debacchationem.

815 2699 1046 2770 Crapula
1069 2717 1216 2762 vero,
1252 2701 1549 2770 petulantia
1577 2708 1659 2754 est
1695 2699 1934 2770 profecta
1962 2715 2026 2770 ex
2065 2699 2312 2770 pridiana
2345 2703 2626 2758 ebrietate.

815 2769 1130 2839 llS'Czedes
1155 2769 1362 2839 aliaest
1394 2769 1711 2837 corporum,
1735 2769 1839 2822 alia
1861 2769 2063 2839 divin-.e
2091 2769 2377 2839 imaginis;

815 2837 1058 2906 Utraque
1081 2850 1259 2892 autem
1290 2838 1576 2893 dissolutio
1608 2840 1786 2892 chara:
1815 2837 2226 2894 concinnitatis:

817 2908 1086 2962 Scortaiio
1111 2917 1164 2963 et
1190 2909 1536 2970 adulterium,
1563 2909 1668 2961 alia
1701 2915 1827 2961 sunt
1850 2921 2140 2975 corporum

814 2977 1130 3048 Alienorum
1156 2979 1309 3048 quasi
1341 2978 1588 3048 quaedam
1620 2975 1782 3048 furta,
1813 2977 1915 3028 alia
1938 2977 2278 3048 d:emon_um;

814 3045 1187 3127 (Euimscilicet
1213 3045 1372 3127 amor
1391 3047 1485 3101 Dei
1513 3047 1579 3101 ad
1621 3045 1741 3127 ejus
1767 3046 2366 3127 hostestransferatur.

822 3115 926 3185 120
958 3115 1226 3170 ldolorum
1258 3118 1434 3170 cultor
1458 3125 1541 3170 est
1572 3115 1820 3185 quisquis
1849 3115 1976 3168 colit
2005 3129 2217 3185 aurum.

824 3184 882 3238 Si
917 3186 1123 3240 utilitas
1147 3193 1250 3250 est,
1283 3187 1492 3239 lucrum
1531 3183 1846 3240 in'auimam
1883 3183 2195 3239 redundans
2235 3183 2432 3252 facere,

819 3252 1174 3329 damur-aest.
1204 3270 1325 3309 cum
1353 3255 1612 3329 damnum
1645 3253 1859 3329 aliquod
1886 3254 1939 3329 ei
1973 3252 2216 3329 allertur.

821 3322 1194 3379 Misericordia
1221 3332 1304 3380 est
1338 3325 1599 3378 naturalis
1631 3322 1855 3378 allectus
1886 3323 1938 3375 in
1973 3324 2164 3378 alienis
2197 3324 2596 3380 calamitatibus
2629 3341 2644 3379 :

823 3393 1110 3465 Miseratiq
1127 3401 1328 3465 autem,
1351 3395 1511 3465 etiam
1535 3409 1680 3465 eum,
1705 3394 1796 3462 qui
1823 3393 2185 3465 calamitatem
2211 3409 2404 3463 passus
2433 3403 2536 3457 est,
2564 3395 2777 3465 juvarc.

824 3462 928 3532 125
965 3457 1190 3516 Habitus
1213 3463 1336 3518 talis
1363 3463 1443 3517 vel
1459 3457 1605 3517 "talis
1632 3457 1757 3532 erga
1787 3478 1895 3524 res,
1935 3457 2311 3532 cujusque'est
2339 3457 2568 3521 indoles.

821 3530 1000 3602 Mores
1031 3547 1157 3602 vero
1182 3532 1494 3601 ﬁgmentum
1536 3541 1681 3602 sunt,
1701 3530 1822 3602 'quo
1852 3530 2165 3601 designatur
2195 3533 2424 3590 indoles.

824 3600 1079 3670 Doctrina
1106 3600 1335 3655 aliorum
1369 3610 1452 3656 est
1480 3600 1790 3656 informatio
1820 3616 1982 3670 opere
2019 3611 2073 3655 et
2107 3619 2376 3662 sermone.

826 3668 1017 3727 Sermo
1039 3680 1219 3727 autem
1251 3673 1489 3741 optimus
1525 3679 1612 3727 est
1650 3668 1947 3728 remedium
1975 3673 2266 3736 vitiorum;

402 3845 506 3900 106
557 3845 930 3910 Ἀνεύθυνος.
952 3842 1200 3900 Combel'.
1225 3844 1509 3914 legendum
1535 3853 1721 3901 censet
1747 3845 1908 3899 ὑπεύ-

331 3914 508 3980 θυνος.
553 3933 572 3967 ι
609 3914 820 3969 Adduci
869 3931 974 3968 non
1011 3930 1254 3984 possunt,
1306 3916 1500 3984 inquit,
1537 3923 1598 3970 ut
1651 3917 1724 3970 ita
1766 3915 1902 3970 Gre-

333 3986 518 4054 gorius
549 3985 944 4053 blasphemiam
976 3985 1196 4048 dixerit,
1241 3988 1397 4055 quasi
1423 4000 1601 4055 quam
1645 3985 1772 4054 quis
1805 3988 1904 4039 im-

334 4053 477 4121 pune
524 4062 764 4115 evomat,
815 4062 870 4108 et
913 4071 1018 4110 non
1069 4053 1618 4123 ροιίυεὺπεύθυνον,
1668 4053 1786 4124 qua’
1834 4057 1906 4108 sit

332 4140 496 4190 ρωηω
526 4125 775 4178 obnoxia.
824 4143 843 4174 ι
892 4124 1204 4188 Ἀνεύθυνος
1246 4135 1427 4180 autem
1473 4125 1668 4193 exponi
1706 4132 1903 4194 potest,

332 4209 433 4246 non
473 4194 739 4256 discussa,
792 4211 892 4247 non
921 4197 1246 4252 examinata.
1280 4196 1548 4249 (la-terum
1598 4195 1706 4247 alio
1741 4209 1903 4248 sensu

331 4272 385 4316 et
414 4266 759 4334 accuratiore
802 4265 940 4319 solet
975 4267 1149 4334 accipi
1185 4281 1287 4320 vox
1321 4265 1447 4327 ista,
1483 4263 1832 4331 blasphenua.

403 4333 509 4387 118
545 4334 866 4405 Δαιμόνων.
912 4335 1047 4405 Cum
1077 4333 1200 4405 quis
1231 4335 1572 4390 daemonibus
1604 4335 1812 4405 servire
1851 4344 1904 4388 et

331 4402 560 4474 obsequi
595 4404 777 4472 potius
803 4419 968 4475 quam
1005 4402 1114 4459 Deo
1138 4405 1340 4462 studet.
1375 4406 1534 4472 Quod
1563 4408 1618 4460 in
1656 4404 1906 4474 Scriptu-

2013 3849 2092 3918 [is
2124 3847 2408 3916 fornicatio
2450 3859 2506 3904 et
2546 3849 2806 3918 fornicari
2845 3848 3170 3918 appellatur,
3197 3847 3324 3902 Jud.
3356 3863 3434 3918 iu,
3465 3849 3536 3918 _l_7
3577 3868 3592 3905 :

2014 3915 2366 3972 Fornicanles
2396 3915 2646 3988 cumdiis
2681 3915 2946 3988 alienis“
2965 3917 3200 3988 Paralip.
3230 3935 3282 3979 v,
3312 3917 3382 3970 25
3405 3935 3417 3969 :
3444 3915 3589 3988 Far-

2013 3989 2174 4040 m'cali
2203 3998 2323 4040 sunt
2352 3997 2469 4056 post
2501 3987 2625 4042 deos
2643 3997 2734 4051 ;et
2751 3987 2898 4041 l’sal.
2928 4003 3098 4051 Lxxu,
3134 3987 3201 4040 27
3232 4005 3245 4042 :
3279 3988 3384 4053 Qui
3423 3987 3586 4056 [υννεξ-

2012 4067 2203 4111 cantur
2230 4057 2322 4112 abs
2355 4068 2421 4111 te.
3131 4083 3154 4105 ο

2085 4127 2188 4181 126
2215 4121 2393 4192 Ἦθος
2423 4134 2478 4181 et
2504 4127 2744 4194 τρόπος,
2781 4140 2944 4181 voces
2984 4135 3113 4180 sunt
3151 4125 3359 4189 afﬁnes,
3407 4125 3584 4194 inquit

2011 4195 2285 4259 Combel.,
2331 4197 2555 4267 vultque
2581 4195 2895 4266 Gregorius,
2931 4199 3073 4266 quod
3103 4196 3452 4267 consuetudo
3476 4197 3585 4264 ple-

2013 4281 2243 4337 rumque
2267 4266 2503 4322 indolem
2535 4281 2823 4335 moresque
2848 4267 3045 4328 lirmet,
3076 4273 3130 4321 et
3160 4269 3232 4320 ita
3265 4283 3364 4321 nos
3387 4266 3456 4319 ad
3484 4267 3580 4320 ali-

2011 4337 2142 4408 quid
2179 4337 2498 4402 habeamus,
2536 4346 2597 4391 ut
2623 4337 2827 4393 assueti
2866 4351 3074 4393 sumus.

1637 4583 1969 4643 METRICA
1989 4581 2288 4642 VERSIO.

333 4747 450 4808 ESI,
484 4745 741 4814 actioque
769 4745 968 4814 probra
995 4741 1100 4798 fert
1123 4742 1452 4798 convicium.

331 4815 567 4880 Querela
597 4815 758 4868 amici
788 4816 925 4870 lenis
957 4823 1044 4868 est
1070 4814 1441 4883 reprehensio.

329 4887 400 4937 At
427 4884 664 4954 crimen,
700 4883 894 4938 horum
923 4891 1026 4950 est,
1059 4886 1143 4939 lex
1174 4884 1377 4954 quibus
1403 4898 1619 4953 pmnam
1649 4884 1874 4954 irrogat.

333 4952 583 5025 conﬁcta
617 4955 665 5007 si
687 4954 802 5011 siut
832 4955 1085 5020 crimina,
1111 4952 1601 5025 est—sycopl’iantia.

334 5024 386 5076 ld
413 5023 459 5076 si
493 5023 746 5087 latenter,
776 5031 889 5077 tum
917 5039 1104 5078 vorem
1144 5023 1498 5078 calumniam.

334 5093 560 5165 impune
581 5107 706 5146 cum
735 5095 860 5162 quis
897 5095 1092 5164 carpit,
1115 5103 1200 5150 est
1227 5094 1562 5165 βλασφημία.

335 5161 632 5235 ριςιίειιῇουε
665 5161 849 5235 autem
894 5161 1010 5228 est;
1035 5179 1131 5220 ore
1155 5161 1250 5235 qui
1283 5161 1514 5220 cunctos
1544 5161 1698 5234 petit.

333 5232 387 5286 ln
419 5233 789 5301 colloquendo
825 5235 1070 5289 suavitas
1099 5232 1187 5290 est
1213 5235 1465 5290 comitas.

337 5302 587 5356 Rationis
615 5318 814 5372 expers
846 5303 1118 5370 hilaritas,
1154 5305 1436 5360 dicacitas.

336 5371 584 5426 Stultitia
624 5371 775 5435 vero,
824 5388 1006 5428 sermo
1029 5390 1154 5428 cum
1183 5391 1319 5431 vane
1349 5375 1488 5429 lluit.

336 5439 898 5526 ﬁisusgenarum'est
925 5454 1091 5526 aestus
1123 5463 1136 5499 :
1177 5445 1487 5526 hiepectus
1521 5444 1704 5500 micat.

336 5507 484 5582 l_Jsus
518 5507 637 5582 l'yaai
674 5513 880 5568 nimius
908 5523 992 5568 est
1027 5507 1365 5569 temulentia.

339 5575 555 5660 Exorta:
571 5583 698 5635 vino
730 5583 949 5651 probra,
979 5583 1356 5660 debacchatio.

349 5653 605 5722 'Jrapula,
637 5662 887 5722 proterve
920 5663 1042 5724 post
1077 5669 1282 5710 merum
1316 5656 1361 5711 si
1388 5665 1438 5710 te
1465 5669 1640 5724 geras.

2016 4742 2112 4813 Est
2146 4757 2252 4796 uua
2291 4740 2469 4796 cades
2489 4739 2767 4813 corporis,
2797 4736 2979 4813 animi
3016 4736 3184 4813 altera
3217 4753 3229 4787 :

2014 4811 2120 4868 Per
2151 4822 2441 4880 utramque
2469 4809 2651 4865 dulcis
2674 4808 2904 4862 solvitur
2927 4808 3215 4880 conuenio.

2014 4883 2278 4949 Stuprum
2311 4870 2508 4950 duplex
2545 4887 2648 4941 est,
2686 4886 2848 4944 atque
2887 4874 3216 4950 adulterium
3245 4870 3466 4940 duplex.

2015 4943 2336 5020 Subripitur
2363 4943 2472 5020 u'no
2493 4961 2742 5020 corpus;
2764 4943 2823 4996 at
2843 4957 3022 5020 mens
3043 4943 3233 5020 altero.

2015 5024 2118 5076 119
2144 5009 2368 5086 ρἰιοιὶοε
2398 5016 2463 5070 ad
2491 5009 2676 5071 hostes
2699 5012 2944 5066 Numinis
2973 5011 3230 5080 philtrum
3263 5009 3431 5063 cadit.

2013 5091 2358 5150 ldololatras,
2383 5089 2476 5158 qui
2509 5088 2696 5139 colunt
2728 5096 2945 5158 aurum,
2971 5095 3130 5134 voca.

2014 5163 2147 5215 Cum
2175 5149 2362 5212 nostra
2402 5149 2614 5210 lucrum
2647 5167 2798 5206 meus
2820 5151 2968 5212 facit,
2995 5161 3108 5204 tum
3136 5149 3238 5204 hoc
3267 5150 3420 5213 utile,

2013 5229 2235 5285 Jactura
2260 5227 2456 5281 mentis
2483 5238 2608 5278 cum
2639 5222 2714 5284 lit,
2745 5223 2849 5274 hoc
2877 5221 3079 5273 malum
3113 5228 3262 5288 puta.

2019 5299 2230 5363 Ἔλεος,
2261 5297 2448 5352 dolore
2475 5301 2560 5348 est
2589 5292 2722 5363 allici
2763 5290 2834 5344 oh
2863 5303 3022 5363 casus
3056 5304 3247 5363 graves
3288 5305 3305 5343 :

2017 5359 2230 5432 Οῐκτοςξ
2258 5367 2429 5422 dolori
2465 5364 2577 5432 hoc
2595 5360 2812 5425 addere,
2832 5369 2904 5432 fut
2930 5359 3189 5432 miserum
3207 5359 3387 5427 juves.

2017 5441 2116 5496 Est
2147 5428 2331 5493 certus
2365 5437 2431 5490 ad
2458 5449 2544 5488 res
2570 5431 2805 5495 habitus,
2830 5428 3197 5501 hunccpdmv
3229 5437 3448 5501 vocant.

2020 5510 2441 5579 Figmentum‘at
2467 5502 2598 5576 ἦθος
2630 5515 2821 5579 rursus
2840 5508 2945 5579 est,
2980 5499 3138 5554 index
3169 5499 3394 5570 τρόπου.

2022 5569 2278 5634 DJctrina
2310 5575 2472 5631 rebus
2491 5569 2737 5634 instruit,
2771 5569 2933 5624 dictis
2959 5584 3195 5639 quoque.

2024 5652 2118 5706 list
2153 5647 2517 5718 improborum
2544 5643 2894 5713 phariuacum
2920 5655 3100 5697 sermo
3131 5640 3406 5709 optimus:
