4024 6210
289 383 314 435 1
327 381 438 436 035

697 578 780 640 IN
821 579 1198 645 PSALMUM
1240 582 1480 644 LXXX
1521 616 1524 620 -

895 703 1308 760 ENARRATIO.

944 832 1112 873 ειεξιπο
1137 814 1233 885 (α).

373 931 420 984 ι.
443 927 592 1003 (vers.
627 927 698 1002 l.]
743 929 908 1000 Loqui
945 929 1008 982 ad
1034 943 1129 984 vos
1156 930 1222 984 de
1253 931 1493 997 prmsenti
1525 927 1728 1000 psalmo
1756 943 1870 980 sus-

291 1022 532 1088 Cepimus
563 1038 574 1072 :
607 1021 819 1086 adjuvet
847 1035 1026 1074 rorem
1069 1031 1299 1074 nostram
1332 1019 1482 1089 quies
1510 1028 1681 1072 vestra
1707 1020 1754 1083 ¹;
1793 1030 1870 1072 et-

291 1110 436 1162 enim
479 1111 745 1178 al-‘quanto
783 1117 863 1162 est
890 1109 1163 1163 obtunsior
1187 1127 1200 1162 :
1228 1108 1370 1162 dabit
1404 1109 1451 1161 ei
1480 1107 1617 1162 vires
1648 1108 1869 1162 intentio

293 1199 640 1264 audientium,
663 1208 716 1252 et
737 1199 1052 1268 adjutoriutu
1076 1197 1304 1265 iubentis
1326 1208 1379 1251 ut
1405 1198 1608 1266 laquar.
1638 1197 1865 1252 Titulmn

298 1290 457 1345 habet
486 1292 721 1361 psalmus
750 1293 847 1344 iste
872 1309 884 1342 :
917 1290 982 1343 1η
1011 1292 1159 1356 ﬁnem
1194 1307 1285 1360 pro
1314 1291 1666 1354 torcularibus,
1695 1291 1868 1359 quinta

306 1381 522 1445 sabbati,
555 1380 795 1435 Psalmus
814 1383 914 1450 ipsi
941 1382 1128 1450 Asnph.
1181 1382 1233 1435 ln
1275 1398 1433 1436 unum
1468 1381 1672 1436 titulum
1703 1384 1862 1435 multa

297 1483 422 1526 sunt
445 1483 696 1542 congesta
724 1473 1005 1544 mysteria;
1055 1474 1122 1526 ita
1165 1483 1336 1528 tamen
1381 1483 1437 1527 ut
1485 1475 1640 1528 limen
1673 1474 1863 1528 Psalmi

297 1563 491 1618 iudicet
521 1565 788 1618 interiora.
820 1565 946 1638 Cum
965 1564 1030 1618 de
1049 1565 1396 1619 torcularibus
1418 1565 1636 1619 locuturi
1663 1579 1863 1628 sumus,

301 1670 457 1724 nemo
484 1666 712 1709 vestrum
739 1655 932 1725 aliquid
959 1665 1225 1724 exspectet
1269 1671 1365 1708 nos
1402 1656 1633 1709 dicturos
1659 1670 1776 1709 esse
1801 1656 1867 1709 de

303 1746 436 1809 lacu,
463 1744 530 1800 de
559 1745 726 1814 prelo,
752 1745 820 1800 de
842 1745 1069 1808 liscinis;
1093 1746 1210 1814 quia
1245 1763 1343 1801 nec
1369 1748 1479 1814 ipse
1503 1746 1736 1815 psalmus
1767 1743 1866 1800 hoc

301 1837 476 1901 habet,
516 1847 570 1893 et
615 1837 734 1891 ideo
779 1839 962 1907 magis
991 1839 1184 1892 indicat
1227 1837 1554 1908 mysterium.
1584 1837 1712 1891 Nam
1741 1845 1794 1890 et
1822 1837 1874 1890 si-

297 1928 496 1998 aliquid
517 1928 622 1983 tale
654 1928 846 1982 Psalmi
880 1938 1050 1982 textus
1074 1929 1388 1991 contineret,
1417 1943 1520 1981 non
1550 1927 1754 1981 deesset
1776 1927 1862 1995 qui

299 2030 512 2089 putaret
555 2021 616 2075 ad
661 2021 886 2075 litteram
928 2036 1044 2076 esse
1082 2021 1384 2088 accipienda
1432 2021 1737 2084 toreularia,
1772 2036 1865 2074 ure

298 2111 496 2179 aliquid
519 2112 623 2165 illic
646 2111 868 2180 amplius
893 2113 1286 2180 requirendum,
1315 2128 1410 2167 nec
1433 2113 1651 2182 mysuee
1669 2111 1864 2180 aliquid

301 2202 528 2271 positum
547 2243 561 2266 ,
592 2213 646 2257 et
685 2211 888 2256 Sacrate
929 2203 1312 2271 signiﬁcatum;
1344 2203 1434 2255 sed
1463 2203 1663 2256 diceret
1691 2220 1704 2256 :
1731 2201 1868 2256 Sim-

300 2294 507 2364 pliciter
544 2293 782 2350 Psalmus
808 2285 873 2348 de
903 2295 1247 2349 torcularibus
1285 2295 1545 2363 loquitur,
1576 2304 1629 2348 et
1658 2305 1708 2346 tu
1739 2294 1863 2347 mibi

297 2387 482 2440 nescio
506 2385 628 2456 quid
657 2385 795 2439 aliud
826 2385 1128 2455 suspicaris.
1171 2385 1310 2439 Nihil
1347 2387 1430 2440 hic
1473 2387 1577 2440 tale
1613 2385 1863 2447 audistis.

298 2491 418 2529 cum
447 2476 728 2544 legeretur.
770 2475 911 2544 Ergo
946 2476 1170 2542 accipite
1205 2457 1481 2530 toreularia
1515 2475 1819 2546 mysterium
1845 2477 1864 2506 ³

306 2568 578 2632 Εοριεδίω,
612 2567 749 2636 quod
781 2583 918 2621 nunc
941 2570 1132 2636 agitur.
1167 2568 1222 2622 lu
1252 2568 1600 2624 torcularibus
1629 2567 1866 2623 animad-

303 2659 553 2711 vertimus
594 2658 835 2726 quaedam
874 2657 971 2711 tria
1003 2677 1014 2710 :
1046 2672 1374 2726 prcssuram,
1414 2667 1469 2713 et
1511 2657 1578 2712 de
1620 2673 1864 2728 pressura

302 2749 540 2817 quaedam
576 2749 713 2813 duo;
757 2765 914 2802 unum
953 2748 1378 2814 recondendum,
1427 2749 1651 2804 alterum
1698 2751 1864 2822 proji-

300 2840 564 2894 ciendum.
597 2840 680 2895 Fit
708 2855 834 2911 ergo
861 2842 911 2895 in
943 2840 1189 2896 torculari
1209 2841 1555 2904 conculcatio,
1575 2841 1862 2905 tribulatio,

304 2931 508 2999 pondus
533 2949 545 2984 :
573 2941 626 2984 et
652 2931 704 2984 in
731 2931 812 2985 his
840 2932 1011 2986 oleum
1039 2932 1297 3000 eliquatur
1320 2931 1524 2985 occulte
1545 2930 1596 2984 in
1624 2932 1870 3001 gemella-

304 3025 468 3086 rimn;
497 3038 708 3075 amurca
734 3022 942 3092 publice
965 3038 1055 3090 per
1081 3022 1280 3091 plateas
1303 3023 1484 3076 currit.
1517 3022 1771 3076 lntendite
1798 3023 1864 3076 ad

303 3130 549 3183 magnum
593 3113 695 3168 hoc
739 3114 1116 3182 spectaculum.
1161 3113 1274 3167 Non
1310 3114 1449 3167 enim
1497 3113 1689 3168 desinit
1728 3113 1865 3168 Deus

303 3203 504 3257 rderc‘
534 3203 683 3256 nobis
729 3203 866 3272 quod
905 3219 1024 3256 cum
1065 3218 1254 3272 magno
1291 3203 1480 3273 gaudio
1520 3215 1819 3274 spectemus
1851 3224 1863 3258 :

302 3308 393 3350 aut
431 3298 556 3352 circi
602 3296 803 3351 insania
848 3295 967 3349 huic
1011 3297 1310 3365 spectaculo
1349 3297 1697 3366 comparanda
1745 3298 1866 3350 est?

303 3386 394 3441 Illa
419 3387 484 3440 ad
512 3402 775 3442 amurcam
799 3387 1042 3455 pertinet,
1067 3388 1164 3442 hoc
1186 3387 1250 3441 ad
1269 3389 1463 3442 oleum.
1496 3388 1714 3456 Quando
1741 3406 1866 3458 ergo

301 3479 495 3532 auditis
521 3479 900 3532 contumaciter
936 3477 1136 3546 garrire
1181 3479 1534 3547 blasphemas,
1573 3488 1629 3535 et
1668 3480 1862 3546 dicere,

301 3568 572 3622 abundare
588 3581 856 3637 presseras
876 3568 1202 3636 temporibus
1217 3569 1542 3634 Christianis;
1565 3570 1710 3625 scitis
1725 3570 1862 3626 enim

303 3661 424 3731 quia
447 3662 546 3716 hoc
574 3671 750 3714 amant
777 3661 952 3714 dicere
982 3678 994 3713 :
1024 3669 1076 3714 et
1107 3670 1254 3715 vetns
1282 3660 1490 3729 quidem
1511 3701 1525 3724 ,
1556 3660 1646 3717 sed
1672 3676 1700 3715 a
1727 3671 1864 3716 tem-

303 3751 518 3820 poribus
545 3750 842 3804 cbristianis
867 3749 1027 3817 erepit
1045 3749 1398 3818 proverbium,
1420 3749 1529 3804 Non
1552 3751 1682 3819 pluit
1705 3750 1861 3816 Deus,

303 3843 405 3897 duc
432 3843 497 3898 ad
524 3843 867 3898 Christianos.
900 3841 1205 3910 Quanquam
1239 3842 1440 3910 priores
1474 3841 1571 3896 ista
1599 3833 1860 3896 dixerunt.

306 3933 396 3986 Isti
439 3943 606 3986 autem
652 3931 810 3985 modo
851 3930 1033 3984 dicunt
1075 3940 1128 3984 et
1167 3930 1286 4000 quia
1314 3930 1445 4000 pluit
1476 3930 1633 3989 Deus.
1667 3930 1773 3983 Duc
1797 3931 1862 3984 ad

279 4016 282 4017 ⁷
310 4020 630 4075 Christianos
661 4039 674 4074 :
710 4035 814 4074 non
856 4021 988 4089 pluit
1035 4019 1196 4083 Deus,
1225 4035 1327 4071 non
1356 4021 1708 4085 seminamns;
1735 4019 1864 4090 pluit

305 4112 477 4176 Deus,
518 4129 622 4167 non
666 4113 970 4167 trituramus
988 4110 1028 4168 ‘.
1075 4111 1140 4165 Et
1179 4109 1299 4165 inde
1341 4111 1522 4165 volunt
1568 4114 1860 4183 superbire,

262 4289 274 4302 ,
365 4246 384 4308 ξ
417 4246 492 4294 sic
511 4244 734 4308 meliores
753 4253 859 4295 Mss.
886 4244 1093 4308 At_Edd.,
1125 4243 1208 4308 qui
1226 4249 1272 4295 et
1293 4251 1514 4295 vestram.

365 4307 389 4337 ³
424 4307 600 4368 ltemig.
629 4316 723 4361 \ts.,
751 4305 1049 4368 martyrium.

300 4429 338 4479 ά
365 4368 386 4398 ³
417 4366 680 4478 εἰὲεξιιιίςξ.
706 4377 787 4418 Ms.
807 4377 861 4418 Al.
879 4366 1014 4428 sua,
1041 4367 1214 4418 deserit
1236 4366 1380 4428 (forte
1403 4381 1515 4430 pro,
1540 4368 1714 4432 deerit)
1738 4379 1866 4423 Deus

337 4442 441 4479 are.

337 4437 441 4488 are,
463 4437 558 4478 etc.

366 4491 388 4521 δ
419 4487 567 4538 Editio
587 4496 658 4538 Er.
684 4491 759 4540 hic
927 4487 993 4539 ad
1013 4487 1320 4540 christianos.
1347 4497 1453 4541 Lor.
1491 4499 1655 4542 autem
1685 4507 1699 4541 :
1735 4493 1865 4546 dicat

302 4551 615 4615 Christianus.
639 4558 690 4615 Et
726 4551 883 4601 altero
916 4549 1040 4615 infra
1064 4550 1186 4615 loco,
1210 4550 1432 4615 pro,_duc
1468 4551 1534 4615 ad
1555 4551 1859 4615 Christianos,

303 4620 508 4677 utraque
530 4613 678 4662 editio
701 4615 874 4677 habet,
891 4610 1054 4662 dicant
1073 4610 1344 4677 christiani.
1369 4613 1562 4677 Quidam
1598 4627 1716 4665 vero
1735 4610 1861 4677 libri,

300 4673 486 4739 scilicet
500 4681 679 4724 Geinm.
695 4673 918 4739 _Prate_ll.,
942 4680 1054 4739 ete.,
1080 4673 1173 4724 alio
1197 4676 1452 4739 verborum
1476 4676 1648 4739 ordine
1666 4673 1862 4739 proves;

299 4735 433 4784 bium
457 4744 672 4784 reerunt
695 4736 820 4784 hunc
835 4737 883 4784 in
899 4734 1087 4801 modum
1105 4748 1116 4783 :
1141 4734 1279 4797 coepit
1297 4733 1614 4801 proverbium,
1628 4733 1728 4788 Non
1744 4737 1866 4801 ptuit

297 4803 445 4858 Deus,
468 4809 560 4846 non
591 4809 877 4846 semmamus
904 4794 1059 4858 :pluit
1086 4794 1227 4858 Deus;
1251 4794 1342 4858 non
1365 4794 1661 4848 trituram.
1699 4794 1754 4850 Ei
1787 4814 1865 4852 se-

297 4857 478 4925 quitur,
495 4857 764 4925 _.\t_m_ptuat
785 4866 927 4917 Deus,
942 4856 1080 4907 dicat
1100 4856 1393 4925 (itu-istiagms
1411 4864 1509 4925 ;__et
1545 4858 1678 4919 pluet
1702 4869 1861 4925 ρεαδ,

295 4917 428 4990 dicat
447 4917 762 4990 ξΙυὶδςᾱυξζιςς.
789 4931 1064 4990 quiutqtuan
1087 4917 1269 4990 prietes
1298 4917 1388 4969 ista
1411 4917 1669 4990 dixerunt:
1692 4920 1744 4971 hi
1773 4917 1862 4990 au;

293 4986 390 5030 tem
411 4986 458 5048 et
493 4980 634 5030 modo
656 4979 836 5048 dictant,
861 4989 905 5031 et
931 4979 1045 5030 inde
1073 4979 1230 5048 uolunt
1267 4980 1528 5043 superbire,
1571 4991 1664 5048 etc.
1706 4990 1757 5048 [fit
1778 4989 1860 5048 qui

295 5043 507 5110 omnium
531 5043 886 5110 yetustissimus
905 5050 1052 5104 atque
1068 5043 1258 5110 optimm
1278 5051 1406 5092 nota:
1425 5051 1520 5102 est,
1538 5046 1675 5110 θοι-η.
1714 5043 1863 5098 habet

293 5105 362 5166 sic
385 5117 398 5166 ;
425 5102 565 5166 coepit
587 5103 900 5166 proverbium,
938 5101 1035 5154 non
1079 5101 1198 5165 pluit
1237 5111 1381 5166 Deus,
1415 5101 1513 5154 non
1543 5105 1858 5166 sentiremus:

293 5165 414 5228 pluit
445 5163 699 5223 Deus,'rtou
720 5164 998 5228 trituramus
1023 5163 1108 5228 :_et
1143 5177 1235 5228 non
1255 5163 1376 5228 pluit
1407 5173 1552 5228 Deus,
1575 5165 1703 5218 dicat
1725 5167 1864 5219 Chri-

291 5225 495 5289 uanius.
517 5235 798 5289 Quanquam
827 5225 1007 5289 priores
1035 5225 1128 5289 ista
1161 5225 1388 5289 dixerunt
1412 5239 1430 5276 :
1450 5225 1502 5277 hi
1527 5225 1685 5279 autem
1721 5231 1862 5282 modo

292 5287 530 5350 dicautet
565 5285 678 5344 quia
699 5285 834 5350 pluit
861 5295 1002 5346 Deus,
1030 5286 1160 5337 dicat
1194 5287 1503 5350 ('Itristianus.
1548 5290 1666 5340 Inde
1704 5291 1862 5342 colum

291 5347 558 5409 supertire,
580 5357 674 5397 etc.
697 5347 786 5398 Sed
809 5356 917 5412 apta
941 5361 1037 5412 pra:
1050 5350 1244 5412 caeteris
1265 5349 1539 5412 faciliorque
1563 5351 1664 5400 visa
1688 5360 1762 5402 est
1787 5353 1860 5403 le-

291 5412 388 5458 ctio
409 5417 514 5460 uss.
544 5417 658 5471 Reg.
687 5418 736 5458 et
754 5409 971 5473 Remigi:
998 5419 1103 5473 Non,
1118 5409 1238 5473 pluit
1264 5419 1404 5473 Deus,
1423 5409 1518 5473 diu:
1531 5413 1598 5461 ad
1635 5412 1862 5465 Christia-

292 5483 395 5528 nos,
420 5480 535 5536 δια,
558 5477 606 5536 et
627 5473 739 5536 quia
761 5471 1046 5536 pluitjDeus,
1071 5471 1250 5536 ducat!
1253 5471 1570 5536 (hrists'tmos;
1582 5473 1628 5523 id
1654 5482 1730 5536 est
1751 5489 1862 5526 cau-

291 5545 395 5597 sam
420 5546 466 5597 in
488 5531 776 5597 christianos
805 5531 958 5597 refer,
977 5533 1113 5596 juxta
1151 5532 1264 5583 illud
1290 5535 1416 5597 quod
1441 5531 1586 5597 etiam
1629 5536 1678 5584 in
1707 5534 1792 5586 lib.
1830 5537 1861 5587 2

290 5592 359 5659 de
387 5595 582 5659 ciritate
611 5596 788 5659 (εἑ
817 5595 865 5654 5,
899 5594 966 5642 ait
979 5592 1001 5644 ’ς
1036 5603 1227 5659 «tortum
1250 5592 1375 5659 esse
1409 5595 1618 5659 _vulgare
1659 5610 1858 5659 prover-

297 5672 321 5699 σ
347 5654 492 5721 ἕψω,
517 5657 674 5721 Pluvia
695 5654 826 5721 deﬁt,
854 5668 998 5721 causa
1018 5657 1280 5721 Christiani.
1299 5673 1331 5721 ar
1367 5657 1482 5721 Hinc
1500 5654 1704 5721 quoque
1741 5667 1857 5710 Ter.

289 5713 522 5765 tullianus
536 5718 592 5768 in
616 5717 943 5780 Apologctico,
966 5729 1010 5767 c.
1034 5716 1094 5766 40
1116 5731 1128 5766 :
1160 5737 1183 5764 ι
1203 5721 1247 5768 si
1268 5719 1471 5781 Tiberis,
1497 5713 1667 5783 inquit,
1688 5732 1859 5772 ascen-

351 5797 426 5861 (α)
449 5798 512 5846 Μ
536 5798 730 5861 plebem
743 5800 1180 5861 Cartliaginensem.

225 5911 401 6018 ’καὶ
583 5883 854 5943 ΡΔἸἘΟι..
903 5875 1215 5938 XXXVII.

153 5959 368 6107 δίε

1385 374 1776 430 ΕΝᾹὶὶΒ-ᾹἹἸΟ
1815 372 1876 427 IN
1919 373 2238 434 PSALMUM
2281 379 2490 441 LXXX.

3419 396 3550 452 1034

1989 487 2125 542 unde
2153 490 2407 547 deberent
2430 497 2650 566 amplius
2679 501 3004 569 supplicare;
3035 505 3288 576 eligentes
3313 511 3550 583 blasphe-

1984 594 2128 634 mare
2153 598 2308 652 quam
2335 601 2510 639 orare.
2538 586 2668 642 Cum
2692 606 2817 661 ergo
2841 593 2936 647 ista
2965 611 3403 667 commemorant,
3425 619 3545 662 cum

1983 670 2079 725 ista
2106 672 2328 741 jactant,
2355 691 2476 732 cum
2508 679 2602 733 ista
2631 680 2826 742 dicunt.
2857 694 2906 739 et
2938 693 3318 748 contumaciter
3344 695 3544 759 dicunt,

1982 778 2084 816 non
2112 780 2231 820 cum
2261 767 2449 822 timore
2474 811 2487 831 ,
2519 771 2611 825 sed
2655 788 2772 827 eum
2805 774 3058 843 elatione,
3091 797 3194 836 non
3217 799 3310 838 vos
3339 797 3547 854 pertur-

1931 848 1933 850 ’
1979 851 2125 906 bent.
2174 855 2300 911 Puta
2341 860 2480 914 enim
2523 862 2641 928 quia
2677 878 2935 931 pressura:
2961 868 3258 935 abundant.
3289 848 3352 928 tu.
3373 879 3545 932 oleum

1978 953 2109 997 esto.
2159 945 2312 1015 Nigra
2357 945 2588 1005 tenebris
2637 952 2944 1021 ignomntim
2987 973 3196 1015 annu°ca
3233 963 3465 1030 insultet,
3493 980 3545 1023 et

1979 1034 2068 1088 illa
2100 1045 2344 1108 tauquam
2379 1055 2470 1107 per
2498 1041 2698 1110 plateas
2723 1045 2953 1112 projecta
2984 1049 3187 1116 publice
3209 1052 3423 1110 insultet
3450 1075 3462 1110 :
3491 1067 3543 1111 tu

1974 1127 2109 1192 apud
2143 1139 2192 1180 te
2230 1129 2278 1183 in
2311 1131 2470 1186 corde
2504 1141 2612 1196 tito,
2647 1135 2732 1188 ubi
2763 1139 2848 1206 qui
2880 1138 3018 1192 ridet
3042 1140 3091 1193 iu
3126 1144 3333 1198 occulto
3361 1147 3546 1203 reddet

1898 1259 1904 1264 .
1977 1217 2069 1270 tibi
2100 1217 2325 1289 (Matth.
2355 1237 2426 1284 τι,
2459 1222 2492 1276 6
2514 1222 2551 1291 ).
2576 1225 2776 1293 liquare
2804 1227 2853 1280 in
2883 1230 3266 1296 gemellarium.
3311 1236 3458 1292 Oliva
3491 1239 3540 1291 in

1972 1310 2160 1363 arbore
2212 1313 2520 1380 quibusdam
2572 1316 2781 1384 quidem
2836 1323 3256 1388 tempestatibus.
3287 1327 3538 1396 agitatur,

1975 1417 2077 1454 non
2106 1411 2277 1457 tamen
2309 1408 2569 1474 pressuris
2597 1411 2869 1465 torcularis
2894 1414 3167 1480 atteritur;
3201 1417 3318 1472 ideo
3349 1429 3541 1475 utrum-

1972 1509 2072 1562 que
2115 1497 2269 1548 simul
2301 1497 2492 1564 pendet
2517 1515 2583 1553 cx
2609 1500 2797 1557 arbore
2821 1543 2834 1566 ,
2880 1512 2934 1557 et
2974 1506 3114 1574 quod
3158 1508 3540 1578 projiciendum

1973 1594 2074 1648 est,
2104 1594 2157 1639 et
2184 1586 2323 1655 quod
2367 1589 2757 1650 recondendum
2787 1603 2866 1647 cst
2896 1612 2907 1648 :
2937 1605 2991 1650 at
3016 1597 3102 1651 ubi
3133 1597 3198 1652 ad
3230 1602 3460 1656 torcular
3486 1613 3542 1656 et

1972 1691 2246 1745 pressuras
2280 1690 2491 1734 ventum
2533 1681 2706 1748 fuerit,
2741 1695 3021 1756 utrumque
3049 1687 3386 1759 discernitur,
3413 1693 3542 1748 diri-

1972 1768 2158 1832 mitur;
2187 1779 2239 1823 et
2267 1769 2409 1825 aliud
2433 1774 2715 1843 appetitur,
2746 1777 2883 1830 aliud
2911 1779 3194 1849 respuitur.
3222 1781 3394 1838 Vultis
3413 1801 3544 1841 nos-

1970 1874 2027 1913 sc
2052 1860 2156 1913 vim
2186 1862 2522 1917 torcularium
2557 1865 2808 1920 istorum?
2834 1867 2902 1922 Ut
2932 1885 3096 1925 unum
3123 1872 3318 1942 aliquid
3344 1874 3537 1944 dicam,

1973 1951 2109 2006 unde
2139 1963 2191 2006 et
2222 1953 2317 2023 ipsi
2344 1967 2674 2011 murmurant
2698 1960 2785 2028 qui
2827 1976 2886 2014 ea
2928 1962 3122 2017 faciunt
3151 1983 3162 2017 :
3191 1966 3432 2035 Quantre,
3457 1970 3536 2022 ill--

1970 2046 2156 2111 quiunt
2177 2087 2192 2108 ,
2230 2047 2427 2113 rapinae
2453 2051 2773 2119 temporibus
2802 2055 3016 2117 nostris,
3044 2066 3253 2123 quantae
3280 2073 3537 2126 pressura:

1972 2137 2369 2207 innocentium,
2410 2151 2618 2210 quantae
2661 2145 3069 2211 exspoliationcs
3123 2164 3302 2204 rerum
3351 2151 3538 2206 aliena-

1969 2231 2116 2284 rum!
2167 2232 2237 2284 Ita
2269 2247 2396 2286 sane
2423 2233 2474 2286 in
2511 2250 2778 2289 amurcam
2825 2239 3082 2304 attendis,
3111 2241 3229 2314 quia
3267 2242 3539 2311 rapiuntur

1970 2337 2057 2375 res
2084 2322 2268 2377 aliena:
2294 2341 2308 2386 ;
2352 2325 2403 2378 in
2431 2325 2607 2380 oleum
2644 2343 2747 2380 non
2779 2329 3005 2382 attendis
3029 2371 3044 2394 ,
3072 2333 3191 2400 quia
3217 2335 3537 2403 pauperibus

1968 2409 2234 2465 donantur
2273 2422 2325 2467 et
2364 2415 2606 2482 praprite.
2637 2415 2747 2469 Non
2802 2416 3028 2472 habebat
3067 2422 3354 2490 antiquitas
3403 2424 3535 2479 tales

1971 2511 2210 2569 raptores
2239 2519 2412 2557 rerum
2441 2504 2762 2572 alienarum;
2805 2507 2899 2562 sed
2929 2523 3031 2563 non
3061 2509 3286 2567 habebat
3313 2515 3540 2586 antiqui-

1972 2602 2052 2647 tas
2079 2594 2208 2650 talcs
2230 2595 2515 2652 donatores
2533 2614 2709 2653 rerum
2735 2615 2969 2656 suarum.
2996 2603 3281 2673 Aliquanto
3303 2617 3424 2663 esto
3448 2623 3538 2664 cu-

1970 2684 2160 2739 riosior
2190 2686 2240 2740 in
2268 2689 2545 2756 torculari;
2588 2691 2693 2745 noli
2725 2689 2825 2746 hoc
2850 2693 3022 2748 solum
3053 2695 3231 2752 videre
3256 2698 3396 2768 quod
3437 2716 3538 2770 pu-

1973 2775 2106 2832 blice
2152 2776 2267 2833 ﬂuit
2316 2797 2328 2831 :
2377 2790 2457 2834 est
2508 2781 2707 2850 aliquid
2755 2782 2898 2853 quod
2947 2786 3232 2854 quaerendo
3280 2789 3536 2845 invenias.

1973 2868 2211 2932 Discute,
2244 2870 2363 2924 audi
2382 2911 2398 2936 ,
2425 2887 2684 2942 cognosce
2723 2889 2879 2943 quam
2907 2875 3058 2930 multi
3089 2877 3282 2931 faciunt
3305 2879 3444 2949 quod
3473 2897 3536 2936 ex

1970 2973 2062 3012 ore
2094 2959 2300 3014 Domini
2327 2976 2444 3016 cum
2468 2962 2701 3018 audisset
2727 2979 2861 3020 unus
2888 2965 3055 3032 dives,
3070 2969 3234 3024 tristis
3259 2969 3531 3028 abscessit.

1971 3052 2047 3105 Ex
2087 3051 2375 3123 Erangclio
2406 3055 2555 3108 multi
2585 3056 2823 3121 audiunt,
2861 3055 3018 3124 Vade,
3050 3062 3203 3114 vende
3235 3064 3403 3117 omnia
3427 3082 3539 3136 qua

1971 3142 2213 3212 possides,
2242 3153 2288 3197 et
2314 3144 2380 3197 da
2410 3145 2726 3214 pauperibus,
2755 3157 2799 3200 et
2829 3147 3027 3202 habebis
3055 3150 3338 3205 thesaurum
3364 3155 3415 3206 in
3435 3171 3536 3209 cte-

1969 3235 2063 3292 lis:
2102 3243 2146 3287 et
2177 3235 2281 3288 veni
2301 3274 2316 3298 ,
2343 3251 2546 3305 sequere
2569 3252 2647 3289 me
2673 3234 2798 3305 (Id.
2845 3253 2951 3304 xu,
2981 3238 3040 3292 2i
3070 3239 3088 3309 )
3119 3257 3131 3292 :
3162 3257 3266 3294 non
3309 3244 3538 3299 attendis

1969 3339 2126 3392 quam
2169 3325 2314 3378 multi
2361 3326 2410 3379 id
2460 3325 2690 3381 faciunt?
2727 3327 2922 3393 Pauci,
2964 3328 3224 3399 inquiunt,
3259 3343 3400 3388 sunt.
3434 3334 3537 3404 Ipsi

1971 3424 2142 3470 tamen
2185 3416 2333 3484 pauci
2377 3417 2550 3471 oleum
2589 3427 2738 3484 sunt;
2785 3430 2838 3473 et
2885 3421 2972 3490 qui
3024 3420 3155 3476 bene
3192 3432 3408 3479 utuntur
3455 3425 3536 3479 bis

1968 3505 2123 3561 rebus
2148 3521 2278 3576 quas
2308 3508 2604 3576 possideant,
2650 3509 2715 3563 ad
2761 3511 2935 3567 oleum
2984 3515 3284 3581 pertinent:
3311 3517 3536 3586 adjunge

1967 3597 2164 3658 nnmia,
2195 3605 2249 3651 et
2274 3595 2475 3652 videbis
2506 3598 2894 3666 patrisfamilias
2921 3603 2992 3655 tui
3025 3603 3204 3670 plenas
3229 3605 3530 3674 apothecas.

1970 3687 2129 3742 Vides
2159 3697 2424 3756 raptorem
2466 3689 2673 3759 qualem
2717 3706 2983 3760 nunquam
3018 3694 3224 3759 vidisti;
3253 3695 3372 3750 vide
3402 3688 3560 3751 con--

1883 3825 1885 3830 .
1966 3788 2280 3849 temptorem
2319 3796 2493 3836 rerum
2540 3797 2752 3836 suarum
2795 3785 3004 3852 qualem
3053 3802 3314 3856 nunquam
3338 3789 3531 3847 vidisti.

1967 3870 2142 3926 Lauda
2171 3872 2472 3938 toreularia,
2503 3873 2748 3943 impletur
2772 3875 3045 3944 prophetia
3071 3877 3137 3932 de
3168 3879 3482 3951 Apocalypsi
3515 3902 3528 3935 :

1963 3959 2140 4014 Justus
2155 3961 2344 4029 justior
2370 3961 2480 4028 ﬁat,
2505 3971 2550 4014 et
2573 3962 2806 4016 sordidus
2833 3964 3085 4018 sordescat
3123 3966 3288 4021 adhuc
3331 3969 3348 4039 (
3370 3969 3529 4038 Apoc.

1966 4049 2252 4121 3:11,“).
2302 4051 2438 4128 Ecce
2465 4053 2743 4108 toreularia
2789 4045 2983 4110 in‘hac
3028 4058 3533 4114 sententiazlustus

1956 4143 2143 4212 justiar
2171 4143 2280 4209 ﬁat,
2311 4151 2357 4197 et
2383 4142 2616 4198 sordidus
2638 4146 2894 4199 sordescat
2920 4148 3106 4203 adhuc.

2034 4234 2089 4287 2.
2118 4233 2292 4302 Quare
2319 4241 2374 4288 et
2399 4233 2571 4303 quinta
2593 4234 2823 4289 sabbati?
2851 4237 2975 4306 quid
3005 4248 3088 4293 cst
3111 4239 3248 4296 hoc?
3273 4241 3534 4298 Recurre-

1965 4340 2084 4379 mus
2108 4323 2173 4378 ad
2203 4325 2366 4393 prima
2394 4338 2554 4393 opera
2580 4324 2694 4392 Dei,
2723 4341 2791 4381 ne
2813 4325 2946 4382 forte
2974 4329 3044 4384 ibi
3074 4329 3268 4401 aliquid
3296 4333 3534 4390 invenia-

1967 4431 2083 4469 mus
2123 4431 2229 4485 quo
2275 4425 2328 4470 et
2375 4426 2760 4474 sacramentum
2815 4419 3190 4492 intelligamus.
3245 4425 3531 4484 Sabbatum

1966 4505 2107 4560 enim
2135 4507 2391 4576 septimus
2413 4507 2529 4562 dies
2555 4518 2638 4564 est
2659 4524 2765 4579 quo
2795 4513 3056 4582 requievit
3097 4514 3236 4571 Deus
3265 4517 3332 4572 ab
3359 4516 3552 4575 omni?

1963 4597 2065 4653 bus
2088 4598 2334 4667 operibus
2353 4599 2462 4652 suis
2492 4595 2512 4670 (
2526 4597 2650 4653 Gen.
2676 4616 2732 4662 ll,
2758 4600 2851 4671 2),
2879 4618 3124 4673 magnum
3153 4606 3401 4664 intimans
3421 4626 3535 4683 my-

1964 4690 2186 4746 Sterium
2232 4690 2422 4761 quietis
2467 4699 2661 4746 nostrae
2704 4692 2892 4750 future
2917 4695 2984 4750 ab
3008 4697 3257 4753 omnibus
3284 4702 3534 4770 operibus

1965 4783 2179 4840 nostris.
2211 4783 2385 4838 Prima
2415 4784 2619 4841 sabbati
2645 4785 2835 4842 dicitur
2861 4787 3064 4858 primus
3087 4789 3236 4859 dies,
3262 4808 3420 4864 quem
3446 4794 3536 4850 do-

1965 4875 2215 4930 minicum
2259 4875 2418 4931 etiam
2469 4875 2803 4932 nominamus
2835 4896 2848 4932 :
2876 4879 3109 4936 secunda
3152 4882 3394 4952 sabbati,
3437 4901 3532 4955 se-

1964 4966 2168 5022 cundus
2194 4966 2342 5041 dies;
2377 4967 2528 5022 tertia
2556 4968 2778 5036 sabbati,
2806 4970 2993 5026 tertius
3019 4971 3166 5037 dies;
3197 4984 3379 5044 quarta
3405 4977 3530 5031 sab-

1964 5057 2091 5123 bati,
2119 5065 2368 5128 quartus;
2401 5060 2572 5128 quinta
2595 5075 2720 5131 ergo
2742 5061 2953 5126 sabbati,
2981 5065 3190 5133 quintus
3215 5081 3243 5119 a
3266 5049 3546 5123 dominico,

1963 5153 2049 5208 die
2079 5170 2092 5207 :
2123 5161 2244 5223 post
2269 5169 2424 5224 quem
2451 5162 2599 5210 sexta
2625 5156 2849 5222 sabbati,
2877 5166 3056 5213 sextus
3095 5157 3236 5220 dies;
3278 5168 3330 5214 et
3359 5160 3530 5231 ipsum

1964 5247 2260 5314 sabbatum,
2283 5246 2538 5316 septimus
2565 5248 2698 5304 dies.
2726 5248 2910 5304 Videte
2936 5251 3110 5320 itaque
3135 5250 3324 5319 quibus
3349 5250 3530 5323 loqua-

1965 5348 2048 5394 tur
2092 5338 2176 5394 bie
2216 5339 2449 5409 psalmus
2474 5358 2492 5395 -:
2524 5339 2729 5396 videtur
2751 5341 2891 5396 enim
2923 5341 3049 5396 mihi
3078 5341 3328 5411 quoniam
3354 5343 3532 5417 bapti-

1971 5513 1992 5540 α
2012 5495 2082 5562 dit
2101 5495 2372 5562 inmania,
2394 5507 2434 5562 si
2457 5493 2585 5544 Nilus
2603 5507 2694 5544 non
2711 5494 2930 5562 ascendit
2964 5496 3012 5544 in
3034 5507 3166 5556 arva,
3199 5505 3317 5562 ete.,
3350 5502 3528 5562 atatim,

1970 5574 1991 5601 α
2013 5556 2299 5621 Christianos
2315 5555 2372 5602 ad
2394 5556 2607 5621 leonem,
2625 5551 2929 5621 acclamatur.
2952 5571 2975 5601 ι
2993 5551 3334 5621 _EtCyprianus
3354 5561 3412 5611 ad
3435 5551 3531 5612 De;

1961 5619 2276 5683 metrianum;
2309 5633 2332 5683 σε
2353 5616 2443 5665 sed
2464 5617 2593 5664 enim
2611 5628 2721 5666 ann
2735 5616 2866 5683 dicas
2881 5616 3383 5683 plurimos'conqueri.
3401 5625 3530 5683 quod

1970 5676 2139 5751 «bella
2178 5677 2398 5751 crebrius
2417 5684 2634 5751 surgam,
2658 5676 2784 5751 quod
2816 5676 3095 5751 lués,_quod
3126 5676 3280 5732 lamés
3309 5676 3534 5751 suariam,-

1969 5758 1993 5786 «ι
2015 5738 2242 5812 quodque.
2264 5739 2445 5812 imbres
2469 5737 2523 5788 et
2543 5737 2727 5801 pluvias
2749 5737 3090 5805 serena’lo'nga
3129 5743 3423 5808 suspendant
3440 5737 3528 5796 no;

1975 5819 1998 5847 ι
2015 5802 2092 5849 bis
2115 5807 2349 5862 Imputart,
2372 5807 2536 5851 tacere
2557 5800 2681 5850 ultra
2706 5813 2802 5850 non
2822 5809 3029 5864 oportet.
3053 5819 3077 5849 ν

2697 5885 3183 5962 (Trentc-trois.)
