4024 6210
379 341 508 398 1053

375 457 503 512 satis
530 457 779 525 loquitur.
818 454 1015 522 Quinto
1039 451 1177 508 enim
1201 449 1292 503 die
1319 447 1455 504 Deus
1481 463 1545 501 ex
1574 447 1721 516 aquis
1745 447 1945 503 creavit

379 547 655 612 animalia;
687 547 870 618 quinto
890 544 994 609 die,
1015 541 1066 597 id
1085 549 1184 606 est,
1203 541 1376 610 quinta
1398 539 1590 593 sabbati
1616 537 1747 592 dixit
1773 537 1944 592 Deus:

377 638 671 694 Producant
691 653 834 710 aqua:
853 635 1050 706 reptilia
1069 634 1353 686 animarum
1373 632 1593 684 vivarum
1614 628 1765 702 (Gen.
1779 627 1939 701 t,20).

374 717 564 790 Videte
593 747 719 804 ergo
748 745 874 794 vos,
922 728 973 782 in
1017 725 1207 796 quibus
1250 724 1361 794 jam
1400 723 1761 794 produxerunt
1797 735 1947 792 aquae

375 825 581 896 reptilia
607 824 898 878 animarum
929 820 1187 872 vivarum.
1223 815 1340 896 Vos
1365 815 1508 872 enim
1555 815 1620 870 ad
1667 815 1978 890 torcularia‘_

370 893 675 987 pertinens;
703 922 757 967 et
786 913 840 966 in
868 911 1018 965 vobis
1045 923 1176 980 quos
1203 893 1563 978 produxerunt
1598 921 1766 977 aquae,
1803 905 1944 962 aliud

369 1007 653 1078 eliquatur,
680 1004 817 1059 aliud
842 1003 1131 1074 projicitur.
1157 1001 1290 1055 Sunt
1315 1001 1455 1056 enim
1479 1001 1627 1055 multi
1659 1016 1762 1055 non
1789 1000 1945 1072 digne

376 1085 612 1157 viventes
655 1100 925 1168 Baptismo
984 1097 1120 1168 quod
1177 1105 1528 1168 perceperunt
1555 1111 1568 1149 :
1597 1110 1752 1166 quam
1796 1095 1942 1149 multi

373 1193 512 1246 enim
541 1191 784 1263 baptizati
816 1189 972 1244 hodie
998 1189 1193 1243 circum
1226 1189 1465 1258 implere,
1491 1203 1645 1258 quam
1669 1188 1821 1242 istam
1853 1189 1942 1241 ba-

372 1281 576 1338 silicam
627 1281 924 1349 maluerunt
950 1281 963 1334 l
993 1268 1162 1349 'quam
1191 1279 1336 1332 multi
1367 1277 1634 1348 bapti'zati,
1665 1287 1756 1332 aut
1793 1293 1942 1332 casas

375 1375 424 1433 in
455 1375 583 1430 vieis
609 1373 826 1440 faciunt,
856 1380 945 1426 aut
974 1387 1076 1427 non
1109 1371 1218 1425 fieri
1250 1371 1674 1441 conquerantur!
1706 1369 1942 1425 Psalmus

371 1475 546 1522 autem
577 1466 674 1520 iate
703 1481 794 1536 pro
816 1463 1149 1517 torcularibus
1188 1471 1241 1518 et
1282 1463 1454 1533 quinta
1478 1461 1687 1528 sabbati,
1719 1462 1769 1516 in
1799 1478 1944 1531 pres-

369 1575 492 1616 sura
515 1559 868 1622 discretionis,
893 1568 944 1613 et
971 1560 1020 1611 in
1049 1561 1381 1613 sacramento
1406 1555 1679 1626 Baptismi,
1702 1564 1943 1611 cantatur

369 1652 469 1724 ipsi
492 1651 681 1721 Asaph.
715 1649 891 1720 Asaph
920 1647 1078 1702 homo
1105 1647 1315 1718 quidam
1355 1646 1449 1701 fuit
1477 1647 1578 1701 hoc
1609 1647 1821 1702 nomine
1849 1662 1938 1716 ap-

372 1745 597 1814 pellatus
621 1786 634 1809 ,
664 1744 798 1798 sicut
827 1741 1054 1800 ldithun.
1084 1741 1218 1794 sicut
1246 1737 1401 1803 Core,
1433 1739 1568 1793 sicut
1597 1737 1698 1792 alia
1728 1739 1939 1794 nomina

369 1852 487 1907 qua:
531 1835 825 1892 invenimus
871 1833 923 1888 in
972 1833 1137 1888 titulis
1175 1831 1503 1887 Psalmorum
1536 1848 1549 1884 :
1579 1829 1940 1901 interpretatio

368 1921 542 1983 tamen
585 1927 813 1982 nominis
860 1925 1166 1997 mysterium
1207 1923 1412 1978 intimat
1439 1923 1658 1978 occulta:
1683 1923 1937 1979 veritatis.

370 2016 550 2087 Asaph
582 2016 774 2088 quippe
815 2015 974 2070 latine
1017 2014 1210 2068 dicitur
1248 2012 1615 2084 Congregatio.
1663 2012 1806 2083 Ergo
1847 2030 1938 2083 pro

360 2108 718 2173 torcularibus,
751 2107 921 2175 quinta
965 2104 1191 2170 sabbati,
1227 2114 1470 2159 cantatur
1514 2104 1612 2175 ipsi
1653 2104 1856 2176 Asaph;
1887 2102 1936 2158 id

355 2210 471 2274 est,
499 2214 595 2271 pro
621 2212 867 2269 pressnra
893 2195 1229 2251 discernente
1249 2237 1264 2263 ,
1294 2195 1572 2266 baptizatis
1598 2210 1663 2250 ex
1687 2210 1819 2266 aqua
1851 2210 1936 2249 re-

365 2290 524 2368 natis,
552 2299 794 2346 cantatur
818 2288 1057 2344 Psalmus
1094 2287 1372 2343 dominica:
1405 2287 1815 2359 congregationi.
1843 2286 1936 2342 Ti-

368 2383 528 2442 tulum
565 2382 618 2438 in
660 2381 840 2436 limine
877 2379 1116 2450 legimus.
1146 2389 1200 2434 et
1244 2379 1297 2434 in
1341 2379 1422 2434 his
1463 2379 1663 2450 prelis‘
1689 2379 1812 2449 quid
1837 2377 1934 2432 sibi

366 2475 515 2541 velit,
539 2473 890 2529 intelleximus
914 2459 1049 2542 :jam
1076 2471 1121 2526 si
1151 2471 1324 2542 placet
1349 2472 1504 2526 etiam
1532 2472 1701 2540 ipsam
1721 2471 1936 2526 domum

366 2549 564 2638 operis,
608 2564 658 2619 id
703 2553 806 2630 est,
849 2563 1014 2633 ipsius
1054 2562 1330 2618 torcularis
1370 2563 1616 2618 interiora
1646 2563 1931 2619 videamus.

366 2645 647 2721 Intremus,
679 2655 1038 2726 inspiciamus,
1075 2654 1420 2725 gaudeamus,
1445 2654 1744 2720 timeamus,
1771 2669 1933 2726 appe-

367 2759 563 2814 tamus,
586 2746 866 2817 fugiamus.
892 2743 1077 2799 Omnia
1111 2744 1250 2800 enim
1291 2744 1404 2799 hinc
1442 2743 1704 2801 inventuri
1725 2747 1854 2800 estis
1883 2747 1932 2799 in

365 2836 466 2893 hac
493 2837 744 2892 interiore
769 2835 948 2900 domo,
987 2833 1038 2889 id
1077 2843 1192 2899 est,
1236 2835 1286 2888 in
1327 2843 1473 2890 textu
1516 2835 1680 2903 ipsius
1725 2835 1929 2905 psalmi,

365 2945 484 2985 cum
527 2929 723 3001 legere,
766 2936 820 2983 et
856 2925 1138 2996 adjuvante
1185 2927 1427 2992 Domino,
1471 2927 1612 3000 quod
1657 2927 1932 2984 donaverit

365 3019 505 3089 loqui
536 3018 877 3086 eruperimus.

433 3113 484 3170 5.
504 3112 650 3185 (vers.
673 3109 754 3182 2.]
774 3109 1032 3176 Eecevos,
1057 3124 1090 3163 ο
1114 3109 1312 3178 Asaph,
1341 3109 1676 3179 congregatio
1701 3109 1928 3178 Domini,

372 3200 635 3259 Exsultate
663 3199 766 3253 Deo
796 3199 1012 3266 udjulori
1041 3195 1341 3251 nostro.Vos
1360 3198 1445 3266 qui
1476 3200 1774 3267 congregati
1802 3201 1929 3254 estis

363 3271 544 3357 hodie,
565 3304 660 3345 vos
678 3288 831 3343 hodie
856 3287 1029 3357 Asaph
1049 3286 1274 3351 Domini,
1302 3286 1347 3341 si
1371 3285 1581 3356 quidem
1609 3287 1758 3342 vobis
1783 3289 1928 3343 caui-

364 3394 446 3439 tur
466 3380 727 3445 Psalmus,
752 3377 848 3450 ipsi
867 3376 1064 3446 Asaph,
1087 3375 1351 3431 Exsultate
1373 3375 1475 3430 Deo
1495 3378 1717 3447 adjutori
1736 3389 1927 3437 nostra.

362 3473 643 3530 Exsultant
666 3471 752 3524 alii
783 3470 950 3532 circo;
977 3482 1069 3522 vos
1101 3467 1244 3522 Deo:
1269 3469 1532 3522 exsultant
1550 3468 1637 3522 alii
1659 3468 1925 3542 deceptori

361 3581 495 3632 suo;
545 3561 804 3620 exsultate
844 3575 938 3615 vos
978 3559 1202 3630 adjutori
1250 3569 1426 3615 vestro
1470 3577 1484 3614 :
1529 3562 1791 3618 exsultant
1832 3563 1920 3619 alii

361 3657 470 3714 Deo
496 3672 592 3711 suo
617 3653 782 3709 ventri
800 3665 930 3711 suo;
962 3650 1227 3705 exsultate
1253 3665 1345 3704 vos
1372 3650 1479 3704 Deo
1496 3660 1672 3706 vestro
1696 3651 1923 3721 adjuiori

361 3757 555 3804 vestro.
583 3743 805 3799 Jubilate
840 3740 950 3796 Deo
986 3740 1144 3795 Jacob
1175 3757 1194 3795 :
1213 3741 1332 3811 quia
1358 3749 1416 3812 et.
1436 3755 1529 3794 vos
1558 3740 1834 3810 pertinetis
1859 3742 1924 3798 ad

358 3839 554 3905 Jacob;
584 3837 692 3892 imo
720 3851 813 3892 vos
834 3835 962 3891 estis
985 3833 1165 3896 Jacob,
1198 3832 1372 3887 minor
1399 3832 1623 3903 populus
1651 3833 1733 3888 cui
1759 3835 1926 3890 servit

360 3931 528 4002 major
561 3927 685 4000 (Id.
715 3944 837 3995 xxv,
867 3926 938 3981 23
959 3926 997 3996 ).
1043 3923 1267 3979 Jubilate
1312 3923 1415 3979 Deo
1450 3923 1629 3979 Iacob.
1661 3924 1920 3997 Quidquid

359 4021 534 4076 verbis
557 4020 820 4090 explicare
851 4033 953 4071 non
981 4016 1359 4086 poteritis,non
1385 4015 1504 4071 ideo
1534 4026 1707 4070 tamen
1732 4018 1799 4070 ab
1823 4034 1922 4071 ex-

357 4114 637 4172 sultatione
664 4110 915 4169 cessatis:
939 4107 1076 4178 quod
1102 4108 1338 4177 poteritis
1361 4107 1644 4175 explicare.
1661 4106 1916 4168 clamate;

357 4203 494 4276 quod
537 4219 640 4258 non
691 4199 926 4268 pmestis,
965 4195 1199 4265 jubilate.
1249 4193 1453 4248 Etenim
1494 4208 1560 4247 ex
1604 4192 1918 4248 abundantia

286 4285 288 4287 ’
355 4284 680 4368 gaudiorum,
711 4293 793 4347 cui
823 4292 983 4344 verba
1011 4287 1257 4342 sufticere
1284 4302 1386 4338 non
1422 4292 1671 4372 possunt,
1703 4285 1753 4340 in
1776 4287 1918 4355 jubi-

355 4388 600 4442 lationem
627 4383 760 4438 solet
781 4394 1059 4451 erum-pere
1091 4396 1104 4432 :
1134 4375 1357 4431 Jubilate
1394 4375 1501 4430 Deo
1528 4376 1704 4430 Iacob.

423 4477 478 4537 4.
511 4474 657 4552 [ναῖε.
687 4472 766 4547 5.]
808 4472 1028 4552 Accipite
1062 4470 1330 4538 psalmum,
1377 4478 1422 4521 et
1456 4469 1572 4521 date
1605 4480 1912 4538 tympanum.

357 4571 423 4626 Et
448 4549 676 4638 accipite.
698 4575 752 4624 et
779 4565 912 4618 date.
936 4549 1076 4631 Quid
1102 4561 1347 4631 accipite?
1369 4559 1492 4630 quid
1520 4557 1673 4613 date?
1699 4559 1918 4630 Accipite

354 4638 622 4732 psalmum,
645 4668 693 4712 et
719 4657 836 4711 date
860 4666 1173 4728 tympanum.
1209 4652 1340 4707 Dicit
1376 4649 1600 4722 quodam
1642 4651 1758 4706 loco
1783 4656 1914 4738 apo.

351 4753 518 4809 stolus
561 4737 782 4815 Paulus,
819 4743 1214 4816 reprehendens
1257 4751 1311 4798 et
1355 4742 1559 4803 dolens,
1591 4741 1736 4812 quod
1758 4737 1914 4798 nemo

351 4845 425 4900 illi
455 4840 922 4900 commu’nicaverit
943 4839 996 4892 in
1021 4838 1214 4892 ratione
1236 4835 1342 4889 dati
1366 4844 1413 4889 et
1439 4834 1627 4904 accepti
1654 4833 1910 4906 (Philipp.

348 4954 420 5005 IV,
451 4938 516 4995 15
535 4937 576 5009 ).
605 4933 740 5002 Quid
772 4939 872 4996 est,
902 4929 956 4984 in
975 4929 1168 4983 ratione
1192 4927 1298 4981 dati
1325 4936 1372 4981 et
1396 4925 1617 4997 accepti,
1648 4925 1747 4982 nisi
1772 4925 1911 4996 quod

349 5029 454 5084 alio
479 5029 594 5083 loco
617 5030 799 5094 aperte
823 5020 1066 5091 exposuit
1092 5036 1106 5072 :
1139 5017 1199 5094 Si
1226 5033 1316 5072 nos
1350 5017 1482 5071 vobis
1514 5015 1800 5085 spiritualia
1830 5033 1910 5070 se~

349 5121 662 5180 mutavimus,
693 5129 930 5186 magnum
951 5121 1021 5166 est
1041 5111 1084 5165 si
1107 5125 1198 5163 nos
1213 5119 1379 5163 uestra
1411 5107 1638 5160 carnalia
1669 5115 1912 5160 metamus

347 5213 411 5285 (l
438 5212 555 5268 Cor.
589 5228 665 5278 ix,
693 5211 752 5266 ll
782 5209 834 5278 )?
863 5206 928 5262 Et
953 5219 1134 5260 verum
1157 5210 1244 5258 est
1271 5199 1410 5272 quod
1439 5208 1745 5270 tympanum
1771 5198 1910 5268 quod

345 5310 414 5373 de
442 5309 588 5363 corio
614 5307 700 5372 lit,
732 5303 798 5359 ad
821 5315 1034 5358 carnem
1062 5297 1307 5369 pertinet.
1336 5293 1575 5348 Psalmus
1599 5305 1727 5360 ergo
1755 5291 1910 5361 spiri-

347 5399 502 5466 tualis
527 5405 628 5462 est,
656 5405 958 5467 tympanum
1001 5389 1234 5447 carnale.
1279 5385 1420 5471 Ergo
1459 5382 1609 5454 plebs
1641 5382 1759 5449 Dei,
1786 5397 1910 5438 con-

346 5490 584 5568 gregatio
611 5486 738 5550 Dei,
765 5488 970 5558 accipite
997 5484 1281 5557 psalmum,
1328 5487 1375 5534 et
1412 5477 1530 5532 date
1574 5486 1862 5547 tympanum
1892 5491 1911 5530 :

346 5581 567 5652 accipite
587 5577 896 5649 spiritantia,
918 5584 972 5632 et
989 5577 1108 5632 date
1128 5573 1376 5631 carnalia.
1404 5569 1519 5628 Hoc
1535 5578 1624 5625 est
1651 5568 1788 5640 quod
1821 5582 1912 5621 vos

378 5719 395 5748 '
451 5722 558 5764 Lor.
584 5723 634 5764 et
648 5721 774 5772 Mss,
801 5705 1017 5774 prtediis.
1039 5708 1207 5756 Melius
1230 5714 1322 5764 tam,
1348 5701 1508 5767 prelis.
1537 5701 1581 5750 td
1609 5707 1683 5750 est
1706 5699 1908 5750 torcula-

344 5781 492 5831 ribus.

1599 333 1654 391 8.
1695 330 2056 391 ΑυουδτιΝι
2086 337 2384 396 EPlSCOI’l

3485 360 3616 418 1056

2053 463 2106 505 et
2144 451 2210 508 ad
2248 453 2390 508 illam
2429 469 2665 512 mensam
2691 458 2828 515 beati
2870 462 3110 536 Martyris
3136 467 3212 540 (α)
3243 469 3500 528 exhortati
3529 491 3617 530 su-

2051 560 2190 613 mus,
2223 556 2281 602 ut
2308 548 2630 619 accipientes
2655 553 2962 621 Spiritnalia,
2988 555 3188 615 daretis
3214 565 3462 620 carnalia.
3492 565 3617 625 lirec

2051 637 2191 691 enim
2217 653 2334 709 quae
2357 628 2697 697 exstruuntur
2719 650 2784 700 ad
2813 657 3041 719 tempus,
3073 651 3138 707 ad
3168 655 3463 726 recipienda
3490 675 3612 716 eor-

2051 731 2179 797 pora'
2203 729 2284 783 vel
2315 731 2548 786 vivorum
2576 735 2659 790 vel
2686 746 3011 795 mortuorum
3039 747 3331 800 necessaria
3354 757 3496 816 sunt,
3517 753 3612 808 sed

2052 825 2286 888 tempore
2332 826 2687 890 praetereunti.
2740 825 3000 899 Numquid
3048 842 3166 902 post
3210 835 3461 902 judicium
3522 840 3628 897 Dei'

2051 908 2178 965 istas
2224 911 2446 967 fabricas
2484 913 2534 968 iu
2576 915 2768 971 cmlum
2806 918 3132 977 lcvahimus?
3177 924 3302 980 Sine
3329 926 3410 985 his
3439 938 3613 988 tamen

2050 999 2150 1056 hoc
2179 1009 2415 1070 tempore
2440 1019 2596 1076 agere
2624 1023 2741 1076 qua:
2765 1009 2830 1062 ad
2861 1012 3230 1080 possidendum
3271 1018 3463 1073 ctelum
3492 1036 3609 1090 pcr-

2049 1091 2217 1147 tiuent
2255 1109 2357 1147 non
2389 1097 2696 1164 poterimus.
2729 1098 2783 1154 Si
2811 1115 2939 1172 ergo
2966 1103 3101 1157 avidi
3129 1107 3255 1160 estis
3281 1107 3332 1162 in
3363 1109 3609 1180 spiritua-

2049 1182 2185 1236 libus
2209 1184 2544 1253 accipiendis,
2579 1189 2754 1243 devoti
2782 1202 2952 1247 estote
2979 1193 3030 1247 in
3057 1196 3355 1252 carnalibus
3381 1204 3607 1272 erogari.

2046 1273 2148 1326 dis.
2181 1274 2402 1345 Accipite
2443 1278 2709 1348 psalmum,
2748 1291 2794 1335 et
2835 1283 2951 1338 date
2992 1295 3283 1356 tympanum
3311 1292 3570 1362 :accipite
3593 1297 3607 1326 '

2051 1381 2228 1422 vocem
2261 1379 2514 1436 nostram,
2544 1372 2747 1429 reddite
2773 1389 2957 1429 manus
2980 1388 3200 1435 vestras.

2116 1457 2168 1512 5.
2204 1453 2508 1514 Psalterium
2546 1464 2825 1532 jucundum
2862 1482 2976 1519 cum
3021 1469 3234 1523 cit/cara.
3278 1471 3486 1528 Memini
3513 1490 3635 1529 nos.

2045 1547 2324 1619 aliquando
2352 1545 2696 1608 differentiam
2728 1556 2957 1624 psalterii
2997 1568 3051 1613 et
3088 1561 3304 1618 citliarze
3344 1564 3610 1620 intimasse

2045 1638 2298 1694 Cbaritati
2328 1653 2516 1698 vestrie
2546 1660 2560 1696 :
2597 1646 2815 1700 studiosi
2841 1649 2927 1717 qui
2955 1650 3326 1719 meminerunt,
3359 1669 3610 1726 recogno-
3653 1669 3658 1673 '

2045 1741 2227 1796 seant;
2255 1733 2343 1803 qui
2371 1735 2454 1789 vel
2482 1751 2584 1790 non
2613 1737 2921 1806 audierunt,
2950 1741 3032 1796 vel
3077 1758 3180 1797 non
3221 1749 3568 1816 meminerunt
3588 1793 3606 1818 ,

2043 1822 2266 1878 discant.
2309 1824 2532 1881 istorum
2563 1827 2786 1884 duorum
2825 1847 3142 1901 organorum
3171 1837 3487 1893 musicorum
3511 1881 3526 1906 ,
3554 1851 3609 1898 ct

2042 1917 2276 1986 psalterii
2306 1927 2358 1973 et
2385 1919 2600 1974 cithara:
2640 1921 2754 1976 hcce
2789 1923 3080 1980 differentia
3107 1941 3208 1991 εει,
3235 1930 3372 2000 quod
3412 1932 3606 2001 psalte-

2045 2005 2176 2060 rinm
2226 2007 2420 2078 lignum
2470 2009 2598 2064 illud
2645 2026 2964 2074 concavum,
2997 2015 3136 2072 unde
3163 2033 3370 2074 canora:
3393 2022 3608 2078 chordae

2043 2096 2350 2164 redduntur,
2371 2098 2421 2153 in
2452 2103 2722 2172 superiore
2747 2116 2890 2172 parte
2921 2104 3108 2170 habet;
3136 2108 3381 2164 deorsum
3409 2110 3607 2169 feriun-

2045 2195 2128 2240 tur
2169 2186 2410 2256 chordar,
2438 2198 2495 2244 ut
2521 2191 2748 2260 desuper
2772 2205 2958 2249 sonent
2983 2214 2996 2248 :
3027 2199 3077 2250 in
3103 2199 3304 2254 cithara
3329 2216 3454 2256 vero
3495 2204 3607 2256 lure

2042 2275 2225 2332 eadem
2251 2280 2551 2335 concavitas
2577 2282 2699 2352 ligni
2729 2293 2927 2352 partem
2959 2285 3257 2344 inferiorem
3290 2298 3463 2358 tenet;
3494 2304 3604 2350 lano

2042 2382 2198 2436 quam
2227 2369 2354 2424 illud
2383 2371 2450 2424 sit
2474 2371 2540 2425 de
2569 2373 2706 2427 coelo
2724 2416 2738 2439 ,
2767 2373 2867 2430 hoc
2894 2375 2962 2432 de
2989 2387 3148 2432 terra.
3185 2379 3427 2438 leestis
3462 2387 3604 2442 enim

2042 2468 2122 2512 est
2155 2459 2455 2530 pr:rdicatio
2478 2463 2620 2516 verbi
2663 2463 2755 2519 Dei
2789 2483 2802 2517 :
2830 2466 2920 2520 sed
2959 2467 3004 2522 si
3036 2481 3409 2540 exspectamus
3444 2479 3604 2533 caele-
3687 2545 3695 2553 _

2040 2550 2159 2615 stia,
2190 2568 2296 2607 non
2325 2553 2488 2608 simus
2519 2556 2646 2627 pigri
2673 2557 2738 2612 ad
2759 2561 3023 2628 operauda
3053 2573 3292 2632 terrena;
3315 2571 3432 2639 quia
3462 2576 3602 2642 psal-

2041 2641 2215 2694 terium
2231 2644 2513 2712 jucundum
2532 2687 2547 2712 ,
2579 2645 2671 2702 sed
2698 2665 2809 2702 cum
2830 2651 3040 2707 cithara.
3071 2655 3180 2711 Hoc
3207 2659 3311 2713 alio
3336 2663 3493 2716 modo
3517 2664 3603 2718 di-

2039 2739 2179 2786 ctum
2208 2745 2290 2788 est
2317 2735 2456 2803 quod
2483 2750 2660 2806 supra,
2695 2737 2916 2809 Accipite
2946 2743 3223 2811 psalmum,
3254 2758 3301 2801 et
3328 2749 3444 2804 date
3475 2763 3602 2823 tym-

2039 2822 2386 2890 panum:liic
2432 2841 2528 2896 pro
2581 2827 2780 2896 psalmo
2828 2832 3167 2902 psalterium,
3217 2853 3311 2906 pro
3355 2822 3604 2912 tympano

2037 2911 2238 2968 cithara
2280 2916 2442 2982 posita
2483 2925 2582 2970 est.
2637 2918 2746 2973 Hoc
2787 2929 2961 2976 tamen
3005 2925 3254 2982 admoniti
3301 2911 3502 2998 sumus,
3547 2947 3603 2988 ut

2040 3003 2393 3070 praulicationi
2447 3006 2587 3062 verbi
2644 3009 2733 3063 Dei
2763 3016 3146 3081 corporalibus
3195 3026 3601 3091 reSpondeamus

2038 3094 2305 3164 operibus.

2105 3186 2157 3243 6.
2195 3185 2342 3261 [rem
2490 3190 2632 3246 Tuba
2655 3195 2835 3249 canite.
2867 3196 2976 3255 lioc
3003 3211 3104 3266 est,
3135 3203 3327 3260 clarius
3354 3217 3407 3264 ct
3438 3209 3599 3267 fideno

2037 3277 2139 3331 tius
2179 3278 2493 3348 prmdicate;
2550 3291 2614 3337 ne
2655 3287 2955 3343 terreamini
3003 3307 3016 3343 :
3057 3293 3193 3348 sicut
3234 3296 3307 3352 ait
3351 3302 3599 3371 propheta

2033 3369 2256 3440 quodam
2282 3371 2416 3434 loco,
2443 3371 2704 3442 Exclamo,
2729 3387 2777 3431 et
2796 3380 2962 3434 exaltu
2983 3382 3110 3436 sicut
3135 3387 3250 3439 tuba
3274 3369 3602 3446 vocem—tuam

2034 3457 2185 3533 (Isai.
2217 3476 2358 3529 Lvni,
2393 3462 2462 3532 l).
2495 3461 2636 3517 Tuba
2655 3468 2814 3520 cauitc
2836 3471 2888 3522 in
2908 3470 3048 3525 initio
3073 3477 3254 3531 mensis
3284 3479 3430 3533 tubre.
3463 3480 3602 3538 Prae

2032 3559 2240 3621 ceptum
2257 3560 2371 3606 erat
2396 3563 2446 3607 nt
2478 3555 2530 3610 lu
2549 3555 2698 3611 initio
2722 3560 2917 3615 mensis
2947 3562 3066 3616 tuba
3085 3576 3398 3637 caneretur;
3426 3581 3479 3627 et
3505 3573 3603 3629 hoc

2031 3655 2196 3712 usque
2224 3657 2364 3698 nunc
2401 3641 2568 3699 Judaei
2610 3649 2954 3716 corporaliter
2997 3651 3215 3721 faciunt,
3259 3660 3498 3729 spiritual
3521 3671 3603 3720 ter

2032 3747 2137 3788 non
2167 3733 2476 3803 intelligunt.
2511 3736 2715 3793 Initium
2742 3740 2881 3795 enim
2911 3745 3107 3800 mensis
3129 3787 3145 3813 ,
3171 3763 3304 3803 nova
3334 3751 3456 3810 luna
3485 3765 3600 3824 est;

2031 3838 2164 3880 nova
2194 3823 2338 3891 luna,
2369 3842 2502 3883 nova
2530 3828 2631 3882 vita
2661 3839 2760 3885 est.
2787 3829 2921 3898 Quid
2951 3842 3032 3889 est
3061 3851 3192 3890 nova
3223 3839 3384 3895 luna?
3415 3842 3478 3898 Si
3503 3863 3603 3917 qua

2029 3917 2180 3986 igitur
2200 3917 2252 3972 in
2272 3916 2468 3973 Christo
2488 3937 2614 3975 nova
2635 3933 2861 3976 creatura
2888 3923 2951 3994 (II
2973 3924 3088 3980 Cor.
3113 3944 3164 3994 v,
3194 3931 3303 4002 l7).
3333 3935 3471 4001 Quid
3497 3916 3598 4002 est,

2029 4007 2172 4062 Tuba
2198 4011 2360 4064 canite
2379 4013 2431 4065 iu
2454 4011 2595 4067 initio
2620 4014 2801 4068 mensis
2825 4016 2956 4070 tuba:
2977 4016 3091 4089 (b)?
3116 4018 3247 4076 Cum
3279 4032 3384 4078 tota
3414 4026 3598 4082 fiducia

2030 4113 2216 4151 novam
2248 4101 2405 4153 vitam
2432 4102 2738 4170 pnedicate;
2769 4107 3047 4175 strepitum
3075 4110 3198 4165 vita:
3223 4117 3412 4167 Veteris
3438 4118 3597 4170 nolite

2027 4199 2279 4244 metuere.

2097 4280 2150 4335 7.
2189 4280 2337 4354 (vers.
2372 4279 2449 4355 5.]
2489 4283 2622 4348 Quia
2647 4299 2946 4357 prmceptum
2968 4289 3061 4360 ipsi
3100 4288 3258 4345 Israel
3281 4303 3372 4358 est,
3396 4305 3442 4349 et
3455 4298 3599 4367 judi-

2025 4374 2155 4428 cium
2199 4371 2305 4428 Deo
2340 4373 2516 4428 Jacob.
2567 4375 2662 4431 Ubi
2707 4392 3023 4450 pneceptum
3045 4425 3061 4446 ,
3091 4383 3158 4436 ibi
3183 4383 3458 4455 judicium.
3491 4387 3604 4456 Qui.

2024 4466 2163 4520 enim
2215 4466 2266 4520 in
2307 4465 2424 4534 lege
2471 4479 2835 4538 peccaverunt,
2886 4487 2978 4542 per
3022 4473 3186 4544 legem
3225 4474 3600 4544 judicahuutur

2026 4557 2197 4629 (Rom.
2236 4573 2294 4620 ιι,
2327 4557 2436 4628 12).
2480 4559 2545 4613 Et
2571 4560 2680 4629 ipse
2711 4565 2954 4632 prmeepti
2984 4565 3136 4619 dator
3162 4566 3415 4622 Dominus
3441 4571 3600 4640 Chri-

2021 4659 2155 4708 stus,
2185 4647 2415 4704 Verbum
2445 4665 2568 4707 caro
2595 4651 2786 4705 factum
2811 4695 2826 4716 ,
2856 4650 2923 4708 In
2944 4655 3223 4722 judicium,
3257 4659 3458 4729 inquit,
3490 4666 3603 4716 veni

2019 4744 2075 4798 in
2089 4743 2220 4796 hunc
2245 4743 2506 4822 mundum,
2531 4751 2586 4795 ut
2609 4743 2694 4812 qui
2716 4761 2814 4798 non
2834 4745 2999 4804 uident
3022 4747 3240 4814 videant,
3259 4760 3306 4805 et
3330 4753 3416 4822 qui
3434 4753 3598 4810 vident

2017 4835 2143 4904 eieci
2182 4835 2309 4904 ﬁant
2348 4817 2523 4907 (.l‘oan.
2555 4849 2628 4898 ix,
2657 4834 2776 4902 ⁵59).
2813 4834 2948 4908 Quid
2975 4848 3073 4904 est,
3103 4850 3156 4893 ut
3189 4842 3274 4912 qui
3309 4817 3407 4896 nou
3433 4842 3600 4898 vident

2019 4927 2232 4986 videant,
2271 4925 2356 4994 qui
2383 4925 2544 4978 vident
2567 4927 2687 4978 ι’ωεί
2708 4926 2856 4994 fiant,
2883 4929 2984 4983 nisi
3023 4928 3249 4986 humiles
3273 4933 3592 5000 esaltentur,

2086 5086 2099 5146 ε
2128 5080 2462 5146 Mss.__plures_:
2492 5079 2708 5140 Exigitis.
2735 5083 2856 5146 alii:
2887 5083 3122 5146 accipitis.

2082 5145 2154 5204 (ιι)
2176 5142 2362 5209 scilicet
2385 5143 2442 5192 ad
2466 5155 2679 5209 mensam
2702 5145 2911 5206 Cypriani
2935 5142 3170 5209 martyris,
3194 5149 3471 5198 nominatim
3507 5151 3593 5199 de-

2020 5199 2209 5273 signati
2234 5213 2418 5266 postea,
2464 5217 2511 5252 ο.
2537 5203 2613 5253 25.
2635 5199 2873 5273 nempea;
2893 5207 2955 5254 ud
2987 5199 3329 5273 Carthaginem
3367 5223 3465 5273 quo
3495 5211 3594 5273 loco

2019 5264 2295 5330 άιῐὶηῐνίιίηι
2326 5268 2671 5330 consumma?“
2701 5264 2972 5330 Cyprianus,
3005 5274 3094 5330 «in
3119 5264 3292 5319 eadem
3317 5264 3436 5328 Ιοὸο,
3458 5287 3478 5314 s
3522 5271 3594 5318 itt-

2019 5325 2123 5395 quit
2143 5325 2260 5390 Tang.
2286 5335 2435 5402 Serm.
2473 5327 2564 5386 H5
2595 5327 2659 5376 de
2684 5325 2908 5402 Diiler‘sis,
2943 5325 2986 5378 c.
3021 5329 3068 5402 εξ,
3105 5348 3127 5402 ς
3155 5345 3321 5381 mensa
3477 5343 3593 5402 ροη-

2027 5389 2050 5433 ei
2067 5389 2245 5438 structa
2271 5395 2376 5445 est;
2403 5401 2511 5454 quae
2531 5401 2696 5454 mensa
2721 5389 2893 5438 dicitur
2911 5393 3146 5454 cypriani,
3173 5407 3266 5442 non
3290 5393 3402 5454 quia
3425 5391 3488 5454 ibi
3516 5401 3592 5441 est

2026 5469 2047 5496 ι
2063 5449 2558 5516 unquamACyprianus
2569 5451 2811 5516 epulatus,
2836 5451 2922 5501 sed
2948 5449 3070 5516 quia
3094 5455 3160 5503 ibi
3184 5463 3257 5504 est
3289 5449 3591 5503 iinmolatns:

2027 5522 2047 5557 ii
2068 5521 2120 5582 et.
2140 5510 2252 5575 Quia
2276 5510 2376 5574 ipsa
2400 5510 2724 5582 immolatione
2749 5523 2834 5561 sua
2865 5510 3049 5582 paravit
3086 5516 3206 5580 hanc
3235 5525 3589 5582 nianisaiiitunn

2028 5596 2046 5617 ιι
2071 5574 2115 5620 in
2131 5569 2246 5640 qua
2260 5569 2547 5640 pasca_t_sive
2571 5581 2806 5640 pascalgt‘,
2841 5569 2928 5625 sed
2961 5578 3007 5625 'm
3035 5569 3586 5640 quasacrificium'tmo.

2028 5631 2664 5706 ιῳίξίξμίῡεεξοιξιδιιιξέδίς
2689 5631 2937 5706 otism!"-
2963 5656 2994 5706 υ.
3053 5631 3067 5640 ’
3133 5696 3152 5706 -
3197 5695 3227 5706 ..
3340 5693 3354 5706 .
3470 5697 3498 5706 ._
3554 5695 3565 5706 .

2083 5693 2154 5755 (ὁ)
2174 5693 2299 5744 Hanc
2319 5695 2368 5755 ᾖ.
2395 5694 2424 5742 -ι
2457 5703 2638 5756 partem
2671 5698 2864 5756 omittit,
2897 5707 2947 5748 tu
2977 5696 3152 5761 insigni
3175 5695 3254 5745 die
3286 5693 3588 5746 solenmitatis

2023 5764 2203 5806 restra’.
3377 5801 3388 5806 -

3485 5894 3646 6016 at“,

3665 6039 3678 6059 ί

3682 5997 3728 6059 ς.
