4024 6210
361 355 505 413 1037

357 471 575 538 superbi
619 469 979 542 dejiciantur?
1021 494 1121 535 non
1148 483 1284 536 enim
1314 484 1400 555 qui
1441 486 1618 541 vident
1643 489 1765 542 οτιιοί
1797 489 1939 552 liam,

350 560 454 616 sed
482 563 567 631 qui
592 564 696 620 sibi
727 566 909 625 videre
953 572 1225 640 videntur,
1255 575 1324 632 de
1350 579 1585 634 excitate
1623 581 1939 637 convincat:-

344 661 461 707 mr.
489 653 598 709 Hoc
616 659 726 728 agit
763 663 1070 731 mysterium
1104 669 1374 724 torcularis
1399 712 1413 736 ,
1445 682 1500 725 ut
1536 673 1622 741 qui
1651 690 1747 730 non
1776 675 1939 730 vident

343 741 549 798 uideam
572 786 592 812 ,
619 757 662 802 et
687 751 773 818 qui
802 753 966 806 uident
987 757 1113 826 ccci
1137 759 1281 826 fiant.

413 833 470 889 8.
513 834 660 908 [vers
689 839 769 914 6.]
794 840 1151 900 Testimonium
1173 850 1224 903 in
1247 849 1436 916 Joseplt
1458 854 1620 923 posuit
1639 854 1785 910 illud.
1813 857 1927 922 Eia,

339 921 565 983 fratres.
597 930 726 998 quid
750 933 870 988 est?
898 933 1095 1004 Joseph
1125 921 1498 1010 interpretatur
1532 921 1922 1016 Augntentatio.

339 1011 678 1083 Meministis,
733 1023 902 1076 nostis
935 1023 1132 1094 Juseph
1187 1028 1239 1083 in
1287 1027 1570 1103 Egyptum
1610 1011 1925 1092 venditum:

335 1100 583 1160 Christus
610 1109 676 1163 ad
723 1110 920 1168 Gentes
951 1118 1233 1174 transiens.
1274 1119 1346 1175 lbi
1391 1100 1586 1193 .loseph
1619 1136 1736 1194 post
1765 1128 1927 1182 tribu-

335 1194 568 1252 lationes
593 1201 854 1258 exaltatus
879 1204 1030 1275 (Gen.
1057 1223 1255 1278 xxxvn,
1285 1211 1388 1278 28;
1421 1223 1467 1268 et
1496 1230 1602 1279 xu,
1639 1218 1728 1282 37,
1776 1220 1921 1291 αα),

333 1295 390 1340 et
416 1287 498 1343 hic
525 1291 765 1347 Christus
790 1307 911 1365 post
937 1299 1231 1367 passionem
1257 1311 1546 1375 martyrum
1573 1287 1915 1378 glorilicatus.

336 1375 476 1446 Ergo
503 1379 568 1434 ad
598 1379 794 1451 .loseph
827 1388 992 1456 magis
1013 1387 1210 1446 Gentes
1233 1393 1493 1460 pertinent
1523 1415 1536 1450 :
1565 1375 1618 1452 et
1645 1398 1763 1454 ideo
1787 1416 1918 1471 aug-

335 1471 619 1535 nzentatio;
666 1474 786 1542 quia
819 1479 966 1532 multi
997 1481 1087 1534 lilii
1122 1481 1347 1538 deserve
1369 1525 1385 1550 ,
1421 1489 1591 1558 magis
1617 1506 1772 1560 quam
1804 1493 1918 1561 ejus

332 1574 450 1630 qua:
473 1560 634 1617 habet
661 1567 827 1621 virum
855 1567 1009 1638 (lsai.
1035 1587 1137 1638 ιη’,
1170 1571 1242 1645 1).
1274 1573 1628 1631 Testimonium
1652 1581 1705 1634 in
1725 1560 1916 1648 Ioseph

333 1653 498 1718 posuit
521 1654 674 1721 illud,
705 1658 825 1712 dum
853 1661 1007 1715 exiret
1039 1663 1100 1716 de
1119 1674 1252 1719 terra
1276 1665 1512 1740 (Egypti.
1543 1669 1728 1726 Videte
1754 1684 1805 1727 ct
1830 1674 1915 1730 hic

336 1743 620 1811 signiﬁcari
665 1748 902 1815 quintam
945 1752 1192 1808 sabbati:
1237 1754 1456 1823 Quando
1499 1761 1622 1814 exiit
1666 1762 1732 1818 de
1776 1773 1910 1819 terra

333 1830 548 1904 ὤργιηὶ
575 1835 796 1906 Ioseph,
830 1840 879 1893 id
909 1850 1012 1907 est,
1042 1846 1265 1914 populus
1295 1849 1668 1917 multiplicatus
1694 1868 1788 1921 per
1814 1854 1907 1908 Jo-

330 1923 486 1989 sepb,
535 1942 625 1994 per
654 1944 800 1982 utare
841 1929 1086 1987 Rubrum
1134 1938 1384 2004 trajectus
1427 1948 1508 1994 est
1559 1939 1750 2012 (Exod.
1797 1960 1905 2008 xtv,

325 2011 401 2065 2?.
428 2015 541 2081 51).
579 2015 640 2070 Et
681 2029 806 2072 tunc
837 2035 964 2087 ergo
994 2025 1356 2090 produxerunt
1383 2043 1533 2099 aqua:
1558 2011 1763 2102 reptilia
1789 2037 1905 2089 ani-

326 2116 532 2156 marum
564 2106 816 2192 vivarum.
850 2109 987 2164 Nihil
1016 2112 1158 2167 aliud
1187 2124 1312 2170 tunc
1335 2117 1386 2170 itt
1419 2118 1579 2188 llgura
1612 2125 1904 2192 portende-

326 2193 420 2248 bat
446 2187 692 2252 trausiius
720 2201 894 2270 populi
919 2217 1014 2272 per
1044 2220 1209 2270 mare,
1243 2207 1341 2262 nisi
1374 2187 1648 2266 transitum
1672 2213 1901 2271 lldeiium

327 2299 420 2351 per
451 2285 800 2354 Baptismum;
837 2294 984 2346 testis
1003 2297 1387 2364 cstApostolus
1418 2316 1431 2352 :
1468 2299 1604 2355 Nolo
1631 2305 1762 2358 enim
1793 2322 1897 2369 vos,

324 2375 514 2446 inquit,
542 2379 776 2448 ignorare
794 2422 808 2443 ,
836 2385 1020 2452 fratres
1039 2424 1054 2447 .
1083 2387 1201 2452 quia
1227 2397 1393 2456 patres
1419 2393 1580 2445 nostri
1602 2408 1773 2450 omnes
1809 2398 1898 2452 sub

324 2467 448 2520 nube
471 2470 674 2538 [uetant
702 2509 718 2534 ,
745 2480 791 2525 et
818 2488 988 2527 omnes
1012 2490 1101 2543 per
1131 2492 1268 2530 mare
1297 2479 1624 2546 transierunt,
1656 2493 1704 2536 et
1729 2501 1896 2540 omnes

321 2559 374 2610 in
400 2558 609 2630 Moysen
650 2562 885 2628 baptizati
916 2575 1032 2618 sunt
1075 2566 1127 2619 in
1156 2568 1284 2621 nube
1319 2579 1366 2622 et
1395 2571 1446 2623 in
1477 2573 1605 2625 nutri
1630 2570 1671 2645 (Ι
1696 2574 1811 2630 Cor.
1841 2592 1890 2635 κ.

319 2649 372 2710 1,
397 2648 472 2716 2).
499 2650 639 2705 Nihil
666 2669 794 2722 ergo
813 2654 951 2708 aliud
977 2657 1307 2726 signiﬁcabat
1336 2663 1587 2716 transitus
1608 2679 1702 2732 per
1726 2682 1888 2731 mare,

318 2739 412 2790 nisi
463 2739 862 2796 Sacmiueutttnt
917 2743 1328 2814 lmptizatorutu;
1375 2750 1504 2804 nihil
1549 2753 1886 2813 aliud'iusc-

311 2841 532 2900 quentes
560 2831 815 2903 JEgyptii,
849 2836 948 2890 nisi
973 2837 1346 2894 abundantiam
1377 2843 1761 2910 praeteritorum
1787 2848 1883 2903 de-

312 2921 572 2978 licuit-um.
601 2924 800 2980 Videtis
826 2927 1216 2987 evidentissima
1244 2944 1572 2990 sacramenta
1599 2953 1613 2990 :
1639 2951 1886 3006 premunt

309 3014 542 3087 Δίῃ-νηί
570 3059 584 3081 ,
613 3029 828 3088 urgent;
861 3019 1054 3076 iusmut
1077 3039 1203 3093 ergo
1230 3035 1440 3094 peccata
1467 3068 1481 3090 ,
1511 3028 1602 3082 sed
1631 3043 1794 3100 usque
1816 3032 1882 3087 ad

199 3135 214 3142 -
306 3123 510 3177 aquam.
541 3111 678 3176 Quid
705 3126 832 3180 ergo
857 3115 1015 3169 times
1035 3157 1047 3174 ,
1077 3116 1164 3184 qui
1204 3119 1434 3172 nondum
1464 3121 1676 3186 venisti,
1701 3123 1882 3179 venire

303 3203 367 3253 ad
414 3203 730 3270 baptismum
762 3205 992 3272 Christi,
1028 3210 1249 3264 transire
1293 3226 1386 3280 per
1429 3228 1574 3268 mare
1605 3213 1883 3271 Rubrum?

302 3293 435 3359 Quid
480 3303 564 3348 est
612 3296 865 3350 rubrum?
911 3296 1175 3369 Sanguine
1225 3301 1429 3356 Domini
1486 3317 1874 3362 consecratum.

299 3381 434 3450 Quid
457 3385 612 3438 times
634 3387 847 3441 venire?
869 3388 1196 3446 Conscientia
1220 3393 1352 3446 forte
1372 3393 1666 3464 aliquorum
1694 3397 1876 3450 imma-

299 3478 442 3531 nium
468 3478 778 3534 dclietnrum
805 3481 1056 3547 stimulat,
1087 3490 1140 3538 et
1167 3486 1428 3541 excruciat
1461 3488 1511 3541 in
1538 3496 1588 3542 te
1616 3489 1870 3552 animum,

296 3580 350 3623 et
379 3571 506 3624 dicit
536 3572 626 3624 tibi
662 3583 764 3625 tam
797 3587 1041 3644 magnum
1067 3589 1185 3630 esse
1210 3576 1337 3632 illud
1365 3578 1502 3648 quod
1539 3582 1867 3647 cornutisisti,

297 3668 352 3712 ut
374 3660 630 3730 desperes
677 3662 769 3716 tibi
810 3663 1000 3718 dnuitti
1035 3683 1048 3718 :
1096 3667 1222 3721 time
1258 3683 1324 3722 ne
1367 3663 1637 3724 rcniaueat
1675 3671 1868 3742 aliquid

297 3763 650 3820 peccauiruut.
680 3756 723 3808 si
751 3756 875 3810 vixit
900 3756 1089 3827 aliquis
1113 3756 1503 3830 Egyptiorum.
1537 3761 1667 3818 Cum
1692 3773 1866 3820 autent

295 3845 565 3898 transieris
590 3847 806 3901 rubrum
838 3863 1002 3912 mare,
1029 3864 1149 3903 cum
1171 3853 1390 3905 eductus
1415 3851 1580 3926 fueris
1602 3869 1630 3906 a
1658 3855 1866 3911 delictis

292 3932 399 3986 tui~
419 3932 473 3986 in
499 3949 649 3988 manu
672 3937 868 4004 potenti
884 3948 935 3990 et
956 3938 1170 3992 brachio
1191 3939 1311 3994 forti
1342 3938 1507 4010 (Paul.
1528 3957 1728 4007 csuv,
1752 3944 1864 4015 12),

298 4035 636 4093 percepturus
668 4028 732 4082 es
769 4031 1012 4100 mysteria
1055 4047 1174 4100 qua:
1209 4045 1313 4084 non
1362 4047 1615 4094 noveras;
1645 4035 1763 4104 quia
1805 4047 1860 4091 et

293 4113 409 4178 ipse
452 4112 665 4185 Ioseph.
707 4133 820 4169 cum
865 4118 1017 4172 exiret
1069 4119 1132 4172 de
1176 4128 1309 4173 terra
1352 4117 1590 4192 digypti,
1641 4123 1864 4196 linguam

289 4221 562 4270 quamnon
599 4219 816 4273 noverat,
843 4210 1049 4262 audivit.
1094 4210 1290 4266 Audies
1317 4212 1543 4283 linguam
1575 4231 1728 4284 quam
1757 4234 1860 4272 non

289 4311 561 4349 noveras:
602 4313 755 4366 quam
797 4299 1193 4354 modoaud'utut
1240 4310 1294 4356 et
1337 4318 1737 4373 rccognosmmt,
1780 4317 1859 4362 te-

287 4395 489 4439 stantes
510 4395 564 4441 et
595 4389 826 4443 scientes
849 4391 935 4458 qui
969 4401 1180 4445 tun-unt.
1208 4392 1406 4446 Audies
1426 4395 1512 4447 ubi
1541 4395 1733 4451 debeas
1763 4398 1857 4451 ha-

287 4474 415 4528 bere
439 4492 531 4529 cor
555 4495 574 4530 :
598 4477 738 4546 qttod
763 4478 920 4532 modo
946 4494 1063 4532 cum
1091 4480 1324 4537 dicerem
1351 4523 1367 4549 ,
1404 4483 1551 4538 tnulti
1583 4485 1857 4542 intellexe-

287 4578 432 4627 runt,
471 4577 524 4623 et
562 4570 1014 4637 acclamavcruut;
1047 4572 1231 4644 reliqui
1260 4576 1387 4628 muti
1418 4582 1697 4644 steterunt;
1736 4581 1854 4649 quia

281 4654 517 4710 nomium
544 4658 773 4728 lingu-un
803 4665 956 4731 quam
990 4677 1092 4717 non
1121 4673 1393 4728 noverant,
1417 4667 1713 4723 audierunt.
1746 4670 1850 4724 Ac-

275 4748 517 4803 celerent
539 4766 685 4821 ergo.
711 4761 1000 4816 transeant.
1032 4754 1237 4811 discant
1270 4773 1285 4817 :
1321 4757 1564 4828 Linguam
1585 4777 1854 4830 quamnon

275 4851 503 4905 stat-erat,
535 4842 748 4896 audivit.

349 4933 402 4987 9.
443 4930 594 5005 [rers.
627 4932 708 5004 7.]
751 4935 927 4989 Avertit
965 4937 1028 4990 ab
1055 4938 1284 4992 oneribus
1313 4939 1516 4995 dorsum
1557 4943 1686 5013 ejus.
1725 4943 1853 5013 Quis

277 5025 453 5077 arertit
476 5026 539 5078 ab
561 5025 796 5080 oneribus
816 5027 1016 5082 dorsum
1044 5030 1172 5100 ejus,
1216 5029 1316 5085 nisi
1341 5031 1427 5087 ille
1450 5037 1538 5102 qui
1565 5034 1808 5091 clamavit
1831 5055 1847 5093 :

292 5113 458 5171 Venite
503 5119 570 5171 ad
631 5135 710 5173 me
755 5137 922 5176 omnes
968 5125 1054 5192 qui
1105 5123 1342 5180 laboratis
1396 5138 1442 5181 et
1487 5130 1682 5184 onerati
1733 5132 1852 5186 estis

274 5197 488 5279 (Matth.
539 5225 611 5269 xl.
661 5211 795 5283 28)?
841 5214 959 5268 Alio
987 5217 1140 5270 modo
1189 5217 1288 5273 hoc
1329 5219 1465 5274 idem
1502 5222 1843 5291 signiﬁcatur.

267 5300 414 5368 quod
444 5301 670 5356 faciebat
695 5303 948 5360 insecutio
967 5304 1355 5378 Egyptiorum,
1387 5309 1488 5366 hoc
1509 5312 1706 5368 faciunt
1727 5330 1845 5368 Sar-

265 5392 408 5444 einre
433 5400 793 5462 peccatorum.
835 5397 1018 5450 Avertit
1046 5399 1108 5450 ab
1131 5401 1364 5453 oneribus
1393 5403 1594 5456 dorsum
1620 5406 1746 5474 ejus.
1779 5405 1848 5461 Et

265 5482 422 5551 quasi
444 5481 670 5545 diceres,
695 5483 894 5552 Quibus
913 5488 1195 5545 oneribus?
1223 5489 1407 5546 Munus
1427 5494 1534 5565 ejus
1552 5495 1606 5547 in
1631 5497 1845 5564 cophino

263 5572 565 5626 servierunt.
596 5573 694 5629 Per
720 5573 1003 5647 COpIIittttm
1034 5579 1395 5649 significantur
1417 5598 1576 5654 opera
1604 5586 1838 5643 servilia.

265 5661 546 5730 Huudare,
595 5675 897 5752 stercorare
920 5669 958 5734 ⁸,
989 5677 1184 5725 terram
1227 5685 1459 5744 portare,
1489 5677 1720 5748 cophino
1746 5677 1836 5745 lit;

328 5798 350 5828 '
377 5796 452 5847 sic
471 5802 579 5846 uss.
607 5806 660 5848 At
673 5799 808 5862 add,
832 5801 1068 5852 numdare
1089 5808 1316 5854 stercora.

1460 373 1850 432 ENARRATIU
1888 384 1952 433 Π
1993 381 2307 440 PSALMUM
2349 390 2557 447 LXXX.

3479 409 3608 464 that

2050 498 2256 552 servilia
2299 511 2420 555 sunt
2450 521 2648 575 opera;
2681 512 2798 580 quia
2837 516 3006 568 omnis
3032 518 3116 586 qui
3162 518 3284 573 facit
3327 536 3599 592 peccatum

2048 599 2230 640 servus
2256 600 2336 644 est
2367 597 2592 661 peccati;
2626 608 2678 652 et
2717 600 2760 654 si
2797 618 2888 656 vos
2920 603 3080 662 Filius
3120 610 3450 681 liberaverit,
3479 627 3605 675 tunc

2043 691 2165 734 vere
2194 681 2344 738 liberi
2386 687 2534 742 eritis
2559 687 2733 758 (Joan.
2761 710 2850 750 vnt
2871 737 2887 760 ,
2920 698 2987 753 3i
3009 741 3023 764 ,
3053 701 3169 773 36).
3211 692 3396 764 Merito
3419 724 3471 768 et
3505 716 3605 770 ab-

2034 767 2171 836 jecta
2197 774 2376 828 mundi
2402 773 2549 849 quasi
2576 783 2786 848 caphiui
2812 767 3135 856 deputantur
3170 811 3185 849 :
3213 800 3306 853 sed
3331 810 3384 856 et
3413 767 3598 874 copbi.

2037 873 2132 915 nos
2160 862 2294 918 Deus
2325 865 2569 926 buccellis
2599 872 2826 942 implevit
2851 894 2866 940 ;
2895 879 3167 937 duodecim
3194 898 3307 958 cep.
3334 892 3450 948 inos
3476 862 3604 952 buc-

2032 952 2281 1009 cellarum
2311 957 2542 1028 implevit
2562 962 2768 1033 (.llattlt.
2791 982 2900 1028 κεν,
2921 971 3010 1040 20)
3031 989 3045 1034 ;
3069 975 3186 1044 quia
3209 952 3409 1048 abjecta
3440 984 3598 1054 huius

2032 1044 2208 1098 mttndi
2232 1046 2407 1116 elegit,
2440 1053 2858 1111 utcoul'uuderet
2884 1060 3031 1116 fortia
3063 1062 3104 1133 (l
3129 1064 3244 1123 Cor.
3272 1044 3310 1134 ί,
3340 1072 3454 1142 27).
3487 1044 3594 1131 éed

2029 1141 2081 1184 et
2123 1137 2332 1203 quando
2386 1139 2436 1192 in
2479 1143 2705 1212 cephino
2736 1149 2994 1204 serviebat
3031 1151 3249 1227 Joseph,
3290 1137 3482 1218 terram
3527 1169 3594 1221 ibi

2029 1227 2284 1298 portabat,
2313 1232 2430 1300 quia
2454 1233 2643 1290 lateres
2665 1235 2887 1295 faciebat
2913 1261 2927 1296 :
2956 1243 3144 1300 Manus
3166 1251 3275 1318 eius
3297 1253 3350 1305 in
3374 1259 3594 1326 cophino

2022 1330 2311 1372 serrterunt.

2097 1407 2179 1463 l0.
2221 1409 2366 1482 [vers.
2398 1413 2477 1487 8.]
2517 1416 2578 1471 In
2597 1421 3170 1485 tribulotioneinrocasti
3191 1449 3286 1499 nte,
3317 1448 3364 1489 et
3392 1442 3500 1500 erui
3524 1455 3585 1495 te.

2022 1497 2379 1571 Recognoscat
2407 1524 2466 1564 se
2496 1526 2819 1585 unaquaeque
2843 1523 3164 1579 conscientia
3195 1530 3479 1588 christiana
3499 1578 3512 1600 ,
3543 1543 3584 1592 si

2019 1589 2204 1647 devote
2233 1599 2495 1654 transierit
2524 1618 2671 1658 mare
2707 1608 2943 1672 rubrum,
2973 1614 3016 1667 si
3041 1631 3158 1670 cum
3195 1619 3296 1675 lide
3335 1617 3581 1682 credendi

2015 1688 2070 1734 et
2097 1682 2407 1744 observandi
2439 1690 2664 1762 linguam
2709 1713 2866 1766 quam
2917 1717 3018 1756 nou
3061 1719 3297 1775 noverat,
3338 1715 3579 1781 audivit;

2016 1789 2359 1846 recognoscat
2399 1797 2458 1837 se
2499 1785 2548 1838 iu
2594 1787 2922 1847 tribulatione
2947 1799 3264 1855 exmnlitam.
3293 1802 3408 1872 Ipsa
3437 1810 3578 1864 enim

2015 1879 2198 1934 magna
2244 1870 2507 1930 tribulatio
2549 1885 2683 1940 erat,
2724 1881 2888 1948 premi
2933 1886 3153 1940 sarcinis
3193 1870 3574 1960 peccatorum;

2012 1966 2260 2024 quantum
2283 1961 2473 2030 gaudet
2491 1967 2712 2022 relevata
2741 1973 3056 2030 conscientia
3082 1978 3096 2032 l
3125 1979 3262 2038 Ecce
3288 1985 3578 2056 baptizatus

2008 2063 2095 2112 es;
2121 2054 2439 2110 causcieutia
2470 2075 2586 2128 qute
2614 2060 2721 2116 heri
2757 2068 3091 2133 premebatur
3113 2113 3128 2138 ,
3162 2074 3318 2131 hodie
3343 2054 3576 2148 έιδειιιιιει-
3637 2080 3646 2087 ’

2010 2148 2111 2194 tur.
2143 2141 2426 2200 Exauditus
2450 2163 2506 2203 es
2529 2150 2576 2203 in
2607 2152 2967 2221 tribulatione;
2992 2174 3256 2220 memento
3280 2141 3587 2229 tribulatio?

2007 2230 2086 2282 nis
2117 2239 2237 2289 tune.
2283 2236 2572 2307 Antequam
2602 2244 2881 2301 accederes
2910 2248 2972 2306 ad
3002 2267 3188 2322 aquam
3214 2297 3229 2320 ,
3268 2260 3392 2329 quid
3421 2263 3570 2318 solli-

2004 2323 2246 2381 citndinis
2272 2331 2538 2399 gerebas?
2580 2336 2706 2404 quid
2731 2336 3048 2406 jejuniorum
3095 2323 3416 2406 exhibehas?
3442 2357 3567 2424 quid

2005 2416 2395 2474 tribulationum
2426 2422 2476 2476 in
2503 2425 2663 2480 corde
2691 2429 2967 2496 gestahas,
2999 2438 3294 2492 orationum
3337 2442 3568 2500 interna-

2001 2521 2206 2574 narum,
2251 2511 2474 2580 piarum,
2506 2513 2853 2572 devolaruut?
2899 2520 3066 2577 Occisi
3109 2537 3232 2581 sunt
3261 2529 3438 2589 hostes
3468 2539 3563 2605 tui,

1995 2599 2168 2652 omnia
2203 2613 2413 2670 peccata
2443 2615 2527 2659 tua
2566 2605 2737 2662 deleta
2761 2620 2881 2664 sunt
2922 2629 2935 2664 :
2981 2611 3044 2667 In
3069 2617 3390 2678 tribulatione
3424 2599 3563 2682 intra;

1993 2690 2115 2743 casti
2141 2707 2233 2752 me,
2258 2704 2303 2747 et
2330 2697 2437 2749 erui
2458 2706 2522 2751 te.

2064 2781 2149 2836 11.
2196 2781 2446 2839 Exuudivi
2493 2797 2541 2843 te
2584 2789 2637 2844 in
2684 2789 2969 2861 abscondito
3031 2804 3330 2870 tempestatis
3378 2823 3397 2860 :
3456 2827 3558 2865 non

1993 2871 2044 2924 in
2109 2881 2420 2944 tempestate
2487 2882 2645 2934 maris
2676 2924 2692 2948 ,
2744 2884 2836 2940 sed
2897 2887 2948 2942 in
3006 2898 3315 2960 tempestate
3361 2902 3555 2957 cordis.

1991 2958 2240 3016 Exaudioi
2293 2975 2339 3018 te
2390 2967 2444 3019 in
2504 2969 2792 3028 abscondito
2844 2958 3146 3046 tempestatis
3182 2999 3203 3046 ;
3252 2990 3457 3055 probari
3512 3005 3560 3050 te

1987 3051 2038 3104 in
2087 3068 2217 3122 aqua
2264 3059 2690 3116 contradictionis.
2744 3063 2948 3120 Revera
2974 3110 2991 3134 ,
3053 3071 3242 3128 fratres
3268 3117 3293 3140 ,.
3333 3095 3511 3136 revera
3536 3127 3551 3149 ,

1985 3137 2071 3211 qui
2116 3146 2392 3202 exauditus
2429 3159 2510 3205 est
2559 3151 2610 3205 iu
2636 3153 2967 3232 (abscondito
2997 3137 3324 3230 tempestatis
3345 3210 3360 3232 ,
3391 3137 3553 3229 debei

1985 3232 2190 3300 probari
2246 3236 2299 3291 in
2355 3253 2487 3309 aqua
2549 3231 3001 3300 contratlictiouis.
3051 3250 3184 3305 Cum
3229 3255 3370 3311 enim
3427 3276 3547 3316 ere-

1980 3323 2206 3392 didcrit,
2250 3337 2368 3383 cum
2399 3331 2691 3400 baptizatus
2741 3335 2936 3400 fuerit.
2983 3355 3104 3394 cum
3132 3342 3267 3398 viam
3312 3347 3401 3404 Dei
3428 3366 3548 3408 ear-

1979 3429 2103 3484 pere
2129 3420 2364 3487 συνετὴ,
2409 3437 2528 3477 cum
2572 3425 2620 3479 in
2651 3429 3010 3496 gemellarium
3049 3433 3269 3505 eliquari
3313 3439 3550 3501 intende-

1977 3505 2059 3569 rit,
2086 3517 2140 3560 ct
2164 3508 2228 3562 ab
2251 3525 2462 3566 amurca
2490 3515 2696 3584 publice
2722 3529 2966 3576 currente
2996 3537 3053 3576 se
3099 3533 3386 3587 extraxerit
3404 3573 3420 3599 ,
3448 3535 3544 3590 ha-

1974 3601 2118 3660 bebit
2143 3608 2333 3666 multos
2356 3613 2724 3683 ﬂagitatores,
2751 3619 2940 3675 multos
2969 3623 3324 3694 insultaturos,
3355 3631 3546 3685 multos

1971 3693 2312 3765 detractores,
2338 3699 2723 3771 dt-hortatorcs,
2755 3710 3034 3775 minantes
3079 3719 3236 3774 etiam
3285 3722 3368 3776 ubi
3417 3739 3540 3794 pns-

1970 3798 2112 3856 sunt,
2151 3790 2497 3859 deterrentes,
2545 3797 2900 3867 depritnentes
2929 3843 2941 3856 .
2970 3803 3083 3861 hrc
3113 3818 3218 3862 tota
3248 3826 3380 3882 aqua
3407 3790 3542 3872 con-

1971 3878 2294 3962 tradietioois
2319 3895 2420 3938 est.
2451 3885 2583 3940 Puto
2609 3887 2763 3945 hodie
2784 3906 2901 3947 esse
2926 3893 3010 3948 hic
3029 3895 3142 3964 sic;
3173 3878 3401 3958 arbitror
3420 3921 3542 3965 esse
3567 3909 3576 3919 ’

1970 3965 2057 4022 hic
2082 3958 2362 4028 nonnullos
2385 3990 2517 4044 quos
2545 3978 2700 4034 amici
2733 3982 2812 4035 sui
2851 3987 3096 4042 volebant
3121 4006 3306 4059 rapere
3344 3996 3408 4049 ntl
3433 3999 3541 4054 cir-

1967 4073 2107 4119 cum.
2143 4071 2194 4115 et
2237 4061 2303 4116 ad
2334 4052 2512 4119 nescio
2539 4083 2668 4136 quas
2699 4069 2967 4130 hodierna:
3006 4078 3304 4138 festivitatis
3326 4101 3533 4158 nugas;

1968 4149 2100 4208 forte
2131 4152 2226 4221 ipsi
2259 4154 2373 4210 illos
2398 4156 2725 4216 adduxerunt
2757 4163 2822 4218 ad
2847 4168 3145 4224 ecclesiam.
3175 4174 3278 4228 Sed
3303 4149 3427 4232 sive
3438 4181 3537 4250 ipsi

1967 4240 2083 4296 illos
2126 4245 2495 4314 adduxerunt,
2537 4251 2648 4306 sive
2675 4251 2742 4307 ab
2777 4255 2856 4310 eis
2883 4257 2949 4312 ad
2977 4260 3173 4316 circum
3213 4266 3399 4337 abduci
3429 4240 3535 4327 tum

1963 4344 2262 4405 potuerunt,
2294 4339 2343 4400 iu
2370 4356 2500 4411 aqua
2532 4345 2965 4405 contradictiouis
2990 4354 3191 4420 probati
3232 4371 3374 4412 sunt.
3415 4359 3532 4417 Non

1961 4439 2086 4497 ergo
2115 4427 2398 4484 erubescas
2439 4435 2725 4500 prsedicare
2763 4438 2903 4507 quod
2949 4444 3106 4506 noSti,
3148 4444 3436 4506 defendere
3479 4457 3534 4508 ει

1960 4515 2097 4571 inter
2125 4518 2461 4588 blasphemus
2502 4525 2641 4593 quod
2677 4527 2949 4586 credidisti
2981 4548 2994 4584 :
3026 4534 3068 4586 si
3095 4535 3236 4590 enim
3267 4541 3534 4599 exaudiris

1959 4607 2010 4661 in
2035 4608 2342 4666 abscondito
2365 4615 2709 4682 tempestatis,
2732 4619 2892 4674 corde
2906 4621 3142 4688 creditur
3163 4625 3530 4695 adjustitzatn;

1957 4699 2000 4754 si
2031 4699 2270 4770 probaris
2301 4702 2351 4757 in
2383 4718 2515 4774 aqua
2556 4697 3016 4777 COllll'ﬂdiCllOlliS,
3061 4727 3154 4768 ore
3180 4716 3444 4772 confessio
3475 4707 3532 4774 (it

1955 4790 2020 4845 ad
2048 4777 2270 4847 salutem
2301 4793 2470 4866 (Rom.
2501 4812 2554 4862 κ,
2586 4797 2695 4867 10).
2718 4799 2922 4878 Quanta
2951 4811 3032 4857 est
3054 4804 3197 4859 enim
3230 4807 3338 4875 ipsa
3367 4825 3522 4878 aqua,

1953 4882 2380 4938 contradictionis
2400 4883 2424 4938 ?
2445 4885 2554 4955 jam
2576 4902 2708 4956 pene
2723 4873 2914 4946 siccata
2941 4901 3040 4946 est.
3063 4873 3357 4952 Senserunt
3382 4898 3522 4952 ilam

1955 4970 2182 5041 majores
2211 4975 2412 5039 nostri,
2441 4965 2649 5045 quando
2677 4980 2835 5034 verbo
2871 4981 2992 5048 Dei,
3025 4985 3238 5054 quando
3276 4989 3528 5058 mysterio

1952 5061 2147 5119 Christi
2185 5066 2379 5121 acriter
2405 5069 2714 5125 resistebant
2745 5081 2966 5142 gentes;
3013 5076 3320 5131 turbabatur
3347 5090 3517 5146 aqua;

1950 5168 2114 5225 aquas
2151 5156 2294 5212 enim
2339 5173 2435 5228 pro
2478 5161 2680 5230 pupulis
2706 5162 2989 5234 aliquando
3017 5166 3380 5236 intelligendas
3412 5167 3523 5220 cvi-

1951 5247 2139 5304 denter
2183 5250 2525 5325 Apocalypsis
2569 5259 2830 5324 scriptum
2882 5257 3230 5326 demonstrat,
3255 5261 3340 5314 ubi
3368 5278 3521 5334 aqua

1953 5340 2132 5397 multae
2190 5357 2310 5399 cum
2377 5343 2718 5412 viderentur,
2773 5356 2827 5404 et
2875 5361 3201 5419 quereretur
3241 5353 3366 5422 quid
3424 5371 3518 5410 es-

1950 5441 2084 5499 sent,
2133 5449 2442 5504 responsum
2486 5445 2587 5503 est,
2633 5434 2824 5508 Populi
2863 5448 2980 5494 sunt
3018 5439 3196 5510 (Apoc.
3244 5455 3370 5512 xvn,
3405 5445 3520 5514 15).

1950 5526 2284 5583 Pertulerunt
2309 5543 2434 5598 ergo
2469 5528 2541 5584 illi
2573 5544 2763 5599 aquam
2801 5531 3256 5602 contradictionis,
3301 5539 3516 5606 quando

1951 5616 2278 5673 fremuerunt
2318 5629 2520 5689 gentes,
2561 5628 2616 5675 et
2657 5621 2834 5692 populi
2878 5621 3114 5677 meditati
3155 5635 3277 5681 sunt
3302 5627 3511 5695 inania;

1947 5707 2156 5777 quando
2183 5709 2460 5767 astiterunt
2487 5723 2639 5782 reges
2663 5721 2818 5768 terra:
2839 5756 2856 5782 ,
2882 5723 2937 5770 et
2966 5714 3226 5786 principes
3247 5731 3511 5774 convene-

1949 5810 2072 5855 runt
2101 5799 2153 5854 in
2182 5816 2363 5859 unum.
2405 5799 2664 5862 adversus
2686 5802 2968 5861 Dominum
2992 5817 3045 5863 et
3087 5808 3336 5864 adversus
3359 5806 3512 5865 Chri-
