4038 6208
357 417 485 513 illi!)

354 674 434 717 tes
464 703 478 728 ,
533 671 656 714 tunc
718 658 801 713 leo
845 657 928 709 ille
970 655 1084 707 viro
1127 652 1248 705 forti
1296 647 1522 702 Samson
1568 641 1794 699 venienti
1845 637 1911 693 ad

352 751 646 809 ducendam
705 749 772 803 de
814 743 1118 815 alienigenis
1173 754 1411 801 uxorem,
1457 736 1667 791 Christo
1716 731 1914 786 scilicet

351 841 688 899 descendenti
733 837 798 891 ad
847 833 1136 890 habendam
1183 829 1466 901 Ecclesiam
1515 826 1581 879 de
1636 822 1911 892 Gentibus,

356 933 582 988 fremens
612 930 716 984 ibat
744 929 795 983 in
824 926 1049 982 obviam.
1090 922 1196 978 Sed
1224 920 1348 990 quid
1374 918 1512 989 egit?
1559 915 1791 982 Accepit,
1838 921 1914 965 te-

358 1024 488 1084 nuit,
518 1019 693 1088 fregit,
721 1015 994 1087 dissipavit
1019 1014 1224 1069 leonem
1247 1029 1263 1077 ;
1309 1010 1473 1063 factus
1494 1017 1576 1061 est.
1599 1008 1649 1059 in
1677 1002 1916 1057 manibus

354 1113 467 1181 t-jns
495 1112 634 1165 velut
661 1108 839 1163 haedus
864 1119 1162 1176 caprarum.
1188 1101 1325 1168 Quid
1351 1100 1492 1155 enirn
1520 1098 1672 1152 fieret
1699 1094 1915 1163 populus

356 1204 605 1261 fremens,
649 1198 749 1252 nisi
796 1195 1070 1267 languidus
1112 1191 1392 1263 peccator?
1419 1189 1602 1243 Occisa
1629 1197 1800 1238 autem
1832 1182 1917 1235 illa

330 1298 335 1349 ἶ
358 1293 581 1356 feritate,
602 1291 708 1359 jam
732 1304 837 1343 non
862 1289 938 1343 sic
957 1286 1131 1341 fremit
1157 1285 1294 1354 regia
1318 1291 1568 1351 potestas,
1595 1292 1696 1331 non
1720 1278 1795 1329 sic
1820 1275 1921 1328 fre.-

332 1358 451 1436 )mit
480 1381 700 1452 populus
715 1378 958 1436 Gentium
981 1378 997 1409 ¹
1019 1378 1067 1430 in
1095 1376 1301 1429 obviam
1322 1373 1532 1428 Christo
1555 1387 1567 1421 :
1598 1370 1701 1421 imo
1723 1382 1845 1420 vero
1868 1365 1918 1417 in

361 1474 471 1540 ipso
488 1485 649 1540 regno
664 1468 910 1524 Gentium
934 1466 1229 1521 invenimus
1247 1463 1389 1531 leges
1418 1476 1509 1528 pro
1535 1457 1790 1517 Ecclesia,
1811 1464 1922 1507 tau-

358 1578 512 1631 quam
542 1559 713 1615 favum
732 1559 784 1612 in
804 1573 895 1613 ore
914 1555 1084 1612 leonis
1122 1554 1314 1625 (Jutlic.
1349 1567 1456 1616 ιιν,
1474 1548 1613 1619 5-8).
1640 1546 1775 1616 Quid
1798 1558 1923 1614 ergo

361 1653 466 1721 jam
499 1659 728 1704 metuam
759 1661 948 1717 aquam
985 1642 1413 1699 contradictionis
1435 1682 1450 1705 ,
1491 1655 1607 1709 qua:
1631 1650 1796 1708 prope
1819 1634 1921 1704 iam

283 1796 291 1804 ,
362 1751 466 1795 ιοι.·ι
493 1741 687 1799 siccata
702 1738 823 1795 est?
848 1738 936 1791 Illa
957 1750 1088 1806 pene
1102 1735 1209 1805 jam
1228 1734 1366 1796 silet,
1384 1732 1427 1786 si
1444 1744 1655 1785 amurca
1676 1742 1780 1783 non
1802 1741 1925 1781 con~

361 1832 602 1886 tradicat.
615 1828 1009 1897 Quantumlibet
1039 1824 1161 1880 mali
1179 1823 1396 1878 smviant
1410 1821 1588 1885 alieni,
1606 1834 1640 1874 ο
1654 1818 1698 1873 si
1714 1831 1806 1873 eos
1822 1831 1924 1869 non

362 1922 611 1991 adiuvent
637 1918 761 1974 mali
787 1918 984 1972 nostri!
1011 1914 1259 1970 Eximdivi
1288 1924 1334 1966 te
1357 1912 1409 1965 in
1433 1906 1718 1965 abscondito
1738 1916 1926 1975 tempe-

363 2013 524 2079 statis,
552 2010 754 2079 probavi
773 2019 819 2063 te
836 2009 888 2062 in
908 2023 1039 2078 aqua
1061 2003 1486 2059 contradictionis.
1526 1997 1778 2054 Recolitis
1805 1994 1928 2065 quid

357 2105 431 2158 de
448 2103 661 2160 Christo
680 2101 875 2156 dictum
897 2099 986 2164 sit,
1007 2097 1084 2152 sic
1103 2104 1281 2151 natum
1303 2108 1424 2149 eum
1443 2102 1563 2146 esse
1577 2088 1631 2142 in
1645 2088 1928 2143 multorum

364 2195 588 2259 ruinam,
617 2200 670 2246 et
688 2191 967 2246 multorum
993 2184 1451 2247 resurrectionem,
1478 2190 1532 2236 et
1552 2180 1603 2233 in
1623 2178 1826 2247 signum
1847 2175 1929 2230 cui

364 2277 908 2349 eontradicetur(an.
932 2293 989 2343 tt,
1010 2274 1407 2345 54).Novimns,
1432 2270 1666 2324 videmus
1692 2285 1706 2320 :
1726 2267 1931 2336 signum

365 2376 538 2431 erucis
566 2383 795 2429 erectum
826 2380 935 2430 est.
967 2378 1022 2424 et
1045 2365 1425 2423 contradictum
1450 2372 1532 2417 est
1559 2361 1628 2415 ci.
1653 2357 1932 2415 Contradi-

366 2477 512 2519 ctnm
537 2475 618 2520 est
635 2464 814 2535 gloria:
832 2461 1033 2524 crucis;
1064 2459 1155 2513 sed
1183 2456 1360 2511 titulus
1385 2464 1497 2508 erat
1523 2466 1680 2520 super
1699 2464 1931 2511 crucem,

369 2557 459 2626 qui
474 2571 574 2610 non
597 2553 1046 2622 carrumpebatur.
1073 2548 1168 2603 Est
1183 2545 1321 2600 enim
1345 2543 1524 2597 titulus
1546 2542 1597 2594 in
1620 2540 1822 2610 psalmo
1842 2555 1853 2590 :
1870 2535 1934 2590 In

376 2647 504 2700 tituli
518 2644 906 2712 inscriptionem,
926 2655 988 2693 ne
1002 2651 1293 2703 corrumpas
1314 2632 1480 2706 (Psal.
1502 2646 1610 2694 ιιι,
1629 2629 1703 2699 1).
1719 2628 1935 2696 Signum

374 2736 590 2790 eratcui
616 2731 1102 2787 contradiceretur:
1130 2726 1377 2780 dixerunt
1411 2721 1551 2775 enim
1580 2717 1784 2784 Ιιιάπξίι,
1816 2714 1939 2768 Noli

380 2829 562 2896 facere,
586 2824 697 2879 Rea:
718 2820 1050 2881 Iudaeorum;
1080 2815 1163 2870 sed
1187 2815 1267 2883 [ac
1285 2811 1417 2882 quod
1445 2811 1551 2881 ipse
1574 2808 1751 2863 dixerit
1777 2821 1938 2877 regem

388 2933 441 2969 se
460 2931 565 2969 esse
589 2912 902 2967 Judteorum.
928 2908 1073 2962 Victa
1109 2912 1190 2960 est
1220 2901 1592 2964 contradictio;
1630 2911 1938 2968 responsum

366 3016 479 3070 .est,
488 3005 634 3073 Quod
644 3003 840 3074 scripsi,
854 2999 1030 3069 scripsi
1043 2996 1218 3069 (Joan.
1240 3012 1266 3048 κ
1277 3011 1324 3048 ix
1333 3035 1346 3059 ,
1371 2991 1547 3062 19-22)
1557 2990 1825 3043 .Exaudivi
1835 2988 1939 3041 tein

378 3097 663 3153 abscondito
682 3093 1003 3164 tempestatis,
1023 3089 1226 3161 probavi
1241 3087 1350 3140 tein
1365 3101 1496 3152 aqua
1515 3081 1940 3137 contradictionis.

450 3191 535 3246 19..
566 3184 886 3262 [υειέ.9,10.]
917 3184 1025 3238 Hoc
1037 3190 1200 3236 totum
1223 3180 1288 3231 ab
1304 3177 1453 3230 initio
1476 3174 1667 3229 Psalmi
1691 3186 1854 3242 usque
1877 3170 1942 3224 ad

381 3285 519 3338 hunc
540 3295 768 3346 versum,
800 3277 866 3331 de
882 3276 1000 3331 oleo
1026 3270 1302 3328 torcularis
1326 3267 1639 3321 audivimus.
1673 3262 1822 3329 Quod
1852 3276 1939 3316 re-

382 3383 484 3428 stat
510 3371 677 3441 magis
709 3367 994 3424 dolendum
1016 3372 1099 3418 est.
1134 3370 1187 3416 et
1224 3358 1517 3421 cavendum
1552 3355 1652 3410 :ad
1675 3367 1943 3407 amurcam

380 3465 523 3517 eiiim
555 3457 1075 3528 torcularislpertinet
1096 3465 1259 3522 usque
1282 3448 1346 3504 ad
1375 3448 1565 3510 linem;
1598 3447 1820 3501 fortasse
1841 3460 1943 3499 non

386 3554 574 3607 frustra
605 3561 657 3606 et
686 3546 995 3617 interposito
1017 3541 1382 3614 diapsalmate.
1408 3539 1510 3594 Sed
1535 3540 1693 3593 etiam
1721 3539 1823 3591 hoc
1848 3551 1944 3589 au-

384 3645 498 3697 dire
525 3641 652 3696 utile
687 3648 770 3694 est
790 3680 803 3702 ,
839 3647 895 3691 ut
920 3636 1008 3707 qui
1038 3649 1097 3691 se
1117 3634 1228 3703 jam
1258 3629 1313 3683 in
1339 3631 1457 3686 oleo
1485 3630 1655 3706 videt,
1687 3628 1942 3699 gaudeat;

386 3736 471 3805 qui
500 3733 817 3805 periclitatur
844 3745 910 3784 ne
937 3730 988 3784 in
1014 3743 1223 3784 amurca
1250 3728 1484 3792 currat',
1501 3730 1702 3778 caveat.
1731 3721 1945 3777 Utr'um-

387 3808 490 3895 que
513 3824 634 3879 audi
658 3840 672 3877 :
695 3837 856 3876 unum
881 3819 1059 3891 dilige,
1086 3819 1309 3874 alterum
1341 3818 1486 3870 time.
1516 3813 1649 3867 Audi
1671 3854 1685 3878 ,
1732 3810 1948 3883 populus

389 3930 525 3971 utens
550 3958 564 3982 ,
591 3925 638 3970 et
662 3917 857 3985 loquar,
890 3922 934 3967 et
966 3912 1263 3981 testificabor
1292 3909 1398 3963 tibi.
1434 3906 1547 3963 Non
1579 3905 1737 3959 enim'
1758 3902 1949 3973 popqu

388 4007 579 4071 alieno,
610 4019 714 4058 non
743 4004 881 4057 enim
911 4000 1101 4072 popqu
1127 4013 1231 4054 non
1256 3994 1539 4071 pertinenti
1566 3994 1634 4049 ad
1665 3993 1897 4048 torcular
1933 4011 1946 4046 :

388 4097 639 4161 Jndicate,
667 4093 851 4164 inquit,
878 4093 1007 4147 inter
1022 4108 1103 4146 me
1124 4101 1168 4145 et
1195 4090 1391 4145 vineam
1414 4102 1575 4141 meam
1603 4082 1750 4154 (Isai.
1780 4099 1832 4146 γ,
1857 4082 1945 4152 5).

390 4186 523 4239 Audi
550 4185 763 4256 populus
792 4200 928 4236 mens
948 4222 963 4242 ,
992 4193 1037 4235 et
1063 4183 1260 4251 loquar,
1282 4189 1328 4232 et
1362 4174 1660 4244 testiﬁcabor
1678 4172 1783 4224 tibi.

460 4280 546 4333 15.
576 4277 759 4339 Israel,
781 4274 826 4328 si
851 4289 929 4326 me
947 4272 1185 4337 audieris,
1214 4285 1312 4322 non
1343 4269 1437 4322 erit
1463 4269 1515 4321 in
1543 4277 1591 4320 te
1615 4267 1735 4319 deus
1761 4280 1949 4317 recens.

394 4372 530 4457 Deus
557 4380 765 4431 recens,
789 4372 872 4420 est
899 4362 965 4418 ad
1003 4372 1211 4432 tempus
1247 4360 1414 4414 factus
1443 4376 1456 4413 :
1488 4358 1624 4413 Deus
1648 4366 1822 4411 autem
1852 4370 1950 4408 no-

392 4447 502 4517 ster
525 4475 627 4515 non
653 4471 857 4520 recens,
893 4454 985 4511 sed
1011 4454 1078 4509 ab
1105 4451 1397 4508 mternitate
1422 4449 1475 4504 in
1495 4448 1861 4505 aeternitatem.
1890 4447 1954 4501 Et

391 4552 632 4606 Christus
678 4557 855 4603 noster
880 4561 1065 4602 recens
1093 4542 1432 4608 forte’homo,
1464 4541 1559 4597 sed
1601 4541 1954 4611 sempiternus

396 4644 552 4698 Deus.
582 4638 875 4710 Quid-enim
899 4645 1024 4692 ante
1052 4632 1397 4707 principium?
1422 4631 1492 4688 Et
1510 4632 1690 4702 utique
1716 4631 1770 4686 in
1800 4631 1952 4702 prino

394 4732 532 4800 cipio
556 4739 671 4786 erat
702 4728 1026 4793 Verbum,'et
1060 4723 1298 4781 Verbum
1344 4731 1463 4778 erat
1498 4721 1637 4792 apud
1663 4723 1827 4777 Deum
1853 4764 1868 4788 ,
1900 4729 1956 4776 et

398 4827 535 4879 Deus
560 4830 673 4878 erat
702 4819 932 4876 Verbum
957 4826 1044 4874 :et
1064 4818 1177 4888 ipse
1201 4815 1445 4871 Christus
1470 4814 1492 4847 ³
1518 4823 1699 4870 noster
1726 4813 1954 4868 Verbum

394 4930 519 4970 caro
540 4915 750 4975 factum,
777 4910 1103 4966 uthabitaret
1129 4907 1181 4963 in
1208 4904 1358 4962 nobis
1379 4905 1562 4977 (loan.
1581 4921 1620 4970 ι,
1639 4906 1691 4969 1,
1721 4904 1809 4974 14)
1826 4903 1956 4958 .Ab-

394 5007 465 5060 sit
490 5013 698 5076 ergout
718 5002 792 5057 sit
810 4999 1057 5082 inaliquo
1081 4998 1211 5054 deus
1233 5011 1419 5053 recens
1448 5014 1462 5051 :
1487 4996 1618 5053 deus
1644 5000 1957 5062 recens,'aut

396 5102 546 5171 lapis,
563 5108 655 5154 aut
678 5095 985 5167 phantasma
1002 5102 1101 5149 est.
1118 5091 1232 5147 Non
1246 5100 1347 5156 est,
1370 5091 1555 5162 inquit,
1574 5089 1706 5160 lapis
1725 5108 1737 5143 :
1756 5104 1855 5160 ego
1869 5105 1958 5144 ar-

398 5200 636 5256 genteum
659 5188 829 5243 habeo
852 5192 908 5241 et
930 5198 1172 5238 aureum.
1194 5181 1385 5239 Merito
1414 5183 1525 5250 ipsa
1547 5181 1774 5250 pretiosa
1797 5181 1959 5235 voluit

400 5262 684 5344 nominare,
714 5278 801 5349 qui
829 5274 989 5339 dixit,
1019 5274 1170 5328 ldola
1220 5271 1450 5327 Gentium
1474 5279 1731 5341 argentum
1777 5280 1823 5324 et
1866 5287 1959 5323 au-

396 5368 719 5439 ri.m.Magna
744 5376 885 5431 sunt,
902 5366 1022 5436 quia
1040 5378 1196 5420 aurea
1215 5372 1270 5419 et
1292 5370 1538 5433 argentea
1557 5369 1681 5417 sunt
1697 5377 1711 5424 ;
1730 5361 1961 5430 pretiosa

395 5466 548 5521 sunt;
576 5457 745 5510 lucida
771 5467 895 5513 sunt
927 5475 938 5510 :
985 5455 1077 5511 sed
1105 5465 1277 5509 tamen
1317 5452 1498 5507 oculos
1533 5450 1746 5518 habent,
1774 5460 1828 5506 et
1854 5463 1958 5507 non

460 5588 481 5642 ί
504 5607 691 5670 Aliquot,
711 5610 838 5662 uss,
857 5617 950 5655 non
971 5606 1007 5655 ιι
1023 5606 1075 5670 in
1097 5603 1279 5654 obviam
1296 5600 1499 5663 clusus.

456 5674 478 5704 ³
503 5665 636 5729 will,
668 5667 720 5729 in
748 5678 995 5729 amurcam
1025 5665 1260 5729 iactarat.
1298 5670 1353 5711 At
1382 5677 1553 5727 omnes
1585 5670 1714 5722 Mss,
1753 5671 1955 5729 canat:

396 5742 447 5786 et
470 5745 532 5780 ex
562 5723 636 5779 his
653 5725 835 5791 plures,
851 5723 906 5774 in
930 5738 1159 5783 amrtrca;
1183 5726 1346 5783 idest,
1376 5738 1483 5774 cum
1507 5724 1698 5775 amurca
1720 5735 1877 5780 eiurat
1895 5726 1959 5777 de

396 5793 635 5847 torculari.
853 5848 893 5849 η
1058 5830 1063 5831 γ
1092 5841 1099 5849 .
1152 5812 1155 5816 ι
1186 5826 1193 5830 ,
1270 5832 1295 5837 η

461 5858 480 5888 ³
502 5865 572 5904 5n:
596 5860 703 5903 uss.
730 5858 782 5900 At
806 5848 940 5909 ειη,
959 5848 1122 5918 Deus."

1570 444 1622 498 s.
1668 436 2026 496 auersum
2068 400 2363 496 ευιέευυι

351 582 490 624 stum
536 572 648 636 ejus
684 567 848 635 (Psal.
884 581 937 629 ιι,
973 565 1020 627 1,
1053 562 1130 628 2).
1172 557 1391 626 Quando
1414 558 1739 610 fremuerunt
1779 567 1906 621 geu-
1942 564 1947 571 '

3435 446 3570 501 ιοιυ

2020 552 2195 605 vident
2220 550 2388 620 (Paul.
2411 566 2552 615 cum,
2580 554 2631 615 4',
2661 553 2741 621 ὃ).
2770 554 3025 610 [tacentes
3047 557 3099 610 lii
3122 556 3213 612 dii.
3237 558 3368 621 Quid
3392 573 3573 614 recen-

2018 642 2119 697 tius
2147 641 2247 697 deo
2269 657 2334 696 es
2368 643 2618 697 officina?
2643 644 2787 699 Licet
2816 646 2930 700 illos
2963 647 3071 715 jam
3100 658 3330 702 vetustos
3357 665 3573 706 aranea—

2018 750 2132 787 rum
2154 749 2329 789 casses
2354 737 2714 801 conicxerint;
2742 739 2827 807 qui
2846 740 3154 806 sempiterni
3185 755 3289 793 non
3320 750 3463 805 sunt,
3486 757 3573 796 re-

2017 834 2198 878 centes
2222 835 2340 878 sunt
2384 842 2397 880 :
2428 828 2527 882 hoc
2565 828 2631 881 de
2671 827 2912 898 Paganis.
2954 829 3142 885 Nescio
3175 831 3291 901 quis
3315 831 3450 886 alios
3474 874 3490 897 ,
3514 833 3574 886 in

2017 915 2297 969 vanitatem
2324 916 2585 985 accipiens
2613 933 2801 972 nomen
2826 920 3031 975 Domini
3068 921 3158 975 Dei
3183 921 3281 984 sui,
3327 922 3450 976 fecit
3475 922 3574 977 sibi

2017 1002 2281 1058 Christum
2312 1017 2603 1061 creaturam
2624 1049 2639 1071 ,
2689 1007 2954 1064 Christum
2984 1011 3236 1080 imparem
3261 1022 3314 1066 et
3344 1012 3575 1080 iamqua-

2023 1092 2124 1147 lem
2150 1097 2455 1161 generanti;
2487 1097 2675 1151 Filium
2712 1099 2805 1154 Dei
2833 1101 3033 1164 dicens,
3064 1112 3116 1154 et
3140 1099 3328 1154 Filium
3362 1101 3450 1155 Dei
3487 1118 3577 1156 ne-

2020 1200 2171 1253 gans.
2199 1187 2251 1241 Si
2297 1188 2436 1240 enim
2463 1188 2627 1243 Filius
2651 1190 2835 1244 unicus
2860 1200 2958 1252 est,
3000 1190 3100 1246 hoc
3122 1191 3260 1261 quod
3299 1191 3450 1245 Pater
3476 1201 3577 1251 est,

2023 1275 2194 1330 ethoc
2220 1289 2299 1331 est
2322 1294 2385 1332 ex
2420 1280 2747 1334 mternitate:
2779 1289 2832 1335 tu
2859 1290 3032 1335 autem
3061 1283 3238 1337 nescio
3265 1281 3389 1350 quid
3438 1283 3581 1336 aliud

2023 1366 2263 1436 cogitasti
2285 1367 2336 1420 in
2363 1368 2524 1423 corde
2556 1379 2676 1433 tuo;
2707 1370 2859 1423 deum
2884 1380 3147 1425 recentem
3170 1372 3411 1440 posuisti.
3439 1370 3582 1427 Fecit

2024 1458 2122 1510 sibi
2143 1458 2275 1511 alius
2290 1458 2443 1514 deum
2465 1469 2778 1529 pugnantem
2795 1471 2973 1515 eontra
2991 1474 3200 1532 gentem
3225 1465 3579 1526 tenebrarum,

2027 1553 2297 1606 timentem
2326 1568 2391 1605 ne
2416 1554 2708 1620 invadatur,
2739 1565 3062 1625 satagentem
3095 1573 3161 1610 ne
3179 1567 3583 1627 corrumpatur;

2026 1657 2091 1697 ex
2122 1652 2270 1711 parte
2301 1653 2473 1698 tamen
2505 1657 2831 1715 corruptum,
2871 1656 2928 1701 ιιι
2970 1658 3146 1716 posset
3170 1663 3289 1716 esse
3316 1659 3454 1703 totus
3480 1650 3585 1703 sal-

2029 1748 2124 1786 vus
2148 1749 2163 1795 ;
2187 1734 2277 1787 sed
2306 1750 2410 1787 non
2453 1745 2610 1799 totus,
2649 1737 2769 1805 quia
2807 1753 2870 1790 ex
2911 1753 2959 1807 pi
2980 1746 3058 1792 rte
3083 1751 3379 1808 corruptus.
3426 1741 3590 1794 Mani.

2027 1822 2162 1877 chzci
2189 1824 2285 1878 ista
2312 1824 2525 1886 dicunt;
2571 1825 2766 1880 faciunt
2792 1828 2889 1882 sibi
2922 1837 2978 1882 et
3002 1829 3085 1883 isti
3114 1834 3164 1882 in
3194 1829 3356 1885 corde
3398 1845 3593 1885 recent-

2031 1922 2136 1968 tem
2161 1915 2337 1968 deum.
2357 1914 2469 1968 Non
2486 1925 2568 1969 est
2584 1916 2699 1970 talis
2722 1917 2856 1971 Dens
2881 1930 3079 1985 noster,
3103 1933 3206 1973 non
3225 1929 3307 1974 est
3326 1919 3444 1975 talis
3465 1935 3589 1992 por-

2034 2002 2107 2059 tio
2131 2012 2217 2059 tua
2236 2003 2405 2059 .lacob~
2431 2023 2445 2058 :
2472 2006 2563 2062 sed
2590 2007 2678 2076 qui
2704 2007 2825 2062 fecit
2847 2008 3040 2063 etelum
3064 2019 3118 2065 et
3138 2020 3351 2073 terram,
3377 2011 3491 2079 ipse
3512 2022 3595 2066 est

2034 2095 2172 2151 Deus
2195 2105 2316 2150 tuus
2337 2113 2352 2161 ;
2376 2098 2464 2167 qui
2491 2113 2593 2151 non
2622 2108 2741 2169 eget
2766 2099 2943 2168 bonis,
2956 2102 3043 2171 qui
3073 2116 3174 2156 non
3204 2103 3348 2157 timet
3374 2103 3592 2158 ainalis.

2107 2187 2197 2241 14.
2225 2187 2373 2242 Multi
2399 2203 2526 2258 ergo
2556 2188 2787 2244 bmretici
2812 2207 2931 2246 cum
2954 2191 3177 2260 Paganis
3219 2194 3353 2246 alios
3379 2201 3436 2247 ct
3461 2193 3595 2247 alios
3646 2248 3649 2251 λ

2034 2276 2162 2333 deos
2182 2277 2282 2333 sibi
2321 2278 2423 2348 ipsi
2443 2279 2701 2344 fecerunt,
2724 2281 2856 2335 alios
2890 2294 2944 2336 et
2969 2284 3100 2337 alios
3128 2284 3260 2337 deos
3301 2286 3402 2338 sibi
3433 2286 3597 2339 linse-
3656 2312 3663 2321 ε

2037 2376 2194 2431 runt;
2225 2379 2279 2422 et
2306 2384 2397 2423 eos
2419 2371 2625 2423 etiamsi
2658 2387 2759 2424 non
2786 2372 2839 2424 in
2870 2374 3098 2441 templis,
3133 2384 3305 2427 tamen
3349 2375 3485 2442 quod
3515 2384 3597 2428 est

2032 2460 2188 2531 pejus
2207 2462 2260 2516 in
2281 2476 2378 2516 suo
2400 2460 2560 2516 corde
2582 2474 2886 2532 posuerunt,
2903 2473 2957 2516 et
2975 2462 3224 2519 falsorum
3244 2465 3621 2523 ridendus-nus,

2037 2566 2140 2619 que
2177 2552 2575 2606 simulacrorum
2615 2553 2806 2621 templa
2854 2553 2951 2622 ipsi
2993 2551 3115 2609 facti
3159 2563 3296 2608 sunt.
3363 2554 3599 2624 Magnum

2039 2657 2171 2709 opus
2197 2652 2297 2705 est,
2328 2643 2466 2696 intus
2490 2642 2604 2697 lucc
2631 2642 2767 2696 idola
2797 2641 3074 2713 frangere;
3104 2652 3154 2697 et
3176 2636 3349 2698 locum
3381 2645 3490 2699 Deo
3514 2645 3588 2697 vi-

2040 2732 2202 2797 venti,
2232 2748 2335 2787 non
2378 2735 2578 2789 recenti
2613 2735 2886 2789 mundare.
2928 2733 3126 2790 Omnes
3170 2737 3310 2790 enim
3346 2736 3429 2790 isti
3460 2736 3602 2792 aliud

2043 2832 2202 2891 atque
2240 2822 2382 2876 aliud
2417 2823 2745 2891 sentientes,
2787 2822 2921 2877 alios
2968 2832 3130 2892 atque
3178 2825 3312 2879 alios
3338 2824 3469 2880 deos
3505 2826 3605 2880 sibi

2043 2913 2335 2976 facientes,
2383 2913 2654 2984 ipsamque
2699 2912 2853 2967 fidem
2906 2912 3134 2967 falsitate
3175 2908 3491 2980 variantes,’
3523 2918 3602 2968 vi-

2043 3007 2235 3061 dentur
2259 3006 2571 3069 dissentire;
2608 3004 2702 3059 sed
2730 3019 2915 3060 omnes
2941 3021 2972 3059 a
3016 3006 3239 3061 terrenis
3280 3007 3605 3076 cogitationi-

2044 3097 2144 3151 bus
2168 3111 2273 3149 non
2302 3094 2576 3160 recedunt,
2621 3095 2673 3149 in
2700 3096 2926 3150 terrenis
2960 3097 3366 3165 cogitationibus
3387 3112 3607 3153 consen-

2046 3186 2183 3241 tiunt
2222 3185 2323 3242 sibi
2354 3185 2574 3256 :opinio
2613 3185 2826 3241 diversa
2863 3195 2964 3251 est,
3004 3188 3210 3240 vanitas
3250 3203 3352 3242 una
3401 3197 3505 3244 est.
3534 3188 3609 3244 De

2047 3277 2152 3332 illis
2188 3276 2374 3357 inalio
2402 3276 2606 3346 psalmo
2634 3276 2846 3345 dicitur,
2875 3275 2989 3347 Ipsi
3028 3278 3091 3331 de
3121 3279 3339 3333 vanitate
3359 3279 3414 3332 in
3453 3295 3607 3332 unum

2048 3369 2226 3442 (Psal.
2275 3384 2386 3435 ιιι,
2434 3368 2524 3441 10)
2553 3386 2567 3424 :
2595 3369 2835 3440 quamvis
2874 3369 3179 3440 opinionum
3222 3371 3471 3425 varietate
3497 3368 3609 3425 dis-

2054 3460 2296 3528 cordent,
2328 3460 2489 3515 simili
2539 3469 2713 3515 tamen
2743 3461 2972 3516 vanitate
2996 3456 3419 3529 colligantur.’Et
3446 3461 3611 3515 nostis

2047 3555 2171 3623 quia
2196 3553 2401 3608 vanitas
2438 3562 2583 3606 retro
2608 3560 2724 3616 est,
2755 3553 3018 3622 posterior
3057 3560 3140 3606 est
3186 3568 3198 3605 :
3233 3551 3354 3606 ideo
3377 3551 3467 3606 ille
3493 3566 3611 3620 quae

2048 3653 2190 3700 retro
2217 3644 2431 3710 oblitus,
2459 3643 2510 3698 id
2525 3651 2608 3698 est
2651 3643 2934 3697 vanitatem
2960 3642 3173 3707 oblitus,
3198 3642 3249 3695 in
3269 3657 3330 3696 ea
3355 3657 3472 3711 quae
3489 3651 3615 3695 ante

2049 3746 2191 3801 sunt,
2240 3735 2290 3790 id
2332 3742 2415 3790 est
2443 3736 2495 3789 in
2526 3733 2800 3790 veritatem
2848 3741 3113 3798 extentus,
3140 3731 3377 3801 sequitur
3414 3730 3481 3785 ad
3512 3730 3612 3801 pal-

2052 3843 2191 3883 mam
2216 3841 2459 3897 supernte
2487 3824 2776 3880 vocationis
2823 3824 2915 3878 Dei
2942 3823 2994 3877 in
3033 3806 3245 3877 Christo
3289 3822 3416 3877 Jesu
3442 3822 3462 3892 (
3488 3820 3613 3875 Plii-

2051 3921 2179 3991 (ipp.
2210 3935 2283 3984 Ill,
2314 3919 2403 3984 is,
2439 3903 2563 3988 tt):
2586 3916 2724 3986 Ergo
2749 3915 2799 3969 in
2830 3914 2980 3984 pejus
3011 3912 3109 3967 sibi
3139 3911 3225 3967 isti
3253 3911 3612 3976 consentiunt,

2052 4010 2291 4079 quamvis
2309 4009 2591 4064 dissentire
2616 4022 2644 4060 τι
2665 4021 2724 4061 se
2750 4006 2973 4061 invicem
2999 4003 3295 4058 videantur.
3320 4002 3441 4057 Ideo
3457 4004 3611 4061 Sam-

2052 4115 2148 4155 son
2170 4099 2365 4155 caudas
2388 4100 2620 4168 vulpium
2659 4097 2924 4167 colligavit
2951 4094 3155 4166 (ludic.
3183 4111 3271 4162 xv,
3301 4097 3335 4149 1
3353 4096 3390 4159 j.
3425 4092 3613 4162 Vulpes

2054 4188 2352 4251 insidiosos,
2400 4188 2730 4256 maximeque
2768 4186 3048 4241 haereticos
3094 4186 3392 4257 signilieant
3425 4183 3613 4249 ;dolo-

2054 4293 2160 4343 sos,
2195 4277 2575 4343 fraudulentos,
2615 4276 2917 4331 cavernosis
2958 4265 3285 4330 anfractibus
3312 4275 3534 4329 latentes
3562 4284 3614 4329 et

2054 4369 2395 4439 decipientes,
2418 4368 2581 4423 odore
2603 4367 2760 4423 etiam
2788 4375 2923 4421 tetro
2951 4376 3211 4435 patentes.
3244 4369 3435 4421 Contra
3459 4381 3613 4435 quem

2056 4459 2273 4516 odorem
2316 4459 2444 4514 dicit
2487 4457 2773 4526 Apostolus
2813 4474 2826 4510 :
2855 4455 3040 4511 Christi
3075 4456 3232 4511 bonus
3255 4455 3381 4509 odor
3406 4471 3580 4509 sumus
3600 4457 3615 4488 ι

2055 4553 2109 4605 in
2128 4551 2264 4605 omni
2289 4551 2396 4604 loco
2410 4547 2482 4620 (ll
2505 4546 2624 4604 Cor.
2664 4563 2721 4610 tt,
2751 4546 2874 4619 15).
2909 4546 3027 4601 Ista:
3054 4548 3237 4616 vulpes
3259 4544 3620 4614 significantur

2058 4643 2113 4697 in
2131 4641 2360 4698 Canticis
2382 4641 2731 4703 canticorum,
2771 4639 2861 4693 ubi
2881 4637 3071 4693 dicitur
3104 4655 3116 4690 :
3144 4636 3319 4705 Capite
3346 4636 3487 4691 nobis
3508 4639 3619 4692 vul-

2060 4752 2147 4804 pes
2175 4733 2401 4805 pusillas,
2452 4731 2837 4786 exterminantes
2861 4731 3027 4785 vineas
3044 4771 3061 4794 ,
3086 4730 3293 4782 latentes
3319 4724 3371 4781 in
3396 4729 3619 4781 cavernis

2060 4827 2292 4881 tortuosis
2324 4823 2491 4897 (Cant.
2513 4838 2571 4887 ll,
2606 4822 2717 4892 15).
2748 4820 2922 4891 Capite
2942 4821 3101 4886 nobis,
3120 4820 3417 4874 convincite
3436 4819 3617 4884 nobis;

2058 4921 2204 4991 capis
2226 4919 2365 4984 enim
2390 4932 2511 4979 eum
2536 4931 2693 4987 quem
2718 4914 2784 4970 de
2812 4914 3040 4968 falsitate
3080 4913 3369 4967 convincis.
3395 4907 3619 4983 Contra-

2060 5010 2355 5068 dicentibus
2377 5007 2607 5078 denique
2625 5006 2920 5076 vulpeculis
2947 5005 3188 5069 Domino,
3220 5012 3273 5057 et
3295 5001 3618 5064 dicentibus,

2009 5162 2016 5172 ,
2062 5100 2129 5157 In
2153 5118 2255 5172 qua
2290 5107 2531 5175 potestate
2576 5098 2671 5151 ista
2698 5097 2871 5166 facis?
2912 5095 3226 5163 Respondcte
3266 5092 3391 5146 mihi
3434 5101 3479 5147 et
3515 5108 3620 5159 vos,

2063 5193 2249 5263 inquit,
2280 5208 2435 5244 una»:
2457 5204 2732 5259 sermonem
2759 5202 2778 5241 :
2801 5185 3089 5256 Baptisnnts
3112 5183 3330 5237 Joannis
3356 5184 3489 5241 unde
3513 5184 3625 5237 est?

2063 5285 2126 5338 de
2140 5284 2291 5349 .ctelo,
2315 5299 2383 5335 an
2415 5297 2476 5335 ea:
2503 5278 2825 5333 hominibus?
2868 5276 3066 5345 Vulpes
3109 5285 3284 5330 autent
3328 5276 3501 5331 solent
3529 5274 3621 5326 ha-

2064 5376 2189 5431 bere
2217 5374 2346 5428 tales
2377 5373 2593 5436 foveas,
2617 5381 2673 5424 ut
2705 5386 2767 5423 ex
2800 5385 2900 5423 una
2934 5378 3082 5437 parte
3104 5370 3320 5432 intrent,
3355 5377 3408 5422 et
3431 5381 3494 5418 ex
3522 5365 3623 5418 alia

2066 5476 2213 5536 parte
2241 5472 2432 5523 exeant
2458 5480 2471 5516 :
2500 5462 2564 5515 ad
2597 5471 2875 5530 utrumque
2912 5460 3151 5517 foramen
3181 5468 3362 5530 captor
3390 5455 3622 5524 vulpium

2068 5554 2198 5610 retia
2228 5553 2421 5624 posuit.
2449 5546 2614 5605 Dicite
2642 5549 2791 5613 milii,
2820 5551 2882 5604 de
2916 5550 3041 5605 ctzlo
3069 5561 3141 5606 est
3163 5593 3177 5616 ,
3212 5567 3279 5602 an
3306 5563 3368 5600 ea:
3404 5547 3620 5600 homini-

2066 5643 2203 5699 bus!
2235 5642 2479 5717 Sentiunt
2528 5640 2600 5694 illi
2630 5654 2749 5694 eum
2776 5656 2839 5694 ex
2889 5651 3110 5710 utraque
3154 5647 3301 5706 parte
3337 5636 3624 5692 tetendisse

2066 5732 2206 5788 unde
2231 5739 2471 5799 caperet;
2502 5738 2556 5783 et
2596 5730 2739 5782 aiunt
2777 5729 2912 5797 apud
2961 5743 3021 5783 se
3059 5746 3072 5781 :
3127 5726 3187 5780 Si
3218 5727 3510 5791 dixeriums,
3551 5726 3631 5778 in-

2132 5846 2149 5877 ι
2171 5845 2252 5893 llic
2270 5842 2456 5891 additur
2474 5842 2518 5891 in
2538 5841 2665 5901 Etld.,
2695 5836 2803 5902 Deo,
2820 5840 2946 5904 quod
2968 5852 2996 5888 a
3018 5839 3289 5890 .\tss.:tbest.
