4024 6210
377 326 502 384 {Nl

377 440 579 512 quium,
618 436 695 492 De
725 436 847 489 calo
872 452 888 499 ;
916 435 1139 489 dicturus
1176 442 1245 488 est
1292 435 1452 500 nobis,
1485 436 1654 501 Quare
1678 451 1793 505 ergo
1837 450 1935 486 non

372 528 645 585 credidistis
669 527 695 580 ?
720 528 809 581 ille
836 527 977 580 enim
1024 525 1381 581 testimonium
1406 525 1618 579 Christo
1645 524 1931 595 perhibuit.

380 621 439 675 Si
457 618 730 672 dixerimus
754 658 771 683 ,
798 614 878 670 De
910 626 1040 670 terra
1063 634 1080 682 ;
1119 616 1312 686 lapidat
1343 633 1434 671 nos
1463 616 1699 687 papulas,
1742 618 1860 687 quia
1889 626 1942 669 ut

367 712 664 781 prophetam
690 725 805 763 eum
833 710 1036 763 habent.
1066 709 1368 765 Sentientes
1391 726 1515 781 ergo
1535 710 1632 765 hae
1652 720 1809 779 atque
1840 710 1938 765 hac

365 815 485 856 esse
529 799 668 855 unde
712 810 1050 870 caperentur,
1106 802 1511 869 responderunt,
1564 802 1845 857 Nescimus.
1880 804 1945 857 Et

367 894 625 949 Dominus
657 910 670 944 :
704 891 814 945 Nec
834 909 923 962 ego
944 893 1080 947 vobis
1112 894 1223 947 dico
1249 894 1300 946 in
1317 910 1414 962 qua
1433 902 1669 963 potestate
1698 896 1793 948 ista
1810 895 1943 962 facio

370 983 581 1055 (Matth.
607 1000 715 1049 xxi,
734 984 943 1056 25-27).
969 985 1074 1039 Vos
1089 985 1260 1040 dicitis
1273 1002 1364 1040 vos
1386 986 1590 1040 nescire
1611 986 1747 1057 quod
1764 988 1938 1050 scitis;

366 1089 466 1143 rgo
496 1075 648 1129 vobis
662 1090 764 1130 non
784 1074 902 1129 dico
915 1074 1056 1145 quod
1077 1076 1311 1145 quaeritis
1341 1076 1495 1145 :quia
1525 1092 1589 1131 ex
1617 1076 1761 1131 nulla
1796 1088 1942 1144 parte

367 1168 512 1221 csire
526 1167 640 1221 ausi
655 1168 804 1232 estis,
830 1168 882 1221 in
904 1169 1092 1222 vestris
1112 1168 1341 1223 tenebris
1354 1168 1700 1223 remansistis.
1716 1168 1930 1222 Obtcm-

368 1272 614 1325 peremus
641 1272 768 1327 ergo
797 1269 850 1312 et
874 1272 991 1320 nos,
1023 1259 1065 1311 si
1095 1272 1396 1326 possumus,
1427 1258 1623 1313 dicenti
1652 1258 1812 1313 verbo
1848 1257 1941 1311 Dei

368 1347 540 1418 Capite
584 1349 727 1403 nobis
755 1349 925 1418 vulpes
949 1350 1174 1417 pusillas,
1205 1348 1583 1403 exterminantes
1617 1349 1781 1403 vineas
1809 1365 1827 1400 :
1876 1348 1944 1401 vi—

368 1440 583 1494 dcatnus
610 1441 653 1495 si
681 1452 733 1494 et
760 1456 857 1494 nos
882 1440 1133 1509 quasdam
1174 1440 1477 1509 vulpecuias
1516 1455 1706 1510 cupere
1751 1454 1942 1509 possu-

367 1548 513 1594 mus;
543 1547 902 1601 proponamus
956 1532 1024 1586 ad
1063 1533 1297 1588 foramen
1351 1542 1649 1602 utrumque.
1709 1543 1765 1586 ut
1804 1532 1943 1588 unde

367 1623 545 1693 vulpes
580 1625 727 1680 exire
781 1626 1039 1690 voluerit,
1071 1626 1322 1694 capiatur.
1356 1625 1512 1680 Verbi
1556 1626 1741 1695 gratia,
1773 1626 1943 1680 mani-

369 1714 511 1767 clueo
533 1713 745 1767 facienti
773 1713 872 1767 sibi
895 1713 1050 1768 deum
1077 1724 1365 1779 recentem,
1393 1725 1446 1768 ct
1482 1716 1532 1768 in
1556 1715 1714 1771 corde
1735 1730 1830 1769 suo
1859 1731 1942 1785 po.

366 1805 670 1876 nentiqnod
712 1820 814 1859 non
846 1815 945 1869 est,
967 1806 1204 1859 dicamus
1247 1813 1301 1861 ct
1356 1807 1738 1877 interregemus
1782 1823 1936 1861 cum:

364 1896 662 1949 Substantia
677 1895 769 1950 Dei
790 1895 1142 1964 corruptibilis
1155 1904 1329 1960 est,an
1350 1897 1783 1965 incorruptibilis?
1797 1898 1941 1967 Elige

365 1985 505 2054 quod
534 1987 626 2049 vis,
651 1994 705 2038 et
733 1986 816 2038 exi
845 2002 943 2053 qua
977 1986 1073 2051 vis,
1105 1986 1197 2040 sed
1230 2001 1333 2039 non
1360 1986 1596 2054 ell‘ugics.
1625 1988 1677 2041 Si
1718 1988 1934 2049 dixeris,

367 2076 733 2146 Corruptibilis
758 2094 772 2141 ;
796 2094 896 2131 non
922 2092 951 2130 a
979 2078 1189 2146 pupula,
1221 2079 1312 2131 sed
1335 2095 1364 2132 ει
1392 2080 1557 2149 teipso
1578 2079 1893 2148 lapidaberis
1919 2098 1932 2132 :

363 2170 405 2223 si
429 2178 605 2222 autem
651 2167 856 2222 dixeris
894 2168 1351 2237 incorruptibileut
1380 2169 1540 2222 Deum
1565 2186 1577 2231 ;
1607 2169 1927 2238 incorrupti-

366 2259 485 2313 bilis
531 2258 799 2329 quomodo
845 2259 1015 2314 timuit
1052 2269 1261 2328 gentem
1292 2260 1671 2315 tenebrarum?
1699 2261 1824 2331 quid
1853 2261 1931 2315 fa-

360 2359 503 2403 ctura
553 2368 659 2404 em:
720 2352 1101 2421 incorruptibili
1153 2368 1284 2421 gens
1326 2354 1722 2423 corruptionis?
1796 2353 1930 2422 Quid

361 2450 516 2495 restat
556 2442 657 2495 nisi
708 2451 764 2496 ut
787 2442 1012 2504 dicatur,
1041 2442 1352 2497 Nescimus?
1400 2443 1501 2499 Sed
1534 2452 1708 2499 tamen
1758 2444 1802 2499 si
1832 2444 1933 2501 hoc

362 2548 454 2586 non
499 2533 645 2598 dolo,
694 2533 786 2587 sed
832 2535 1122 2604 ignorantia
1160 2535 1374 2600 dicitur,
1413 2552 1520 2590 non
1577 2547 1850 2593 remaneat
1877 2536 1929 2592 in

360 2628 617 2684 tenebris:
647 2644 711 2682 ex
740 2628 893 2697 vulpe
920 2628 1011 2682 ﬁat
1059 2629 1191 2692 ovis,
1230 2629 1411 2683 credat
1450 2628 1719 2696 invisibili,
1753 2630 1930 2685 incor-

356 2717 582 2787 ruptihili
621 2717 721 2771 soli
766 2717 893 2781 Deo,
938 2733 1042 2773 non
1078 2719 1311 2783 recenti;
1345 2718 1465 2784 soli,
1497 2719 1563 2773 ab
1593 2735 1657 2774 eo
1682 2721 1821 2789 quod
1848 2731 1929 2776 est

355 2810 511 2873 solus,
549 2823 655 2863 non
681 2809 747 2862 ah
772 2824 838 2863 eo
854 2809 993 2879 quod
1014 2819 1095 2864 est
1110 2809 1209 2874 sol,
1230 2825 1296 2864 ne
1312 2824 1408 2864 nos
1430 2810 1529 2879 ipsi
1554 2811 1691 2880 vulpi
1713 2811 1926 2882 fugienti

353 2899 505 2953 aliam
546 2914 826 2955 cavernam
857 2902 1131 2969 aperuisse
1160 2900 1451 2955 videamur.
1483 2901 1792 2971 Quanquam
1829 2917 1926 2959 nec

350 3006 543 3047 nomen
593 2991 722 3046 solis
750 2990 1178 3046 formidabimus.
1226 2991 1322 3046 Est
1365 2991 1506 3046 enim
1557 2993 1607 3046 in
1639 2991 1924 3062 Scripturis

354 3081 545 3135 nostris
571 3100 586 3136 :
608 3080 702 3136 Sol
725 3082 959 3151 justitite,
989 3092 1032 3135 et
1050 3083 1239 3136 sanitas
1264 3082 1316 3135 in
1339 3084 1512 3152 pennis
1537 3084 1646 3151 eius
1672 3083 1919 3155 (Malae/1.

353 3184 422 3234 tr,
454 3169 550 3237 2).
599 3170 680 3225 Ab
715 3179 847 3225 testu
894 3170 1023 3225 solis
1066 3170 1223 3241 hujus
1248 3172 1432 3227 umbra
1480 3175 1789 3242 appetitur:
1823 3174 1922 3230 sub

352 3265 458 3319 alas
482 3275 659 3319 autem
691 3265 818 3319 solis
862 3264 1018 3335 hujus
1046 3266 1111 3320 ab
1131 3274 1262 3321 aestu
1297 3264 1527 3336 fugitur;
1557 3266 1760 3321 sanitas
1780 3267 1921 3322 enim

352 3358 401 3410 in
441 3357 634 3425 pennis
676 3355 811 3425 ejus.
858 3355 961 3411 Iste
986 3363 1070 3412 est.
1094 3356 1174 3411 sol
1199 3356 1267 3411 de
1303 3373 1407 3424 quo
1438 3358 1627 3412 dicturi
1659 3370 1781 3412 sunt
1812 3360 1912 3413 im-

352 3455 453 3522 pii:
491 3451 625 3523 Ergo
664 3455 937 3507 erravimus
976 3469 1008 3505 a
1044 3453 1124 3506 via
1156 3453 1399 3518 veritatis,
1431 3461 1477 3506 et
1507 3453 1721 3522 justitite
1750 3452 1920 3508 lumen

350 3562 443 3600 non
474 3546 603 3598 hucit
622 3545 782 3609 nobis,
811 3553 855 3598 et
885 3543 960 3597 sol
980 3560 1080 3597 non
1107 3552 1178 3596 est
1203 3553 1341 3597 ortus
1364 3542 1504 3596 nobis
1533 3538 1703 3611 (Sep.
1726 3558 1780 3609 v,
1824 3545 1855 3597 ti
1876 3544 1914 3612 ).

350 3637 547 3692 Dicturi
577 3644 699 3689 sunt
725 3636 1034 3689 adoratores
1061 3635 1208 3699 solis,
1240 3633 1333 3689 Sol
1361 3651 1460 3688 non
1482 3647 1625 3688 ortus
1652 3644 1723 3688 est
1745 3634 1920 3699 nobis;

348 3729 466 3798 quia
488 3743 606 3782 cum
632 3728 857 3783 adorent
884 3728 1048 3781 solem
1075 3741 1232 3796 quem
1262 3724 1386 3782 facit
1414 3726 1543 3782 oriri
1568 3740 1729 3795 super
1749 3726 1919 3781 bonos

349 3829 400 3874 et
433 3820 602 3873 malos
629 3822 648 3889 (
676 3818 864 3873 Matth.
906 3834 959 3885 v,
1000 3820 1099 3887 45)
1128 3860 1143 3885 ,
1174 3834 1280 3873 non
1320 3828 1403 3874 est
1429 3819 1508 3873 eis
1553 3830 1700 3874 ortus
1728 3818 1807 3872 sol
1832 3818 1919 3888 qui

350 3912 492 3965 solos
516 3910 779 3964 illuminat
822 3912 1008 3965 bonos.
1054 3909 1276 3967 Faciunt
1300 3910 1399 3963 sibi
1429 3925 1556 3980 ergo
1580 3910 1708 3964 deos
1735 3924 1919 3963 recen-

355 4013 431 4056 tes
458 4002 648 4073 Quique
698 4004 881 4070 quales
910 4003 1094 4057 volunt
1121 4021 1134 4056 :
1167 4001 1289 4071 quid
1315 4002 1456 4055 enim
1501 4000 1720 4069 impedit
1762 3999 1920 4054 offici-

348 4108 466 4146 nam
496 4093 704 4162 decepti
732 4093 909 4148 cordis
936 4092 1196 4147 l'abrica're
1220 4090 1530 4159 phantasma
1560 4090 1714 4159 quale
1740 4092 1920 4146 volue-

346 4184 451 4238 rit?
483 4183 589 4239 Sed
630 4200 819 4239 omnes
870 4184 923 4238 hi
960 4184 1010 4238 in
1054 4181 1437 4253 posterioribus
1469 4181 1820 4245 consentiunt,
1868 4181 1916 4235 id

349 4284 443 4337 est,
474 4275 635 4329 simili
658 4275 890 4330 vanitate
915 4275 1240 4330 detinentur.
1273 4271 1420 4329 Unde
1460 4274 1683 4327 Samson
1712 4281 1912 4337 noster,

344 4368 430 4435 qui
462 4367 619 4421 etiam
666 4366 1048 4436 interpretatur
1078 4365 1165 4420 Sol
1200 4367 1455 4437 ipsorum,
1501 4380 1683 4419 eorum
1711 4365 1919 4420 scilicet

344 4459 535 4529 quibus
576 4460 750 4522 lucet;
804 4474 911 4512 non
955 4458 1187 4512 omnium
1212 4500 1225 4521 ,
1266 4458 1420 4512 sicuti
1449 4466 1531 4511 est
1555 4455 1733 4511 oriens
1758 4471 1917 4524 snper

345 4550 513 4605 bonos
534 4560 587 4604 et
616 4551 805 4613 malos,
839 4548 931 4604 sed
960 4549 1036 4603 sol
1066 4548 1437 4618 quorumdam,
1470 4548 1548 4600 sol
1568 4546 1789 4616 justitiae
1815 4545 1905 4618 (li-

341 4658 527 4711 gurum
570 4643 711 4696 enim
756 4641 979 4695 habebat
1022 4639 1293 4710 Christi),
1324 4640 1608 4707 colligavit,
1656 4648 1713 4691 ut
1739 4637 1916 4692 dicere

343 4747 637 4802 ceperam,
685 4731 879 4786 caudas
904 4731 1136 4800 vulpium
1168 4772 1183 4795 ,
1215 4738 1269 4785 et
1316 4730 1385 4784 ibi
1432 4730 1605 4799 ignem
1651 4730 1911 4797 alligavit;

340 4825 519 4892 ignem
550 4822 616 4876 ad
660 4822 1067 4886 incendendum,
1100 4821 1191 4876 sed
1239 4835 1441 4875 messes
1479 4819 1911 4890 alienigenarum.

339 4914 576 4969 Proinde
599 4915 733 4969 tales
755 4914 1145 4969 consentientes
1166 4914 1215 4967 in
1250 4912 1643 4983 posterioribus,
1670 4920 1911 4981 tanquam

337 5005 522 5059 caudis
541 5004 793 5073 colligati.
810 5005 1018 5057 trahunt
1040 5003 1209 5071 ignem
1223 5013 1679 5071 corrumpentem;
1702 5003 1791 5056 sed
1811 5019 1912 5056 non

340 5094 635 5151 incendunt
681 5105 977 5148 nostrorum
1027 5103 1250 5164 segetes.
1299 5112 1315 5144 ι
1351 5093 1507 5147 Novit
1542 5112 1560 5144 ι
1585 5094 1725 5147 enim
1759 5112 1777 5144 ι
1816 5093 1912 5147 Do-

338 5188 514 5242 minus
553 5187 642 5257 qui
671 5195 792 5241 sunt
829 5185 976 5254 ejus;
1006 5194 1057 5239 et
1087 5184 1301 5239 recedat
1328 5185 1394 5238 ab
1420 5186 1692 5253 iniquitate
1739 5186 1912 5240 omnis

336 5278 424 5347 qui
456 5279 670 5332 invocat
685 5293 877 5331 nomen
909 5277 1132 5330 Domini.
1158 5276 1212 5329 lu
1232 5290 1417 5345 magna
1438 5283 1611 5329 autem
1629 5274 1788 5329 domo
1809 5290 1911 5329 non

338 5369 511 5423 solum
538 5377 667 5423 sunt
689 5383 811 5421 vasa
837 5383 993 5423 aurea
1018 5378 1072 5423 et
1108 5377 1356 5437 argentea
1380 5409 1397 5429 ,
1440 5366 1534 5422 sed
1578 5377 1632 5421 et
1662 5367 1828 5437 lignea
1857 5375 1908 5421 ct

336 5458 519 5514 ﬁctilia
546 5478 559 5514 :
583 5467 641 5514 et
660 5459 762 5513 alia
790 5459 997 5526 quidem
1037 5468 1159 5512 sunt
1184 5459 1234 5512 in
1264 5457 1541 5521 honorem,
1585 5456 1683 5510 alia
1714 5472 1835 5511 vero
1858 5458 1909 5510 in

336 5551 733 5606 contumeliam.
764 5550 815 5605 Si
845 5551 962 5619 quis
983 5560 1155 5605 autem
1200 5550 1534 5604 mundaverit
1559 5564 1617 5607 se
1641 5549 1707 5603 ab
1728 5548 1909 5619 hujus-

337 5639 507 5704 modi,
544 5642 649 5697 erit
690 5655 783 5694 vas
822 5640 873 5694 in
905 5639 1179 5696 honorem.
1210 5641 1338 5695 utile
1369 5640 1609 5701 Domino,
1657 5638 1722 5693 ad
1753 5654 1910 5695 omne

335 5745 479 5803 opus
499 5732 692 5787 bonum
728 5741 964 5801 paratum
1002 5749 1019 5782 ι
1055 5728 1125 5802 (ll
1153 5729 1282 5784 Tim.
1313 5748 1380 5797 ιι,
1418 5731 1573 5787 l9-2l
1604 5730 1621 5799 )
1649 5741 1745 5803 θοι
1786 5729 1904 5787 ideo

1422 320 1812 380 ENARRATIO
1855 322 1915 377 IN
1959 324 2283 381 ρδλωιωι
2343 328 2553 386 bXXX.

3476 337 3613 391 10-52

2049 452 2145 491 nee
2188 439 2383 494 caudas
2424 442 2682 512 vulpium,
2729 460 2825 500 nec
2889 444 3029 501 faces
3075 448 3303 509 vulpium
3361 451 3617 517 pertime-

2046 539 2176 583 seet.
2197 530 2302 585 Sed
2346 530 2611 587 videamus
2635 533 2701 589 de
2752 536 2945 605 populo
2987 538 3091 592 isto
3125 556 3136 589 :
3168 537 3227 593 Si
3264 557 3340 593 me
3376 540 3611 602 audieris,

2050 620 2251 689 inquit,
2301 637 2399 674 non
2446 622 2537 675 erit
2588 624 2637 676 in
2666 634 2711 675 te
2742 625 2862 679 deus
2896 642 3084 680 recens.
3130 628 3301 683 Movet
3324 644 3409 684 mc
3432 670 3446 696 ,
3475 633 3615 699 quod

2048 713 2182 777 dixi,
2227 714 2275 766 in
2311 723 2357 767 te
2384 730 2402 768 :
2429 731 2533 768 non
2564 716 2701 769 enim
2730 716 2875 782 dixit,
2906 719 2944 771 A
2976 730 3025 772 te
3045 760 3059 784 ,
3092 722 3240 789 quasi
3277 722 3613 777 simulacrum

2050 806 2338 862 forinsecus
2363 809 2648 864 adhibilum
2669 827 2682 875 ;
2701 810 2813 875 sed,
2841 811 2891 863 in
2918 819 2980 875 te,
3001 812 3053 864 in
3078 813 3235 866 corde
3263 824 3373 877 tuo,
3404 815 3454 869 in
3480 815 3580 867 ima
3598 845 3610 853 -

2016 900 2166 967 ,gine
2193 900 2570 968 phantasmatis
2598 901 2692 966 tui,
2719 902 2769 953 in
2799 900 3110 969 deceptione
3137 904 3331 956 erroris
3352 904 3421 957 tui
3443 914 3611 958 tecum

2050 990 2283 1058 portabis
2311 990 2464 1045 deum
2488 1000 2631 1045 tuum
2663 1000 2951 1057 recentem,
2980 1008 3259 1047 remanens
3277 1002 3532 1049 vetustus.
3553 994 3614 1048 Si

2046 1097 2174 1149 ergo
2197 1097 2273 1134 me
2312 1082 2565 1147 audieris;
2592 1097 2686 1147 me,
2730 1081 2925 1151 inquit,
2953 1082 3071 1151 quia
3103 1098 3201 1151 ego
3227 1098 3339 1136 sum
3368 1083 3457 1152 qui
3495 1100 3612 1138 sum

2047 1171 2246 1238 (Exod.
2279 1170 2486 1243 1",“);
2514 1188 2612 1225 non
2638 1172 2728 1225 erit
2753 1172 2804 1225 in
2830 1182 2876 1226 te
2897 1172 3018 1226 deus
3045 1190 3239 1237 recens,
3272 1191 3357 1226 nec
3378 1174 3615 1228 adorabis

2046 1264 2190 1315 deant
2221 1262 2456 1316 alienum.
2481 1262 2535 1317 Si
2557 1263 2697 1317 enim
2724 1262 2774 1316 in
2794 1273 2843 1317 tc
2857 1278 2959 1318 non
2984 1264 3069 1328 sit,
3100 1280 3198 1317 non
3214 1262 3442 1317 adorabis
3461 1265 3610 1318 deum

2045 1355 2263 1407 alienum
2296 1354 2392 1410 :Si
2422 1364 2475 1408 tu
2496 1369 2597 1409 non
2630 1356 2827 1425 cogites
2851 1355 3005 1409 deum
3044 1354 3252 1422 falsum,
3281 1372 3382 1410 non
3426 1355 3611 1411 adora-

2046 1445 2127 1501 bis
2155 1446 2309 1501 deum
2343 1446 2675 1511 fabricatum;
2705 1463 2804 1501 non
2824 1448 2956 1501 enim
2983 1448 3072 1499 erit
3101 1448 3151 1500 in
3173 1457 3220 1500 te
3256 1448 3375 1501 deus
3397 1464 3581 1502 recens.

2118 1539 2202 1595 15.
2232 1536 2381 1612 [vers.
2405 1540 2517 1613 11.]
2542 1540 2651 1611 Ego
2671 1543 2802 1595 enim
2825 1558 2954 1595 sum.
2974 1540 3107 1607 Quid
3130 1543 3204 1594 vis
3226 1541 3448 1596 adorare
3467 1542 3607 1611 quod

2047 1646 2149 1684 non
2173 1632 2289 1684 est?
2316 1630 2423 1702 Ego
2449 1633 2578 1686 enim
2604 1649 2714 1687 sum
2743 1631 2989 1686 Dominus
3016 1630 3149 1685 Deus
3191 1641 3301 1685 tuus
3330 1647 3347 1684 :
3369 1632 3488 1701 quia
3511 1646 3610 1702 ego

2044 1738 2157 1778 sum
2174 1725 2260 1796 qui
2279 1741 2414 1778 sum.
2437 1725 2500 1779 Et
2516 1740 2612 1796 ego
2632 1725 2842 1794 quidem
2860 1741 3001 1790 sum,
3015 1725 3291 1793 iuquit,qui
3310 1739 3425 1779 sum
3450 1739 3610 1793 super

2044 1830 2252 1869 omnem
2280 1826 2571 1871 creaturam
2600 1836 2612 1871 :
2642 1817 2733 1871 tibi
2754 1824 2925 1871 tamen
2946 1815 3304 1885 temporaliter
3327 1815 3449 1884 quid
3473 1831 3610 1887 prir-

2042 1905 2187 1960 stiti?
2214 1905 2312 1971 Qui
2334 1909 2482 1961 eduxi
2511 1919 2557 1961 te
2596 1907 2657 1960 de
2690 1918 2821 1960 terra
2854 1905 3086 1977 tEgypti.
3138 1906 3251 1959 Non
3292 1906 3361 1959 illi
3396 1916 3596 1960 tantum

2044 1999 2234 2066 populo
2280 1998 2471 2052 dicitur
2500 2016 2513 2051 :
2543 2012 2730 2053 omnes
2760 2000 2899 2053 enim
2939 1998 3110 2053 educti
3165 2013 3343 2051 sumus
3373 1996 3440 2051 de
3464 2007 3603 2051 terra

2040 2088 2273 2160 IEgypti,
2314 2106 2499 2146 omnes
2541 2106 2635 2161 per
2658 2107 2803 2146 mare
2830 2091 3064 2146 Rubrum
3104 2090 3457 2155 transivimus,
3499 2090 3600 2142 ini—

2039 2183 2160 2235 mici
2188 2183 2351 2237 nostri
2387 2192 2757 2253 persequentes
2787 2198 2883 2239 nos
2918 2184 2968 2237 in
3011 2198 3143 2251 aqua
3172 2182 3456 2251 perierunt.
3485 2181 3598 2235 Non

2038 2272 2199 2327 simus
2249 2274 2433 2344 ingrati
2479 2274 2589 2329 Deo
2617 2284 2839 2341 nostro;
2887 2289 2990 2330 non
3031 2274 3407 2328 obliviscamur
3437 2275 3598 2329 Deum

2036 2372 2354 2423 manentem.
2392 2372 2445 2417 et
2473 2365 2785 2420 fabricemus
2826 2366 2877 2419 in
2920 2364 3072 2418 nobis
3097 2364 3252 2418 deum
3298 2372 3587 2417 recentem.

2037 2454 2135 2519 Qui
2159 2455 2308 2507 eduxi
2347 2465 2394 2510 te
2434 2456 2497 2509 de
2525 2466 2657 2509 terra
2684 2455 2899 2527 ngypti
2926 2472 2942 2509 :
2976 2456 3205 2525 loquitur
3237 2455 3391 2507 Deus.
3425 2453 3599 2508 Dilata

2033 2561 2087 2597 os
2114 2555 2266 2612 tuum,
2302 2554 2347 2599 et
2388 2547 2672 2616 adimplebo
2709 2547 2855 2601 illud.
2902 2549 3181 2618 Angusuas
3229 2549 3424 2619 pateris
3467 2551 3518 2605 in
3545 2560 3601 2606 to

2034 2645 2245 2705 propter
2296 2637 2449 2691 deum
2494 2648 2759 2692 recentem
2807 2639 3147 2693 constitutum
3181 2641 3231 2693 iu
3276 2641 3436 2696 corde
3475 2649 3593 2703 tuo;

2032 2727 2213 2800 frange
2265 2745 2454 2784 vanum
2509 2730 2885 2795 simulacrum,
2943 2731 3111 2802 dejicc
3161 2733 3227 2787 de
3277 2734 3595 2791 conscientia

2030 2828 2116 2873 tua
2173 2821 2347 2875 lictqu
2400 2822 2593 2876 idolum
2651 2841 2662 2873 :
2730 2823 2888 2876 dilata
2944 2842 2997 2877 os
3060 2826 3216 2890 tuuni,
3272 2825 3591 2891 cettfitcndo.

2027 2913 2289 2975 amando;
2328 2923 2373 2968 et
2410 2914 2691 2984 adimplebo
2735 2916 2880 2981 illud,
2914 2919 3158 2986 quoniam
3192 2918 3328 2987 apud
3365 2934 3451 2974 me
3476 2912 3599 2974 fons

2027 3002 2164 3056 vitie.
2198 3002 2363 3073 (Psat.
2389 3021 2550 3070 xxxv,
2581 3004 2689 3075 IO).

2098 3095 2179 3149 l6.
2206 3093 2352 3167 [vers
2378 3094 2487 3167 ‘12.]
2514 3097 2620 3149 lloc
2646 3097 2853 3165 quidem
2882 3097 3005 3152 dicit
3028 3099 3277 3153 Dominus
3300 3116 3312 3163 ;
3344 3099 3435 3154 sed
3458 3102 3584 3170 quid

2025 3185 2300 3255 sequitur?
2330 3185 2395 3240 Et
2419 3203 2519 3241 non
2543 3187 2793 3241 obaudivit
2819 3189 3033 3258 populus
3055 3206 3192 3243 meus
3217 3206 3381 3243 vocem
3407 3207 3585 3246 meant.

2025 3276 2138 3330 Non
2168 3276 2306 3331 enim
2358 3276 2663 3347 loqueretur
2704 3279 2803 3334 iSIa
2824 3320 2838 3344 ,
2870 3280 2966 3333 nisi
2999 3280 3193 3350 populo
3221 3294 3316 3334 suo
3349 3298 3362 3333 :
3393 3281 3588 3336 scimus

2023 3368 2164 3421 enim
2208 3368 2330 3437 quia
2377 3384 2721 3439 qurecumque
2764 3370 2869 3424 Lex
2915 3369 3061 3437 dicit,
3112 3370 3193 3425 his
3236 3371 3321 3440 qui
3368 3372 3418 3425 in
3449 3371 3588 3441 Lege

2023 3468 2145 3512 sunt
2190 3458 2317 3513 dicit
2359 3458 2534 3529 (Rom.
2565 3475 2641 3526 ιιι,
2669 3458 2778 3531 l9).
2829 3460 2895 3515 Et
2941 3478 3040 3515 non
3084 3462 3330 3515 obaudivit
3373 3462 3588 3532 papulas

2024 3564 2160 3599 meus
2187 3565 2351 3601 vocem
2378 3564 2573 3613 meam;
2612 3560 2656 3603 et
2682 3549 2844 3605 Israel
2878 3569 2977 3605 non
3015 3552 3221 3606 intendit
3248 3554 3388 3607 mihi.
3405 3553 3586 3619 Quis?

2022 3640 2146 3694 cui?
2176 3639 2338 3695 Israel
2366 3642 2507 3695 nti/ti.
2538 3642 2583 3697 Ο
2614 3642 2813 3713 ingrata
2842 3643 3012 3697 anima
3040 3646 3052 3697 l
3094 3661 3189 3714 per
3217 3661 3302 3700 me
3331 3645 3522 3705 anima.
3555 3662 3584 3699 a

2023 3740 2108 3786 me
2133 3743 2314 3785 vocata
2342 3733 2535 3798 anima,
2562 3748 2592 3787 a
2621 3748 2707 3787 me
2732 3733 2781 3786 in
2804 3748 2951 3802 spem
2977 3735 3214 3797 reducta,
3244 3752 3271 3787 a
3297 3752 3380 3788 me
3407 3751 3435 3788 a
3464 3751 3587 3809 pec-

2023 3822 2154 3875 catis
2180 3822 2356 3876 abluta
2387 3839 2398 3874 :
2430 3822 2494 3876 Et
2523 3822 2812 3877 lsrael'nou
2840 3825 3051 3878 intendit
3080 3826 3219 3878 mihi.
3253 3826 3584 3895 Baptizantur

2022 3912 2160 3965 enim
2178 3921 2232 3965 et
2259 3920 2531 3967 transeunt
2557 3928 2650 3981 per
2674 3928 2818 3968 mare
2841 3914 3075 3969 Rubrum
3097 3931 3113 3979 ;
3147 3915 3235 3970 sed
3261 3917 3309 3969 in
3331 3917 3409 3969 via
3438 3931 3583 3971 mur-

2023 4010 2260 4065 murant,
2309 4002 2717 4068 contradicunt,
2764 4014 3188 4073 conqueruntur,
3237 4004 3583 4061 seditionibus

2021 4082 2399 4147 Conturbantur
2418 4135 2433 4158 ,
2478 4094 2662 4164 ingrati
2692 4094 2741 4147 ei
2769 4095 2857 4163 qui
2901 4096 3138 4150 liberavit
3161 4111 3191 4150 a
3220 4100 3581 4167 persequenti-

2022 4183 2122 4237 bus
2153 4184 2390 4238 hostibus
2411 4227 2425 4250 ,
2457 4186 2545 4254 qui
2587 4185 2731 4239 ducit
2760 4200 2854 4256 per
2886 4187 3094 4243 siceum
3116 4228 3129 4252 ,
3179 4202 3271 4256 per
3323 4203 3579 4251 eretnum.

2020 4291 2139 4328 cum
2186 4276 2304 4330 cibo
2353 4284 2525 4331 tamen
2555 4286 2608 4330 et
2637 4286 2797 4345 potu,
2843 4293 2960 4331 cum
3004 4279 3201 4332 lumine
3246 4288 3503 4334 nocturno
3531 4290 3585 4339 et

2020 4369 2325 4422 umbraculo
2349 4369 2538 4423 diurno
2570 4388 2582 4421 z
2618 4368 2874 4425 Et-Israel
2896 4388 2999 4424 non
3022 4372 3233 4424 intendit
3265 4372 3407 4424 mihi.

2091 4459 2176 4513 17.
2216 4455 2375 4529 [νει-ε.
2401 4458 2512 4531 15.]
2555 4459 2619 4512 Et
2658 4460 2824 4515 dimisi
2864 4478 2946 4515 eos
2988 4462 3260 4515 secundum
3299 4461 3583 4529 a/fectiones

2019 4547 2185 4600 cordis
2210 4562 2400 4601 eorum.
2445 4548 2585 4603 Ecce
2631 4549 2857 4604 torcular
2884 4569 2899 4605 :
2931 4560 3111 4618 aperta
3152 4561 3275 4604 sunt
3303 4550 3581 4617 foramina,

2019 4637 2183 4690 currit
2208 4653 2440 4692 amurca.
2474 4637 2542 4692 Et
2570 4638 2737 4692 dimisi
2764 4656 2847 4693 eos
2866 4680 2879 4701 ,
2911 4656 3014 4693 non
3044 4640 3331 4695 secundum
3360 4643 3587 4700 salutem

2020 4737 2401 4797 pmceptorum
2458 4744 2746 4793 meorum;
2797 4729 2889 4784 sed
2915 4773 2929 4795 ,
2978 4731 3249 4784 secundum
3298 4731 3582 4800 affectiones

2017 4821 2182 4873 cordis
2224 4836 2393 4873 eorum
2424 4836 2442 4873 :
2480 4820 2669 4874 donavi
2714 4835 2806 4876 eos
2849 4821 2968 4876 sibi.
3019 4823 3151 4877 Dicit
3179 4831 3234 4879 et
3257 4824 3579 4893 Apostolus:

2020 4909 2249 4964 Tradidit
2275 4910 2387 4964 illos
2409 4909 2544 4963 Deus
2563 4912 2613 4963 in
2639 4912 3063 4978 concupiscentias
3088 4913 3253 4968 cordis
3276 4931 3444 4968 eorum
3468 4910 3576 4986 (Id.

2018 5019 2064 5067 ι,
2088 5002 2158 5055 24
2177 5004 2214 5072 ).
2250 5001 2428 5055 Dimisi
2463 5019 2544 5056 eos
2572 5004 2839 5057 secundum
2869 5003 3153 5070 aﬂ'ectiones
3179 5006 3343 5060 cordis
3370 5023 3569 5069 eorum;

2018 5093 2157 5145 ibunt
2197 5093 2249 5145 in
2277 5090 2620 5158 affectionibus
2647 5094 2769 5147 suis.
2804 5093 2929 5149 inde
2957 5106 3038 5150 est
3065 5095 3201 5166 quod
3236 5096 3459 5150 horretis
3490 5115 3501 5150 :
3534 5100 3581 5153 si

2018 5190 2191 5236 tamen
2233 5183 2536 5253 eliquamini
2580 5184 2631 5237 in
2673 5184 2974 5254 gemellaria
3017 5184 3319 5240 abscondita
3352 5185 3580 5255 Domini,

2016 5271 2058 5325 si
2103 5280 2274 5337 tamen
2318 5273 2600 5342 apothecas
2643 5275 2759 5343 ejus
2802 5274 3104 5339 adamastis,
3152 5275 3273 5330 inde
3320 5286 3401 5332 est
3441 5282 3581 5347 quod

2018 5363 2262 5417 horretis.
2295 5366 2399 5419 Alii
2429 5364 2720 5421 defendunt
2746 5369 2963 5431 circum,
2995 5367 3083 5420 alii
3112 5367 3578 5438 amphitheatrum,

2015 5453 2104 5507 alii
2133 5469 2283 5509 casas
2314 5455 2364 5509 in
2395 5456 2523 5511 vicis
2543 5499 2556 5518 ,
2585 5458 2671 5511 alii
2713 5457 2952 5522 theatra,
2984 5458 3069 5511 alii
3100 5457 3265 5523 illud.
3295 5462 3383 5516 alii
3412 5462 3539 5517 illud
3565 5482 3579 5525 ;

2015 5544 2102 5600 alii
2150 5554 2418 5614 postremo
2461 5546 2589 5602 deos
2632 5556 2871 5603 recentes
2900 5561 3023 5604 suos
3055 5566 3068 5602 :
3096 5546 3248 5605 Ibunt
3274 5551 3326 5605 in
3355 5550 3596 5619 o/fectios

2014 5637 2157 5691 nibus
2181 5638 2303 5691 suis.
2450 5646 2453 5647 '

2095 5727 2176 5785 l8.
2207 5725 2366 5801 (vers.
2400 5732 2483 5801 Η,
2518 5731 2627 5806 l5.]
2655 5732 2714 5789 Si
2742 5733 2877 5803 plebs
2904 5751 3012 5790 mea
3036 5739 3261 5793 audisset
3289 5753 3401 5801 me;
3429 5732 3593 5792 Israel
