4038 6208
436 363 502 416 Nl
513 364 567 416 33

379 497 385 506 ε
431 485 473 530 si
515 479 568 530 in
602 475 691 528 riis
735 474 856 528 uicis
897 473 1220 528 ambulasset.
1271 471 1402 525 Dicit
1447 470 1588 524 enim
1631 467 1853 520 fortasse
1896 467 1993 518 iste

433 565 616 628 lsrael,
649 565 784 620 Ecce
812 579 990 634 pecco,
1022 562 1353 616 manifestum
1381 571 1499 622 est;
1528 573 1594 613 eo
1625 565 1743 627 post
1765 554 1996 610 affectio-

434 675 527 711 nes
553 657 729 711 cordis
759 657 861 711 mei
892 673 903 708 :
936 654 1026 708 sed
1053 652 1176 722 quid
1215 651 1390 706 facio?
1436 649 1686 706 Diabolus
1711 645 1812 700 hoc
1851 644 1991 711 facit,

431 751 703 804 dmmoncs
733 749 831 802 hoc
874 748 1088 802 iaciunt.
1138 745 1272 811 Quid
1319 752 1401 798 est
1436 741 1718 798 diabolus?
1757 740 1846 811 qui
1875 747 1997 793 sunt

429 839 743 895 dalllllllIeS?
787 838 942 893 Certe
989 837 1182 892 inimici
1233 836 1326 889 tui.
1373 832 1535 887 Israel
1572 833 1617 887 si
1657 832 1710 886 in
1735 832 1833 886 uiis
1873 829 1996 884 meis

427 931 769 990 ambulasset;
806 929 856 982 in
901 929 1112 983 nihilum
1153 942 1324 980 omnes
1362 925 1588 978 inimicos
1625 938 1794 977 eorum
1831 921 1996 975 Immi-

425 1024 644 1076 iiusscm.
674 1019 834 1089 Ergo,
867 1019 927 1074 Si
955 1010 1090 1088 plebs
1115 1032 1222 1070 mea
1240 1057 1258 1082 ,
1280 1015 1499 1068 audisset
1523 1029 1600 1068 me
1622 1028 1640 1066 :
1664 1027 1824 1082 quare
1849 1011 1992 1067 enim

429 1127 558 1174 mea,
601 1110 646 1164 si
689 1125 791 1163 oon
822 1107 965 1162 attdit
1009 1107 1134 1162 me?
1182 1106 1244 1162 Si
1285 1105 1419 1174 plebs
1460 1121 1591 1171 mea,
1632 1104 1850 1158 audisset
1891 1119 1986 1158 me.

427 1203 562 1270 Quid
590 1211 691 1267 est,
734 1203 868 1272 plebs
895 1201 1044 1256 mea?
1089 1199 1270 1254 Israel.
1311 1198 1446 1267 Quid
1471 1208 1583 1264 est,
1611 1197 1829 1251 audisset
1869 1212 1947 1250 me
1966 1196 1992 1249 .’

431 1295 494 1348 Si
517 1295 567 1348 in
593 1295 683 1346 viis
711 1295 829 1347 meis
853 1293 1169 1348 ambulasset.
1205 1291 1472 1358 Queritur,
1497 1299 1552 1346 et
1585 1289 1748 1360 gemit
1769 1290 1868 1343 sub
1893 1289 1990 1342 ini-

425 1385 578 1438 micis
602 1404 612 1436 :
639 1381 703 1436 In
725 1385 934 1436 nihilum
960 1384 1186 1437 inimicos
1206 1399 1374 1437 eorum
1400 1380 1756 1445 Immiliassem,
1779 1388 1824 1434 et
1842 1395 1992 1450 super

424 1475 714 1528 tribuleutcs
742 1491 823 1528 eos
849 1475 1089 1528 misissem
1110 1489 1314 1527 manum
1350 1487 1529 1525 meam.

493 1565 580 1621 19.
613 1563 760 1638 [vers.
791 1564 902 1638 16.]
931 1565 1075 1620 Nunc
1098 1579 1228 1620 vero
1251 1564 1375 1634 quid
1401 1573 1692 1634 queruntur
1719 1561 1785 1617 de
1811 1562 1986 1615 inimi-

423 1659 542 1712 cis?
574 1658 672 1728 lpsi
705 1657 824 1714 facti
855 1669 974 1713 sunt
1004 1659 1210 1728 pejores
1234 1656 1450 1712 inimici.
1495 1653 1772 1724 Quomodo
1802 1652 1989 1709 enim?

422 1751 545 1821 quid
573 1750 847 1819 sequitur?
880 1750 951 1804 De.
975 1749 1198 1804 inimicis
1222 1747 1536 1819 querimini;
1565 1760 1658 1800 vos
1680 1743 1802 1816 quid
1825 1744 1988 1800 estis?

423 1841 626 1895 Inimici
652 1839 858 1894 Domini
879 1841 1066 1894 utentiti
1089 1849 1203 1894 sunt
1226 1841 1288 1894 ei.
1323 1837 1656 1894 Renuntias?
1682 1836 1981 1891 “enuntio:

419 1942 474 1985 et
502 1930 633 1985 redit
672 1931 738 1985 ad
777 1931 914 2001 quod
957 1931 1238 1986 remmtiat.
1280 1928 1471 1999 Utique
1498 1928 1686 1998 quibus
1711 1927 1872 1982 rebus
1898 1941 1982 1981 re-

421 2023 653 2089 nuntias,
699 2023 798 2076 nisi
843 2023 994 2076 factis
1025 2022 1196 2087 malis,
1247 2021 1396 2074 factis
1435 2019 1729 2084 diabolicis,
1777 2017 1926 2072 factis
1954 2034 1984 2071 a

419 2114 531 2168 Deo
553 2113 895 2171 damnandis;
930 2113 1101 2177 furtis,
1129 2112 1346 2181 rapinis,
1375 2110 1640 2180 periuriis,
1669 2108 1982 2173 homicidiis,

419 2203 711 2264 Dtillill'l‘iis.
742 2204 1047 2278 saetilegiis,
1079 2200 1244 2257 sacris
1271 2199 1637 2254 abominandzs
1663 2239 1675 2263 ,
1705 2198 1982 2252 curiosita-

420 2295 598 2348 tibus?
643 2293 733 2347 llis
760 2293 1005 2348 omnibus
1033 2292 1335 2356 remmtias,
1367 2300 1419 2345 et
1443 2304 1637 2346 rursus
1655 2288 1734 2342 bis
1763 2290 1984 2343 inllexus

417 2385 705 2455 superaris.
737 2383 893 2438 Facta
924 2393 1046 2437 sunt
1092 2382 1180 2437 tibi
1222 2382 1512 2451 posteriora
1540 2379 1802 2434 deteriora
1839 2377 1984 2448 prio-

421 2476 566 2530 ribus
594 2494 606 2526 :
635 2476 780 2531 canis
807 2489 1052 2530 reversus
1078 2473 1143 2528 ad
1172 2472 1425 2528 vomitum
1466 2487 1616 2526 suum
1637 2514 1651 2536 ,
1682 2482 1736 2526 et
1762 2467 1853 2525 sus
1879 2469 1983 2524 lota

418 2570 470 2622 in
500 2567 788 2622 volutabris
814 2568 949 2621 caeni
978 2568 995 2633 (
1020 2565 1059 2619 ll
1091 2563 1230 2618 Petr.
1265 2579 1336 2629 tt,
1369 2563 1460 2630 20,
1481 2561 1610 2632 22).
1638 2559 1842 2615 Inimici
1876 2558 1986 2614 Do-

418 2659 542 2712 mini
577 2658 764 2710 mentiti
810 2668 923 2709 sunt
967 2657 1028 2710 ei.
1083 2653 1151 2709 Et
1193 2663 1385 2724 quanta
1436 2653 1682 2722 patientia
1730 2651 1984 2706 Domini!

418 2749 592 2817 Quare
628 2764 734 2804 non
771 2747 1216 2817 prosternuntur?
1263 2759 1426 2816 quare
1469 2761 1574 2798 non
1617 2743 1984 2799 trucidantur?

393 2858 583 2910 quare
631 2857 732 2894 non
777 2851 912 2894 terra
955 2839 1260 2894 dehiscente
1304 2838 1626 2892 sorbentur?
1676 2852 1838 2906 quare
1879 2851 1982 2892 non

417 2933 555 2988 «(elo
600 2933 852 3001 ﬂagrante
899 2929 1288 2985 incenduntur?
1330 2928 1461 2997 Quia
1506 2942 1692 2998 magna
1735 2930 1982 2998 patientia

417 3023 647 3076 Domini.
693 3022 756 3075 Et
791 3031 945 3075 erunt
977 3019 1258 3089 impuniti?
1297 3019 1464 3072 Absit.
1511 3016 1624 3072 Non
1652 3016 1750 3074 sibi
1782 3028 1982 3073 tantum

416 3115 486 3169 de
515 3115 601 3167 Dei
640 3113 994 3168 misericordia
1025 3111 1392 3173 blandiantur,
1423 3121 1477 3163 ut
1501 3111 1598 3164 sibi
1629 3110 1745 3180 ejus
1774 3110 1980 3180 injusti~

417 3211 540 3259 tiam
577 3205 939 3273 polliceantur.
975 3201 1188 3273 ignoras
1217 3203 1337 3271 quia
1369 3194 1460 3256 Dei
1499 3201 1751 3272 patientia
1778 3202 1842 3254 ad
1875 3217 1986 3271 pa:-

415 3296 692 3350 nitentiam
723 3305 773 3347 te
812 3291 1062 3347 adducit?
1103 3290 1180 3346 Tu
1211 3301 1383 3345 autem
1413 3290 1702 3346 secundum
1737 3290 1982 3345 duritiam

416 3385 592 3438 cordis
623 3383 696 3437 tui
726 3392 776 3435 et
801 3397 894 3435 cor
921 3383 1276 3450 intpmniwns,
1306 3379 1630 3434 thesaurizas
1655 3379 1747 3434 tibi
1774 3383 1902 3434 iram
1932 3381 1984 3434 in

415 3477 504 3530 die
530 3475 622 3528 ira:
648 3484 701 3528 et
747 3474 1082 3527 revelationis
1118 3472 1244 3540 justi
1286 3471 1470 3540 judicii
1500 3470 1628 3535 Dei,
1673 3473 1760 3541 qui
1801 3472 1985 3527 reddet

419 3565 701 3634 unicuique
744 3563 1032 3619 secundum
1059 3577 1216 3631 opera
1246 3577 1338 3616 sua
1369 3559 1541 3633 (Iiom.
1569 3577 1605 3616 tt
1625 3604 1639 3624 ,
1667 3561 1812 3632 4.6).
1847 3561 1910 3615 Et
1939 3564 1984 3616 si

417 3655 577 3710 modo
602 3672 706 3708 non
739 3655 930 3718 reddit,
962 3663 1086 3707 tunc
1112 3653 1331 3708 reddet:
1365 3653 1408 3708 si
1435 3655 1576 3706 enim
1605 3653 1762 3707 modo
1791 3652 1981 3719 reddit,

417 3747 482 3798 ad
512 3755 716 3814 tempus
743 3742 911 3797 reddit
934 3761 947 3808 ;
975 3759 1078 3797 non
1109 3757 1364 3797 converso
1391 3741 1565 3796 autem
1596 3756 1694 3796 nec
1717 3752 1976 3807 correcto,

417 3841 470 3892 in
497 3846 754 3893 :eternnm
794 3835 995 3892 reddet.
1031 3835 1157 3890 Vide
1185 3851 1312 3907 ergo
1346 3838 1463 3907 quia
1494 3851 1602 3891 non
1628 3846 1786 3891 erunt
1811 3838 1983 3907 impu-

419 3931 512 3982 ιιὶιί
540 3949 554 3993 ;
598 3929 812 3982 attende
838 3930 974 3996 quod
1005 3929 1242 3995 sequitur
1271 3945 1286 3981 :
1320 3925 1521 3981 Inimici
1552 3926 1760 3982 Domini
1796 3929 1984 3982 mentiti

416 4029 534 4072 sunt
570 4021 635 4073 ei.
674 4019 918 4072 Dicturus
943 4032 1034 4083 es,
1068 4019 1132 4074 Et
1159 4019 1286 4088 quid
1313 4021 1391 4073 eis
1421 4018 1585 4074 fecit?
1623 4017 1736 4074 Non
1765 4020 1987 4074 vivunt?

419 4127 523 4165 non
554 4125 710 4163 auras
735 4119 951 4180 carpunt
974 4112 997 4161 ‘l
1024 4127 1126 4164 non
1158 4112 1326 4164 lucem
1359 4111 1645 4164 hauriunt?
1685 4127 1786 4163 non
1816 4111 1987 4164 fontes

418 4204 644 4272 rotant?
696 4218 798 4256 non
845 4203 1043 4256 fruetus
1078 4215 1246 4258 ,ιρι-ηε
1286 4199 1494 4254 edunt?
1553 4197 1621 4252 Et
1663 4201 1753 4252 erit
1795 4211 1988 4268 tempus

417 4310 590 4346 eorum
613 4294 664 4345 iu
693 4304 953 4345 wternnm.

489 4388 580 4441 20.
609 4385 776 4440 Nemo
804 4385 904 4440 sibi
930 4400 1056 4454 ergo
1083 4380 1410 4450 blandiatur,
1441 4385 1562 4454 quia
1601 4383 1748 4453 quasi
1778 4381 1845 4437 ad
1878 4393 1984 4435 tor-

421 4478 570 4532 «ωιτη
598 4477 824 4546 pertinet
853 4493 866 4528 :
901 4476 1094 4529 bomun
1120 4482 1203 4529 est
1228 4474 1335 4540 illi,
1363 4475 1406 4528 si
1434 4475 1498 4529 ad
1523 4474 1698 4529 oleum
1727 4476 1779 4529 in
1810 4484 1988 4528 torcu-

424 4571 518 4625 lari
567 4570 844 4639 pertineat.
886 4567 1000 4624 Non
1029 4569 1128 4623 sibi
1174 4568 1485 4638 polliceatur
1510 4568 1868 4637 unusquisque
1898 4568 1987 4620 ha-

420 4663 557 4716 bens
584 4661 717 4715 facta
748 4659 968 4725 nefaria,
999 4675 1116 4730 quae
1135 4674 1354 4730 regnum
1379 4658 1471 4713 Dei
1495 4673 1596 4712 non
1628 4657 1988 4727 possidebunt,

421 4762 476 4805 et
519 4751 658 4806 dicat
705 4749 804 4804 sibi
852 4768 868 4803 :
914 4749 1172 4817 Quoniam
1227 4748 1397 4802 habeo
1445 4751 1652 4817 signum
1697 4747 1894 4801 Christi
1939 4758 1992 4800 et

423 4843 761 4896 Sacramenta
788 4843 804 4870 ⁸
830 4841 1046 4902 Christi,
1077 4855 1180 4892 non
1207 4838 1422 4893 delebor
1448 4840 1498 4892 in
1529 4848 1784 4892 aeternum
1809 4855 1825 4901 ,
1868 4846 1921 4892 et
1948 4838 1993 4890 si

427 4948 642 5003 purgor,
677 4948 770 5002 per
795 4933 968 5001 ignem
999 4933 1173 4985 salvus
1203 4946 1313 4986 ero.
1344 4931 1474 4986 Nam
1497 4929 1620 5000 quid
1649 4939 1730 4984 est
1756 4930 1895 4998 quod
1925 4931 1997 4982 ait

428 5027 713 5097 Apostolus
744 5025 810 5079 de
841 5025 920 5078 his
949 5025 1036 5096 qui
1079 5025 1271 5078 habent
1300 5023 1740 5078 fundamentum?
1780 5022 1988 5076 Funda-

427 5130 648 5173 mentum
669 5117 812 5170 aliud
836 5132 979 5171 nemo
1004 5125 1162 5184 potest
1187 5130 1385 5183 ponere,
1418 5126 1598 5184 praeter
1624 5114 1678 5167 id
1701 5113 1834 5179 quod
1865 5115 1998 5181 posi-

403 5221 535 5260 tum
559 5220 652 5273 est,
679 5209 813 5278 quod
848 5216 920 5260 est
951 5205 1177 5260 Christus
1201 5203 1368 5260 Iesus.
1412 5204 1547 5270 Quid
1586 5215 1687 5269 est,
1734 5203 1994 5271 inquiunt,

429 5299 570 5367 quod
613 5299 897 5369 sequitur?
926 5315 942 5347 ι
979 5294 1350 5366 Unusquisque
1393 5304 1570 5350 autem
1613 5307 1773 5363 super
1815 5293 2000 5348 funda.

434 5399 670 5443 mentum
698 5391 872 5448 v'ulcat
895 5388 1019 5460 quid
1045 5388 1451 5457 superaediltcat.
1479 5386 1626 5440 Alius
1650 5386 1790 5441 enim
1815 5400 2001 5456 super-

429 5479 658 5536 aedillcat
694 5495 876 5536 aurum
896 5519 918 5549 ,
954 5490 1225 5552 argentum
1246 5521 1262 5547 ,
1295 5477 1497 5550 lapides
1525 5479 1825 5549 pretiosos;
1868 5479 2002 5534 alius

437 5573 607 5642 tigna,
641 5570 816 5626 fenum
837 5613 853 5636 ,
884 5575 1128 5644 stipulam
1161 5589 1177 5627 :
1222 5572 1633 5644 uniuscujusque
1675 5585 1810 5642 Opus
1849 5572 2004 5644 quale

439 5666 526 5730 sit,
557 5664 691 5734 ignis
717 5663 994 5733 probabit;
1019 5667 1133 5720 dies
1154 5667 1292 5720 enim
1321 5664 1526 5720 Domini
1551 5663 1857 5732 declarabit,
1885 5663 2004 5732 quia

501 5783 519 5810 '
539 5779 757 5843 Plerique
777 5786 909 5838 3151s.,
932 5787 1308 5827 .\'(lt'l'tlllle‘7lllttll.
1339 5810 1344 5816 -

1614 357 1670 412 S.
1713 354 1972 411 AUGUS’I
1981 354 2064 408 INI
2107 355 2401 411 EPISCOPI

3531 371 3664 430 ιοιι

2106 462 2156 518 in
2188 465 2306 535 igne
2335 466 2668 521 revelabitur.
2713 469 2768 523 Si
2794 469 2944 540 cujus
2968 485 3098 538 opus
3139 480 3486 542 permanserit
3523 483 3663 550 quod

2102 556 2557 626 superardilicavit.
2583 560 2874 615 mercedem
2899 562 3156 630 accipiet:
3195 581 3215 617 ι
3247 565 3346 622 Ιιοε
3383 579 3500 635 est,
3541 574 3663 642 quia

2102 661 2260 715 super
2296 647 2689 703 fundamentum
2724 650 2863 718 jnsta
2905 667 3063 722 opera
3102 655 3414 726 aediﬁcavit;
3457 680 3658 731 aurum,

2100 749 2378 809 argentum,
2403 740 2596 808 lapides
2616 744 2876 811 pretiosos.
2899 744 2952 797 Si
2975 755 3148 800 atttem
3175 761 3384 816 peccata
3406 769 3418 813 :
3448 754 3659 824 lignum,

2101 832 2288 900 fenum,
2329 832 2566 900 stipulam
2607 849 2624 886 :
2665 842 2840 888 tamen
2871 848 3086 906 propter
3125 837 3520 898 fundamentum:
3555 847 3663 916 ipse
3740 838 3746 844 ⁸

2097 922 2266 975 salvus
2293 925 2420 988 erit;
2459 925 2530 978 sic
2570 933 2732 978 tamen
2772 934 3005 996 tanquam
3045 945 3133 995 per
3160 931 3322 997 ignem
3353 933 3404 1000 (Ι
3433 934 3549 990 (ἔον.
3581 953 3658 1005 In,

2053 1021 2066 1030 ‘
2100 1013 2308 1085 10-15).
2342 1014 2582 1080 Fratres,
2608 1017 2764 1070 nimis
2788 1017 2999 1073 timidus
3023 1035 3142 1075 esse
3170 1023 3288 1074 volo
3318 1041 3332 1078 :
3363 1026 3550 1083 melius
3578 1040 3660 1085 est

2097 1104 2236 1157 enint
2277 1120 2380 1158 ttou
2410 1105 2560 1160 vobis
2593 1106 2722 1160 dare
2757 1107 3090 1163 securitatem
3127 1111 3338 1166 malam.
3381 1113 3492 1168 Non
3521 1118 3658 1173 dabo

2096 1194 2234 1264 quod
2266 1211 2370 1248 non
2400 1197 2632 1266 accipio.
2663 1199 2854 1252 timens
2893 1209 3064 1254 ιρι-τεο
3095 1218 3107 1254 :
3139 1216 3354 1259 securos
3381 1221 3476 1261 vos
3515 1209 3652 1263 face-

2097 1299 2232 1352 rem,
2261 1287 2304 1340 si
2331 1301 2548 1342 securus
2574 1289 2791 1353 fierem;
2842 1305 2942 1360 ego
2971 1291 3142 1360 ignem
3178 1305 3431 1352 aeternum
3473 1301 3652 1356 timeo.

2099 1373 2163 1429 Et
2206 1379 2299 1432 erit
2341 1387 2535 1449 tempus
2571 1396 2740 1434 eorum
2782 1382 2834 1434 in
2871 1391 3147 1450 internum,
3193 1402 3294 1440 non
3324 1388 3528 1458 accipio
3544 1391 3644 1445 nisi

2095 1470 2268 1538 ignem
2316 1481 2606 1535 :eternum;
2647 1473 2714 1527 de
2753 1489 2859 1542 quo
2904 1475 3007 1528 alio
3037 1477 3152 1532 loco
3176 1477 3442 1550 Scriptura
3489 1486 3651 1544 dicit:

2093 1557 2238 1630 Ignis
2275 1579 2446 1616 eorum
2484 1580 2583 1618 non
2618 1567 2994 1635 exstinguetur.
3034 1579 3080 1620 et
3120 1571 3300 1624 vermis
3343 1588 3513 1626 eorum
3553 1591 3653 1632 non

2093 1653 2331 1706 morietur
2361 1651 2511 1724 (Isai.
2536 1669 2684 1717 LxVI,
2711 1654 2780 1710 2:5
2801 1659 2839 1722 ).
2867 1656 2970 1710 Sed
2997 1656 3063 1711 de
3089 1658 3261 1728 impiis
3289 1662 3438 1726 dixit,
3461 1666 3537 1720 ait
3562 1667 3654 1722 ali-

2091 1746 2228 1813 quis,
2253 1761 2357 1800 non
2382 1746 2450 1801 de
2477 1761 2596 1810 me;
2625 1747 2713 1817 qui
2743 1750 2984 1817 quamvis
3011 1763 3252 1818 peccator
3274 1753 3394 1820 sim,
3417 1761 3656 1826 quamvis

2087 1836 2316 1902 adulter,
2346 1839 2588 1906 quamvis
2618 1839 2904 1901 fraudator,
2929 1841 3166 1908 quamvis
3193 1855 3388 1912 raptor,
3413 1850 3655 1915 quamvis

2091 1929 2376 1997 perjnrns;
2433 1929 2602 1985 habeo
2653 1940 2826 1985 tamen
2879 1932 2930 1986 in
2983 1933 3320 1989 fundamento
3361 1938 3651 2006 Christum,

2088 2020 2402 2074 ehristianus
2427 2035 2564 2086 sum,
2588 2022 2878 2090 baptizatus
2899 2037 3014 2078 sum
3041 2041 3054 2078 :
3083 2040 3182 2094 ego
3207 2042 3300 2095 per
3325 2027 3498 2098 ignem
3530 2049 3650 2101 pur-

2088 2125 2218 2179 gor,
2246 2120 2301 2165 et
2331 2123 2547 2180 promer
2591 2112 2986 2168 fundamentum
3031 2131 3134 2169 non
3167 2133 3342 2186 pereo.
3392 2120 3483 2176 Dic
3525 2125 3653 2180 mihi

2091 2202 2298 2263 iterum,
2331 2200 2466 2268 Quid
2497 2215 2557 2256 es
2576 2201 2602 2254 ?
2629 2201 2977 2266 Christianus,
3003 2204 3197 2274 inquis.
3226 2205 3435 2263 Interim
3469 2215 3650 2268 transi.

2087 2287 2222 2354 Quid
2267 2288 2453 2343 aliud?
2497 2289 2729 2359 Raptor,
2774 2291 3011 2355 adulter,
3056 2304 3108 2348 et
3137 2305 3326 2350 caetera
3369 2298 3437 2353 de
3465 2302 3654 2369 quibus

2089 2377 2373 2445 Apostolus
2396 2376 2524 2432 dicit
2549 2395 2562 2428 :
2594 2377 2841 2444 Quoniam
2871 2381 2954 2452 qui
2984 2381 3108 2435 (alia
3127 2396 3302 2454 agunt,
3330 2403 3537 2458 regnum
3560 2389 3653 2447 Dei

2088 2485 2188 2522 non
2223 2469 2542 2539 possidebunt
2581 2468 2792 2541 (Galat.
2817 2487 2878 2535 v,
2903 2469 2965 2526 21
2991 2473 3028 2542 ).
3072 2474 3224 2530 Certe
3246 2492 3375 2548 ergo
3401 2495 3430 2532 a
3463 2483 3654 2540 talibus

2087 2571 2193 2614 non
2219 2571 2509 2622 correctus,
2535 2559 2602 2615 de
2627 2561 2814 2615 talibus
2839 2563 3134 2619 conuuissis
3161 2569 3518 2634 ptruitentiam
3549 2590 3651 2627 nou

2087 2665 2282 2721 agens,
2323 2667 2538 2722 regnum
2567 2652 2822 2708 etelorunt
2854 2655 3077 2723 speras?
3121 2655 3232 2711 Non
3260 2660 3486 2728 opinor;
3525 2680 3650 2733 quo-

2087 2742 2222 2795 niam
2253 2743 2339 2811 qui
2373 2743 2494 2795 talia
2525 2754 2696 2812 agunt,
2732 2759 2936 2813 regnum
2955 2741 3056 2798 Dei
3083 2742 3183 2799 non
3218 2749 3556 2816 possidebunt.
3586 2753 3650 2807 Et

2089 2835 2300 2903 ignoras
2327 2835 2447 2904 quia
2480 2835 2723 2902 patientia
2759 2833 2854 2888 Dei
2896 2835 2962 2888 ad
3007 2813 3370 2905 penitentiam
3403 2850 3454 2896 te
3483 2843 3650 2897 addtt-
3729 2813 3745 2830 χ

2087 2923 2199 2978 cit?
2243 2923 2323 2979 Tu
2352 2925 2532 2980 nescio
2560 2923 2683 2993 qttid
2728 2923 2818 2978 tibi
2853 2925 3107 2994 pollicens
3131 2969 3143 2989 ,
3191 2931 3479 2984 scentulum
3509 2934 3651 2987 duri-

2091 3016 2216 3068 tiam
2246 3025 2387 3068 tuam
2419 3023 2473 3069 et
2499 3029 2593 3070 cur
2619 3015 2954 3086 impmniteus
2981 3015 3302 3074 thesaurizas
3329 3023 3417 3074 tibi
3442 3023 3571 3078 iram
3601 3026 3651 3079 in

2085 3107 2172 3162 die
2203 3107 2294 3162 ine
2319 3118 2372 3163 et
2418 3109 2756 3165 revelationis
2790 3109 2940 3180 justi'
2958 3111 3141 3178 judicii
3189 3111 3295 3177 Dei,
3342 3115 3433 3184 qui
3471 3119 3654 3172 reddet

2089 3198 2369 3268 unicuique
2404 3199 2691 3254 secundum
2717 3215 2876 3267 opera
2905 3216 3018 3255 sua.
3064 3203 3289 3257 Attende
3326 3220 3452 3274 ergo
3481 3191 3650 3276 ipsum

2083 3288 2314 3358 judicem
2344 3290 2662 3344 venientem.
2710 3291 2888 3355 Bene;
2935 3291 3041 3346 Deo
3078 3295 3314 3362 gratias:
3350 3312 3452 3350 non
3495 3302 3656 3354 tacuit

2088 3381 2400 3433 sententiam
2427 3378 2772 3444 definitivam,
2806 3397 2911 3435 non
2938 3383 3080 3436 misit
3107 3383 3248 3438 foras
3276 3401 3396 3439 reos
3425 3399 3476 3441 et
3507 3388 3652 3445 duxit

2088 3469 2280 3524 velunt.
2306 3472 2442 3526 Ante
2465 3471 2626 3524 voluit
2653 3473 3006 3541 prmunntiare
3025 3475 3161 3543 quod
3183 3475 3434 3545 disposuit
3460 3478 3649 3534 facere.

2086 3559 2286 3630 Nempe
2311 3561 2740 3632 congregabantur
2777 3573 2894 3616 ante
2929 3580 3040 3617 eum
3075 3578 3472 3636 omnes—gentes.
3518 3571 3652 3636 Quid

2087 3653 2154 3708 de
2181 3653 2284 3708 illis
2313 3653 2509 3708 faciet?
2535 3654 2799 3724 Separabit
2821 3671 2903 3708 eos
2925 3673 2943 3720 ;
2985 3667 3029 3708 et
3066 3657 3194 3709 alios
3219 3670 3364 3726 ponet
3389 3662 3458 3714 ad
3484 3661 3654 3716 ἄρτιοι

2086 3763 2216 3810 ram,
2239 3747 2367 3800 alios
2399 3747 2465 3799 ad
2483 3748 2757 3800 sinistram.
2782 3745 3047 3816 Numquid
3079 3748 3284 3804 medius
3311 3752 3655 3812 locussertae

2090 3849 2173 3891 tua
2198 3837 2320 3891 est?
2359 3837 2498 3906 Quid
2533 3837 2731 3906 dextris
2758 3836 2994 3892 dicturus
3023 3838 3148 3891 est?
3183 3837 3372 3907 Venite,
3414 3843 3655 3896 benedicti

2093 3926 2260 3981 Patris
2302 3931 2417 3994 mei,
2458 3929 2695 3999 percipite
2729 3945 2958 3998 regnum.
2998 3929 3130 3996 Quid
3171 3931 3442 3986 sinistris?
3487 3933 3568 3987 Ite
3603 3935 3656 3988 in

2090 4023 2251 4089 ignem
2285 4032 2544 4084 teternum,
2567 4022 2652 4090 qui
2690 4030 2898 4091 paratus
2921 4031 2993 4074 est
3030 4020 3231 4075 diabolo
3259 4033 3303 4076 et
3332 4025 3520 4094 angelis
3543 4026 3655 4094 eius

2091 4109 2304 4177 (Matth.
2329 4127 2450 4173 xxv.
2475 4112 2566 4176 '52,
2595 4113 2685 4177 55,
2711 4113 2802 4177 δι,
2832 4111 2941 4182 Η).
2975 4110 3032 4165 Si
3059 4126 3163 4166 non
3189 4114 3341 4166 times
3368 4114 3498 4166 mitti
3524 4130 3650 4182 quo,

2092 4202 2210 4256 vide
2235 4217 2358 4256 cum
2389 4218 2512 4273 quo.
2543 4205 2598 4258 Si
2626 4219 2754 4273 ergo
2779 4219 2940 4272 opera
2985 4204 3070 4258 illa
3110 4205 3282 4258 omnia
3314 4220 3532 4275 regnum
3559 4205 3654 4260 Dei

2093 4308 2196 4348 non
2226 4293 2597 4363 possidebunt;
2626 4295 2733 4348 imo
2755 4311 2857 4348 non
2880 4310 3065 4364 opera,
3086 4295 3179 4349 sed
3200 4296 3287 4364 qui
3315 4298 3432 4350 talia
3460 4307 3654 4366 agunt;

2093 4400 2214 4441 nam
2243 4399 2404 4454 opera
2451 4385 2570 4438 talia
2612 4386 2664 4438 in
2710 4385 2830 4455 igne
2873 4401 2977 4440 non
3017 4395 3210 4441 erunt:
3245 4401 3346 4438 non
3389 4386 3528 4439 enim
3567 4386 3660 4440 illo

2095 4481 2211 4548 igne
2239 4477 2487 4532 ardentes
2530 4476 2748 4531 iuraturi
2778 4487 2900 4532 sunt
2941 4486 2994 4532 et
3030 4476 3412 4539 adulteraturi;
3455 4476 3546 4530 sed
3574 4480 3660 4548 qui

2095 4571 2216 4624 talia
2252 4579 2427 4640 agunt,
2467 4585 2673 4638 regnum
2711 4566 2810 4622 Dei
2849 4583 2946 4622 non
2987 4568 3305 4636 possidebunt
3339 4583 3357 4620 :
3395 4582 3501 4621 non
3537 4582 3663 4638 ergo

2096 4669 2251 4716 erunt
2276 4676 2304 4714 a
2332 4659 2531 4713 dextris
2554 4675 2672 4712 cum
2701 4659 2804 4713 illis
2832 4659 3020 4728 quibus
3046 4659 3268 4722 dicetur,
3302 4655 3492 4722 Venite,
3519 4657 3665 4712 bene-

2096 4751 2218 4803 dicti
2236 4747 2409 4803 Patris
2434 4751 2547 4814 mei,
2575 4747 2813 4818 percipite
2831 4765 3071 4819 regnum;
3095 4750 3215 4818 quia
3237 4750 3320 4818 qui
3343 4749 3466 4802 talia
3487 4761 3658 4818 agunt,

2098 4857 2304 4913 regnum
2338 4839 2434 4896 Dei
2477 4857 2578 4896 non
2617 4841 2956 4910 possidebunt.
3001 4839 3056 4894 Si
3097 4857 3224 4908 ergo
3252 4857 3284 4894 a
3321 4841 3520 4895 dextris
3555 4856 3661 4894 non

2098 4941 2274 4996 erunt,
2299 4946 2403 4985 non
2429 4940 2592 4986 restat
2611 4932 2710 4986 nisi
2736 4943 2792 4986 ut
2811 4932 2916 4986 sint
2941 4945 2970 4985 a
2997 4931 3228 4986 sinistris
3252 4949 3266 4985 :
3291 4932 3518 4986 sinistris
3537 4930 3666 5001 qttid

2099 5021 2278 5076 dicet?
2317 5020 2396 5076 Ite
2420 5021 2470 5075 in
2501 5022 2666 5092 ignem
2691 5032 2931 5077 talentum
2954 5037 2972 5074 :
2998 5020 3118 5091 quia
3147 5023 3240 5076 erit
3271 5032 3463 5092 tempus
3495 5037 3667 5075 eorum

2101 5113 2152 5166 in
2179 5123 2434 5167 internum.

2172 5205 2261 5258 21.
2289 5204 2506 5274 Expone
2533 5220 2694 5275 ergo,
2724 5207 2925 5276 inquit,
2954 5205 3128 5270 nobis,
3160 5205 3318 5274 ligna,
3351 5204 3548 5267 l'enum,
3579 5205 3672 5258 sti-

2107 5296 2279 5365 pulam
2309 5295 2398 5366 qui
2441 5296 2701 5350 :edilicant
2745 5312 2902 5365 super
2945 5294 3379 5363 fundamentum,
3408 5295 3672 5365 quomodo

2105 5403 2210 5442 non
2239 5396 2489 5456 pereant,
2519 5386 2612 5440 sed
2657 5387 2786 5441 salvi
2835 5387 2998 5454 fiant;
3047 5388 3125 5450 sic
3169 5398 3344 5443 tamen
3387 5387 3534 5456 quasi
3580 5399 3672 5456 per

2105 5481 2298 5549 ignem.
2324 5477 2558 5534 Obscura
2585 5478 2795 5553 quidem
2825 5480 2909 5533 illa
2943 5481 3184 5550 qumstio,
3208 5480 3320 5544 sed,
3355 5487 3410 5532 ut
3435 5493 3668 5548 possunt,

2108 5571 2337 5625 breviter
2378 5570 2518 5624 dico.
2572 5569 2802 5635 Fratres,
2852 5581 2976 5624 sunt
3011 5571 3259 5625 homines
3295 5569 3512 5626 omnino
3546 5584 3674 5625 con-

2111 5669 2398 5730 temptores
2417 5660 2594 5714 szeculi
2621 5641 2796 5728 liujus,
2817 5661 3006 5731 quibus
3031 5677 3135 5716 non
3157 5669 3237 5716 est
3261 5670 3464 5730 gratum
3490 5663 3503 5692 '
3527 5662 3674 5730 quid-

2180 5778 2191 5806 ¹
2214 5775 2283 5824 sic
2299 5782 2366 5824 Fr.
2385 5783 2431 5824 et
2446 5775 2622 5838 aliquot
2637 5781 2742 5824 Mss.
2774 5773 2871 5836 1ibi,
2893 5787 3050 5825 natum
3071 5788 3087 5838 ;
3112 5784 3187 5824 aut
3213 5787 3322 5824 cum
3337 5783 3467 5837 Lov.,
3491 5783 3670 5825 notum.
