4024 6210
398 312 540 382 ’toss

403 441 530 514 quid
558 435 918 510 temporaliter
942 437 1052 492 fluit
1077 456 1090 502 ;
1129 451 1231 493 non
1260 437 1461 491 haerent
1485 435 1764 491 dilectione
1799 432 1969 504 aliqua

408 535 626 591 terrenis
660 531 914 602 operibus
935 531 975 596 ',
1014 529 1203 593 sancti,
1245 529 1405 592 casti,
1433 528 1796 593 continentes,
1821 526 1967 594 justi,

407 625 642 682 fortassis
665 632 719 678 et
739 617 915 676 munia
945 636 1038 675 sua
1065 619 1352 675 tendentes
1373 629 1427 674 et
1448 619 1766 689 pauperibus
1791 617 1970 672 distri-

401 719 644 780 buentes,
687 724 778 768 aut
808 712 1141 784 possidentes
1185 720 1429 778 tanquam
1469 726 1570 765 non
1615 708 1966 779 pOssidentes,

397 818 454 865 et
492 818 700 862 utentes
729 805 828 860 hoc
857 805 1051 858 mundo
1088 793 1335 873 tanquam
1373 818 1475 856 non
1517 812 1726 857 utentes
1766 799 1966 871 (lCor.

396 911 500 962 γιι,
530 899 626 960 '50.
652 898 712 954 3|
737 899 773 963 ).
813 896 946 951 Sunt
987 904 1160 948 autem
1207 895 1296 947 alii
1341 893 1432 963 qui
1474 894 1630 947 rebus
1677 891 1968 946 infirmitati

395 991 668 1046 concessis
698 990 953 1044 inluerent
995 989 1318 1055 aliquantum
1341 986 1648 1042 dilectione.
1691 984 1804 1039 Non
1834 984 1971 1051 rapit

395 1083 574 1137 villam
603 1082 826 1134 alienam
851 1096 866 1142 ;
906 1079 998 1134 sed
1027 1080 1102 1132 sic
1127 1087 1268 1132 amat
1295 1092 1442 1131 suam
1463 1118 1478 1142 ,
1506 1089 1556 1129 ιιι
1589 1077 1630 1131 si
1661 1075 1965 1146 perdiderit,

395 1172 763 1228 conturbetur.
808 1169 922 1224 Non
961 1168 1160 1238 appetit
1191 1183 1407 1224 uxorem
1451 1169 1716 1230 alienam;
1757 1165 1849 1220 sed
1892 1169 1968 1221 sic

396 1263 622 1320 indueret
658 1276 788 1327 suae,
819 1262 896 1316 sic
933 1261 1184 1315 miscetur
1224 1275 1364 1325 sum,
1395 1268 1452 1311 ut
1494 1257 1708 1312 modum
1749 1271 1851 1310 non
1896 1255 1964 1311 ibi

397 1362 575 1410 teneat
620 1353 984 1423 praescriptum
1028 1350 1236 1414 tabulis,
1282 1351 1569 1404 liberorum
1608 1347 1965 1417 procreando-

395 1464 514 1506 rum
539 1462 717 1501 causa.
738 1445 849 1502 Non
877 1445 1009 1499 tollit
1031 1445 1199 1499 aliena
1220 1460 1234 1506 ;
1266 1441 1358 1497 sed
1380 1444 1572 1511 repetit
1592 1455 1708 1507 sua,
1732 1451 1785 1495 et
1812 1441 1968 1495 habet

396 1551 519 1595 cum
565 1537 730 1594 fratre
755 1553 851 1592 suo
875 1535 1130 1606 judicium
1158 1553 1172 1589 :
1204 1535 1393 1591 talibus
1421 1535 1560 1590 enim
1591 1532 1817 1598 dicitur,
1843 1530 1964 1586 lam

395 1631 594 1702 quidem
620 1631 826 1684 omnino
850 1629 1086 1682 delictum
1113 1638 1184 1682 est
1209 1628 1258 1681 in
1281 1627 1435 1689 vobis,
1463 1626 1578 1698 quia
1599 1624 1794 1695 judicia
1815 1623 1967 1677 liabe-

401 1724 463 1779 εἰς
483 1722 732 1778 vobiscum
755 1719 863 1790 (Id.
888 1735 960 1784 Vt,
987 1720 1062 1789 7).
1087 1718 1280 1773 Verum
1307 1719 1415 1786 ipsa
1438 1716 1632 1785 judicia
1656 1715 1707 1769 in
1733 1715 1962 1769 Ecclesia

391 1815 541 1887 jubet
576 1813 695 1882 agi,
727 1827 830 1866 non
869 1811 934 1865 ad
977 1812 1144 1864 forum
1187 1809 1359 1872 trahi;
1402 1815 1575 1862 nunen
1615 1806 1805 1861 delicta
1845 1819 1964 1859 esse

396 1908 526 1962 dicit
551 1925 567 1962 :
591 1904 864 1961 contendit
901 1904 1042 1958 enim
1075 1902 1393 1958 christianus
1433 1915 1530 1970 pro
1551 1898 1706 1954 rebus
1741 1898 1964 1953 terrenis

399 1997 624 2068 amplius
642 2011 799 2067 quam
838 1994 990 2050 decet
1021 2008 1141 2049 eum
1166 1992 1248 2046 cui
1278 1992 1590 2061 promissum
1629 1998 1712 2044 est
1743 2004 1961 2058 regnum

399 2089 652 2144 ctelornm
677 2103 693 2151 ;
735 2100 840 2142 non
874 2093 1038 2140 totum
1064 2097 1158 2138 cor
1182 2096 1394 2138 sursum
1409 2081 1589 2143 levat,
1616 2079 1709 2135 sed
1735 2079 1962 2150 aliquam

400 2189 600 2250 partem
624 2177 740 2246 ejus
763 2176 923 2231 trahit
951 2176 1001 2228 iu
1029 2185 1187 2230 terra.
1219 2173 1452 2242 Denique
1477 2172 1521 2228 si
1545 2171 1721 2225 veniat
1745 2170 1963 2225 tentatio

399 2269 619 2325 ducendi
657 2271 679 2303 ⁸
717 2268 985 2340 martyrii,
1034 2266 1109 2322 illi
1153 2267 1240 2336 qui
1293 2265 1494 2320 habent
1526 2267 1578 2319 in
1622 2262 1962 2319 fundamento

397 2359 695 2422 Christum,
743 2370 797 2413 et
836 2357 1100 2413 :rdilicant
1139 2371 1358 2421 aurum,
1403 2362 1716 2424 argentum,
1758 2352 1960 2422 lapides

402 2455 678 2522 pretiosos.
707 2451 830 2522 quid
861 2450 1041 2504 dicunt
1064 2465 1130 2504 ex
1158 2447 1257 2504 hac
1286 2447 1718 2517 opportunitate?
1755 2446 1957 2500 Battum

402 2550 478 2597 est
500 2543 627 2598 mihi
655 2541 894 2604 dissolvi,
915 2549 1104 2596 etesse
1129 2554 1246 2594 eum
1267 2539 1476 2593 Christo
1496 2537 1750 2608 (Philipp.
1773 2554 1810 2602 t,
1832 2535 1956 2608 23):

401 2632 602 2688 alacres
627 2641 886 2697 currunt,
914 2639 1002 2684 aut
1031 2630 1157 2685 nihil
1184 2640 1269 2682 aut
1299 2629 1504 2684 modice
1528 2628 1596 2684 de
1625 2638 1830 2683 terrena
1859 2627 1962 2683 fra-

399 2722 595 2791 gilitate
642 2723 1040 2776 contristantur.
1090 2720 1166 2777 Illi
1209 2729 1383 2775 autem
1424 2728 1664 2774 amantes
1703 2732 1788 2772 res
1835 2733 1960 2787 pro-

399 2816 557 2886 prias,
576 2813 766 2869 domos
793 2815 1049 2883 proprias,
1071 2813 1300 2882 graviter
1323 2812 1735 2876 Conturbantur;
1761 2811 1956 2874 fenum,

397 2917 449 2960 et
473 2906 684 2978 stipula,
716 2918 765 2960 et
793 2906 932 2971 ligna
955 2905 1160 2958 ardent.
1190 2897 1393 2965 llabeu't
1419 2918 1544 2972 ergo
1571 2903 1730 2972 ligna,
1761 2903 1957 2967 fenum,

395 2977 640 3066 stipulam
677 3012 838 3063 super
863 2996 1296 3058 fundamentum;
1338 2995 1431 3050 sed
1467 2977 1640 3050 rerum
1677 3008 1960 3050 concessa-

395 3106 541 3152 rum,
572 3104 675 3143 non
722 3086 1044 3144 illicitarmn.
1092 3089 1218 3143 Dieo
1257 3089 1420 3151 enim,
1463 3087 1693 3142 fratres:
1723 3087 1962 3157 possides

395 3180 832 3243 fundamentum;
876 3180 1016 3234 luere
1039 3181 1194 3242 rmlo,
1219 3181 1362 3233 calca
1400 3188 1612 3234 terram.
1638 3178 1694 3234 Si
1729 3180 1846 3234 talis
1880 3195 1957 3246 es,

395 3286 500 3326 non
529 3272 759 3324 aulilieas
793 3271 892 3326 nisi
932 3285 1135 3332 aurum,
1179 3279 1473 3341 argentum,
1509 3280 1562 3326 et
1601 3270 1800 3341 lapides
1844 3287 1962 3340 pre.

397 3363 582 3416 tiosos.
614 3363 745 3415 Cum
769 3374 944 3416 autem
970 3362 1186 3426 dixeris,
1215 3363 1348 3416 Amo
1371 3362 1759 3434 possessionem
1786 3365 1959 3429 istam,

396 3456 555 3508 timeo
585 3463 902 3524 ne‘pcreat;
941 3463 996 3509 et
1032 3455 1270 3510 imminet
1293 3455 1565 3522 damnum,
1597 3465 1651 3512 et
1681 3467 1733 3512 tu
1759 3459 1962 3513 contri-

394 3549 554 3602 staris
581 3565 595 3602 :
627 3563 730 3602 non
757 3547 967 3616 quidem
997 3548 1261 3618 pra-ponis
1290 3564 1405 3602 eam
1432 3547 1679 3610 Christo;
1723 3565 1847 3605 nam
1885 3550 1964 3607 sic

394 3654 541 3692 amas
569 3640 957 3709 possessionem
999 3641 1173 3704 istam,
1215 3647 1272 3695 ut
1309 3640 1352 3694 si
1391 3640 1598 3696 dit-atur
1636 3641 1750 3705 tibi,
1791 3639 1960 3710 Ipsam

395 3734 497 3797 vis,
523 3746 588 3785 an
615 3719 922 3786 Christum?
959 3732 1056 3786 etsi
1094 3731 1257 3786 tristis
1277 3747 1392 3787 cam
1418 3733 1610 3803 perdis.
1640 3733 1758 3803 plus
1787 3742 1960 3789 tamen

396 3824 730 3892 amplecteris
755 3823 1046 3888 tittristum,
1072 3839 1226 3893 quem
1256 3825 1472 3893 posuisti
1497 3826 1553 3878 in
1583 3825 1922 3880 fundamento
1947 3843 1960 3880 :

398 3913 578 3968 salvus
595 3915 698 3968 eris
724 3924 967 3983 tanquam
993 3930 1085 3985 per
1107 3914 1301 3983 ignem.
1325 3914 1460 3968 Audi
1487 3914 1625 3966 aliud
1653 3929 1791 3967 :uon
1815 3925 1964 3983 potes

405 4013 585 4058 tenere
605 4006 990 4074 possessionem
1016 4006 1192 4068 istam,
1223 4004 1321 4058 nisi
1356 4003 1554 4057 dixeris
1589 4003 1776 4058 falsum
1818 4004 1966 4058 testi-

399 4094 659 4150 monium.
686 4095 751 4151 Et
776 4093 878 4150 huc
900 4111 1003 4149 non
1032 4095 1221 4159 facere,
1251 4093 1514 4148 Christum
1547 4094 1598 4148 in
1623 4093 1962 4149 fundamento

398 4199 600 4254 ponere
639 4196 760 4239 est:
807 4184 1013 4239 Veritas
1054 4185 1194 4240 enim
1238 4184 1389 4247 dixit,
1429 4183 1500 4239 Os
1536 4185 1673 4257 quod
1707 4187 1960 4250 mentitur,

400 4279 582 4332 occidit
626 4280 839 4331 animam
883 4279 1038 4349 (Sap.
1068 4295 1116 4341 ι,
1146 4278 1260 4346 ll).
1302 4278 1440 4346 Ergo
1482 4280 1526 4333 si
1573 4277 1960 4348 possessionem

401 4381 542 4425 tuam
569 4370 760 4441 diligis.
793 4385 895 4424 non
927 4380 1099 4424 tamen
1129 4377 1343 4441 propter
1376 4369 1516 4424 illam
1551 4368 1678 4423 facis
1702 4368 1960 4438 rapinam,

403 4475 508 4515 non
538 4473 750 4529 propter
772 4461 912 4514 illam
939 4460 1072 4516 dicis
1099 4460 1285 4514 falsum
1310 4460 1689 4527 testimonium,
1715 4475 1817 4514 non
1839 4474 1964 4531 pro-

400 4564 518 4624 pter
540 4552 828 4609 illantiacis
849 4551 1208 4608 homicidium.
1235 4567 1337 4605 non
1361 4561 1576 4622 propter
1609 4551 1748 4606 illam
1779 4549 1962 4605 falsum

396 4645 708 4716 jnrasgnou
747 4654 960 4714 propter
998 4644 1142 4698 illam
1177 4641 1444 4698 Christum
1487 4658 1683 4713 negas;
1724 4657 1790 4698 eo
1826 4644 1962 4705 quod

397 4749 504 4790 non
539 4744 755 4807 propter
779 4736 918 4790 illam
958 4736 1082 4790 lacis
1120 4735 1254 4798 hare,
1277 4733 1545 4790 Christum
1573 4734 1818 4790 habcsin-
1844 4733 1962 4789 fun-

392 4826 666 4882 damento.
699 4825 803 4883 Sed
834 4836 1006 4882 tamen
1028 4826 1147 4896 quia
1171 4826 1346 4896 diligis
1371 4825 1536 4892 illam,
1560 4835 1614 4881 et
1637 4826 1968 4881 contristaris

396 4919 443 4972 si
475 4920 665 4988 perdas
696 4919 877 4983 illam;
917 4932 1078 4989 super
1123 4916 1522 4973 fundamentum
1565 4915 1820 4986 posuisti,
1860 4929 1963 4971 non

397 5023 608 5076 eorum,
631 5020 720 5066 ant
743 5020 1034 5079 argentum,
1059 5017 1147 5064 aut
1167 5008 1366 5079 lapides
1385 5009 1667 5081 pretiosos,
1689 5007 1781 5062 sed
1804 5007 1963 5078 ligna,

401 5101 581 5159 fenum
607 5145 622 5170 ,
650 5104 915 5175 stipulam.
947 5103 1134 5159 Salvus
1162 5116 1290 5173 ergo
1315 5102 1422 5157 eris
1441 5142 1458 5168 ,
1497 5117 1616 5158 cum
1643 5101 1830 5156 ardere
1855 5102 1966 5157 cm.

399 5195 539 5263 perit
579 5195 718 5266 quod
759 5195 1062 5260 mditieasti;
1105 5196 1181 5250 sie
1222 5203 1398 5248 tamen
1447 5195 1596 5264 quasi
1639 5209 1734 5264 per
1774 5195 1965 5264 ignem.

400 5285 568 5344 Nemo
598 5287 738 5341 enim
767 5303 926 5356 super
953 5287 1349 5342 fundamentum
1393 5286 1494 5340 hoc
1528 5286 1792 5340 mdilicans
1819 5284 1970 5340 adnl.

399 5381 566 5442 toria,
599 5379 983 5447 blasphemias,
1010 5378 1303 5449 sacrilegia,
1337 5376 1680 5440 idololatrias,
1716 5376 1964 5447 perjuria,

402 5479 552 5541 putet
584 5486 645 5526 se
689 5470 888 5525 salvum
918 5470 1146 5525 futurum
1176 5485 1270 5539 per
1313 5470 1506 5540 ignem,
1533 5468 1683 5540 quasi
1726 5469 1822 5523 ista
1866 5469 1972 5524 sint

400 5565 566 5635 ligna,
592 5563 789 5626 fenum,
809 5563 1001 5634 stipula
1030 5580 1042 5616 :
1065 5563 1155 5616 sed
1180 5562 1266 5632 qui
1294 5560 1518 5618 mdilic‘at
1545 5575 1778 5616 amorem
1808 5571 1970 5618 terre-

470 5697 486 5728 ⁸
512 5698 829 5747 Ferrariettsis
847 5702 954 5750 διε..
976 5691 1157 5760 opibus.

472 5760 496 5794 ί
522 5759 683 5808 Plurim
703 5760 894 5820 optione
914 5761 1040 5805 notae
1064 5757 1186 5808 “$8.,
1216 5753 1427 5804 dfffﬂdt'.

1452 319 1840 378 ENARRATIO
1879 317 1944 374 IN
1981 316 2304 379 PSALMUM
2342 325 2572 383 LXXXI.
2646 369 2659 377 .

3523 338 3584 396 ιο
3597 342 3654 397 ιθ

2078 449 2265 490 norum
2304 453 2464 508 super
2504 439 2898 499 fundamentum
2945 447 3090 517 regni
3136 449 3411 512 calorum.
3460 451 3511 506 id
3542 464 3645 520 est,

2075 541 2234 597 super
2275 527 2581 593 Chrismm;
2629 530 2834 587 ardebit
2867 549 3018 589 amor
3051 553 3224 593 rerum
3258 539 3649 615 temporalium,

2075 629 2126 674 et
2159 622 2270 689 ipse
2309 622 2484 676 salvus
2520 623 2620 677 erit
2653 640 2749 695 per
2787 625 3036 681 idoneum
3067 629 3488 687 fundamentum.

2141 712 2231 766 22.
2258 711 2278 785 [
2307 730 2433 767 vers.
2461 713 2588 788 17.]
2619 715 2816 771 Inimici
2855 717 3054 773 Domini
3081 723 3272 776 mentiti
3295 735 3409 777 sunt
3433 726 3478 780 ei
3497 768 3512 789 ,
3555 725 3643 780 di-

2074 803 2262 868 cendo,
2289 804 2364 858 Eo
2390 805 2455 859 ad
2479 806 2705 872 vineam,
2736 817 2784 862 et
2816 822 2917 861 non
2946 810 3120 863 eundo
3150 811 3359 882 (Matth.
3395 831 3510 881 ut,
3529 807 3643 889 30):

2074 901 2120 944 et
2141 893 2232 946 erit
2258 891 2450 964 lempus
2470 912 2662 961 eorum,
2695 911 2797 950 non
2827 899 2893 951 ad
2918 907 3151 968 tempus,
3181 903 3272 956 sed
3303 905 3355 958 in
3382 916 3640 963 teternnm.

2078 983 2136 1036 Et
2166 984 2251 1053 qui
2306 994 2429 1038 sunt
2459 987 2589 1040 isti?
2620 987 2684 1040 Et
2711 988 2889 1042 cibarit
2936 991 3049 1044 illo:
3095 1009 3157 1044 ex
3204 992 3352 1063 adipe
3389 996 3644 1064 frumenti.

2074 1074 2248 1129 Nostis
2272 1076 2477 1145 adipem
2508 1077 2750 1133 frumenti
2777 1121 2792 1143 ,
2825 1080 2963 1134 unde
2986 1075 3226 1138 eihantur
3265 1085 3413 1139 tnulti
3447 1087 3645 1144 inimici

2073 1167 2159 1235 qui
2184 1169 2387 1223 mentiti
2417 1180 2538 1224 sunt
2566 1171 2636 1225 ei.
2654 1183 2656 1185 '
2674 1171 2736 1227 Et
2763 1171 2940 1227 cibarit
2969 1175 3083 1228 illos
3107 1193 3170 1229 ea:
3194 1176 3342 1246 adipe
3368 1177 3636 1246 frumenti;

2074 1258 2280 1314 miscuit
2307 1275 2399 1314 eos
2425 1261 2782 1318 Sacr-amentis
2807 1266 2936 1318 suis.
2972 1266 3036 1320 Et
3060 1267 3246 1321 ludam
3269 1311 3282 1330 ,
3313 1271 3523 1339 quando
3549 1271 3644 1326 de-

2071 1350 2148 1404 dit
2173 1349 2457 1407 hnecellam
2484 1354 2673 1422 (Joan.
2706 1373 2794 1410 xm
2815 1400 2830 1420 ,
2856 1357 2926 1412 26
2947 1358 2986 1429 ),
3015 1375 3078 1413 ex
3106 1361 3261 1430 adipe
3289 1361 3532 1418 frumenti
3570 1366 3646 1421 ci-

2071 1441 2211 1497 havit
2254 1461 2268 1497 :
2303 1453 2355 1499 et
2395 1445 2637 1501 inimicus
2687 1447 2892 1503 Domini
2943 1451 3194 1504 mentitus
3222 1461 3306 1532 est
3333 1453 3380 1508 ci
3406 1495 3420 1517 ,
3448 1464 3501 1508 et
3543 1455 3646 1512 erit

2072 1541 2278 1602 tempus
2303 1534 2416 1604 ejus
2451 1536 2500 1590 in
2526 1545 2802 1592 mternum.
2838 1537 2906 1593 Et
2934 1539 3113 1594 cibavit
3138 1542 3252 1596 illos
3280 1559 3342 1596 ex
3369 1545 3518 1614 adipe
3537 1547 3647 1616 frti-

2068 1625 2257 1690 menti;
2284 1634 2328 1678 et
2359 1625 2418 1679 de
2438 1638 2578 1696 petra
2613 1629 2762 1683 melle
2788 1632 3025 1684 saturavit
3053 1649 3157 1686 eos.
3187 1632 3231 1688 Ο
3252 1633 3484 1703 ingratos
3508 1633 3522 1690 !
3556 1635 3642 1691 Ci-

2029 1746 2034 1747 ί
2069 1714 2200 1768 bat-it
2223 1731 2286 1770 ea:
2309 1717 2458 1786 adipe
2483 1720 2737 1788 frumenti,
2770 1729 2816 1774 et
2835 1721 2897 1775 de
2917 1733 3056 1790 petra
3081 1723 3226 1777 melle
3262 1727 3505 1780 saturavit
3535 1731 3640 1782 eos.

2068 1805 2123 1862 lu
2152 1823 2331 1865 eremo
2351 1809 2418 1864 de
2449 1821 2593 1878 petra
2625 1827 2810 1881 aquam
2851 1814 3096 1883 produxit
3145 1815 3164 1887 (
3191 1814 3358 1870 Exod.
3390 1833 3516 1884 xvu,
3541 1816 3640 1888 6),

2066 1913 2172 1954 non
2194 1900 2317 1954 mel.
2346 1901 2444 1956 lllel
2468 1903 2720 1972 sapientia
2753 1913 2854 1970 est,
2887 1906 3164 1973 primatum
3193 1908 3425 1964 dulcoris
3451 1919 3644 1968 tenens

2066 1990 2118 2045 in
2148 1993 2285 2047 escis
2303 1993 2498 2047 cordis.
2523 1995 2690 2064 Quam
2719 1997 2868 2051 multi
2890 2013 3017 2069 ergo
3043 1999 3239 2055 inimici
3267 2002 3471 2057 Domini
3496 2009 3644 2063 mett-

2066 2082 2257 2138 tientes
2306 2085 2529 2139 Domino
2575 2086 2836 2152 cibantur,
2890 2105 2994 2143 non
3041 2091 3210 2145 solum
3257 2107 3322 2147 ex
3349 2093 3507 2164 adipe
3536 2093 3646 2151 fru-

2066 2176 2251 2241 menti,
2275 2177 2367 2231 sed
2394 2179 2550 2232 etiam
2573 2179 2638 2233 de
2666 2189 2813 2248 petra
2835 2183 3013 2244 melle.
3045 2179 3113 2238 de
3132 2183 3385 2254 sapientia
3415 2185 3638 2243 Christi!

2065 2281 2223 2334 quam
2253 2266 2403 2323 multi
2432 2267 2763 2325 delectantur
2786 2272 2948 2326 verbo
2976 2273 3089 2343 ejus
3127 2285 3180 2329 et
3203 2277 3504 2346 cognitione
3549 2288 3640 2333 sa-

2065 2368 2458 2414 cramentorum
2476 2363 2610 2431 ejus,
2639 2363 2900 2417 solutione
2931 2364 3293 2434 parabolarum
3323 2367 3457 2437 ejus,
3483 2380 3640 2439 quam

2067 2451 2216 2504 multi
2260 2450 2612 2528 delectantur,
2645 2469 2799 2521 quam
2831 2455 2978 2508 multi
3023 2455 3286 2510 clamant!
3318 2455 3383 2511 Et
3425 2473 3528 2512 non
3559 2459 3645 2515 εει

2069 2540 2169 2595 hoc
2197 2541 2300 2595 mel
2327 2542 2392 2596 de
2420 2543 2656 2611 quolibet
2685 2543 2917 2609 homine,
2946 2544 3038 2600 sed
3065 2544 3131 2600 de
3152 2555 3299 2614 petra
3330 2564 3344 2602 :
3376 2556 3520 2616 petra
3546 2555 3642 2604 au-

2065 2637 2170 2684 tem
2197 2641 2312 2686 erat
2329 2629 2572 2687 Christus
2595 2631 2616 2703 (
2639 2631 2656 2686 1
2685 2631 2801 2688 Cor.
2832 2650 2865 2689 ιι
2887 2675 2902 2699 ,
2927 2635 3020 2707 4,).
3051 2634 3218 2703 Quam
3244 2635 3396 2693 multi
3416 2653 3541 2709 ergo
3558 2639 3643 2693 sa-

2065 2723 2261 2778 tiantur
2304 2722 2369 2779 de
2413 2723 2571 2778 melle
2599 2723 2702 2779 isto
2725 2765 2740 2789 ,
2773 2725 3041 2791 clamant,
3071 2726 3254 2782 dicunt
3280 2768 3295 2794 ,
3325 2724 3496 2784 Suave
3523 2735 3638 2794 est;

2064 2816 2275 2880 dicunt,
2307 2816 2446 2884 Nihil
2491 2817 2680 2872 melius
2708 2859 2723 2881 ,
2753 2819 2882 2874 nihil
2931 2819 3136 2874 dulcius
3166 2821 3245 2874 vel
3295 2821 3512 2892 intelligi
3557 2819 3644 2878 vel

2063 2905 2165 2961 dici
2194 2908 2395 2976 potuit!
2419 2917 2473 2964 et
2504 2917 2680 2963 tamen
2706 2907 2908 2965 inimici
2940 2911 3146 2966 Domini
3177 2914 3383 2968 mentiti
3421 2925 3544 2969 sunt
3569 2911 3640 2971 ei.

2063 2996 2197 3053 Nolo
2223 2998 2448 3067 amplius
2472 2998 2742 3054 immorari
2773 3000 2824 3054 in
2848 3000 3004 3055 rebus
3029 2999 3269 3058 dolendis
3300 3020 3314 3054 :
3337 3017 3643 3074 quanquam

2066 3091 2373 3146 terribiliter
2414 3091 2655 3147 Psalmus
2697 3093 2762 3146 ad
2801 3093 2901 3148 hoc
2945 3093 3122 3149 finitus
3150 3095 3250 3164 sit,
3281 3102 3454 3150 tamen
3477 3112 3506 3152 a
3539 3097 3644 3154 lina

2065 3180 2179 3248 ejus
2200 3221 2216 3246 ,
2244 3179 2466 3236 obsecro
2496 3199 2591 3236 vos
2618 3225 2631 3247 ,
2681 3197 3016 3239 recurranms
3043 3184 3109 3239 ad
3144 3195 3302 3254 caput
3329 3203 3344 3242 :
3380 3185 3642 3241 Exsultat:

2069 3271 2173 3328 Deo
2196 3273 2420 3342 adjutori
2444 3284 2613 3329 nostra
2631 3318 2646 3345 ,
2669 3278 2910 3331 conversi
2942 3277 3006 3332 ad
3037 3277 3200 3334 Deum
3221 3279 3258 3330 ¹.

2619 3411 2685 3468 Et
2713 3425 2824 3484 post
2849 3412 3048 3468 verbum
3070 3429 3092 3470 :

2134 3543 2225 3600 23.
2263 3543 2377 3602 Non
2411 3545 2595 3616 parum
2634 3555 2840 3600 veStras
2859 3554 3064 3601 mentes
3094 3547 3144 3601 in
3189 3548 3404 3603 nomine
3443 3543 3641 3604 Chri‘sti

2066 3635 2242 3691 divina
2288 3636 2584 3704 spectacula
2635 3638 2957 3703 tenuerunt,
2996 3647 3050 3694 et
3091 3639 3481 3708 suspenderunt
3505 3654 3639 3702 vos,

2068 3742 2173 3782 non
2205 3725 2376 3782 solum
2427 3727 2492 3781 ad
2532 3728 2826 3798 appetemla
2857 3728 3097 3799 qua-dam
3126 3769 3144 3793 ,
3169 3729 3261 3783 sed
3294 3729 3359 3784 ad
3400 3729 3646 3800 quaedam

2067 3819 2224 3873 etiam
2257 3817 2520 3888 fugienda.
2553 3819 2653 3872 Ista
2697 3828 2816 3874 sunt
2847 3820 3144 3888 spectacula
3168 3819 3333 3884 utilia,
3365 3799 3629 3887 salubria,

2067 3908 2374 3964 mdilicanlia
2396 3951 2412 3974 ,
2443 3925 2548 3964 non
2578 3909 2901 3967 destrueulia
2931 3907 2943 3965 ξ
2975 3912 3083 3966 imo
3132 3922 3185 3966 et
3211 3911 3560 3978 destruentia,
3588 3905 3642 3970 et

2066 3998 2413 4062 a-dilieaulia;
2464 3997 2787 4055 destruentia
2834 4003 3078 4056 recentes
3126 4001 3292 4067 deos,
3327 4001 3641 4058 :edilicantia

2070 4087 2224 4143 fidem
2268 4089 2319 4144 in
2362 4104 2545 4144 verum
2591 4097 2646 4143 et
2669 4099 2922 4144 :eternum
2955 4090 3142 4146 Deum.
3175 4092 3342 4147 Etiam
3376 4093 3426 4146 in
3457 4092 3645 4149 crastlv

2069 4197 2194 4236 num
2235 4181 2375 4236 diem
2430 4181 2714 4236 invitamus
2755 4182 3076 4238 Charitatem
3109 4192 3360 4239 vestram.
3407 4183 3538 4239 Cras
3568 4185 3641 4240 illi
3686 4228 3690 4236 .

2069 4273 2295 4339 habent,
2326 4282 2383 4328 ut
2411 4273 2741 4335 audivimus.
2769 4290 2916 4330 mare
2941 4275 2992 4330 in
3035 4277 3244 4332 theatro
3275 4295 3289 4331 :
3323 4292 3421 4333 nos
3450 4276 3641 4332 halica»
3689 4312 3694 4316 -

2069 4380 2184 4418 mus
2211 4373 2421 4435 portum
2447 4364 2499 4419 in
2529 4364 2756 4420 Christo.
2785 4359 2892 4422 Sed
2917 4367 3164 4436 quoniam
3191 4368 3482 4437 perendino
3514 4369 3602 4426 die
3621 4413 3635 4434 ,

2069 4453 2119 4508 id
2152 4464 2255 4519 est,
2283 4463 2467 4527 quarta
2498 4457 2719 4521 sabbati,
2747 4473 2850 4512 non
2877 4473 3157 4527 possumus
3181 4458 3245 4513 ad
3277 4475 3512 4515 mensam
3538 4455 3642 4535 Cy-

2068 4545 2239 4615 priani
2309 4546 2638 4611 convenire,
2690 4547 2811 4618 quia
2865 4547 3123 4603 festivitas
3182 4558 3264 4604 est
3339 4559 3641 4608 sanctorum

2070 4636 2397 4710 Martyrum;
2449 4641 2680 4692 crastino
2729 4637 2795 4692 ad
2843 4637 3009 4708 ipsam
3073 4653 3312 4694 mensam
3363 4639 3644 4698 convenia-

2072 4742 2208 4783 mus.

2428 4934 2507 4995 IN
2551 4932 2924 4995 PSALMUM
2965 4933 3238 4996 LXXXI

2665 5055 3081 5117 ENARRATIO.

2147 5175 2196 5230 l.
2238 5171 2408 5247 [rem
2462 5167 2564 5244 1.]
2600 5170 2840 5226 Psalmus
2882 5171 2984 5239 ipsi
3022 5169 3215 5240 Asopia.
3270 5168 3479 5224 Psalmo
3523 5168 3648 5228 huic

2067 5265 2302 5326 titulum,
2336 5265 2474 5319 sicut
2497 5264 2615 5319 aliis
2639 5263 2726 5332 qui
2755 5261 3002 5318 similiter
3029 5268 3407 5332 praenotantur,
3435 5260 3522 5318 vel
3555 5278 3648 5318 no.

2062 5371 2196 5411 men
2225 5355 2339 5424 ejus
2363 5354 2590 5409 hominis
2621 5353 2851 5417 indidit,
2882 5367 2913 5406 a
2963 5365 3070 5422 quo
3115 5350 3346 5420 scriptus
3391 5360 3475 5408 cst
3501 5396 3516 5420 ,
3567 5355 3650 5410 vel

2075 5447 2310 5516 ejusdem
2354 5445 2582 5501 nominis
2626 5443 3026 5512 interpretatio;
3073 5450 3134 5496 ut
3172 5441 3240 5497 ad
3281 5442 3650 5517 Synagogam.

2068 5533 2214 5606 quod
2231 5545 2316 5592 est
2335 5533 2531 5604 Asaph.
2551 5532 2666 5601 ejus
2681 5526 3024 5602 intelligentia
3045 5529 3333 5589 referatur:
3351 5534 3644 5606 praesertim

2140 5690 2152 5720 ¹
2183 5694 2233 5736 ιιι
2247 5683 2358 5736 add.
2385 5683 2557 5733 omissa
2591 5681 2784 5732 fuerant
2806 5682 2910 5742 haec
2931 5681 3082 5733 verba
3103 5695 3116 5730 :
3136 5683 3358 5734 carmini
3380 5683 3445 5732 ad
3474 5686 3638 5736 Deum.

2080 5756 2132 5799 rt
2152 5754 2255 5811 post
2273 5746 2461 5797 verbum
2485 5756 2500 5794 :
2525 5757 2632 5808 quae
2658 5755 2747 5794 nos
2768 5744 3066 5795 resutuimus
3089 5755 3151 5794 ex
3171 5750 3278 5794 uss.
