4024 6210
346 342 515 419 tot?”

341 454 462 522 quia
493 450 591 506 ltoc
621 461 674 505 et
693 451 893 523 primus
920 448 1032 518 ejus
1064 459 1244 502 versus
1269 442 1522 511 assignat.
1546 436 1631 491 Sic
1661 437 1797 488 enim
1829 436 1909 486 ir.-

344 544 471 611 ripit
499 561 512 596 :
535 542 669 596 Deus
694 542 827 596 stetit
855 541 904 594 in
931 552 1186 607 synagoga
1213 534 1418 589 deorum
1438 532 1528 603 (tt).
1558 529 1702 598 Quos
1729 527 1911 596 utique

347 632 473 687 deos
500 631 637 687 absit
661 640 718 686 ut
754 629 1104 698 intelligamus
1128 625 1259 680 deos
1284 623 1529 680 Gentium
1548 664 1562 684 .
1594 621 1705 675 sive
1735 618 1869 673 idola
1897 662 1910 682 ,

350 725 461 782 sive
501 725 734 793 aliquam
764 729 951 791 praeter
979 719 1220 773 homines
1245 718 1513 773 caelestem
1544 721 1914 768 terrestretme

350 825 644 870 creaturam
690 830 704 863 τ
736 828 852 866 eum
880 804 1037 881 ραυιὸ
1078 820 1196 880 post
1227 812 1362 862 hunc
1390 822 1598 861 versum
1650 803 1786 858 idem
1817 804 1914 856 iste

352 906 583 975 psalmus
607 913 824 967 asserat.
857 913 909 958 et
931 916 1065 972 quos
1090 902 1222 955 deos
1264 899 1479 966 intelligi
1511 898 1669 957 velit.
1698 896 1749 948 in
1778 909 1911 965 quo-

354 1014 470 1052 rum
495 1012 757 1069 synagoga
785 997 931 1051 stetit
953 996 1111 1062 Deus,
1134 995 1366 1059 apertius
1385 992 1664 1063 exprimat,
1691 990 1776 1044 ubi
1797 991 1870 1042 ait
1898 1007 1910 1041 :

351 1086 466 1159 Ego
492 1086 618 1154 dixi,
648 1085 732 1139 Dii
760 1088 895 1150 estis.
922 1095 967 1138 et
992 1085 1089 1152 ﬁlii
1119 1084 1357 1139 Altissimi
1394 1098 1595 1137 omnes:
1623 1098 1709 1134 vos
1751 1091 1916 1133 autem

350 1180 477 1233 sicut
495 1178 717 1232 homines
737 1178 1035 1240 moriemini.
1054 1185 1099 1230 et
1124 1177 1251 1229 sicut
1270 1191 1399 1228 unus
1424 1173 1486 1226 de
1507 1171 1812 1242 principibus
1826 1186 1914 1222 ca-

353 1270 498 1323 detis.
527 1267 582 1323 ln
612 1266 801 1323 borum
830 1283 957 1336 ergo
998 1281 1260 1339 synagoga
1289 1264 1512 1319 ﬁliorum
1548 1261 1825 1323 Altissimi.
1851 1259 1919 1313 de

353 1361 543 1431 quibus
582 1361 718 1415 idem
753 1360 1051 1413 Altissimus
1080 1374 1173 1429 per
1205 1358 1386 1412 Isaiam
1422 1357 1580 1419 dicit.
1601 1356 1758 1413 Filios
1771 1354 1920 1424 genui

355 1464 403 1506 et
429 1453 643 1507 exaltavi
657 1469 674 1516 ;
700 1453 793 1522 ipsi
813 1463 976 1506 autem
999 1468 1075 1505 me
1094 1458 1381 1522 spreverunt
1411 1447 1576 1518 (lsai.
1605 1463 1642 1511 t.
1664 1445 1700 1500 2
1717 1451 1755 1514 ),
1778 1451 1922 1500 stetit

357 1544 519 1600 Deus.
545 1543 609 1597 In
639 1534 895 1614 s‘ynng’oga
920 1543 1169 1613 pupulum
1193 1540 1348 1596 Israel
1376 1539 1689 1610 accipimus;
1716 1538 1840 1608 quia
1867 1546 1922 1592 et

360 1638 591 1705 ipsorum
620 1638 830 1705 praprie
855 1635 1129 1706 Synagoga
1154 1633 1259 1689 dici
1300 1633 1461 1691 solet.
1492 1631 1727 1702 quamvis
1749 1639 1803 1691 et
1825 1628 1924 1683 Ec-

360 1729 520 1783 clesia
546 1728 683 1783 dicta
705 1730 791 1781 sit.
815 1728 1056 1782 Nostram
1078 1742 1205 1783 vero
1224 1726 1457 1795 Apostoli
1481 1738 1742 1792 nunquam
1768 1736 1922 1792 syna-

358 1834 547 1889 gogam
577 1820 841 1880 dixerunt.
870 1818 962 1872 sed
988 1832 1196 1887 semper
1224 1815 1513 1872 Ecclesiam
1547 1832 1559 1868 :
1590 1814 1702 1868 sive
1720 1811 1921 1866 discer-

330 1910 519 1985 ;uendi
555 1924 711 1964 causa
742 1951 757 1975 ,
789 1910 902 1963 sive
943 1908 1085 1979 quod
1130 1908 1265 1962 inter
1292 1905 1745 1975 congregationem
1787 1900 1924 1956 unde

361 2000 673 2073 Synagoga,
704 2011 758 2055 et
807 2000 1240 2054 convocationem
1290 1996 1427 2052 unde
1474 1994 1705 2051 Ecclesia
1734 2009 1923 2049 nomen

359 2080 565 2162 accepit
588 2133 613 2169 ,δ
638 2091 796 2151 distet
847 2090 1074 2161 aliquid;
1123 2090 1261 2160 quod
1292 2087 1495 2144 scilicet
1537 2086 1845 2157 congregari
1873 2094 1925 2140 et

359 2198 549 2253 pecora
578 2183 785 2247 solent,
816 2191 973 2252 atque
995 2182 1107 2250 ipsa
1129 2178 1338 2250 proprie
1362 2220 1377 2245 ,
1405 2192 1626 2248 quorum
1665 2186 1718 2231 et
1741 2190 1928 2246 greges

361 2276 573 2345 proprie
601 2274 822 2329 dicimus
842 2291 857 2337 ;
876 2274 1153 2327 convocari
1175 2279 1352 2326 autem
1374 2271 1538 2338 magis
1563 2280 1644 2326 est
1669 2270 1924 2324 utentium

362 2367 586 2432 ratione,
616 2368 750 2421 sicut
776 2377 901 2421 sunt
943 2364 1200 2418 homines.
1238 2362 1385 2418 Unde
1412 2378 1474 2416 es
1505 2376 1726 2431 persona
1765 2360 1925 2429 ipsius

361 2456 542 2526 Asaplt
569 2444 620 2511 in
647 2456 750 2510 alio
777 2456 981 2526 psalmo
1009 2454 1239 2518 canitur.
1274 2452 1432 2520 Quasi
1462 2467 1612 2520 pecus
1638 2451 1798 2519 factus
1816 2465 1925 2503 sum

360 2548 500 2619 apud
522 2558 588 2614 te,
610 2558 656 2602 et
680 2563 769 2618 ego
786 2563 977 2615 semper
995 2555 1155 2599 tecum
1179 2542 1349 2609 (I’sal.
1373 2557 1533 2605 usu,
1564 2541 1656 2612 23)
1682 2560 1697 2597 :
1717 2542 1927 2611 quando

361 2641 541 2711 utique
559 2682 573 2703 ,
604 2636 845 2708 quamvis
864 2637 969 2701 ,uni
1000 2650 1124 2689 vero
1153 2636 1261 2690 Deo
1289 2634 1613 2702 mancipatus
1640 2633 1921 2695 videretur,

362 2747 459 2804 pro
488 2731 692 2802 magnis
722 2737 893 2785 tamen
924 2743 984 2782 ac
1011 2728 1231 2782 summis
1256 2726 1407 2780 bonis
1438 2724 1506 2778 ab
1536 2724 1623 2779 illo
1662 2724 1886 2778 carnalia
1908 2767 1921 2788 ,

360 2833 602 2890 terrena,
631 2822 936 2893 temporalia
970 2819 1287 2891 requirebat.
1335 2818 1630 2873 Invenimus
1657 2832 1751 2872 eos
1786 2831 1926 2885 saepe

360 2916 520 2981 etiam
549 2913 684 2969 ﬁlios
710 2911 1031 2984 appellatos;
1061 2925 1164 2967 non
1209 2925 1269 2966 ea
1298 2909 1459 2981 gratia
1485 2921 1604 2980 qua:
1629 2908 1694 2962 ad
1723 2907 1926 2963 Novum

364 3005 759 3061 Testamentum
805 3004 1067 3074 pertinet.
1100 3002 1192 3057 sed
1220 3000 1306 3055 illa
1334 3015 1452 3071 qua:
1479 2999 1545 3054 ad
1569 2998 1730 3054 Vetus
1761 3018 1775 3054 :
1805 3002 1924 3069 quia

360 3080 415 3150 et
442 3096 552 3165 ipsa
573 3094 737 3164 gratia
762 3105 844 3148 est
862 3109 963 3163 qua
988 3092 1146 3163 elegit
1173 3091 1459 3155 Abraham,
1481 3101 1535 3144 et
1550 3105 1620 3164 ea
1635 3090 1752 3158 ejus
1770 3105 1928 3143 carne

362 3195 470 3239 tam
510 3199 754 3252 magnum
784 3184 1034 3253 populum
1066 3183 1405 3252 propagavit;
1434 3194 1536 3249 quia
1579 3179 1808 3234 nondum
1837 3196 1929 3232 na-

366 3287 468 3341 ιος,
498 3257 660 3328 Iacob
676 3274 880 3341 dilexit,
906 3274 1042 3328 Esau
1062 3283 1235 3327 autem
1264 3272 1385 3325 odio
1406 3271 1587 3325 ltabnit
1611 3269 1862 3343 (Malaclt.
1887 3288 1922 3337 ι,

362 3366 416 3428 2,
449 3366 483 3420 3
507 3365 559 3435 );
587 3380 687 3434 qua
714 3359 951 3417 liberavit
979 3379 1041 3417 ex
1064 3361 1289 3433 :Egypto
1307 3402 1322 3425 ,
1348 3375 1449 3431 qua
1491 3361 1542 3413 in
1572 3371 1764 3415 terram
1803 3374 1926 3430 pro-

366 3456 655 3521 missionis,
681 3456 864 3525 ejectis
892 3454 1148 3510 Gentibus
1172 3493 1188 3519 ,
1215 3451 1521 3507 introduxit.
1548 3449 1658 3507 Nisi
1707 3452 1847 3506 enim
1877 3462 1929 3504 et

365 3548 477 3616 ipsa
506 3555 649 3602 esset
665 3548 829 3617 gratia
849 3587 865 3612 ,
896 3560 998 3599 non
1025 3546 1200 3614 utique
1220 3543 1287 3599 de
1312 3542 1482 3607 nobis,
1507 3543 1697 3614 quibus
1731 3559 1835 3598 non
1863 3543 1927 3596 ad

368 3649 657 3705 terrenum,
679 3637 771 3691 sed
792 3637 857 3691 ad
886 3650 1103 3706 regnum
1133 3634 1388 3690 cmlorum
1409 3633 1787 3704 capessendum
1809 3634 1925 3688 data

366 3739 451 3785 est
474 3739 704 3800 potestas
729 3728 865 3782 filios
908 3728 997 3783 Dei
1025 3728 1137 3783 ﬁeri
1158 3770 1173 3793 ,
1206 3728 1257 3781 in
1282 3725 1468 3782 eodem
1495 3740 1615 3781 mox
1647 3726 1929 3795 Evangelio

368 3823 635 3879 diceretur
659 3820 797 3891 quod
828 3820 1126 3890 accepimus
1153 3818 1373 3889 gratiam
1398 3831 1493 3887 pro
1529 3817 1696 3887 gratia
1725 3819 1743 3888 (
1770 3818 1926 3871 Joan.
1978 3812 1979 3815 “

370 3932 406 3975 ι,
431 3914 516 3977 12,
546 3914 612 3968 16
632 3912 682 3984 );
717 3911 765 3966 id
788 3921 889 3977 est,
920 3925 1014 3980 pro
1042 3910 1363 3965 Tcstamenti
1397 3908 1599 3965 Veteris
1630 3910 1931 3979 promissio-

369 4005 543 4069 nibus.
576 4004 893 4058 'l'estamenti
939 4001 1068 4056 Novi
1097 4002 1490 4071 promissiones.
1524 4000 1709 4072 Liquet
1738 4002 1929 4072 igitur.

367 4108 618 4169 quantum
666 4097 942 4164 existimo,
986 4096 1036 4150 in
1067 4110 1167 4165 qua
1195 4095 1414 4149 deorum
1437 4108 1697 4164 synagoga
1728 4096 1931 4147 steterit

372 4193 525 4244 Deus.
1886 4186 1891 4191 ’

436 4280 490 4334 2.
535 4261 789 4345 Deinceps
833 4273 1202 4340 requirendum
1242 4282 1323 4327 est
1368 4282 1541 4325 utrntn
1577 4270 1782 4323 Patrem
1809 4312 1821 4331 ,
1863 4286 1928 4323 an

370 4371 582 4431 Filium,
615 4382 680 4420 an
712 4365 963 4435 Spiritum
994 4371 1231 4417 sanctum
1256 4405 1270 4428 .
1301 4378 1367 4418 an
1409 4362 1575 4431 ipsum
1621 4362 1929 4422 Trinitatem

368 4461 607 4529 accipere
634 4459 918 4513 debeamus
959 4457 1168 4512 stetisse
1215 4458 1268 4509 in
1311 4471 1565 4527 synagoga
1612 4457 1855 4521 deorum;
1879 4456 1931 4508 in

368 4554 531 4607 medio
556 4562 719 4605 autem
748 4552 866 4604 deos
894 4551 1210 4623 discernere:
1237 4550 1358 4619 quia
1384 4558 1438 4603 et
1455 4548 1692 4618 singulus
1711 4548 1931 4618 quisque

369 4645 508 4699 Dens
536 4685 554 4710 ,
577 4652 632 4697 et
660 4644 770 4712 ipsa
796 4642 1025 4696 Trinitas
1046 4655 1180 4696 unus
1213 4641 1369 4695 Deus.
1397 4639 1511 4695 Non
1540 4640 1751 4709 quidem
1782 4640 1931 4696 facile

368 4744 449 4790 est
477 4733 578 4788 bo’c
598 4733 866 4803 eliquare;
896 4732 1015 4803 quia
1044 4740 1099 4788 et
1129 4746 1233 4786 non
1258 4731 1610 4802 corporalem.
1638 4731 1729 4786 sed
1770 4732 1931 4800 spiri-

370 4825 559 4881 tualem
608 4824 697 4878 Dei
732 4824 1061 4894 praesentiam
1088 4866 1101 4888 ,
1130 4838 1245 4894 qua:
1271 4823 1508 4894 congruit
1545 4822 1659 4893 ejus
1686 4823 1928 4877 sobstan-

367 4920 477 4986 tiae,
506 4917 683 4988 negari
712 4932 816 4972 non
840 4924 1010 4986 potest
1033 4917 1219 4972 adesse
1252 4916 1477 4971 conditis
1502 4916 1681 4979 rebus,
1706 4914 1930 4969 mirabili

367 5010 610 5065 videlicet
633 5015 687 5062 et
716 5008 801 5061 vix
833 5007 1013 5081 paucis
1040 5004 1348 5076 intelligibili
1380 5005 1557 5070 modo,
1589 5006 1672 5060 cui
1698 5005 1929 5060 dicitur:

369 5102 431 5157 Si
457 5100 725 5156 escendero
740 5083 799 5153 in
815 5099 1011 5160 calum.
1041 5109 1092 5151 tu
1116 5098 1184 5152 ibi
1206 5115 1292 5162 es;
1314 5099 1358 5151 si
1376 5099 1673 5153 descendero
1700 5100 1751 5151 in
1770 5098 1929 5165 infer-

369 5202 487 5246 nusn
509 5232 527 5257 ,
554 5194 677 5247 ades
695 5191 714 5263 (
734 5188 882 5246 Psat.
909 5203 1156 5254 enimn,
1178 5188 1271 5260 8).
1295 5187 1446 5244 Unde
1469 5192 1659 5243 merito
1683 5188 1929 5258 perhibe.

367 5294 455 5342 tur
480 5296 624 5343 stare
651 5284 795 5342 Deus
813 5285 866 5340 in
901 5283 1306 5354 congregatione
1354 5281 1623 5337 hominum
1658 5278 1933 5338 invisibili-

370 5387 472 5440 ter,
517 5376 653 5431 sicut
698 5377 891 5434 etelum
933 5383 987 5431 et
1034 5384 1227 5430 terram
1267 5373 1381 5443 ipse
1426 5371 1645 5444 implet.
1673 5373 1812 5443 quod
1839 5389 1933 5444 per

368 5465 680 5541 prophetam
709 5469 777 5524 de
800 5484 859 5527 se
884 5469 994 5539 ipse
1018 5464 1267 5537 praedicat
1304 5464 1536 5535 (larem.
1564 5479 1695 5519 nm
1717 5505 1735 5530 ,
1778 5464 1887 5537 24)
1912 5484 1927 5520 :

368 5575 467 5615 nec
491 5569 689 5613 tanutm
712 5559 1033 5627 perhibetur,
1057 5556 1151 5614 sed
1179 5571 1276 5628 pro
1300 5565 1456 5629 caput
1477 5556 1669 5613 mentis
1689 5555 1930 5612 humana:

366 5791 397 5827 u
427 5713 651 5828 (simum:
668 5716 718 5776 ρ.
750 5714 941 5764 thabes
963 5715 1080 5766 item
1101 5715 1373 5776 expositum
1391 5714 1441 5764 in
1463 5718 1620 5764 Enarr.
1646 5709 1764 5765 ml.
1802 5725 1928 5775 xciv,

748 5897 788 5925 ι

1526 326 1581 379 S.
1626 312 1983 376 AUGUSTINI
2030 316 2319 375 l-ZPiSCill’l

3442 332 3463 385 1
3476 332 3578 386 048

2022 445 2300 507 utcumque
2326 439 2656 507 cognoscitur
2685 450 2825 495 stare
2850 440 2900 494 in
2946 442 3024 496 eis
3047 458 3162 513 qua:
3199 445 3398 499 creavit.
3419 488 3434 511 ,
3461 448 3587 501 abet

2021 526 2181 582 homo
2203 537 2308 583 stet
2337 539 2391 584 et
2418 528 2595 584 audiat
2622 546 2741 584 ettm
2766 573 2778 593 .
2810 542 2862 585 et
2890 532 3079 602 gaudio
3104 534 3322 604 gaudeat
3371 545 3588 606 promer

2019 617 2133 687 ejus
2185 618 2417 672 intimam
2464 634 2647 674 vocem
2695 620 2869 692 (Joan.
2899 639 2950 677 ut
2977 664 2991 687 .
3022 623 3137 693 29).
3167 624 3543 684 Verumtamen
3566 669 3581 691 ,

2019 719 2270 776 quantum
2298 708 2545 776 arbitror,
2571 711 2799 779 psalmus
2829 714 2925 769 iste
2955 715 3221 770 insinuare
3244 718 3438 787 aliquid
3465 733 3582 775 mo-

2019 798 2166 865 litur,
2198 801 2337 870 quod
2362 816 2426 856 ex
2451 803 2676 872 quodam
2712 814 2950 875 tempore
2976 806 3169 861 factum
3189 818 3273 861 est
3295 849 3310 873 ,
3336 818 3395 862 ut
3421 819 3588 867 staret

2025 890 2160 946 Deus
2186 893 2235 946 in
2260 907 2523 964 synagoga
2550 894 2789 949 deorum.
2814 896 3052 952 Namjlla
3080 900 3235 955 statio
3259 915 3361 969 qua
3392 901 3586 956 emtum

2019 994 2074 1035 et
2103 992 2295 1037 terram
2319 984 2517 1054 implet,
2545 1000 2641 1041 nec
2662 986 3074 1059 ad,Synagogam
3103 992 3317 1061 proprie
3339 992 3582 1061 pertinet.

2023 1090 2122 1128 nec
2150 1084 2386 1145 tempore
2436 1079 2684 1134 variatur.
2726 1078 2863 1135 Deus
2891 1081 3064 1152 itaque
3092 1084 3223 1138 stetit
3250 1085 3304 1138 in
3331 1090 3589 1157 synagoga

2023 1166 2227 1220 deorum
2255 1210 2269 1230 .
2298 1168 2544 1224 nimirum
2573 1170 2661 1227 ille
2688 1173 2778 1241 qui
2803 1172 2872 1227 de
2909 1188 2966 1228 se
2989 1173 3121 1229 dixit
3149 1193 3163 1229 :
3190 1174 3310 1231 Non
3333 1194 3442 1231 sum
3470 1180 3591 1235 mis-

2022 1273 2108 1309 sus
2137 1259 2232 1310 nisi
2259 1259 2327 1311 ad
2366 1276 2483 1315 oves
2523 1278 2636 1331 qua:
2658 1264 2909 1333 perierunt
2942 1265 3121 1320 domus
3154 1266 3320 1323 Israel
3345 1270 3362 1331 (
3399 1269 3587 1325 Matth.

2026 1363 2113 1412 sv.
2148 1347 2217 1402 2i
2252 1348 2293 1419 ).
2326 1350 2524 1406 Dicitur
2546 1363 2598 1407 et
2621 1368 2780 1409 causa
2821 1372 2835 1409 :
2867 1354 2931 1411 In
2957 1358 3119 1412 medio
3146 1370 3308 1413 autem
3337 1362 3455 1416 deos
3478 1363 3587 1418 dis-

2025 1455 2240 1493 cernere.
2265 1439 2508 1511 Agnosco
2554 1443 2710 1514 igitur
2759 1446 2924 1502 Deum
2974 1450 3183 1505 stetisse
3227 1452 3279 1506 in
3324 1467 3585 1524 synagoga

2024 1530 2266 1597 deorum,
2292 1548 2503 1603 quorum
2529 1546 2714 1607 patres,
2733 1547 2777 1590 et
2795 1554 2858 1592 ea:
2871 1540 3046 1609 quibus
3070 1540 3295 1597 Christus
3314 1545 3586 1599 secundum

2028 1639 2226 1675 carrum
2250 1640 2269 1677 :
2300 1633 2353 1677 ut
2379 1626 2519 1679 enim
2548 1634 2711 1683 staret
2736 1628 2873 1684 Deus
2893 1630 2944 1684 in
2967 1644 3230 1701 synagoga
3258 1633 3499 1697 deorum.
3522 1634 3586 1688 ad

2029 1714 2127 1767 hoc
2152 1730 2217 1770 ex
2245 1714 2371 1784 ipsis
2415 1719 2702 1774 secundum
2731 1734 2965 1775 carnem.
2998 1721 3101 1777 Sed
3128 1723 3251 1793 quid
3282 1724 3455 1781 Deus?
3481 1725 3586 1781 Nec

2027 1822 2128 1875 que
2169 1807 2309 1860 enim
2352 1809 2533 1877 quales
2578 1808 2653 1864 illi
2678 1853 2692 1876 ,
2736 1812 2785 1865 in
2816 1828 3037 1882 quorum
3064 1814 3280 1870 deorum
3325 1833 3585 1889 synagoga

2028 1897 2206 1960 stetit;
2233 1898 2348 1963 sed.
2372 1900 2506 1953 sicut
2531 1901 2635 1955 illic
2655 1903 2939 1972 Apostolus
2962 1907 3215 1976 sequitur.
3237 1911 3323 1977 qui
3351 1921 3426 1964 est
3438 1926 3594 1979 super

2029 1989 2196 2042 omnia
2225 1988 2361 2044 Deus
2380 1991 2661 2047 benedictus
2681 1996 2733 2048 in
2757 2000 2941 2052 stecula
2967 1998 2985 2069 (
3012 1999 3138 2053 Rom
3188 2017 3259 2065 ts,
3287 2003 3321 2058 5
3344 2003 3380 2070 ).
3410 2005 3583 2074 Agno-

2029 2095 2158 2146 sco,
2202 2086 2414 2151 inquam
2438 2125 2454 2151 ,
2499 2087 2743 2153 stetisse;
2788 2104 3016 2159 agnoseo
3045 2101 3099 2146 et
3128 2092 3178 2147 in
3210 2094 3381 2149 medio
3422 2094 3588 2150 Deum

1968 2249 1977 2265 ⁸
2031 2188 2300 2243 sponsmn.
2329 2175 2395 2232 de
2423 2192 2529 2249 quo
2552 2178 2751 2234 amicus
2770 2180 2883 2250 ejus
2908 2182 3118 2252 quidam
3145 2184 3273 2239 dicit
3296 2203 3311 2239 :
3334 2183 3401 2239 In
3430 2189 3590 2241 medio

2030 2276 2243 2320 vestrum
2270 2278 2386 2330 stat.
2413 2285 2560 2339 quem
2598 2286 2682 2324 ros
2711 2272 2909 2327 nescitis
2938 2272 3132 2342 (Joon.
3157 2291 3170 2328 ι
3191 2316 3206 2335 .
3227 2275 3299 2329 26
3317 2275 3357 2348 ).
3388 2276 3503 2344 Qui;
3523 2295 3590 2349 pe

2034 2356 2100 2410 de
2125 2357 2314 2426 quibus
2343 2359 2497 2428 paulo
2521 2370 2636 2429 post
2674 2363 2725 2416 in
2771 2361 2871 2417 boc
2900 2363 3102 2433 psalmo
3143 2366 3353 2433 dicitur,
3384 2367 3589 2423 Nescie-

2029 2459 2168 2515 runt,
2189 2465 2349 2517 neque
2386 2451 2736 2506 intellexerunt
2763 2496 2775 2513 .
2801 2455 2854 2507 in
2880 2455 3092 2510 tenebris
3115 2457 3372 2511 mnbulant
3398 2474 3416 2511 .'
3446 2462 3590 2513 testi.

2032 2537 2214 2592 ticatur
2241 2548 2295 2594 et
2330 2540 2639 2609 Apostolus,
2672 2541 2921 2607 Quoniam
2944 2545 3141 2599 cwcitas
3165 2563 3227 2601 ea:
3249 2560 3389 2617 parte
3429 2546 3589 2604 Israel

2031 2635 2167 2702 facta
2194 2643 2287 2698 est,
2318 2644 2371 2688 ut
2395 2635 2653 2704 plenitudo
2675 2636 2904 2692 Gentium
2925 2640 3132 2693 intraret
3155 2640 3337 2710 (Rom.
3365 2658 3438 2708 st,
3459 2642 3531 2700 25
3548 2642 3586 2712 ).

2027 2723 2266 2778 Stantem
2295 2726 2489 2795 quippe
2513 2726 2565 2781 in
2597 2727 2770 2783 medio
2795 2732 2876 2784 sui
2902 2730 3149 2786 videbant
3172 2749 3327 2796 eum;
3367 2734 3458 2788 sed
3484 2751 3590 2790 non

2030 2829 2150 2868 eum
2176 2814 2428 2871 videbant
2456 2818 2617 2872 Deum
2644 2861 2657 2879 .
2686 2819 2890 2886 qualem
2933 2835 2992 2876 se
3034 2822 3239 2877 volebat
3280 2824 3445 2879 videri
3467 2866 3483 2890 ,
3504 2826 3589 2880 di-

2030 2918 2158 2957 cens
2187 2924 2201 2959 :
2232 2904 2328 2973 Qui
2357 2924 2434 2960 me
2458 2907 2595 2971 vidit.
2626 2908 2743 2961 vidit
2771 2911 2785 2941 ¹
2816 2920 2864 2963 et
2906 2908 3109 2965 Patrem
3134 2911 3155 2984 (
3177 2911 3328 2967 Joan.
3359 2904 3526 2977 smn/9
3546 2918 3588 2987 ).

2033 2995 2291 3051 Discernit
2321 3007 2494 3052 autem
2524 2997 2674 3064 deos,
2705 3014 2810 3054 non
2838 3015 3019 3056 eorum
3058 3003 3280 3067 meritis,
3307 3003 3401 3059 sed
3426 3008 3589 3074 gratia

2031 3100 2123 3142 sua
2155 3105 2167 3150 ;
2197 3103 2261 3141 ex
2295 3088 2478 3145 eadem
2502 3090 2877 3159 consporsione
2905 3090 3103 3148 faciens
3130 3094 3229 3149 alia
3263 3110 3385 3150 vasa
3412 3097 3464 3151 in
3491 3096 3589 3152 ho-

2032 3193 2214 3232 norem
2239 3220 2254 3245 ,
2297 3180 2395 3232 alia
2443 3180 2493 3233 in
2539 3182 2911 3237 contumeliam
2956 3183 2975 3256 (
3006 3178 3151 3240 Rom.
3196 3202 3245 3240 Ix
3266 3229 3280 3251 ,
3308 3187 3370 3241 21
3398 3184 3438 3260 ).
3463 3188 3592 3255 Quis

2033 3270 2171 3323 enim
2204 3280 2256 3325 te
2280 3269 2573 3325 discernit?
2593 3272 2725 3339 Quid
2755 3272 2895 3326 enim
2939 3273 3123 3337 babes.
3148 3275 3285 3344 quod
3314 3291 3415 3332 non
3441 3292 3592 3333 acce-

2034 3359 2185 3429 pisti,
2239 3362 2282 3412 si
2313 3372 2485 3416 autem
2520 3363 2786 3431 accepisti.
2827 3363 2950 3433 quid
2998 3365 3241 3434 gloriaris
3288 3369 3435 3437 quasi
3486 3386 3591 3423 non

2033 3453 2298 3519 acceperis
2340 3457 2359 3520 (_
2397 3451 2413 3503 Ι
2448 3450 2565 3504 Cor.
2597 3469 2663 3512 tv.
2694 3452 2813 3522 7)?
2934 3514 2941 3519 Ι

2107 3544 2160 3598 5.
2202 3542 2220 3617 [
2248 3560 2371 3597 vers.
2401 3544 2465 3608 ‘2.
2497 3543 2574 3616 3.]
2601 3545 2735 3598 Audi
2774 3555 2826 3597 et
2871 3562 3054 3601 vocem
3096 3547 3184 3601 Dei
3208 3548 3554 3604 discernentis
3574 3592 3593 3615 ,

2033 3635 2153 3689 audi
2172 3644 2227 3690 et
2245 3649 2425 3689 vocem
2455 3634 2662 3690 Domini
2688 3635 2967 3691 dividentis
2993 3621 3254 3692 ﬂammam
3276 3640 3408 3707 ignis
3424 3638 3591 3706 (Psnl.

2036 3740 2223 3790 uvnt,
2244 3726 2301 3794 7)
2324 3744 2335 3779 :
2356 3724 2868 3796 Usquequojudicatis
2889 3727 3214 3797 iniquitatem,
3229 3738 3276 3781 et
3298 3728 3452 3797 [acies
3475 3746 3592 3799 pec-

2033 3815 2253 3870 cantium
2293 3816 2529 3879 sumitis?
2553 3814 2699 3870 Sicut
2737 3815 2861 3870 alibi
2894 3835 2907 3869 :
2944 3815 3206 3887 Usquequo
3231 3834 3403 3888 graves
3447 3821 3598 3874 corde

2036 3905 2217 3977 (Psal.
2247 3922 2317 3973 tv,
2347 3907 2455 3977 3)?
2483 3906 2741 3978 Numquid
2770 3916 2826 3961 et
2854 3922 3017 3977 usque
3061 3908 3128 3962 ad
3169 3908 3452 3964 adventum
3480 3912 3596 3980 ejus
3667 3906 3673 3911 ’

2034 4001 2120 4070 qui
2152 4000 2328 4056 lumen
2356 4010 2438 4055 est
2458 3999 2673 4056 cordis?
2694 4000 2817 4056 Dedi
2845 4000 3012 4072 legem
3037 4000 3269 4067 ;duriter
3291 4004 3592 4058 restitistis:

2037 4092 2154 4146 misi
2171 4091 2492 4162 Prophetas;
2517 4093 2719 4162 injuriis
2740 4092 3009 4159 all'ecistis,
3032 4104 3120 4149 aut
3139 4094 3488 4160 interlecistis,
3505 4106 3595 4148 aut

2037 4186 2148 4240 lucc
2176 4186 2451 4255 agentibus
2476 4185 2785 4241 connivistis
2803 4188 2844 4239 '.
2872 4185 2975 4241 Sed
3008 4195 3063 4240 ut
3091 4186 3197 4240 illis
3225 4200 3322 4241 nec
3350 4186 3490 4257 loqui
3516 4189 3595 4239 ui-

2034 4292 2192 4345 gnum
2223 4278 2320 4342 sit,
2355 4276 2443 4346 qui
2480 4276 2789 4332 occiderunt
2822 4292 3003 4332 servos
3050 4277 3141 4332 Dei
3190 4280 3488 4347 prtemissos
3529 4282 3593 4335 :nl

2037 4383 2127 4433 se;
2161 4382 2252 4423 vos
2279 4370 2365 4438 qni
2394 4356 2514 4423 cum
2540 4368 2653 4422 lure
2684 4367 2869 4424 tierent
2895 4369 3147 4432 tacuistis.
3179 4368 3227 4422 id
3255 4377 3357 4435 est,
3386 4384 3478 4424 vos
3504 4375 3594 4441 qui

2035 4475 2127 4515 eos
2165 4461 2250 4531 qui
2286 4471 2406 4515 tunc
2432 4470 2701 4519 tacuerunt
2733 4504 2747 4520 .
2779 4461 2918 4515 velut
2944 4461 3251 4515 innocentes
3277 4461 3468 4517 imitari
3498 4478 3594 4517 vo-

2037 4554 2227 4617 luistis.
2257 4552 2775 4624 Usquequojudicatis
2792 4553 3119 4623 iniquitatem,
3148 4564 3193 4607 et
3218 4554 3370 4625 facies
3389 4571 3597 4625 peccan-

2034 4650 2157 4702 tium
2184 4648 2377 4702 sumitis
2396 4648 2422 4702 2
2448 4645 2706 4716 Numquid
2733 4645 2891 4702 etiam
2918 4661 3057 4702 nunc
3094 4655 3143 4700 et
3167 4647 3278 4714 ipse
3305 4648 3473 4703 lateres
3501 4663 3591 4702 ve-

2034 4739 2186 4794 niens
2228 4737 2545 4793 occidendus
2585 4738 2708 4793 est?
2744 4737 2927 4792 Nonne
2973 4737 3085 4805 ipse
3124 4747 3339 4807 propter
3358 4753 3452 4792 vos
3479 4738 3594 4793 sine

2035 4839 2182 4900 patre
2205 4843 2326 4885 esse
2346 4829 2504 4883 voluit
2532 4837 2775 4898 tanquam
2797 4827 3057 4897 pupillus?
3078 4843 3251 4882 nonne
3268 4837 3481 4898 propter
3499 4842 3593 4884 vos

2032 4922 2250 4977 esurivit
2271 4931 2325 4976 et
2350 4919 2514 4974 sitivit
2538 4930 2595 4973 ut
2639 4920 2877 4989 egenus?
2902 4934 3078 4974 nonne
3104 4919 3169 4973 ad
3196 4934 3287 4973 vos
3312 4918 3591 4987 clamavit,

2033 5012 2224 5067 Discite
2246 5030 2279 5064 a
2304 5028 2383 5066 me
2397 5013 2513 5081 quia
2534 5012 2667 5065 mitis
2694 5027 2804 5064 sum
2827 5020 2871 5064 et
2898 5009 3098 5065 humilis
3114 5010 3262 5064 corde
3278 5009 3486 5080 (Matth.
3516 5027 3589 5077 ιι.

2033 5105 2101 5162 29
2123 5106 2184 5175 )i
2225 5104 2410 5160 Nonne
2437 5118 2635 5175 pauper
2660 5104 2825 5158 lactus
2850 5112 2932 5158 est
2952 5141 2968 5166 .
2997 5116 3115 5156 cum
3143 5102 3289 5156 dives
3326 5113 3469 5159 esset
3494 5146 3510 5171 ,
3538 5115 3597 5160 ut

2034 5196 2197 5265 ipsius
2224 5203 2532 5265 paupertate
2558 5191 2856 5247 ditaremini
2881 5191 2900 5263 (
2929 5190 2970 5246 ll
2999 5189 3115 5247 Cor.
3144 5206 3233 5245 vnt
3252 5232 3269 5258 ,
3297 5191 3331 5246 9
3350 5194 3407 5264 )‘t
3439 5192 3592 5248 ludi-

2033 5298 2140 5340 cats
2163 5300 2289 5357 ergo
2309 5285 2501 5356 pupillo
2528 5292 2574 5338 et
2590 5298 2780 5354 egeno;
2806 5282 3040 5337 humilem
3065 5292 3113 5337 et
3144 5298 3414 5355 pauperem
3435 5286 3587 5353 justi-

2035 5378 2199 5448 βίαια.
2222 5375 2338 5432 Non
2386 5376 2504 5432 illos
2530 5385 2743 5447 propter
2771 5390 2829 5431 se
2857 5374 3119 5445 superbos
3139 5386 3193 5430 et
3240 5376 3425 5431 divites
3447 5415 3462 5440 ,
3501 5375 3593 5431 sed

2106 5581 2121 5611 ι
2149 5579 2222 5627 sic
2238 5583 2347 5627 llas.
2371 5583 2422 5623 At.
2445 5574 2576 5634 edd.,
2603 5572 2690 5635 Qui
2710 5572 2954 5635 meum.
2971 5573 3117 5632 videt,
3141 5580 3236 5635 etc.

2098 5643 2117 5673 ²
2142 5646 2235 5702 εζη,
2274 5629 2627 5702 cmtlsibttistisf
2651 5642 2704 5684 et
2731 5634 2880 5697 infra,
2905 5629 3400 5702 _loeo,_comticerwtt,
3428 5629 3595 5702 habet,

2033 5694 2389 5764 cmltibuertmt.
2411 5706 2561 5760 Atque
2585 5698 2661 5764 ita
2682 5694 2881 5748 veteres
2903 5695 3101 5764 libri..i9
3119 5694 3296 5754 quibus
3315 5705 3403 5755 pro
3425 5694 3599 5755 verbo,

2035 5761 2270 5825 tantum,
2287 5753 2559 5813 constanier
2572 5758 2798 5822 scriptum
2823 5766 2918 5822 est,
2934 5753 3172 5808 cum.
