4024 6210
234 321 379 378 1039

233 435 406 488 istum
439 437 643 500 propter
673 438 768 477 vos
795 421 1044 475 humilem
1070 427 1122 471 et
1142 428 1454 486 pauperem,
1483 410 1678 481 jUstutn
1700 423 1816 461 ere-

235 524 378 586 dite,
408 521 598 590 justum
628 514 938 586 praedicate.
1555 571 1559 574 _

320 613 377 668 4.
411 610 550 684 [vers
571 605 650 678 4.]
673 605 778 659 Sed
798 600 1101 656 invidebtmt
1126 597 1194 661 ei,
1216 610 1311 650 nec
1334 594 1551 648 omnino
1585 597 1818 660 parcent,

237 703 506 758 dicentes.
538 697 635 751 Hic
687 705 764 753 cst
805 693 983 751 turres,
1041 689 1215 751 venite,
1271 686 1555 739 occidamus
1595 699 1724 742 eum,
1776 688 1823 732 et

241 806 418 848 nostra
483 793 574 843 erit
617 786 881 841 hereditas
920 781 1127 849 (Matth.
1175 794 1280 838 tm,
1305 778 1416 843 38).
1456 776 1656 842 Auferte
1698 786 1824 838 ergo

244 891 470 955 inopem,
521 893 567 935 et
600 894 872 950 pauperem
921 875 980 926 de
1014 884 1174 926 manu
1198 867 1467 935 ρεεειιιοτῐε
1501 865 1672 918 eruite.
1703 862 1824 915 llu‘c

247 982 386 1033 dicta
420 988 562 1040 sunt,
610 985 666 1028 ut
696 973 922 1024 sciretur
953 982 1003 1019 tu
1036 982 1099 1016 co
1129 963 1320 1034 populo
1360 960 1409 1012 in
1444 974 1546 1025 quo
1590 969 1744 1010 natus
1770 963 1824 1008 et

249 1073 460 1128 oecisus
487 1077 567 1123 est
596 1065 855 1123 Christus,
899 1071 995 1111 nec
1023 1056 1140 1109 illos
1163 1053 1320 1105 fniSse
1342 1051 1599 1102 immunes
1634 1061 1664 1099 a
1684 1054 1825 1098 tanto

250 1163 478 1220 scelere.
501 1158 589 1226 qui
613 1170 730 1207 cum
753 1157 932 1206 essent
956 1155 1112 1199 tanta:
1134 1138 1498 1202 multitudinis,
1528 1145 1584 1189 nt
1602 1149 1695 1189 eos
1719 1135 1828 1188 sic—

254 1264 310 1307 ut
358 1248 702 1318 Evangelinm
734 1241 985 1310 loquitur,
1025 1237 1269 1289 timerent
1297 1229 1484 1289 Judtei.
1509 1235 1564 1279 et
1583 1234 1823 1296 propter-

256 1362 316 1399 ea
360 1345 413 1396 in
445 1341 715 1393 Christum
759 1346 970 1385 manttm
1004 1326 1211 1380 mittere
1256 1339 1358 1375 non
1401 1317 1652 1371 auderent
1680 1314 1825 1386 (Luc.

256 1453 391 1499 ιιιι,
422 1433 502 1500 ‘2),
537 1439 718 1498 postea
747 1423 1112 1481 conniverunt,
1139 1429 1364 1481 eumque
1396 1408 1623 1463 interimi
1667 1421 1693 1458 a
1720 1419 1827 1456 tua-

260 1529 419 1596 lignis
442 1534 496 1579 et
522 1519 716 1574 invidis
755 1514 1056 1569 Iuda-orum
1095 1503 1415 1576 principibus
1443 1499 1826 1568 permiserunt;

263 1617 416 1689 quisi
459 1613 768 1667 voluissent.
805 1605 1118 1658 timerentur
1144 1610 1374 1664 semper,
1403 1601 1744 1657 utnnnquam
1779 1587 1828 1638 in

267 1679 419 1764 illum
442 1705 815 1759 sceleratorum
841 1692 1185 1764 praevalerent
1213 1700 1419 1739 manus.
1441 1683 1513 1735 De
1539 1679 1621 1733 his
1641 1679 1833 1747 quippe

267 1810 320 1854 et
354 1799 475 1851 alibi
527 1792 721 1848 dicitur
749 1786 942 1843 :Canes
979 1781 1100 1835 muti
1149 1778 1426 1831 nescierunt
1474 1766 1830 1840 latrare(lsai.

269 1886 506 1958 tv|,10).
548 1885 620 1937 De
671 1881 752 1934 his
794 1879 951 1932 etiam
1005 1869 1172 1926 illud:
1206 1866 1332 1920 Ecce.
1376 1862 1622 1934 quomodo
1664 1859 1836 1930 justus

267 1982 439 2052 petiit,
466 1953 511 2030 et
538 1990 676 2028 nemo
715 1968 997 2023 considerat
1030 1960 1137 2034 (Id.
1159 1973 1280 2020 Lvtt,
1315 1956 1388 2025 1).
1427 1953 1608 2015 Periit,
1668 1963 1835 2019 quan-

268 2048 382 2128 tum
416 2072 466 2124 in
520 2068 645 2136 ipsis
681 2072 783 2123 est,
819 2063 906 2129 qui
938 2071 1056 2111 eum
1105 2052 1326 2123 perdere
1366 2048 1680 2101 Voluerunt:
1714 2057 1834 2095 nam

269 2132 552 2236 quomodo
585 2159 668 2211 ille
709 2160 885 2224 posset
935 2147 1106 2217 perire
1133 2139 1428 2202 moriendo,
1455 2135 1544 2204 qui
1585 2149 1650 2189 eo
1679 2132 1839 2187 modo

271 2226 448 2328 potius
473 2251 609 2322 quod
641 2256 753 2304 erat
781 2243 1037 2314 perditum
1084 2233 1417 2302 requirebat?
1444 2229 1630 2289 Porro,
1677 2227 1719 2280 si
1753 2226 1837 2278 isti

269 2321 408 2423 iuste
438 2321 797 2410 increpantur,
828 2336 1120 2402 meritoque
1156 2332 1462 2396 arguuntur,
1504 2321 1592 2392 qui
1635 2328 1836 2373 tantum

276 2410 447 2497 scelus
480 2438 591 2492 ﬁeri
621 2425 1000 2487 dissimulando
1025 2418 1298 2477 siverunt‘
1326 2433 1340 2480 ;
1370 2411 1633 2486 quomodo
1665 2410 1838 2463 incre-

279 2532 451 2606 pandi,
494 2538 682 2581 autne
712 2515 1012 2588 increpandi
1036 2511 1270 2584 quidem,
1295 2505 1386 2561 sed
1430 2518 1530 2575 qua
1559 2502 1842 2557 severitate

279 2589 557 2678 damnandi
606 2623 726 2670 sunt
793 2611 880 2682 qui
940 2607 1041 2661 hoc
1094 2599 1319 2658 consilio
1361 2595 1662 2663 malitiaque
1700 2589 1841 2646 fece—

277 2712 429 2772 runt?

346 2806 398 2860 5.
430 2802 581 2875 [vers.
613 2795 696 2867 5.]
724 2791 1099 2846 Verumtamen
1129 2779 1394 2843 omnibus,
1417 2773 1557 2846 quod
1583 2771 1842 2840 sequitur,

277 2863 572 2953 rectissime
594 2863 834 2955 congruit
861 2898 874 2933 :
908 2877 1224 2936 Nescierunt,
1264 2879 1310 2924 et
1347 2884 1446 2922 non
1473 2863 1842 2924 intellexerunt,

279 2990 331 3042 in
377 2982 592 3040 tenebris
643 2953 924 3033 ambulant.
954 2969 1084 3036 Quia
1127 2974 1180 3019 et
1223 2961 1317 3025 illi,
1355 2959 1399 3014 si
1453 2953 1845 3025 cognovissent,

280 3091 547 3148 tnmquam
591 3069 870 3126 Dominum
920 3061 1098 3132 gloriae
1142 3051 1526 3110 crucifixissent
1578 3042 1756 3114 (lCor.
1788 3057 1844 3106 ιι,

284 3174 359 3233 8');
385 3132 439 3225 ei
468 3167 568 3231 illi,
599 3164 641 3218 si
667 3156 1058 3229 cognovissent,
1098 3158 1363 3214 nunquam
1397 3137 1682 3193 Barabbam
1714 3132 1849 3186 libe-

284 3239 526 3322 randum,
559 3263 614 3310 et
652 3251 915 3306 Christum
956 3235 1366 3308 cruciﬁgendum
1395 3241 1576 3300 petere
1623 3238 1850 3280 consen-

287 3359 497 3412 sissent.
547 3347 655 3403 Scd
699 3345 946 3415 quoniam
1002 3346 1160 3402 supra
1199 3333 1488 3382 memorata
1554 3317 1750 3372 ca’citas
1791 3331 1854 3368 ea:

291 3460 430 3520 parte
451 3443 614 3498 Israel
642 3443 775 3512 facta
801 3444 891 3497 est,
918 3432 1072 3484 donec
1089 3420 1344 3496 plenitudo
1367 3416 1599 3470 Gentium
1621 3414 1853 3472 intraret;

291 3502 383 3613 per
420 3539 560 3593 hane
610 3502 788 3599 utique
847 3526 985 3579 illius
1038 3517 1215 3590 populi
1257 3511 1546 3568 c:rcitatem
1604 3502 1856 3559 crucifixo

291 3597 522 3696 Christo,
552 3626 870 3681 movebuntur
890 3617 1058 3672 omnia
1075 3611 1397 3682 fundamenta
1423 3613 1583 3656 ιρι-ναξ.
1613 3597 1700 3652 Sic
1718 3601 1856 3647 mota

293 3737 436 3784 sunt,
463 3686 522 3776 et
545 3715 910 3774 movebuntur,
938 3708 1104 3760 donec
1149 3703 1308 3755 intret
1335 3711 1453 3766 qute
1489 3686 1858 3762 przrdestinata

295 3831 378 3874 est
405 3814 650 3888 Gentium
695 3801 986 3877 plenitudo.
1025 3797 1156 3852 Nam
1186 3801 1240 3848 et
1276 3790 1329 3844 in
1385 3789 1492 3857 ipsa
1544 3787 1723 3888 morte.
1754 3775 1858 3888 Do-

298 3879 435 3966 mini
455 3918 592 3961 terra
618 3865 759 3955 mdta
795 3905 898 3960 est,
948 3901 1001 3947 ει
1044 3897 1207 3961 petrae
1239 3882 1418 3938 scissa:
1471 3883 1598 3929 sunt
1649 3865 1857 3941 (Matth.

303 3999 594 4069 nvn,51).
624 3996 692 4052 Et
720 3994 763 4047 si
795 3987 1147 4055 intelligamus
1177 3975 1515 4032 fundamenta
1544 3975 1720 4069 terrm,
1753 3968 1862 4013 ter-

301 4053 832 4152 rerrorztttn'bunornm
859 4053 1009 4144 copia
1034 4070 1213 4126 felices
1238 4083 1250 4118 :
1280 4070 1424 4117 recte
1454 4053 1758 4128 prmtlietum
1784 4055 1865 4102 est

299 4185 439 4255 quod
461 4184 820 4236 movi-rentur,
851 4168 932 4222 vel
958 4156 1267 4218 admirando
1308 4153 1385 4207 sic
1421 4145 1607 4210 amari,
1652 4142 1730 4195 sic
1765 4139 1863 4218 coli

305 4240 673 4332 humilitatem,
712 4268 1094 4336 paupertatem,
1139 4257 1384 4308 mortem,
1439 4240 1582 4295 velut
1626 4247 1865 4304 magnam

305 4365 590 4424 secundant
645 4359 787 4428 ipsos
828 4348 1092 4405 miseriam
1118 4337 1312 4396 Christi
1340 4353 1354 4403 ;
1383 4333 1460 4388 vel
1502 4329 1599 4398 ipsi
1628 4338 1864 4393 quoque,

309 4463 460 4528 hujus
485 4414 813 4511 mundivana
837 4441 1082 4499 felicitate
1101 4438 1422 4500 contempta,
1446 4425 1586 4478 illam
1606 4414 1871 4528 diligendo

308 4510 466 4622 atque
502 4541 772 4602 sectando.
835 4536 907 4589 Ita
958 4536 1233 4586 moventur
1305 4517 1482 4574 omnia
1536 4510 1871 4567 fundamenta

313 4607 484 4704 terim,
513 4653 630 4693 cum
652 4631 838 4703 partim
883 4624 1159 4679 mirantur,
1207 4611 1396 4683 partim
1437 4607 1596 4661 etiam
1637 4611 1873 4655 commu-

314 4691 506 4791 tantuli.
527 4691 676 4785 Sicut
705 4722 844 4775 enim
883 4730 984 4769 non
1015 4705 1242 4764 absurde
1271 4700 1492 4756 dicimus
1536 4691 1874 4748 fundamenta

314 4830 453 4890 creti,
494 4822 685 4894 quibus
749 4825 966 4889 regnum
1023 4803 1276 4858 caelorum
1342 4785 1791 4894 supermdiliqqtur
1824 4779 1875 4881 in

317 4871 526 4977 saucii;
539 4925 589 4969 et
627 4871 890 4966 ﬁdelibus,
917 4881 1048 4970 quos
1099 4890 1226 4946 dit-it
1272 4885 1545 4954 Scriptura
1573 4873 1772 4945 lapides
1799 4871 1878 4923 vi-

319 5013 466 5080 vos(l
498 5009 637 5063 Petr.
671 5019 727 5065 ιι,
761 4999 816 5066 5)
842 5016 853 5050 ε
877 4965 1100 5066 quorum
1130 4983 1526 5038 fundamentum
1577 4980 1662 5026 est
1694 4965 1880 5080 pritni-

322 5119 404 5161 tus
428 5056 544 5174 ipse
574 5097 816 5151 Christus
837 5103 899 5141 ex
929 5082 1162 5151 virgine;
1191 5075 1257 5129 de
1288 5086 1392 5141 quo
1419 5066 1548 5165 dicit
1577 5056 1879 5131 Apostolus,

322 5153 730 5252 Fundamentum
782 5177 920 5233 aliud
962 5188 1102 5228 nemo
1149 5172 1304 5236 potest
1354 5153 1538 5229 ponere
1559 5159 1885 5252 prretfrquam

313 5238 696 5361 git-adpositum
742 5280 835 5334 est,
877 5264 1008 5338 quod
1042 5271 1112 5315 cst
1161 5254 1388 5361 Christus
1433 5245 1583 5300 Iesus
1608 5241 1649 5312 (l
1668 5238 1784 5294 Cor.
1808 5250 1884 5298 ιιι,

321 5342 417 5446 ἶι)
446 5342 685 5430 ;ἰ1εἱιι(1ε
712 5363 810 5436 ipsi
839 5354 1081 5446 Apostoli
1104 5357 1158 5446 et
1200 5342 1518 5411 ΡιὈιιιιειειι,
1544 5347 1766 5446 quor—uin
1791 5343 1887 5446 an.

317 5421 566 5526 ctdritate
593 5421 995 5516 locus-caelestis
1019 5443 1246 5512 eligitur,
1275 5445 1332 5488 ut
1373 5446 1489 5486 eam
1518 5421 1768 5481 sectando
1801 5435 1891 5472 co—

321 5559 653 5616 aedilicetnur
679 5566 695 5614 ;
723 5547 862 5602 unde
899 5539 1024 5597 dicit
1048 5534 1111 5589 ad
1142 5527 1419 5600 Ephesios,
1447 5539 1465 5572 ι
1503 5519 1616 5574 Jam
1641 5531 1742 5569 non
1765 5511 1892 5565 estis

325 5642 598 5723 peregrini
629 5649 682 5693 et
713 5631 985 5706 inquilini;
1015 5624 1107 5681 sed
1155 5619 1282 5675 estis
1314 5615 1457 5669 cives
1497 5617 1797 5665 sanctorum
1844 5609 1896 5653 et

397 5766 412 5794 ι
435 5757 570 5814 ωσι..
597 5751 842 5804 siluerunt.
867 5742 1033 5794 Melius
1051 5735 1187 5784 (Ζηνὶ).
1212 5711 1339 5789 ειεεῖ,
1366 5725 1590 5777 siverunt.

1298 298 1690 356 ENARIHTIU
1721 295 1781 347 IN
1815 292 2129 348 l‘SLllAiUM
2173 291 2406 347 LXXXI.

3356 288 3376 342 i
3386 288 3490 338 εει)

1926 403 2200 458 domestici
2247 403 2358 467 Dei,
2411 400 2811 470 supermdilicati
2873 414 3029 469 supra
3081 397 3483 454 fundamentum

1923 493 2298 563 Apostolorum
2326 502 2380 547 et
2423 491 2823 560 Prophetarum,
2855 491 2970 560 ipso
3010 505 3220 546 summo
3245 489 3488 558 ang-dari

1925 585 2096 652 lapide
2121 585 2381 640 existente
2413 582 2624 636 Christo
2653 583 2797 648 Jesu,
2831 582 2884 636 in
2910 597 3014 652 quo
3041 583 3214 636 omnis
3259 581 3490 641 :edifica-

1928 678 1998 730 tio
2021 686 2288 745 compacta
2316 674 2502 729 crescit
2529 675 2578 728 in
2597 674 2846 743 templum
2869 685 3104 728 sanctum
3133 675 3186 727 in
3213 674 3436 729 Domino
3465 692 3484 722 ι
3553 709 3558 714 .

1927 768 2138 840 (Ep/tes.
2181 785 2235 831 tt,
2266 767 2451 832 19-932)
2486 785 2498 820 :
2531 768 2598 820 ita
2641 783 2743 820 non
2801 767 3228 842 inconvenienter
3299 767 3488 821 funda-

1927 869 2099 914 menta
2129 860 2681 928 terrarintclliguntur,
2716 873 2936 927 quorum
2974 868 3233 912 terrenam
3271 858 3491 912 felicita-

1930 962 2031 1006 tem
2084 951 2478 1021 praepollentr-m
2541 958 2697 1017 atque
2761 959 3027 1016 potentem
3075 949 3312 1002 homines
3358 949 3494 1001 invi-

1927 1043 2119 1104 dendo,
2145 1058 2325 1096 eorum
2349 1043 2658 1095 auctoritate
2687 1040 2751 1095 ad
2782 1038 3079 1106 hujuSmodi
3111 1040 3243 1092 bona
3291 1053 3488 1092 concu-

1929 1135 2174 1205 piscendu
2207 1133 2599 1204 pertrahuntur,
2629 1141 2681 1185 et
2717 1131 3056 1200 adipiscendo
3101 1130 3494 1184 eoa-diﬁcantur

1931 1238 2175 1296 tanquam
2229 1235 2365 1280 terra
2407 1229 2572 1293 ‘super
2617 1233 2830 1289 terram,
2870 1223 3002 1277 sicut
3048 1228 3099 1274 ln
3130 1223 3218 1276 illo
3261 1237 3493 1291 superno

1931 1322 2154 1376 aedificio
2181 1313 2371 1374 ctelnm
2408 1334 2569 1388 super
2601 1318 2829 1380 coelum;
2869 1317 2985 1384 quia
3027 1324 3080 1368 et
3126 1313 3382 1383 peccatori
3411 1313 3492 1366 di-

1931 1423 2072 1466 ctum
2101 1421 2201 1473 est,
2230 1409 2387 1464 Terra
2416 1426 2489 1474 es,
2525 1419 2569 1462 et
2591 1409 2644 1460 in
2671 1417 2854 1461 terram
2882 1408 2972 1460 ibis
2995 1405 3144 1475 (Gen.
3177 1421 3251 1471 ιιι,
3285 1404 3396 1474 t9);
3418 1413 3492 1468 et,

1935 1504 2054 1559 Cwli
2080 1513 2314 1557 enarrant
2336 1503 2548 1574 gloriam
2573 1500 2682 1564 Dei,
2711 1515 2828 1554 cum
2859 1501 2907 1552 in
2937 1515 3133 1552 onmem
3167 1508 3350 1552 terram
3379 1496 3497 1550 exiit

1933 1613 2085 1650 sonus
2123 1611 2310 1661 eorum,
2344 1605 2387 1647 ct
2414 1594 2464 1646 in
2485 1594 2610 1661 lines
2635 1592 2766 1646 orbis
2792 1601 2936 1645 terra:
2965 1590 3110 1644 verba
3136 1606 3304 1643 eorum
3330 1588 3496 1660 (Psaf.

1935 1701 2080 1749 xvttt,
2102 1684 2156 1750 9.,
2187 1685 2260 1754 5).

2008 1776 2060 1830 6.
2093 1774 2238 1846 [vers.
2267 1774 2418 1846 6,7].
2459 1775 2707 1829 Terrena:
2753 1783 2929 1828 autem
2981 1772 3241 1827 felicitatis
3283 1787 3500 1841 regnum

1939 1866 2181 1935 superbia
2209 1876 2308 1930 est,
2357 1874 2536 1919 ctmtra
2585 1881 2739 1934 qnam
2794 1865 2936 1918 venit
2976 1863 3239 1916 humilitas
3286 1863 3501 1928 Christi,

1939 1958 2264 2027 exprobrans
2281 1959 2358 2011 eis
2380 1974 2511 2028 quos
2542 1958 2653 2010 vult
2681 1973 2746 2011 ex
2776 1956 3072 2011 humilitate
3090 1955 3223 2018 ﬁlios
3249 1953 3504 2009 Altissinti

1941 2048 2134 2114 facere,
2165 2059 2321 2118 atque
2339 2050 2613 2118 increpans
2635 2066 2647 2102 :
2671 2046 2780 2118 Ego
2805 2048 2930 2109 dixi,
2957 2045 3039 2099 Dii
3064 2046 3196 2108 estis,
3225 2055 3270 2098 et
3296 2045 3390 2112 [itii
3416 2043 3507 2098 Αι-

1942 2141 2116 2194 tissimi
2140 2156 2326 2193 omnes.
2383 2138 2480 2192 Vos
2533 2149 2692 2192 autem
2721 2139 2845 2192 sicut
2888 2137 3108 2189 homines
3139 2136 3434 2196 moriemini,
3461 2144 3508 2186 ct

1941 2233 2070 2285 sicut
2095 2246 2223 2284 unus
2248 2247 2309 2283 ex
2333 2229 2636 2300 principibus
2657 2229 2861 2282 cadetis.
2893 2228 3012 2282 Sive
3042 2227 3104 2280 ad
3135 2227 3251 2280 illos
3293 2226 3506 2287 dixerit,

1944 2321 2054 2392 Ego
2074 2321 2198 2386 dixi,
2221 2320 2303 2373 Dii
2332 2321 2464 2384 estis,
2489 2329 2534 2372 et
2551 2320 2644 2386 ﬁlii
2666 2319 2905 2372 Altissimi
2930 2335 3118 2380 omnes,
3135 2317 3198 2369 ad
3213 2331 3306 2370 eos
3333 2317 3510 2386 utique

1903 2469 1919 2475 ,
1943 2413 2030 2481 qui
2062 2411 2416 2481 praedestinati
2441 2420 2564 2464 sunt
2589 2411 2639 2462 in
2663 2411 2818 2463 vitam
2836 2420 3107 2472 aeternam;
3134 2409 3196 2462 ad
3214 2409 3343 2462 alios
3361 2423 3508 2472 vero,

1954 2503 2053 2558 Vos
2091 2513 2252 2557 autem
2296 2504 2424 2556 sicut
2462 2503 2685 2556 homines
2736 2501 3030 2564 moriemini,
3073 2509 3118 2552 et
3138 2500 3262 2553 sicut
3305 2516 3434 2552 unus
3453 2515 3514 2554 ex

1947 2594 2252 2664 principibus
2279 2593 2485 2656 cadetis,
2507 2591 2604 2646 hoc
2634 2592 2790 2645 modo
2816 2592 2973 2645 etiam
3005 2590 3132 2644 deos
3157 2590 3465 2644 discernens
3497 2606 3510 2642 :

1947 2687 2062 2742 sive
2099 2699 2282 2739 onmes
2310 2684 2463 2737 simul
2493 2683 2745 2750 increpat,
2793 2690 2851 2735 ut
2891 2679 3198 2734 obctlientes
3215 2688 3514 2733 correctos-

1947 2793 2050 2846 qne
2090 2776 2373 2840 discernat,
2405 2774 2534 2846 Ego,
2580 2774 2766 2843 inquit,
2807 2773 2932 2834 dixi,
2958 2771 3041 2824 Dii
3071 2774 3186 2825 estis
3226 2779 3268 2823 ct
3305 2769 3398 2836 ﬁlii
3429 2767 3517 2820 dt-

1950 2867 2126 2920 tissimi
2178 2881 2377 2926 omnes;
2427 2865 2477 2919 id
2529 2873 2630 2928 εει,
2671 2863 2914 2917 omnibus
2939 2862 3088 2916 vobis
3114 2860 3327 2930 promisi
3356 2859 3518 2914 crete-

1951 2967 2084 3011 stem
2113 2956 2444 3020 felicitatem;
2477 2971 2558 3010 vos
2586 2964 2768 3019 autem,
2801 2969 2895 3023 per
2918 2951 3273 3006 infirmitatem
3317 2950 3515 3014 carnis,

1950 3048 2077 3102 sicut
2099 3045 2320 3100 homines
2349 3044 2646 3108 moriemini,
2673 3053 2737 3108 et,
2766 3057 2861 3111 per
2885 3042 3163 3096 elationem
3203 3039 3382 3103 animi,
3420 3040 3521 3091 sic-
3547 3083 3550 3090 .

1951 3147 2027 3204 ut,
2055 3154 2185 3191 unus
2209 3153 2273 3190 ea:
2297 3135 2620 3206 principibus,
2653 3134 2702 3188 id
2741 3141 2822 3188 est
2845 3132 3106 3197 diabolus,
3135 3146 3237 3184 non
3294 3130 3517 3184 extolle-

1954 3229 2103 3294 mini,
2135 3227 2226 3282 sed
2265 3226 2472 3280 cadetis.
2501 3225 2652 3280 Velut
2698 3225 2740 3278 si
2786 3223 3020 3278 diceret:
3053 3222 3184 3276 Cum
3221 3229 3324 3275 tam
3368 3220 3519 3290 pauci

1955 3323 2062 3374 sint
2087 3320 2201 3375 dies
2239 3321 2360 3374 vitae
2404 3327 2616 3380 vestrae.
2644 3325 2702 3371 ut
2744 3315 2850 3369 cito
2892 3313 3027 3368 sicut
3055 3312 3294 3366 homines
3323 3312 3519 3364 moria-

1957 3414 2106 3478 mini,
2133 3429 2235 3466 non
2272 3413 2421 3466 vobis
2453 3409 2667 3480 prodest
2710 3407 2776 3462 ad
2815 3406 3226 3467 correctionem;
3277 3402 3370 3457 Sed
3402 3410 3520 3454 tan-

1958 3522 2113 3577 quam
2141 3505 2398 3564 diabolus,
2421 3503 2571 3571 cujus
2597 3501 2710 3555 dies
2732 3501 2781 3554 in
2810 3499 2910 3553 hoc
2956 3497 3150 3552 smculo
3191 3495 3336 3549 multi
3377 3501 3519 3557 sunt,

1961 3601 2079 3669 quia
2111 3613 2269 3653 carne
2309 3612 2411 3651 non
2441 3595 2682 3657 moritur,
2715 3591 3050 3654 extollimini,
3083 3599 3138 3644 ut
3172 3588 3389 3644 eadatis.
3422 3586 3525 3641 Per

1963 3690 2276 3745 diabolicatn
2325 3687 2518 3758 quippe
2564 3684 2862 3755 superbiam
2902 3682 3095 3735 factum
3122 3691 3222 3745 est,
3249 3689 3306 3733 ut
3329 3677 3524 3732 Christi

1961 3781 2145 3851 gloria:
2178 3779 2409 3848 perversi
2435 3787 2489 3831 et
2515 3767 2638 3830 eieci
2669 3774 2929 3844 principes
2957 3771 3259 3826 Judceorum
3305 3765 3524 3822 invidis.

1964 3881 2081 3925 sent
2111 3888 2122 3922 :
2151 3885 2243 3939 per
2295 3872 2395 3923 hoc
2437 3868 2618 3920 vitium
2663 3863 2860 3918 factum
2909 3870 2989 3915 est
3031 3868 3085 3914 et
3109 3860 3200 3923 ιιι,
3235 3867 3290 3911 ut
3333 3855 3527 3910 Christi

1967 3977 2130 4031 usque
2158 3961 2221 4014 ad
2251 3969 2470 4014 mortem
2501 3955 2737 4012 crucifixi
2773 3952 3044 4008 humilitas
3084 3949 3298 4005 vilescat
3318 3947 3396 4003 eis
3438 3945 3526 4017 qui

1969 4054 2124 4122 hujus
2149 4047 2324 4106 steculi
2349 4049 2570 4118 diligunt
2597 4045 2982 4104 excellentiam.

2039 4147 2090 4200 7.
2116 4142 2261 4217 [vet-s.
2285 4139 2374 4213 8.]
2421 4137 2652 4194 Proinde
2693 4145 2752 4190 ut
2803 4136 2906 4209 hop
2957 4133 3136 4186 vitium
3183 4139 3417 4194 sanetur,
3466 4143 3529 4182 ex

1971 4225 2134 4306 ipsius
2163 4231 2430 4304 prophetae
2449 4243 2668 4300 persona
2693 4228 2882 4282 dicitur
2909 4241 2922 4276 :
2955 4223 3136 4294 Surge,
3173 4221 3326 4285 Deus,
3360 4219 3536 4290 futtica

1973 4338 2175 4382 terram.
2222 4323 2477 4378 'l‘umuit’
2508 4321 2646 4374 enim
2707 4329 2866 4378 terra,
2922 4331 3041 4370 cum
3091 4323 3141 4368 te
3187 4310 3534 4380 cruciﬁgeret;

1974 4433 2130 4489 Surge
2158 4432 2186 4469 ε
2233 4415 2474 4476 mortuis,
2518 4423 2570 4468 et
2604 4411 2779 4481 iudica
2821 4418 3034 4463 terram.
3075 4404 3324 4471 Quoniam
3360 4411 3412 4453 tu
3436 4399 3538 4452 dis-

1977 4508 2151 4580 pcrdes
2202 4506 2254 4558 in
2312 4502 2538 4558 omnibus
2589 4501 2812 4572 gentibus
2838 4495 3021 4566 :quid,
3051 4494 3148 4547 nisi
3189 4490 3416 4546 terram?
3444 4491 3542 4542 hoc

1977 4608 2076 4663 est,
2103 4612 2196 4652 eos
2221 4596 2310 4666 qui
2341 4605 2549 4660 terrena
2577 4591 2818 4660 sapiunt;
2850 4589 2962 4641 sive
2996 4587 3168 4653 ipsum
3218 4581 3461 4636 affectum
3489 4578 3542 4631 in

1978 4686 2312 4744 credentibus
2353 4695 2577 4740 terrenae
2617 4676 2915 4748 cupiditatis
2953 4684 3006 4730 ct
3058 4673 3340 4750 elationem
3384 4668 3544 4723 absu-

1980 4779 2212 4843 mens’;
2260 4777 2372 4832 sive
2413 4789 2517 4830 non
2564 4770 2862 4833 credentes,
2918 4778 3112 4821 terram
3169 4759 3544 4817 conterendatr.

1983 4870 2407 4945 perdendamque
2450 4865 2776 4934 discernens.
2829 4861 2915 4916 Sic
2989 4874 3084 4929 per
3128 4855 3362 4910 membra
3427 4866 3544 4916 sua,

1984 4979 2205 5038 quorum
2249 4958 2582 5018 conversatio
2622 4957 2674 5010 in
2727 4954 2874 5008 cmlis
2903 4963 3004 5012 est,
3037 4949 3237 5020 judicat
3263 4949 3551 5004 terratn,et

1986 5033 2240 5129 dispertiit
2267 5056 2318 5109 in
2363 5051 2607 5107 omnibus
2647 5047 2907 5118 gentibus.
2949 5043 3057 5096 Nec
3104 5033 3548 5110 praetereundum,

1989 5125 2127 5223 quod
2154 5147 2389 5204 nonnulli
2419 5144 2630 5200 codices
2666 5140 2882 5199 habent,
2918 5135 3167 5200 Quoniam
3201 5141 3252 5183 tu
3283 5125 3552 5180 ha'redita-

1991 5219 2062 5299 bis
2094 5243 2145 5296 in
2170 5241 2393 5294 omnibus
2444 5234 2664 5309 gentibus
2694 5247 2712 5286 :
2741 5231 2862 5301 quia
2913 5236 2969 5282 et
3020 5225 3120 5278 hoc
3164 5236 3266 5274 non
3307 5219 3558 5271 inconve-

1993 5337 2198 5392 nienter
2225 5331 2498 5400 accipitur,
2524 5341 2692 5396 neque
2734 5334 2790 5378 ut
2817 5321 2971 5378 simul
2999 5327 3276 5383 utrumque
3305 5311 3374 5365 sit
3404 5309 3557 5380 quid-

1994 5441 2149 5499 quam
2175 5431 2448 5494 repugnat.
2481 5419 2565 5472 Fit
2591 5432 2716 5487 ergo
2745 5412 3023 5469 haereditas
3063 5408 3179 5475 ejus
3202 5419 3300 5477 per
3329 5402 3558 5458 charita—

2065 5646 2080 5675 ί
2109 5643 2182 5692 sic
2197 5639 2428 5690 meliores
2448 5643 2555 5685 Mss.
2580 5641 2636 5684 Αι
2663 5630 2794 5687 ωδ..
2826 5626 3011 5679 timuit.

2059 5708 2080 5738 ³
2254 5711 2512 5754 assumens.
2537 5694 2846 5746 Emendantut‘
2873 5698 2970 5724 ’δ’-ι’(
2979 5689 3150 5732 erit-'1'"
3166 5693 3250 5719 ν’·
