4024 6210
445 277 573 337 ιοει

443 402 572 456 tem,
619 395 775 461 quam
819 387 929 441 'suis
981 379 1258 454 prteceptis
1303 387 1364 432 et
1399 376 1563 448 gratia
1603 367 2011 427 misericorditer

445 479 758 543 excolendo,
783 487 1041 532 terrenam
1067 468 1322 540 disperdit
1343 466 1702 534 cupiditatem.

441 575 1996 607 ________________________

788 641 865 703 IN
905 635 1280 700 PSALMUM
1323 630 1619 692 LXXXII

1068 731 1475 790 ENXRRKTIO.

517 858 568 911 Ι.
623 853 769 927 [rem
808 851 883 924 1.]
921 851 1111 904 Psalmi
1170 848 1322 914 hujus
1371 844 1548 912 titulus
1599 850 1700 905 est,
1748 833 2012 895 Canticum

455 947 644 1002 I’sahni
675 947 862 1014 Amph.
893 945 1007 997 .latu
1034 958 1172 1008 sa-pe
1214 940 1442 993 diximus
1473 935 1595 1003 quid
1642 935 2013 999 interpretetur

449 1038 647 1106 ΑδειιιΙι,
675 1039 722 1090 itl
746 1047 844 1100 est,
867 1033 1234 1102 Cottgrrgalitt.
1272 1031 1437 1083 llomo
1463 1043 1588 1096 ergo
1628 1026 1713 1078 ille
1744 1024 1829 1090 qui
1855 1037 2011 1076 voca-

444 1129 600 1185 batur
630 1128 822 1195 .-\s:tplt,
867 1128 915 1176 in
945 1127 1104 1194 ligura
1152 1119 1572 1186 conm-egationis
1606 1115 1782 1186 populi
1831 1114 1917 1168 llei
1959 1114 2010 1166 in

446 1223 727 1274 multorum
773 1219 1090 1287 ps:tltuorum
1141 1215 1301 1267 titulis
1346 1211 1579 1280 ponitur.
1615 1207 1798 1263 (δι-ηερε
1835 1215 2008 1259 autem

444 1312 778 1376 congregatio
815 1323 1074 1378 synagoga
1106 1305 1316 1364 dieitur,
1366 1299 1503 1369 quod
1554 1300 1693 1351 \‘t‘lttl
1741 1297 2009 1368 proprium

447 1417 638 1454 nomen
669 1400 966 1452 Judzrorum
1001 1396 1222 1465 populus
1246 1393 1430 1455 tenuit,
1457 1401 1509 1443 ut
1533 1389 1805 1462 Synngoga
1833 1387 2015 1455 appel-

450 1491 676 1551 laretur;
717 1491 854 1542 sient
901 1489 1119 1556 pt-Ilttltts
1154 1484 1478 1537 t.hristi:mns
1522 1481 1762 1535 u~itatius
1800 1487 2014 1534 vocntur

449 1579 707 1643 Ecclesia,
737 1597 854 1632 eum
887 1588 936 1633 et
969 1580 1080 1645 ipse
1108 1578 1287 1644 utique
1312 1583 1678 1644 congregetur.

514 1669 568 1723 9..
599 1669 728 1740 [vers
769 1668 848 1739 2.]
879 1668 1106 1735 Populus
1139 1667 1314 1735 itaque
1359 1665 1446 1718 llei
1481 1665 1533 1716 in
1558 1663 1657 1716 isto
1689 1661 1892 1731 psalmo
1929 1659 2012 1716 di-

448 1763 510 1815 cit
540 1780 552 1815 :
582 1761 733 1816 Deus.
757 1763 867 1826 quis
884 1761 1058 1813 similis
1080 1760 1168 1812 erit
1194 1759 1279 1812 tibi
1303 1758 1328 1811 .9
1354 1756 1505 1822 Quod
1541 1770 1640 1824 ego
1666 1755 1896 1809 arbitror
1921 1768 2014 1807 ac-

449 1851 833 1906 ctunmudatius
861 1850 1024 1918 accipi
1058 1850 1107 1901 iu
1135 1847 1367 1907 (Ibi-isto,
1414 1845 1532 1914 quia
1581 1845 1632 1899 iu
1673 1843 2016 1898 similitudine

451 1943 722 1998 hominum
755 1944 942 2004 factus,
973 1950 1181 2009 putatus
1201 1950 1280 1994 est
1319 1939 1388 1994 ab
1409 1938 1486 1993 eis
1509 1953 1538 1990 a
1567 1935 1758 2006 quibus
1777 1944 2014 1988 euntem-

451 2044 570 2106 ptus
613 2043 714 2098 est,
755 2034 960 2085 «ueteris
1007 2031 1306 2086 hominibus
1358 2025 1743 2095 Compar-nudus
1771 2039 1785 2077 :
1815 2039 1934 2079 nam
1963 2031 2019 2078 et

451 2127 587 2184 inter
610 2127 816 2194 iniquus
842 2127 1121 2193 deputatus
1141 2132 1222 2177 est
1252 2120 1400 2190 (Isai.
1434 2136 1543 2183 LIII,
1569 2120 1676 2190 l2);
1709 2117 1799 2172 sed
1829 2117 1892 2171 ad
1916 2117 2016 2172 hoc

451 2227 506 2271 nt
533 2216 877 2283 judicaretur.
908 2218 1035 2268 (ἰιιιιι
1078 2227 1252 2269 autem
1298 2215 1470 2268 veniet
1496 2211 1846 2280 judicalurus,
1893 2219 2018 2262 tunc

453 2309 540 2361 lict
580 2309 717 2372 quod
764 2308 846 2360 hic
870 2308 1081 2369 dicitur,
1121 2306 1272 2364 Deus.
1319 2306 1429 2372 quis
1466 2303 1642 2359 similis
1680 2305 1770 2356 erit
1799 2301 1924 2355 tibi!
1960 2300 2016 2357 Si

450 2399 588 2453 enim
618 2398 805 2451 Psaluti
848 2413 948 2452 non
993 2398 1225 2452 Solerent
1259 2397 1398 2464 loqtti
1430 2396 1494 2449 ad
1557 2395 1829 2447 hominum
1867 2391 2019 2446 Chri»

449 2498 611 2551 stum,
643 2507 743 2542 non
787 2489 1053 2544 diceretur
1095 2490 1254 2542 etiam
1302 2487 1452 2546 illud,
1497 2484 1634 2555 quod
1682 2485 1778 2554 ipsi
1823 2483 2017 2536 dictum

450 2594 567 2633 esse
597 2580 767 2632 nullus
794 2590 962 2648 potest
983 2578 1224 2632 dubitare
1248 2577 1477 2630 lidelium
1510 2592 1521 2627 :
1556 2594 1573 2626 ι
1603 2573 1849 2629 Tltronus
1879 2583 2017 2638 tuus,

456 2670 615 2730 Deus,
659 2671 709 2724 iu
749 2671 996 2723 s:re.ulttm
1061 2669 1260 2726 s:t-culi.
1310 2669 1453 2738 virga
1504 2666 1831 2726 directiouis,
1875 2665 2020 2734 Virga

451 2777 596 2833 regni
640 2762 710 2816 ιιιί
743 2781 754 2810 τ
785 2761 1012 2815 dilexisti
1042 2761 1320 2826 justitiam,
1364 2768 1417 2812 et
1459 2757 1613 2811 odisti
1659 2756 2018 2823 iniquitatem;

452 2865 728 2926 propterea
754 2855 902 2909 unxit
925 2864 993 2911 te.
1017 2854 1172 2907 hens.
1197 2851 1337 2906 Deus
1363 2860 1483 2903 tuus
1509 2849 1627 2902 oleo
1660 2847 2023 2901 essultatiouis

437 2954 561 3016 prae
592 2946 929 3013 participibus
958 2946 1056 2997 luis
1078 2964 1094 2996 ι
1116 2942 1282 3014 (Psal.
1314 2958 1454 3005 κων,
1485 2941 1536 3003 7.
1557 2941 1636 3009 8).
1667 2941 1796 2993 lluic
1825 2955 1950 3010 ergo
1972 2949 2024 2994 et

453 3051 586 3088 nunr
617 3034 828 3100 dicitur,
864 3034 1018 3097 Deus,
1051 3036 1164 3104 quis
1199 3033 1376 3088 similis
1403 3033 1492 3084 erit
1519 3032 1640 3085 tibi?
1671 3030 1846 3084 Multis
1882 3031 2023 3084 enim

453 3128 638 3182 sintilis
668 3128 718 3181 in
751 3127 1044 3180 humilitate
1069 3142 1187 3180 esse
1210 3125 1439 3186 voluisti,
1461 3138 1625 3190 usque
1661 3132 1715 3177 et
1735 3122 2026 3177 latronibus

455 3220 539 3288 qui
573 3228 742 3272 tecum
775 3228 896 3270 sunt
918 3217 1151 3271 crm-ilixi
1180 3215 1328 3284 (an.
1361 3231 1506 3272 χχιιι,
1541 3215 1655 3282 55);
1690 3213 1780 3267 sed
1827 3214 1876 3267 iu
1919 3215 2028 3267 cla-

456 3309 608 3364 ritate
656 3323 775 3362 cum
819 3309 1021 3374 venies,
1063 3308 1174 3375 quis
1218 3307 1395 3360 similis
1447 3306 1537 3358 erit
1567 3305 1698 3359 tibi?
1725 3304 1858 3374 Quid
1885 3306 2024 3358 enim

457 3415 700 3471 maguum
751 3401 962 3464 dicitur,
998 3416 1117 3453 cum
1171 3400 1276 3453 Deo
1326 3399 1536 3460 dicitur,
1580 3398 1704 3464 Quis
1729 3399 1907 3452 similis
1936 3398 2026 3451 erit

459 3493 580 3556 tibi;
613 3491 706 3544 nisi
741 3492 810 3546 illi
839 3492 1062 3555 dicatur,
1109 3492 1195 3562 qui
1242 3490 1428 3544 similis
1449 3506 1566 3544 esse
1607 3489 1905 3544 hominibus
1932 3505 2026 3542 vo-

459 3580 573 3644 luit,
606 3581 823 3635 fortnam
868 3583 1001 3636 servi
1053 3582 1339 3649 accipiens,
1374 3583 1423 3634 in
1469 3580 1812 3634 similitudine
1857 3580 2030 3634 homi-

459 3690 584 3727 num
610 3675 793 3735 factus,
824 3684 876 3729 et
900 3674 1077 3728 habitu
1104 3675 1344 3727 inventus
1387 3683 1442 3726 ttt
1485 3673 1642 3727 homo
1684 3672 1935 3743 (Philipp.
1969 3689 2024 3737 tt.

461 3763 550 3831 7)?
581 3763 644 3818 Ει
669 3763 784 3818 ideo
807 3779 907 3818 nou
936 3766 1026 3825 ait,
1047 3765 1174 3831 Quis
1200 3765 1388 3818 similis
1409 3773 1489 3818 est
1518 3763 1648 3817 tibi?
1676 3763 1817 3834 quod
1849 3764 2028 3832 utique

463 3865 604 3910 recte
648 3855 932 3919 diceretur,
977 3857 1018 3908 si
1079 3856 1178 3910 hoc
1226 3855 1289 3908 ad
1337 3855 1662 3909 divinitatem
1720 3855 2024 3910 referretur.

464 3945 592 4012 Quia
615 3961 736 3998 vero
763 3943 824 3997 ad
857 3939 1075 3999 formam
1101 3947 1237 4000 servi
1264 3947 1484 3999 relatum
1533 3956 1633 4010 est,
1665 3955 1788 4000 tunc
1835 3946 1950 4013 ejus
2001 3961 2029 3998 a

469 4038 676 4092 catteris
714 4037 1014 4091 hominibus
1061 4037 1434 4092 dissimilitudo
1477 4038 1770 4105 apparebit,
1818 4036 2031 4106 quando

467 4130 737 4206 appprebit
786 4131 834 4184 in
863 4130 1047 4199 gloria.
1085 4131 1206 4185 Ideo
1246 4131 1502 4199 sequitur,
1540 4128 1620 4181 Ne
1647 4138 1830 4191 taceas,
1880 4145 2034 4197 neque

467 4224 812 4290 compescat-is.
846 4221 977 4274 Deus
1006 4222 1164 4288 :quia
1196 4222 1367 4290 primo
1395 4220 1576 4283 tacuit,
1606 4228 1666 4271 ιιι
1686 4219 2030 4286 judicaretur;

470 4311 680 4378 qmndo
705 4312 838 4364 sicut
867 4325 1032 4378 agnus
1059 4324 1235 4363 coram
1261 4309 1511 4363 tondente
1548 4323 1605 4362 se
1623 4307 1718 4362 fuit
1739 4309 1852 4364 sine
1882 4325 2030 4378 voce,

469 4401 544 4454 sic
573 4418 673 4454 tum
700 4402 904 4468 aperuit
924 4417 984 4452 os
1013 4416 1164 4454 suum
1211 4399 1362 4474 (Isai.
1397 4416 1485 4466 ιιι,
1518 4400 1592 4470 7),
1620 4410 1672 4455 et
1701 4416 1848 4455 suam
1885 4416 2033 4457 com-

469 4491 668 4559 peseuit
701 4498 1030 4558 potestatem.
1062 4489 1228 4558 Quam
1270 4500 1330 4544 ut
1367 4505 1424 4542 se
1479 4505 1817 4558 compescere
1853 4501 2033 4545 osten-

429 4615 442 4630 ,
470 4578 639 4640 deret,
667 4579 730 4633 ad
759 4579 898 4633 illaut
921 4578 1035 4648 ejus
1063 4594 1240 4634 vocem
1266 4594 1366 4649 qua
1394 4579 1546 4646 dixit,
1573 4579 1680 4648 Ego
1705 4597 1835 4643 sum,
1869 4579 1922 4635 hi
1944 4580 2033 4652 qui

472 4686 592 4724 eum
637 4669 1136 4742 arprelu-ndendum
1182 4671 1508 4742 quaerebant,
1566 4671 1834 4726 redit-runt
1871 4680 2034 4737 retro,

472 4773 523 4817 et
550 4763 850 4817 ceciderunt
887 4760 1062 4833 (Joan.
1093 4777 1237 4825 svnt,
1269 4762 1322 4827 5,
1355 4747 1428 4832 li).
1469 4755 1690 4831 Quando
1723 4778 1849 4832 ergo
1895 4773 2040 4818 tene-

478 4867 622 4912 retur
663 4865 820 4925 atque
849 4863 1136 4925 pateretur,
1167 4855 1262 4909 nisi
1313 4870 1370 4909 se
1413 4854 1524 4924 ipse
1569 4855 1839 4911 cohiberet
1882 4864 2041 4926 atque

474 4955 858 5017 compesceret,
893 4955 946 5000 et
966 4946 1190 5015 quodam
1221 4946 1378 4999 modo
1407 4946 1700 5015 mitigaret?
1727 4945 1854 5001 Nam
1887 4947 2037 5003 etsic

435 5042 437 5044 ’
477 5044 684 5114 quidam
709 5041 1031 5106 interpretati
1051 5048 1167 5092 sunt
1190 5039 1326 5109 quod
1366 5038 1451 5093 hic
1484 5041 1709 5108 positum
1737 5049 1838 5106 est,
1866 5038 2042 5111 Neque

477 5131 802 5204 compescaris
821 5128 978 5193 Deus,
1004 5138 1061 5183 ut
1098 5129 1358 5193 dicerent,
1404 5127 1578 5198 Neque
1628 5131 1854 5184 mitescas
1889 5130 2038 5186 Deus.

478 5221 592 5291 lpsc
613 5222 734 5276 alibi
757 5221 904 5281 dicit,
938 5218 1126 5282 Tacui;
1165 5218 1402 5288 numquid
1452 5236 1642 5288 semper
1686 5219 1854 5274 tacebo
1889 5219 2039 5288 (Isai.

481 5325 610 5378 ml,
640 5312 755 5380 ll)?
769 5312 862 5366 Cui
882 5311 1073 5365 dicitur
1099 5309 1204 5374 hic,
1231 5326 1292 5362 ne
1317 5319 1515 5372 taceas;
1542 5310 1608 5364 de
1637 5310 1727 5364 illo
1771 5311 1893 5365 alibi
1908 5311 2043 5365 dici-

483 5414 584 5465 tur,
619 5402 752 5456 Deus
777 5405 1066 5475 manifestus
1091 5402 1267 5466 venirt,
1298 5399 1434 5454 Deus
1453 5407 1637 5468 noster,
1668 5411 1713 5455 et
1738 5419 1836 5455 non
1881 5401 2043 5458 silebit

482 5493 649 5561 (I’saI.
677 5510 820 5561 XLIX,
853 5497 926 5565 5).
962 5492 1160 5550 Dieitur
1188 5495 1294 5562 hic,
1329 5493 1409 5549 Ne
1446 5506 1648 5551 taceas:
1681 5497 1840 5551 tacuit
1879 5497 2039 5561 enim,

483 5597 539 5639 ut
562 5584 906 5655 judicaretur,
934 5586 1147 5654 quando
1173 5587 1315 5642 venit
1344 5592 1601 5648 occultus;
1633 5604 1735 5642 non
1768 5598 1940 5644 autem
1964 5599 2042 5643 ta-

485 5679 642 5748 cebit,
673 5687 727 5734 ut
751 5675 968 5748 judicet,
1003 5680 1208 5748 quando
1233 5682 1400 5737 veniet
1437 5681 1759 5736 manifestus.

1623 255 1677 312 5.
1718 248 2078 310 Αυῦυδτικι
2120 248 2159 302 Ε
2168 247 2414 303 ριδμοιη

3532 248 3672 306 Ιοῖιε

2190 368 2240 422 3.
2282 366 2429 441 [rem
2457 368 2533 442 5.]
2575 371 2823 438 Quoniam
2848 389 2958 429 ecce
2993 376 3181 431 inimici
3207 378 3282 434 tui
3309 397 3599 451 sonuerunt;
3629 398 3686 442 et

2113 460 2197 527 qui
2217 459 2428 513 oderunt
2452 470 2500 515 te
2522 463 2800 518 extulerunt
2827 476 2996 534 caput.
3019 465 3345 526 Novissimos
3369 472 3483 527 dies
3505 476 3674 543 signi-

2115 551 2271 606 ﬁcare
2295 551 2421 606 mihi
2447 553 2669 620 videtur,
2699 556 2906 625 quando
2933 558 3045 613 haec
3064 575 3181 628 qum
3200 576 3338 617 nunc
3363 574 3504 620 metu
3525 581 3677 623 eom-

2115 642 2429 709 primuutur,
2463 644 2512 697 in
2540 645 2756 701 liberam
2785 664 2964 704 vocem
2985 661 3232 720 eruptura
3251 665 3391 719 sunt,
3410 657 3501 711 sed
3521 659 3676 728 plane

2116 736 2542 800 irrationabilcm.
2573 752 2626 793 ut
2651 743 2851 796 sonitus
2877 745 3041 807 magis
3066 763 3221 814 quam
3251 748 3442 805 locutio
3463 753 3542 807 rel
3563 769 3675 810 ser-

2115 842 2200 878 mo
2225 828 2475 883 diei-udus
2504 830 2589 885 sit.
2621 835 2732 886 Non
2756 835 2925 896 itaque
2951 847 3073 891 tunc
3090 838 3265 894 odisse
3291 841 3560 912 incipient,
3579 846 3674 901 sed

2114 919 2199 985 qtti
2227 919 2448 974 oderunt
2479 931 2546 981 te.
2582 934 2703 979 tunc
2745 926 2986 982 lcvalutnt
3014 939 3189 997 caput.
3231 931 3335 986 Nec
3361 949 3547 1004 captta.
3581 941 3675 992 sed

2114 1021 2294 1077 caput;
2320 1013 2528 1077 quando
2553 1030 2617 1067 eo
2657 1019 2950 1082 pervenluri
2980 1029 3119 1083 sunt,
3152 1031 3206 1074 ttt
3235 1025 3390 1078 etiam
3423 1027 3548 1079 illud
3579 1043 3673 1081 ea-

2115 1113 2204 1170 put
2234 1103 2450 1158 habeant
2476 1107 2612 1175 quod
2637 1109 2906 1164 extollitur
2934 1128 3091 1180 super
3114 1130 3272 1169 omne
3316 1119 3452 1183 quod
3484 1119 3674 1178 dicitur

2119 1193 2250 1274 lleus
2279 1203 2330 1247 et
2355 1197 2490 1265 quod
2520 1199 2740 1254 colitur:
2766 1209 2814 1254 ιιι
2845 1202 2894 1255 iu
2926 1202 3010 1255 illo
3032 1205 3255 1260 maxime
3277 1207 3570 1279 impleatur.
3588 1215 3673 1283 qui

2113 1301 2166 1337 se
2188 1286 2391 1349 exultat,
2421 1288 2762 1344 Immiliabitur
2785 1291 2929 1360 (Luc.
2949 1309 3053 1357 stv,
3084 1295 3200 1364 ll);
3227 1306 3282 1351 et
3307 1315 3425 1352 eum
3447 1315 3565 1356 eum
3590 1303 3678 1361 illo

2113 1378 2194 1430 cui
2221 1378 2429 1442 dicitur,
2458 1379 2537 1435 Ne
2563 1394 2744 1443 taceas,
2772 1388 2928 1453 neque
2952 1387 3176 1442 mitescas
3213 1387 3368 1452 Deus,
3396 1393 3678 1450 iuterlicict

2113 1470 2296 1537 Spiritu
2330 1473 2437 1525 oris
2462 1473 2562 1537 Sui,
2593 1484 2640 1528 et
2670 1477 2944 1531 evacuabit
2970 1477 3352 1534 illuminationc
3380 1486 3676 1552 prmsmtitn

2113 1576 2222 1614 sua:
2247 1561 2308 1621 (ll
2338 1561 2510 1618 Thess.
2545 1580 2598 1622 tt.
2629 1567 2682 1631 ι,
2703 1565 2779 1635 8).

2183 1651 2234 1706 ὦ.
2277 1650 2425 1724 [υθι-δ.
2476 1652 2552 1727 6.]
2593 1654 2760 1723 Super
2803 1659 3045 1726 papnlum
3088 1669 3226 1713 tuum
3282 1663 3678 1735 ntalignaverunt

2114 1745 2406 1808 consilium;
2437 1745 2537 1812 vel,
2561 1746 2688 1801 sicut
2717 1748 2805 1802 alii
2835 1749 3042 1804 codices
3070 1749 3278 1815 habent,
3307 1762 3466 1808 astute
3487 1757 3681 1826 cogita-

2113 1845 2284 1886 verunt
2305 1836 2586 1900 consilium,
2613 1845 2658 1888 et
2689 1839 2880 1907 cogitur
2897 1849 3027 1894 trunt
3063 1839 3297 1896 adversus
3323 1854 3520 1899 sanctos
3543 1855 3673 1902 tuos.

2119 1923 2400 1980 lrrideuter
2427 1926 2522 1980 ista
2548 1927 2824 1983 dicuntur:
2847 1930 3057 1999 quando
3072 1933 3212 1986 enim
3233 1932 3469 1990 valerent
3485 1951 3680 1995 nocere

2119 2014 2311 2080 patulo
2341 2015 2420 2069 vel
2451 2015 2588 2085 p'cbi
2629 2017 2741 2080 Dei,
2786 2018 2866 2073 vel
2907 2020 3100 2073 sanctis
3138 2019 3253 2088 ejus
3289 2023 3376 2091 qui
3421 2034 3682 2084 noverunt

2117 2106 2312 2172 dicere,
2351 2107 2412 2163 Si
2439 2106 2575 2164 Deus
2602 2127 2694 2180 pro
2728 2109 2886 2175 nobis,
2917 2111 3028 2181 quis
3051 2122 3224 2166 contra
3248 2129 3339 2168 nos
3363 2113 3536 2187 (Rom.
3564 2131 3676 2184 ιιιι,

2117 2196 2240 2265 5t)?

2189 2291 2241 2344 5.
2283 2288 2430 2363 [vers.
2453 2290 2534 2365 5.]
2573 2291 2840 2358 Dia-erunt,
2872 2294 3065 2363 Venite,
3089 2309 3136 2352 et
3159 2299 3501 2371 disperdamus
3515 2321 3599 2359 eos
3619 2304 3684 2362 do

2119 2393 2278 2452 gente.
2306 2382 2631 2454 Siugularem
2663 2402 2934 2442 numerum
2969 2392 3140 2459 posuit
3166 2409 3260 2462 pro
3289 2393 3510 2462 plttrali;
3546 2396 3684 2453 sicut

2120 2471 2328 2540 dicitur,
2354 2474 2517 2542 Cujus
2541 2486 2622 2529 est
2649 2478 2747 2530 hoc
2790 2493 2968 2546 pecus,
3005 2482 3210 2536 etiamsi
3241 2483 3307 2538 de
3332 2501 3490 2555 grege
3517 2487 3682 2542 inter-

2123 2573 2352 2633 rogetur,
2383 2574 2436 2619 et
2464 2567 2826 2637 intelliguntur
2846 2585 3033 2639 pecora
3056 2590 3068 2624 :
3093 2572 3318 2644 denique
3341 2577 3426 2630 alii
3450 2579 3681 2643 codices.

2122 2660 2184 2712 de
2208 2659 2452 2728 gentibus,
2484 2661 2705 2724 habent;
2739 2663 2822 2716 ubi
2848 2665 3011 2733 magis
3033 2665 3341 2735 interpretes
3364 2669 3684 2728 intellectum

2123 2767 2277 2820 quam
2307 2755 2522 2808 verluun
2553 2754 2716 2808 secuti
2746 2764 2886 2809 sunt.
2927 2755 3117 2823 Venite,
3160 2769 3204 2812 et
3235 2758 3580 2832 disprrdamus
3605 2779 3692 2818 eos

2126 2843 2188 2896 de
2224 2856 2384 2914 gente.
2435 2843 2546 2915 Ipse
2585 2855 2666 2900 cst
2710 2847 2796 2902 ille
2839 2862 3002 2903 Sonus
3043 2865 3148 2919 quo
3187 2863 3477 2907 sonuerunt
3521 2855 3686 2926 magis

2130 2949 2283 3005 quam
2313 2935 2468 2988 locuti
2497 2947 2617 2989 sunt
2638 2977 2653 3000 ,
2698 2939 2943 3006 quoniam
2991 2940 3216 2995 inaniter
3247 2943 3416 2997 inania
3446 2955 3689 3019 strepue-

2127 3035 2268 3079 runt.
2305 3023 2368 3079 Et
2392 3043 2489 3079 non
2515 3038 2807 3080 memoratur
2837 3031 3052 3086 nominis
3082 3031 3244 3087 Israel
3280 3035 3431 3088 ultra.
3467 3034 3575 3090 Hoc
3599 3035 3688 3093 alii

2129 3116 2332 3186 planius
2371 3116 2638 3184 dixerunt,
2677 3118 2740 3173 Et
2766 3135 2864 3174 non
2899 3123 2962 3176 sit
3004 3124 3238 3178 memoria
3268 3127 3481 3179 nominis
3526 3126 3691 3183 Israel

2127 3210 2307 3262 adhuc.
2336 3208 2463 3278 Quia
2495 3223 2789 3265 memoratur
2808 3214 3039 3279 nominis,
3067 3214 3116 3268 iu
3145 3216 3299 3270 latina
3323 3217 3494 3288 lingua
3524 3219 3692 3274 inusi-

2130 3310 2232 3355 tata
2264 3301 2458 3355 locutio
2499 3312 2611 3365 est;
2647 3304 2821 3376 potius
2863 3307 3004 3360 enim
3040 3306 3140 3361 dici
3172 3308 3322 3371 solet,
3372 3319 3693 3366 memoratur

2131 3408 2320 3446 nomen
2344 3411 2356 3447 :
2380 3393 2473 3448 sed
2501 3395 2685 3450 eadem
2714 3397 2822 3467 ipsa
2851 3399 3107 3452 sententia
3133 3407 3245 3456 est:
3272 3415 3388 3454 nam
3419 3399 3686 3470 qttitlttit.

2129 3494 2427 3539 mentorelnr
2470 3487 2716 3549 nominis,
2758 3503 2982 3558 grmCam
3033 3491 3297 3544 transtulit
3351 3491 3689 3547 locutionem.

2131 3575 2294 3632 Israel
2308 3591 2482 3633 autem
2503 3580 2586 3634 hic
2611 3580 2764 3636 debet
2793 3582 3006 3652 intelligi
3031 3584 3208 3654 utique
3233 3598 3414 3638 semen
3443 3584 3693 3654 Abraluc,

2131 3671 2211 3724 cui
2239 3670 2363 3723 dicit
2390 3671 2695 3739 Apostolus,
2745 3671 2881 3743 Ergo
2910 3673 3123 3727 Abralta:
3159 3691 3323 3728 semen
3352 3677 3485 3738 estis,
3514 3693 3694 3732 secun-

2131 3763 2250 3814 dum
2279 3763 2652 3831 promissionem
2677 3764 2894 3818 lucretles
2921 3763 3113 3834 (Colat.
3147 3781 3224 3830 ιιι,
3249 3765 3342 3829 29)
3366 3784 3378 3820 :
3406 3782 3506 3820 nou
3536 3767 3694 3824 Israel

2133 3837 2420 3907 secundum
2452 3867 2685 3917 carnem,
2714 3854 2779 3908 de
2804 3869 2907 3922 quo
2932 3855 3079 3922 dicit,
3125 3852 3292 3911 Videte
3325 3855 3486 3912 Israel
3521 3874 3696 3912 secun-

2135 3943 2254 3996 dum
2280 3959 2478 3999 carnem
2501 3943 2539 4012 (I
2571 3943 2687 3998 (lor.
2718 3960 2769 4006 κ,
2799 3945 2908 4014 18).

2205 4035 2258 4088 6.
2299 4033 2447 4107 [rem
2468 4034 2546 4108 6.]
2590 4038 2835 4102 Quoniam
2856 4038 3190 4108 cogitaverunt
3209 4041 3522 4104 unanimiter,
3545 4041 3701 4097 simul

2134 4125 2369 4179 adversm
2409 4137 2455 4179 te
2497 4135 2836 4180 lestainentum
2883 4129 3270 4200 disposuerunt:
3307 4131 3452 4200 quasi
3485 4143 3698 4197 possent

2135 4231 2253 4269 esse
2279 4215 2541 4270 fortiores.
2585 4216 2978 4272 Testamentum
3010 4235 3138 4274 sane
3180 4220 3230 4273 in
3276 4220 3554 4290 Setipturis
3587 4240 3692 4279 non

2138 4305 2261 4359 illud
2289 4308 2457 4360 solum
2491 4305 2700 4372 dicitur,
2735 4308 2871 4380 quod
2916 4325 3016 4363 non
3044 4309 3182 4363 valet
3222 4310 3318 4364 nisi
3367 4313 3701 4368 testatoribus

2138 4398 2389 4457 mortuis;
2417 4396 2506 4450 sed
2535 4413 2690 4452 omne
2735 4411 2942 4470 pactum
2969 4410 3020 4454 et
3050 4401 3292 4470 placitum
3325 4409 3707 4476 testamentum

2139 4485 2414 4539 vocabant.
2445 4486 2573 4540 Nam
2599 4487 2773 4542 Laban
2799 4498 2848 4544 ct
2875 4489 3036 4544 Jaeob
3073 4499 3439 4546 testamentum
3467 4492 3704 4551 fecerunt

2145 4575 2293 4648 (Gen.
2323 4593 2465 4642 xxxi,
2495 4578 2606 4642 4i),
2635 4578 2772 4648 quod
2805 4580 2984 4651 tttique
3022 4580 3175 4635 etiam
3218 4582 3352 4637 inter
3379 4583 3526 4638 vivos
3553 4585 3701 4641 vale-

2141 4675 2333 4724 retzet
2371 4669 2769 4725 innumerabilia
2812 4671 2931 4726 talia
2975 4673 3026 4727 itt
3069 4672 3258 4729 divinis
3300 4677 3542 4747 leguntur
3583 4676 3696 4733 elo-

2141 4762 2294 4830 quiis.

2216 4851 2266 4905 Ἰ.
2309 4851 2457 4924 [vers.
2485 4853 2537 4917 7,
2562 4851 2639 4926 8.]
2681 4854 3068 4924 Deindeineipit
3087 4856 3326 4911 inimicos
3350 4855 3540 4914 Christi
3559 4875 3702 4916 com-

2145 4959 2440 4999 memorare
2477 4945 2574 5000 sub
2601 4947 2910 5015 quibusdam
2954 4949 3220 5004 vocabulis
3258 4949 3538 5006 Gentium:
3569 4971 3701 5025 quo.

2147 5051 2261 5089 rum
2289 5036 2660 5091 vocabulorum
2693 5039 3056 5108 interpretatio
3081 5042 3207 5094 satis
3229 5041 3563 5113 indicatquid
3581 5047 3705 5104 velit

2148 5126 2383 5197 intelligi.
2432 5127 2646 5183 Talibus
2685 5130 2824 5184 enim
2872 5130 3168 5184 nominibus
3209 5136 3709 5194 convenientissima

2149 5217 2436 5285 ligurantur
2461 5219 2694 5274 veritatis
2725 5219 2938 5275 inimici.
2970 5220 3181 5275 ldumzei
3210 5223 3403 5294 quippe
3444 5226 3708 5295 interpre-

2150 5317 2347 5374 tantur,
2380 5309 2462 5363 vel
2504 5309 2807 5380 Sanguiuei,
2839 5312 2918 5366 vel
2958 5311 3174 5369 Terrcni
3197 5334 3208 5368 :
3235 5317 3522 5380 Ιειιιειοιὶιςῑι,
3564 5317 3708 5375 Obe-

2150 5402 2352 5457 dientes
2374 5386 2516 5466 tsibi;
2551 5403 2726 5472 utique
2756 5420 2859 5459 non
2893 5405 3034 5460 Deo:
3057 5408 3149 5463 sed
3175 5409 3292 5464 sibi.
3321 5407 3490 5472 Moab,
3518 5409 3591 5464 lix
3614 5426 3704 5479 pa-

2153 5502 2262 5544 tre:
2294 5491 2432 5562 quod
2481 5493 2530 5547 in
2581 5495 2719 5550 malo
2760 5511 2863 5550 non
2895 5499 3198 5569 intelligitur
3225 5499 3429 5562 melius,
3462 5501 3560 5554 nisi
3586 5518 3718 5557 cum-

2153 5585 2258 5652 ipsa
2303 5584 2514 5639 historia
2554 5585 2832 5655 cogitatur.
2860 5590 3000 5658 quod
3027 5600 3173 5660 pater
3197 5589 3301 5642 Lot.
3323 5588 3441 5645 Illita
3467 5609 3574 5646 sum
3602 5593 3708 5648 illi~

2153 5679 2249 5730 rite
2282 5692 2337 5732 se
2371 5675 2532 5732 utetzti
2565 5678 2850 5748 permixtus
2889 5697 3007 5736 eum
3037 5680 3248 5750 genuit;
3274 5682 3392 5750 quia
3419 5699 3479 5737 es
3513 5685 3622 5755 ipsa
3649 5701 3720 5742 re
