4038 6208
327 337 470 393 1053

325 450 439 505 tale
477 461 666 502 nomen
697 443 896 510 accepit
919 439 1067 512 (Gen.
1084 456 1190 503 xta,
1220 438 1287 494 36
1307 448 1351 491 et
1371 438 1483 507 57).
1507 437 1681 490 Bonus
1707 444 1882 488 autem

323 549 507 610 pater,
533 535 620 592 sed
646 535 781 588 sicut
805 532 908 586 Lex
929 533 968 593 ³,
997 531 1038 584 si
1055 531 1169 599 quis
1185 545 1243 582 ea
1263 528 1489 597 legitime
1505 534 1679 580 utatur
1696 524 1735 596 (l
1761 523 1889 577 Tim.

327 649 367 695 t,
410 631 486 694 8),
510 645 610 682 non
639 629 842 680 inceste
867 636 918 677 et
945 623 1140 677 illicite.
1164 622 1404 689 Agareui,
1426 619 1698 689 Proselyti,
1723 618 1770 670 id
1793 626 1891 679 est,

327 725 584 776 advenat:
615 737 720 790 quo
749 718 960 771 uotuine
989 716 1344 783 signiticnntur
1371 714 1505 766 iu'er
1539 711 1776 765 inimicus
1804 725 1896 777 po-

328 813 439 882 puli
474 813 588 873 Dei,
623 826 727 863 non
759 809 830 863 illi
873 807 960 876 qui
1005 807 1146 859 cives
1177 807 1334 860 liunt:
1377 803 1468 856 sed
1495 803 1579 870 qui
1627 802 1677 852 in
1720 801 1896 852 animo

329 907 511 959 alieno
534 917 692 971 atque
718 899 1006 953 atlt‘eutitio
1039 907 1393 964 perseverant,
1418 905 1464 947 et
1496 891 1714 946 nocendi
1739 906 1861 944 ocea
1878 918 1893 927 -

326 998 483 1049 sione
517 996 725 1046 iuventa
753 1007 810 1043 se
839 989 1139 1044 ostendunt.
1165 988 1260 1043 Gel
1280 987 1346 1042 :tl.
1377 985 1532 1038 Vallis
1556 998 1706 1041 vana,
1727 981 1774 1033 itl
1796 991 1892 1043 est,

332 1088 595 1142 [hilariter
623 1084 867 1138 lmmilis:
899 1087 1085 1136 Amou.
1123 1079 1352 1143 Populus
1390 1079 1648 1136 turbidus,
1685 1077 1762 1126 vel
1797 1075 1898 1127 Po-

333 1176 812 1248 pnlus‘tun-rnris:
844 1173 1127 1230 Amalech,
1182 1170 1408 1234 Populus
1483 1169 1714 1236 lingeus;
1759 1165 1896 1218 unde

328 1268 457 1320 alibi
488 1267 683 1316 dictum
712 1273 810 1320 est,
849 1261 909 1314 Et
931 1261 1118 1314 inimici
1144 1261 1249 1328 ejus
1279 1269 1456 1310 terram
1480 1257 1671 1324 litigent
1727 1251 1895 1319 (Psal.

332 1374 478 1415 Lm,
519 1357 598 1416 9).
642 1354 980 1418 Alienigenw,
1008 1351 1243 1418 quamvis
1271 1357 1323 1403 et
1353 1348 1466 1414 ipso
1504 1345 1711 1397 nomine
1739 1344 1898 1396 latino

331 1464 397 1502 se
427 1448 656 1501 inzlieent
685 1447 902 1502 alienos,
936 1453 986 1496 et
1015 1444 1083 1494 ob
1107 1441 1205 1493 hoc
1233 1449 1613 1507 consequen'er
1638 1437 1896 1499 inimicos,

335 1551 514 1592 tamen
544 1538 595 1588 in
628 1535 838 1586 belmro
864 1535 1105 1586 dit-tuttur
1135 1530 1438 1590 l‘hilistiim;
1469 1528 1606 1596 quod
1637 1527 1898 1592 interpre-

335 1639 484 1682 tatur
502 1626 760 1679 Cadentes
782 1624 1012 1692 mitione,
1034 1623 1174 1674 velut
1198 1635 1330 1690 quos
1361 1615 1479 1672 fecit
1505 1617 1680 1672 ebrios
1701 1616 1899 1668 luxuria

341 1719 631 1771 surcularis.
675 1714 847 1785 Tyrus
899 1714 1070 1781 lingua
1122 1711 1327 1765 ltehrma
1370 1710 1560 1764 dieitur
1597 1709 1727 1768 Sor;
1760 1706 1899 1774 quod

341 1811 457 1864 sire
486 1809 732 1877 Augustin
753 1808 864 1860 sive
889 1805 1179 1860 'l'ribulatio
1205 1804 1592 1872 interpretetur,
1616 1800 1899 1853 secundum

339 1901 470 1956 illud
497 1899 855 1966 accipiendum
879 1906 958 1949 est
985 1896 1035 1948 iu
1069 1894 1150 1949 his
1181 1894 1402 1948 inimicis
1426 1893 1594 1961 populi
1622 1893 1730 1949 Dei.
1763 1890 1899 1958 σμιυά

337 1995 417 2047 ait
445 1992 756 2060 Apostolus:
793 1990 1066 2043 Tribulatio
1087 1999 1131 2043 et
1151 1990 1376 2057 angustia
1399 1989 1448 2040 in
1474 2003 1664 2040 omnem
1686 1987 1902 2038 animum

340 2085 563 2137 hominis
585 2081 834 2150 aperanti:
856 2079 1042 2133 malum
1072 2079 1246 2148 (llam.
1277 2094 1332 2136 II.
1360 2077 1436 2146 9).
1466 2075 1662 2131 Omnes
1688 2091 1811 2142 ergo
1851 2075 1900 2128 hi

339 2177 422 2233 sic
449 2183 826 2230 enumerantur
849 2173 896 2226 in
919 2173 1016 2224 hoe
1039 2173 1273 2240 psalmo:
1302 2171 1640 2224 Tabernaenlu
1663 2168 1905 2222 ldumtco-

338 2281 454 2318 rum
477 2276 524 2316 et
551 2262 841 2321 lsmnelitte,
875 2261 1024 2314 Moab
1049 2273 1093 2314 et
1119 2261 1354 2331 Agnreni,
1404 2259 1558 2312 Grbrtl
1597 2268 1640 2312 et
1675 2259 1834 2312 Anton
1861 2269 1903 2312 et

339 2357 604 2418 Amalech,
629 2364 673 2408 et
697 2355 986 2424 alienigena:
1013 2369 1123 2406 cum
1152 2351 1480 2405 habitantibus
1504 2350 1708 2421 Tyrum.

415 2448 466 2502 8.
511 2447 654 2518 [δίνη.
681 2445 760 2518 9.]
801 2445 864 2499 Et
882 2457 1124 2512 tanquam
1149 2444 1380 2498 iudicans
1398 2458 1608 2497 causam
1625 2458 1785 2512 quare
1802 2443 1907 2496 sint

344 2538 540 2592 inimici
591 2538 786 2607 populo
819 2537 930 2601 Dei,
961 2535 1197 2604 adjungit
1243 2545 1294 2588 et
1338 2534 1494 2588 dicit:
1529 2533 1722 2586 Etenim
1751 2535 1904 2586 Assur

345 2628 476 2680 seuit
511 2643 622 2678 cum
649 2628 767 2679 illis.
798 2626 964 2679 Assur
990 2636 1164 2679 autem
1195 2640 1286 2690 pro
1312 2624 1425 2689 ipso
1449 2622 1658 2676 diabolo
1691 2621 1907 2691 ﬁgurate

346 2716 566 2784 iuta-ll?gi
593 2715 746 2772 solet.
765 2730 852 2784 qm
876 2722 1122 2783 operatur
1146 2713 1196 2766 in
1226 2713 1344 2764 liliis
1369 2711 1670 2766 difﬁdentia:
1690 2711 1904 2782 (Ep/tes.

347 2821 405 2863 tt,
439 2805 522 2872 ἓ),
553 2816 799 2872 tauquam
829 2804 876 2856 in
907 2805 1046 2856 vasis
1075 2804 1203 2860 suis,
1232 2813 1287 2854 ut
1324 2812 1624 2870 oppugnent
1660 2804 1905 2871 pupulum

345 2894 461 2948 Dei.
489 2895 635 2946 Facti
663 2903 799 2957 sunt,
829 2895 1015 2962 inquit,
1060 2895 1109 2946 in
1153 2893 1458 2964 adjutorinm
1485 2893 1600 2958 [iliis
1631 2891 1719 2944 Lat
1742 2909 1760 2945 :
1789 2885 1908 2958 qlt'i'a

344 3001 534 3038 ottmes
561 2986 778 3048 inimici,
817 2995 1069 3052 operante
1107 2985 1156 3036 in
1203 2997 1261 3037 se
1299 2983 1534 3053 principe
1559 2997 1654 3036 suo
1679 2983 1906 3048 diabolo,

345 3077 467 3146 {acti
488 3078 676 3129 suntin
703 3075 1007 3148 atljutorium
1029 3076 1146 3143 ﬁliis
1171 3073 1282 3135 Lat,
1307 3074 1396 3143 qui
1421 3074 1908 3140 interpreiatnrllc-

347 3171 568 3221 elinaus.
614 3168 799 3235 Angeli
845 3177 1018 3221 autem
1065 3164 1336 3236 apostatici
1383 3164 1515 3218 bene
1557 3153 1912 3233 intelliguntur

349 3269 594 3327 L’tthmllll
643 3258 730 3310 lilii
771 3257 1164 3317 declinationis;
1198 3271 1224 3307 a
1260 3254 1478 3308 veritate
1521 3254 1712 3323 quippe
1751 3254 1912 3308 decli-

349 3349 546 3422 nando,
574 3347 624 3399 in
657 3347 960 3400 satellitium
983 3345 1174 3398 diaboli
1207 3345 1578 3398 discesserunt.
1611 3343 1669 3396 lli
1701 3355 1816 3396 sunt
1845 3343 1912 3398 de

349 3439 541 3505 quibus
584 3437 710 3490 dicit
751 3435 1071 3502 Apostolus:
1110 3451 1127 3484 ο
1163 3433 1272 3486 Non
1315 3443 1393 3487 est
1432 3433 1578 3485 vobis
1616 3433 1912 3486 colluctatio

347 3531 607 3582 adversus
634 3542 845 3580 carnem
877 3537 928 3579 ct
954 3525 1257 3593 sanguinem
1279 3541 1293 3587 ;
1320 3524 1410 3576 sed
1442 3525 1692 3577 adversus
1717 3524 1912 3594 princi-

349 3635 448 3689 pes
483 3630 535 3672 et
567 3626 850 3685 potestates
878 3627 931 3668 et
960 3626 1196 3668 rectores
1223 3613 1400 3666 umudi
1433 3613 1763 3666 tenebrarum
1815 3611 1910 3664 ha-

299 3734 302 3735 '
351 3726 495 3770 rum,
523 3709 776 3761 adversus
796 3705 1078 3772 Spiritualia
1107 3703 1348 3771 nequitia:
1367 3703 1414 3756 in
1433 3701 1733 3757 coelestibus
1758 3721 1776 3753 υ
1804 3701 1912 3772 (Id.

352 3816 426 3856 η.
461 3798 573 3867 12).
606 3797 968 3865 Quapropter”
997 3795 1124 3848 istos
1153 3793 1442 3848 imisihiles
1489 3793 1730 3846 inimicos
1771 3793 1917 3862 adju-

355 3900 485 3943 vant
511 3889 747 3942 homines
781 3885 1036 3948 iulideles,
1081 3886 1130 3938 iu
1175 3885 1362 3955 quibus
1407 3895 1695 3954 operantur
1721 3884 1788 3938 ad
1819 3900 1917 3953 op-

357 3979 691 4051 pugnandum
725 3976 972 4045 pOptIlttllt
1005 3975 1116 4028 Dei.

424 4075 486 4132 9.
529 4072 673 4144 (vers.
710 4069 919 4141 1043.]
956 4069 1071 4124 .lam
1103 4083 1241 4121 nunc
1270 4066 1542 4120 videamus
1573 4065 1693 4134 quid
1722 4066 1917 4135 impre-

354 4162 530 4220 cetur'
565 4163 898 4232 propheticus
944 4162 1180 4230 Spiritus,
1241 4159 1404 4227 magis
1448 4158 1736 4226 prmdicens
1763 4175 1918 4227 quam

359 4257 704 4311 maledicens.
739 4253 843 4307 Fac
872 4255 992 4316 illis,
1022 4253 1205 4322 inquit,
1238 4253 1364 4306 sicut
1400 4249 1610 4303 Madian
1637 4260 1679 4303 et
1707 4249 1917 4314 Sisarte,

358 4349 490 4401 sicut
517 4345 667 4399 Jabin
709 4347 758 4399 in
798 4354 1013 4398 torrente
1055 4341 1225 4397 Cison.
1261 4341 1600 4410 Disperiernnt
1641 4341 1690 4391 in
1723 4337 1918 4403 Endor,

362 4438 487 4510 {acti
510 4446 621 4491 sunt
649 4447 701 4490 ut
728 4446 912 4490 stercus
943 4443 1103 4487 teme.
1147 4431 1255 4486 llos
1293 4446 1478 4484 omnes
1515 4429 1800 4484 secumlum
1846 4428 1925 4481 hi-

360 4530 580 4583 storiam
616 4527 833 4597 populus
877 4525 1058 4587 Israel,
1100 4524 1189 4593 qui
1236 4532 1357 4576 tunc
1395 4531 1510 4575 erat
1549 4520 1768 4590 pepulus
1811 4519 1922 4584 υνί,

360 4620 651 4676 debellavit
690 4629 741 4673 et
779 4619 930 4681 vicit;
971 4616 1106 4669 sicut
1152 4613 1308 4669 etiam
1349 4613 1466 4666 illos
1503 4627 1637 4681 quos
1680 4610 1927 4679 deinceps

361 4718 767 4773 commemorat,
793 4708 994 4772 dicens,
1018 4705 1157 4759 Pone
1171 4704 1417 4774 principes
1438 4717 1606 4755 eorum
1626 4701 1752 4755 sicut
1777 4700 1925 4765 Urrb,

363 4815 414 4859 et
442 4803 566 4867 Zeb,
596 4813 640 4856 et
665 4801 840 4865 Zebee,
865 4811 907 4853 et
935 4798 1179 4853 Salmana
1218 4795 1409 4868 (Judic.
1437 4801 1508 4856 ιν,
1540 4809 1630 4857 vn,
1673 4793 1804 4861 rm).
1842 4791 1927 4845 lu-

367 4893 772 4962 tcrpretationes
800 4901 973 4944 autem
999 4902 1181 4942 eorum
1209 4885 1476 4939 nominum
1506 4883 1620 4936 ista:
1645 4891 1767 4935 sunt
1787 4899 1799 4934 :
1823 4881 1928 4934 'lla-

366 4987 494 5040 dian
523 4986 893 5051 interpretatur
923 4979 1199 5035 Decliuans
1240 4976 1528 5046 judicium;
1559 4975 1755 5038 Sisara,
1790 4971 1932 5027 Gau-

369 5073 940 5141 diiesclusio;1abin,
971 5071 1215 5140 Sapiens.
1269 5067 1372 5123 Sed
1421 5068 1471 5121 in
1518 5066 1598 5120 his
1641 5065 1866 5118 inimicis
1902 5079 1932 5117 a

372 5167 570 5238 populo
597 5165 687 5220 Dei
714 5163 992 5234 superatis,
1021 5161 1106 5216 ille
1128 5157 1496 5228 intelligendus
1521 5167 1602 5212 est
1622 5157 1851 5223 sapiens,
1871 5153 1935 5207 de

371 5276 483 5330 quo
507 5258 787 5330 Apostolus
814 5254 972 5310 dicit:
1011 5253 1106 5308 Ubi
1133 5251 1367 5323 sapiens?
1391 5250 1472 5304 ubi
1495 5248 1696 5303 scriba?
1716 5247 1796 5301 ubi
1819 5264 1937 5301 con-

370 5353 583 5414 quisitor
629 5350 777 5419 hujus
803 5347 970 5401 seaculi
1011 5345 1051 5415 (l
1079 5345 1192 5400 Cor.
1223 5359 1259 5407 t,
1302 5342 1435 5412 20)?‘
1464 5340 1624 5406 Ot'eb,
1677 5339 1932 5394 Siccitas:

373 5443 510 5508 Ζεῦ,
542 5443 748 5511 Lupus:
774 5439 964 5504 Zebee,
992 5436 1232 5500 Victima,
1261 5433 1350 5488 sed
1380 5434 1514 5500 lupi;
1547 5432 1702 5486 habet
1723 5431 1862 5486 enim
1887 5440 1940 5483 et

444 5585 459 5610 ι
487 5580 559 5628 sic
571 5585 674 5627 Mss.
703 5583 754 5625 At
775 5583 908 5633 t.ov.,
926 5574 1070 5623 bonus
1091 5576 1248 5621 autem
1269 5577 1404 5634 pater
1429 5576 1541 5630 Lex,
1573 5566 1657 5618 sed
1681 5564 1801 5616 sicut
1845 5576 1941 5626 [μου

374 5639 624 5708 stulttseit,
650 5639 692 5688 si
709 5638 829 5708 quis,
857 5645 951 5708 etc.
988 5702 1022 5708 __
1069 5701 1102 5708 __
1138 5706 1151 5708 ξ
1340 5683 1655 5708 ΛΜΨ-ψῃ,
1694 5686 1766 5708 ’,ιε
1829 5683 1912 5708 nm.

654 5686 936 5762 ijtt'ia’istos.
978 5702 1030 5746 At
1069 5701 1172 5744 Mss.
1211 5691 1305 5752 alii,
1335 5686 1655 5754 Quopt'Opter;
1693 5686 1784 5748 alii,
1827 5686 1941 5747 (mia

375 5769 586 5826 proptr.

1408 321 1794 380 ENARRATIO
1829 322 1892 376 ΙΝ
1931 321 2246 377 PSALMUM
2286 320 2541 375 LXXXII.

3413 323 3544 379 1055

2007 434 2116 500 ipse
2165 433 2400 486 victimas
2451 448 2605 485 suas:
2642 431 2903 492 Salmana,
2939 431 3131 488 Umbra
3158 436 3548 492 commotionis.

2002 523 2124 578 llrc
2149 524 2320 576 omnia
2351 531 2639 589 eongruunt
2667 522 2834 582 malis,
2870 538 3000 590 quos
3029 523 3079 576 in
3109 524 3245 577 bono
3273 526 3428 580 vincit
3451 542 3547 595 po-

1998 613 2151 681 pulus
2183 612 2292 665 Dei.
2337 612 2497 664 Porro
2539 620 2710 662 autem
2747 611 2923 675 Cison,
2957 613 3006 682 ip
3037 629 3138 677 quo
3167 623 3400 668 torrente
3429 618 3550 670 victi

2001 715 2137 765 sunt,
2170 703 2541 771 interpretatur
2580 701 2771 752 Duritia
2799 718 2996 753 eorum.
3029 703 3228 759 Endor.
3261 687 3344 757 ubi
3369 706 3551 776 peric-

1978 787 2141 856 'runt,
2171 793 2538 858 interpretatur
2564 789 2699 842 Fons
2719 791 3085 857 generationis,
3116 793 3205 843 sed
3239 795 3413 862 utique
3433 810 3550 849 ear-

2000 886 2155 941 nalis.
2189 884 2269 935 eui
2299 883 2456 934 dediti
2483 881 2742 948 perierunt
2768 897 2780 931 :
2807 897 2905 932 nou
2929 892 3169 934 curantes
3193 886 3550 942 regeneratio-

2003 992 2143 1037 nem,
2167 989 2280 1042 quzl‘.
2313 973 2547 1040 perducit
2573 971 2633 1022 ad
2668 972 2844 1029 vitam,
2879 971 2960 1022 ubi
2993 986 3091 1023 nou
3135 975 3349 1032 nubent,
3383 989 3552 1042 neque

2003 1082 2197 1118 uxores
2227 1067 2411 1116 tltlt't‘ltl
2435 1080 2448 1123 ;
2475 1081 2574 1113 non
2599 1065 2738 1115 enim
2764 1062 3001 1129 incipient
3031 1065 3159 1115 mori
3180 1063 3323 1129 (an.
3348 1081 3433 1118 xx.
3459 1066 3554 1128 55,

2003 1158 2114 1226 Eli).
2148 1156 2329 1207 Merito
2358 1170 2481 1219 ergo
2501 1156 2565 1206 de
2589 1155 2666 1207 his
2695 1154 2887 1205 dit-lum
2917 1167 3014 1217 est,
3050 1153 3190 1206 Facti
3219 1167 3328 1208 sunt
3357 1168 3405 1207 nt
3427 1167 3552 1210 ster-

2001 1261 2089 1296 t'us
2113 1256 2287 1304 terrm;
2310 1245 2373 1295 de.
2402 1245 2588 1311 quibus
2615 1244 2735 1295 nihil
2767 1256 3100 1312 propagatum
3132 1255 3229 1305 est,
3258 1247 3352 1298 uisi
3383 1256 3551 1300 terre-

2003 1349 2067 1386 lta
2097 1333 2405 1385 let'tttulitas.
2432 1333 2572 1383 δία-ιιι
2601 1348 2724 1400 ergo
2748 1333 2759 1385 i
2787 1334 2816 1384 lt
2845 1349 3027 1386 mnu-'s
3055 1336 3103 1386 itt
3135 1338 3292 1402 ligttt'a
3321 1338 3552 1403 superati

2002 1435 2123 1476 sunt
2152 1439 2178 1474 a
2205 1426 2390 1490 populo
2421 1424 2537 1486 ltei;
2570 1424 2644 1475 sic
2667 1424 2792 1476 istos
2815 1425 3050 1477 inimicos
3079 1436 3317 1491 precatur
3340 1426 3388 1478 in
3419 1426 3554 1479 veri-

2004 1523 2107 1566 tate
2134 1529 2243 1578 supo
2267 1515 2388 1566 rari.

2077 1604 2162 1658 10.
2207 1602 2408 1666 Omnes,
2455 1603 2638 1670 inquit,
2669 1604 2914 1672 principes
2954 1619 3142 1664 eorum,
3179 1606 3263 1674 qui
3303 1605 3550 1674 dixerunt,

2007 1693 2309 1746 lla’reditute
2337 1695 2675 1763 possideanms
2704 1695 3040 1747 sanetuurinm
3074 1693 3182 1748 Dei.
3218 1696 3328 1762 ipse
3353 1705 3433 1749 est
3471 1711 3556 1750 so~

2006 1784 2145 1836 nitus
2173 1783 2363 1841 in.mis,
2392 1798 2513 1850 (μευ,
2546 1791 2595 1832 ut
2629 1798 2783 1850 supra
2808 1783 3000 1835 dictum
3026 1793 3125 1845 est,
3153 1784 3342 1836 inimici
3375 1786 3449 1838 tui
3472 1801 3554 1838 so-

2005 1884 2238 1926 nuerunt.
2266 1873 2625 1926 Sauetnarium
2655 1881 2828 1925 autem
2871 1873 2961 1926 Dei
3001 1873 3121 1941 quit
3161 1873 3553 1943 intelligendum

2005 1973 2104 2024 est,
2139 1963 2236 2015 nisi
2269 1963 2514 2030 tetnplum
2562 1962 2670 2026 Dei,
2715 1964 2781 2017 de
2822 1979 2924 2030 quo
2969 1963 3247 2030 Apostolus
3277 1965 3379 2017 ait:
3407 1964 3553 2020 Tem-

2006 2057 2140 2122 plum
2168 2055 2295 2106 enim
2329 2052 2422 2106 Dei
2450 2064 2671 2106 sanctum
2719 2065 2805 2116 est,
2837 2055 2969 2124 quod
2997 2055 3110 2108 estis
3155 2071 3236 2109 ros
3269 2055 3307 2124 (I
3331 2054 3445 2110 Cor.
3480 2072 3552 2121 III,

2008 2143 2279 2210 17)?Nam
2301 2144 2424 2213 quid
2447 2144 2584 2196 aliud
2618 2145 2833 2206 inittlit'i,
2867 2145 2961 2197 nisi
2995 2145 3239 2212 populqu
3275 2146 3360 2198 llei
3387 2147 3554 2215 possi-

2007 2236 2152 2295 dere,
2183 2236 2229 2288 id
2258 2246 2357 2300 est,
2381 2235 2660 2304 subjugare
2683 2236 2984 2301 moliuntur,
3015 2247 3066 2289 ut
3092 2237 3272 2290 ccdat’
3299 2239 3348 2291 in
3376 2254 3556 2293 eorum

2008 2327 2194 2396 impias
2225 2326 2546 2380 voluntates?
3027 2337 3034 2344 '

2081 2421 2163 2472 1|.
2205 2418 2351 2490 [βενε.
2386 2416 2494 2488 11.]
2532 2416 2632 2472 Sed
2660 2417 2782 2486 quid
2809 2418 3077 2486 sequitur?
3100 2419 3228 2473 Dens
3250 2435 3404 2483 meus,
3433 2436 3558 2490 pana

2006 2513 2120 2564 illos
2143 2521 2192 2564 nt
2214 2521 2388 2563 rotam.
2418 2511 2804 2563 (la-nveniantur
2832 2509 3039 2577 quidem
3078 2511 3346 2577 aceipttnr,
3373 2521 3424 2562 ut
3453 2526 3555 2566 non

2007 2604 2106 2657 sint
2137 2603 2186 2654 in
2216 2618 2280 2656 eo
2309 2601 2444 2670 quod
2475 2602 2700 2666 Cogitant
2728 2601 2973 2663 stabiles;
3015 2610 3372 2656 γαγιιιιιιεηιὶῡη
3399 2605 3556 2660 etiam

2008 2693 2084 2746 sic
2113 2703 2252 2746 recte.
2284 2707 2436 2761 posse
2465 2689 2678 2759 intelligi
2706 2690 2969 2752 existimo,
3008 2689 3144 2743 Pone
3162 2692 3274 2745 illos
3301 2703 3353 2744 ut
3378 2703 3558 2760 rotam,

2009 2785 2146 2848 quod
2177 2791 2286 2834 rota
2314 2800 2374 2835 ex
2401 2782 2480 2834 bis
2505 2799 2620 2850 qua:
2649 2790 2788 2834 retro
2813 2790 2932 2834 Sunt
2953 2783 3238 2843 extollitur,
3262 2799 3324 2838 ex
3347 2783 3425 2836 his
3446 2802 3564 2852 qua:

2011 2875 2135 2926 anie
2156 2885 2271 2924 sum
2295 2873 2536 2952 thsjieitnr
2556 2891 2567 2925 :
2591 2873 2666 2926 sic
2691 2872 2818 2925 liuut
2837 2888 3018 2928 omnes
3041 2873 3230 2928 inimici
3253 2875 3428 2946 populi
3451 2877 3560 2930 Dei.

2012 2962 2124 3018 Non
2151 2961 2286 3015 enim
2304 2967 2434 3015 -'ha't‘
2455 2953 3146 3041 hyiﬂllﬂiRtr‘itrmﬂtt‘lttllo
3174 2977 3270 3018 est.
3313 2968 3565 3037 Adjungit

2011 3057 2201 3107 etiam:
2232 3053 2372 3106 Sicut
2405 3047 2642 3119 stipatam
2669 3046 2983 3120 anteferrem
3025 3057 3170 3108 venti.
3204 3056 3408 3111 Faciem
3439 3057 3565 3113 dicit

1995 3143 2376 3202 ‘iiris'titlt‘lam:
2407 3162 2521 3197 nam
2549 3161 2664 3211 tum:
2691 3146 2847 3199 facies
2872 3157 2949 3197 est
2990 3147 3152 3206 venti,
3200 3147 3281 3199 cui
3328 3148 3467 3200 nulla
3498 3149 3563 3202 li-

1979 3257 1982 3259 ·
2013 3225 2286 3289 ﬂanimeum
2319 3235 2724 3317 sttui'corpot‘is,
2754 3239 2870 3289 dum
2894 3236 2968 3288 ait.
2989 3247 3178 3296 uulnus.
3209 3238 3257 3290 id
3293 3249 3386 3297 est.
3415 3240 3564 3308 quasi

2015 3326 2199 3380 llttcltts
2226 3329 2393 3382 aeris?
2417 3310 2946 3397 [louit'tir’atttent’p'iic
2971 3323 3274 3398 téntatioue,
3304 3346 3407 3399 qua
3436 3331 3564 3385 levia

2013 3428 2066 3472 et
2090 3419 2256 3471 inania
2289 3419 2444 3472 corda
2470 3422 2770 3484 rapiuntur:

2087 3509 2170 3562 1'2.
2214 3507 2357 3580 [vers
2392 3510 2479 3570 15,
2510 3507 2621 3579 16.]
2663 3509 2946 3562 Levitatem
2966 3525 3138 3576 porro,
3159 3525 3257 3577 qua
3286 3510 3570 3565 lacileeou-

2017 3600 2240 3653 sentitur
2286 3599 2349 3652 ad
2397 3597 2560 3662 mala,
2604 3600 2775 3667 gravis
2819 3601 3054 3668 sequitur
3097 3602 3384 3664 cruciatus;
3433 3601 3571 3655 mule

2018 3691 2263 3759 deinceps
2283 3691 2501 3744 dicitur:
2532 3691 2671 3744 Sicut
2691 3691 2824 3761 ignis
2850 3691 2931 3759 qui
2957 3691 3197 3744 comburit
3226 3693 3420 3756 sileam,
3445 3693 3572 3746 sicut

2018 3785 2224 3852 ﬂamma
2250 3784 2537 3836 comburens
2566 3794 2784 3846 utentes;
2806 3783 2872 3833 ita
2904 3784 3204 3850 persequeris
3233 3783 3343 3834 illos
3373 3784 3421 3836 in
3448 3793 3572 3837 tem-

2020 3883 2206 3942 pestate
2241 3882 2346 3936 tua,
2373 3883 2418 3924 et
2443 3872 2496 3926 in
2523 3872 2597 3924 ira
2639 3883 2723 3924 tua
2763 3872 3074 3924 conturbabis
3099 3889 3197 3924 eos.
3228 3871 3419 3925 Silvam
3446 3873 3574 3928 dixit

2023 3973 2232 4030 propter
2257 3963 2605 4024 Sterilitatcm,
2634 3971 2838 4016 montes
2864 3973 3072 4032 propter
3101 3963 3380 4018 elationem
3409 3981 3420 4017 :
3447 3965 3575 4020 tales

2022 4054 2161 4106 cnim
2189 4062 2307 4105 sunt
2338 4053 2530 4107 inimici
2564 4054 2737 4120 populi
2789 4053 2906 4117 Dei;
2953 4054 3135 4108 inanes
3171 4055 3404 4122 iustitiae,
3439 4057 3577 4125 plettl

2023 4143 2285 4212 superbia.
2330 4144 2502 4213 Ignem
2551 4158 2674 4196 vero
2699 4152 2750 4198 et
2789 4144 3048 4197 ﬂammam
3081 4146 3282 4206 (lieens,
3315 4146 3413 4199 hoc
3441 4147 3575 4200 idem

2022 4238 2124 4289 alio
2159 4237 2369 4298 nomine
2396 4236 2653 4304 repetivit,
2685 4250 2788 4304 quo
2831 4236 3043 4303 intelligi
3071 4236 3230 4289 voluit
3257 4237 3575 4304 judica‘ntcm

2024 4337 2179 4398 atque
2202 4331 2499 4396 punientem
2526 4327 2706 4380 Demn.
2730 4327 2876 4392 Quod
2905 4337 3075 4380 autem
3098 4326 3193 4390 ait,
3223 4327 3272 4380 in
3300 4338 3583 4398 tempestate

2027 4428 2142 4482 tua;
2191 4418 2290 4472 hoc
2336 4417 2472 4471 idem
2519 4427 2903 4486 censi-quenter
2935 4418 3173 4482 exposuit
3203 4417 3401 4478 dicens,
3427 4418 3478 4470 in
3505 4419 3585 4472 ira

2027 4518 2145 4563 tua:
2166 4517 2218 4563 et
2245 4507 2380 4573 quod
2408 4522 2563 4578 supra
2595 4507 2744 4570 dixit,
2781 4508 3081 4577 persequeris
3110 4523 3226 4568 eos;
3255 4507 3353 4561 hoc
3376 4518 3583 4578 postea,

2028 4597 2342 4652 conturbabis
2362 4614 2464 4651 eos.
2497 4596 2880 4650 Memineriums
2905 4611 3030 4648 sane
3061 4595 3189 4648 iram
3222 4597 3308 4650 Dei
3335 4597 3448 4650 sine
3477 4598 3584 4652 ulla

2029 4690 2304 4744 allectione
2331 4689 2624 4742 turbulenta
2653 4687 2972 4755 intelligere:
3006 4687 3076 4739 ira
3103 4687 3293 4754 quippe
3317 4686 3430 4757 ejus
3455 4687 3586 4741 dici-

2032 4791 2132 4846 tur,
2165 4783 2296 4835 r::tio
2319 4781 2452 4849 justa
2483 4779 2754 4842 vindictae;
2789 4787 3029 4847 tauquam
3058 4778 3098 4830 si
3129 4778 3208 4832 lex
3237 4778 3441 4832 dicatur
3478 4777 3585 4830 ira-

1996 4893 1998 4896 ·
2033 4873 2130 4936 sci,
2157 4887 2276 4925 cum
2307 4867 2531 4924 ministri
2574 4870 2687 4936 ejus
2729 4866 3016 4922 secundum
3043 4882 3158 4921 eam
3187 4867 3433 4922 commoti
3474 4865 3585 4919 vin-

2034 4963 2228 5016 dicant.

2111 5053 2174 5106 15
2225 5048 2371 5122 [vers.
2398 5045 2602 5119 1749.]
2627 5045 2806 5117 Imple,
2837 5046 3018 5116 inquit,
3045 5046 3196 5114 facies
3233 5063 3399 5099 eorum
3446 5045 3591 5115 igno-

2037 5142 2209 5202 minia,
2233 5151 2276 5194 et
2298 5151 2516 5209 quwrent
2547 5155 2721 5192 nomen
2746 5149 2882 5191 tuum
2905 5179 2917 5201 ,
2956 5137 3181 5190 Domine.
3208 5135 3314 5189 lloc
3341 5149 3466 5187 sane
3489 5134 3589 5188 illis

2041 5239 2230 5286 bonum
2275 5241 2327 5284 et
2356 5230 2582 5298 Optabile
2627 5230 2963 5298 prOphetatur
2992 5245 3003 5280 :
3031 5244 3123 5282 nec
3156 5225 3588 5296 propltetaretur,

2041 5321 2138 5375 nisi
2195 5329 2369 5374 essent
2422 5319 2470 5372 in
2520 5335 2578 5371 ea
2624 5319 2871 5373 societate
2906 5317 3228 5370 inimicorum
3272 5315 3442 5386 populi
3498 5315 3589 5371 Dei

2041 5412 2193 5465 etiam
2225 5410 2352 5464 tales
2383 5410 2654 5473 homines,
2685 5408 2872 5477 quibus
2907 5407 3005 5460 hoc
3041 5413 3161 5458 ante
3192 5403 3426 5459 ultimum
3455 5403 3594 5476 judi-

2042 5501 2176 5555 cium
2201 5508 2566 5569 prwstaretur;
2596 5497 2715 5566 quia
2767 5505 2819 5550 et
2858 5510 2991 5548 nunc
3035 5493 3169 5547 idem
3214 5495 3308 5564 ipsi
3356 5503 3494 5558 sunt,
3544 5503 3594 5548 et

2045 5592 2212 5662 ipsum
2244 5605 2433 5659 corpus
2460 5598 2540 5644 est
2581 5588 2904 5642 inimicorum
2937 5585 3222 5642 secundum
3254 5587 3586 5642 invidentiam

2112 5744 2126 5775 ⁸
2153 5742 2223 5793 sic
2247 5747 2350 5790 Mss.
2379 5747 2430 5792 At
2453 5739 2582 5802 edd.,
2607 5738 2764 5790 cadat.
