4024 6210
483 303 614 360 «οδε

477 433 578 485 qua
607 413 917 468 muniantur
947 412 1189 481 populum
1222 405 1332 461 Dei.
1364 407 1429 460 Et
1466 423 1602 460 nunc
1621 447 1634 469 ,
1664 405 1746 458 ubi
1777 416 2024 474 possunt,

479 517 533 561 et
581 513 769 560 sonant
816 513 868 559 et
922 502 1095 556 levant
1135 506 1323 567 caput;
1377 497 1467 552 sed
1514 495 1877 565 particulatim,
1925 511 2028 548 non

483 595 880 658 universnliter,
909 595 1042 646 sicut
1071 591 1120 643 in
1151 589 1252 643 ﬁne
1293 587 1488 652 saeculi,
1534 587 1818 641 novissimo
1855 587 2031 641 immi-

482 687 868 756 nentejudicio.
901 684 1096 738 Tamen
1125 681 1292 748 ipsum
1315 695 1504 748 corpus
1525 687 1610 734 est
1656 687 1709 733 et
1751 677 1802 732 in
1834 679 1916 731 his
1942 677 2030 747 qui

484 779 603 832 inde
630 776 875 832 credituri
908 783 1049 837 sunt,
1086 784 1242 842 alque
1272 773 1322 825 in
1357 786 1546 840 corpus
1591 771 1730 825 aliud
1767 770 2031 825 transituri

483 870 689 934 (horum
717 867 856 921 enim
887 865 1042 919 facies
1071 863 1347 918 salubriter
1374 862 1621 929 impletur
1645 861 1947 928 ignominia,
1977 869 2034 914 ut

478 966 714 1029 quaerant
734 973 921 1012 nomen
955 954 1204 1026 Domini);
1231 963 1285 1009 et
1311 955 1358 1007 in
1391 953 1492 1008 illis
1511 953 1598 1022 qui
1626 953 1854 1022 usquein
1875 951 2030 1006 linem

480 1055 527 1104 in
559 1051 741 1105 eadem
771 1050 964 1103 malitia
989 1055 1346 1116 perseverant,
1365 1046 1450 1114 qui
1481 1053 1745 1112 ponuntur
1760 1052 1817 1097 ut
1844 1043 2032 1113 stipula

476 1150 600 1194 ante
627 1140 810 1194 faciem
835 1137 972 1192 venti
997 1178 1010 1198 .
1042 1147 1096 1191 et
1122 1137 1265 1189 silva:
1294 1134 1660 1203 montibusque
1695 1133 2034 1188 infructuosis

476 1235 676 1288 similes
720 1234 1113 1288 comburuntur.
1169 1231 1246 1285 Ad
1298 1244 1430 1297 quos
1481 1227 1656 1282 denuo
1716 1227 2030 1290 revertitur,

477 1324 657 1376 dicens
685 1340 697 1375 :
734 1322 1058 1385 Erubescant,
1085 1330 1129 1374 et
1155 1318 1504 1374 conturbentur
1530 1320 1582 1370 in
1609 1321 1844 1370 amulum
1872 1333 2031 1370 sa'cu-

475 1416 530 1467 li.
564 1414 674 1468 Non
724 1414 863 1468 enim
905 1417 954 1466 in
1004 1413 1252 1465 szeculum
1298 1410 1473 1465 s:eculi
1524 1409 1901 1463 conturbantur
1943 1409 2031 1477 qui

475 1517 715 1574 qua-runt
740 1521 929 1558 nomen
956 1505 1157 1558 Domini
1181 1521 1194 1565 ;
1218 1502 1310 1558 sed
1333 1502 1675 1570 respicientes
1692 1499 2030 1570 ignominiam

479 1605 806 1665 peccatorum
842 1609 1074 1656 suorum,
1105 1594 1167 1646 ad
1199 1594 1294 1646 hoc
1309 1591 1703 1654 conturbantur,
1723 1598 1779 1644 ut
1797 1599 2034 1660 quzerant

477 1705 667 1745 nomen
700 1690 922 1753 Domini,
951 1703 1043 1757 per
1070 1687 1207 1754 quod
1232 1703 1333 1740 non
1359 1687 1754 1741 conturbentur.

547 1782 635 1836 14.
666 1781 973 1848 Rursusque
1001 1779 1064 1832 ad
1095 1779 1190 1832 bos
1217 1777 1370 1838 redit,
1408 1777 1494 1844 qui
1541 1777 1591 1830 in
1636 1777 1818 1829 eadem
1861 1777 2032 1830 socie-

480 1881 586 1926 tate
621 1872 946 1925 inimicorum
977 1870 1041 1924 ad
1074 1870 1172 1923 hoc
1210 1867 1564 1924 coniundendi
1611 1876 1756 1934 sinit,
1797 1883 1861 1922 ne
1907 1882 2036 1922 con-

476 1963 756 2016 fundantur
780 1963 828 2014 in
860 1972 1110 2015 mternnm
1129 1977 1142 2023 ;
1161 1970 1213 2013 et
1239 1959 1301 2014 ad
1322 1959 1419 2013 hoc
1439 1958 1690 2028 perdendi
1715 1960 1762 2010 in
1782 1969 2032 2028 quantum

477 2054 600 2109 mali
626 2063 781 2118 sunt,
810 2061 866 2106 ut
891 2053 1008 2106 boni
1039 2051 1158 2105 facti
1191 2051 1537 2124 inveniantur
1573 2049 1623 2102 in
1657 2059 1928 2103 aeternum.
1961 2049 2036 2104 De

480 2144 563 2198 his
593 2143 732 2198 enim
761 2158 878 2197 cum
907 2141 1119 2196 dixisset
1147 2183 1162 2206 ,
1193 2140 1256 2194 Et
1284 2140 1687 2210 confundantur,
1723 2148 1770 2192 et
1801 2149 2035 2206 pereant;

479 2239 654 2290 statim
685 2237 925 2303 subjecit,
961 2235 1025 2290 Et
1055 2245 1351 2307 cognoscant
1379 2236 1495 2304 quia
1523 2250 1700 2287 nomen
1738 2233 1822 2286 tibi
1855 2233 2036 2286 Domi-

482 2344 608 2391 nus;
634 2337 686 2380 tu
711 2329 845 2380 solus
865 2329 1133 2382 altissimus
1157 2328 1206 2380 in
1234 2327 1368 2380 omni
1397 2335 1528 2380 terra
1560 2340 1578 2377 :
1601 2324 1665 2377 ad
1695 2325 1827 2376 hanc
1851 2323 2035 2392 cogni-

480 2419 673 2470 tionem
705 2419 974 2473 venientes
1013 2419 1088 2472 sic
1118 2416 1536 2481 confundantur,
1568 2423 1625 2468 ut
1658 2413 1925 2481 placeant;
1963 2413 2039 2466 sic

477 2518 714 2576 pereant,
747 2519 804 2563 ut
830 2515 1188 2579 permaneant.
1221 2507 1529 2578 Cognoscant
1551 2545 1565 2568 ,
1596 2504 1778 2574 inquit,
1803 2503 1921 2574 quia
1949 2518 2040 2555 no-

477 2618 589 2654 men
618 2601 705 2654 tibi
729 2601 969 2656 Dominus
992 2618 1010 2654 :
1032 2610 1275 2670 tanquam
1307 2613 1410 2652 non
1438 2613 1563 2651 vero
1588 2612 1686 2652 nec
1712 2612 1808 2650 suo
1827 2595 2038 2649 nomine

485 2703 852 2758 nuncupentur
912 2691 1226 2760 quicumque
1279 2690 1364 2742 alii
1416 2687 1611 2742 domini
1671 2686 2037 2746 nominantur;

479 2781 726 2848 quoniam
754 2782 1013 2836 serviliter
1036 2781 1370 2844 dominantur
1389 2821 1403 2845 ,
1433 2788 1486 2832 et
1507 2794 1630 2832 vero
1654 2777 1876 2832 Domino
1895 2791 2042 2859 coni.-
2065 2834 2082 2850 .
2111 2843 2128 2859 .

483 2846 646 2943 ’⁵³⁸⁸³⁸⁵
676 2887 771 2928 "ec
791 2872 986 2926 ί¹⁰¹¹¹ί¹¹⁵
1024 2881 1144 2926 ευηε
1174 2889 1188 2925 ε
1219 2870 1583 2954 Senam“:
1613 2877 1726 2954 est.
1747 2866 1886 2954 ε’ξςο
1912 2846 2134 2954 iiii-3."

447 3031 453 3038 ,
479 2940 570 3037 qui
598 2985 706 3021 sunt
738 2967 924 3039 (Exod.
956 2983 1031 3030 ιιι,
1659 2940 2042 3032 simias-imi!
2080 2940 2098 2973 ⁵

481 3032 614 3112 iacta
645 3032 800 3119 sunt,
823 3060 866 3111 si
895 3032 1263 3126 comparenitir
1278 3032 1350 3111 °ei
1370 3032 1396 3108 ii
1416 3036 1534 3125 ifu'o.
1547 3032 1690 3108 iacta
1715 3060 1872 3137 sunt._
1888 3049 2039 3137 Quod
2059 3106 2076 3121 ,

484 3166 610 3203 vero
635 3150 892 3219 adjunxit,
927 3159 979 3202 tu
1019 3125 1154 3204 solus
1191 3147 1474 3236 ἀιιζδεξηευξ
1501 3147 1554 3214 in
1570 3125 2043 3236 ρηυΐὶοςὰξᾶὲξςζ

483 3243 616 3296 sicut
644 3243 726 3294 alii
749 3243 957 3296 codices
983 3222 1208 3322 pallent;
1624 3222 1804 3292 terra-nt
1823 3222 2044 3304 51ιῆᾆῖιέ
2073 3229 2090 3242 ’

484 3342 534 3387 et
582 3333 632 3385 iu
679 3333 820 3386 omni
851 3318 1017 3402 ρωιςιξ
1040 3318 1138 3386 'rol.
1155 3316 1320 3399 stt-tie?
1357 3316 1512 3383 omne
1559 3316 1756 3382 cmlnm
1788 3324 1915 3380 :sed
1944 3324 2044 3378 hoc

484 3423 662 3477 dicere
711 3420 926 3484 maluit,
981 3438 1086 3491 quo
1140 3430 1344 3475 terrena
1400 3417 1641 3488 superbia
1695 3423 2040 3485 premeretur.

485 3513 688 3566 Desinit
727 3513 864 3566 enim
893 3511 1164 3580 superbire
1195 3519 1352 3570 terra.
1400 3508 1449 3562 id
1493 3517 1574 3563 est
1613 3506 1800 3572 homo,
1837 3505 1918 3560 cui
1960 3504 2044 3558 di-

487 3615 628 3659 ctum
673 3614 773 3669 est,
805 3603 962 3657 Terra
1006 3621 1057 3658 es
1105 3601 1251 3670 (Gen.
1280 3618 1353 3665 III,
1388 3601 1506 3666 l9);
1536 3608 1608 3665 et,
1657 3595 1790 3666 Quid
1827 3594 2046 3664 superbit

490 3708 620 3749 terra
647 3706 691 3749 et
713 3695 835 3748 ciuis
859 3693 1040 3762 (Ecrli.
1068 3709 1126 3758 χ,
1158 3693 1249 3761 9)?
1291 3703 1410 3745 cum
1453 3689 1718 3760 cognoscit
1765 3687 2045 3741 Dominum

487 3801 606 3840 esse
631 3785 939 3838 altissimum
979 3797 1135 3849 super
1160 3797 1368 3835 onmem
1408 3788 1621 3842 terram,
1647 3777 1696 3831 id
1723 3785 1824 3842 est,
1854 3775 2048 3828 nullius

487 3876 716 3931 hominis
738 3876 1080 3943 cogitationes
1097 3874 1268 3928 valere
1285 3874 1534 3927 adversus
1551 3884 1643 3924 eos
1654 3869 1739 3940 qui
1761 3865 2049 3922 secundum

490 3969 811 4037 propositum
839 3967 1004 4020 vocati
1033 3973 1174 4029 sunt,
1201 3973 1256 4020 et
1279 3963 1344 4017 de
1373 3963 1561 4033 quibus
1582 3961 1796 4024 dicitur,
1825 3957 1883 4014 Si
1913 3955 2052 4012 Deus

487 4075 576 4130 pro
605 4058 762 4121 nobis,
791 4057 900 4126 quis
926 4066 1097 4110 contra
1123 4071 1212 4110 nos
1241 4053 1414 4128 (Rom.
1444 4068 1555 4117 vttt,
1577 4050 1668 4116 98,
1687 4049 1818 4119 3t)?

838 4265 909 4322 IN
956 4261 1328 4322 PSALMUM
1365 4257 1692 4319 LXXXIII

1089 4398 1492 4454 ENAllltATIO.

568 4543 616 4595 I.
647 4540 794 4614 [vers
822 4538 896 4610 1.]
926 4539 1161 4592 Psalmus
1191 4537 1306 4600 iste,
1353 4533 1453 4587 Pro
1483 4531 1832 4591 torcularibus,
1867 4529 2054 4583 inscri-

493 4633 650 4686 bitur.
685 4632 747 4685 Et
777 4640 1024 4701 quantum
1054 4629 1276 4682 advertit
1306 4626 1576 4680 nobiscum
1601 4622 1839 4676 Charitas
1868 4621 2052 4674 Vestra

495 4723 634 4794 (quia
667 4738 759 4776 vos
785 4722 1132 4775 intentissime
1159 4719 1339 4772 audire
1369 4713 1815 4778 advertehamns),
1847 4712 1974 4766 nihil
2001 4713 2051 4765 in

495 4815 610 4882 ejus
636 4824 774 4866 textu
799 4813 994 4866 dictum
1018 4823 1096 4864 est
1125 4810 1203 4864 vel
1229 4810 1295 4864 de
1322 4809 1486 4878 prelo,
1517 4807 1594 4860 vel
1625 4805 1689 4858 de
1716 4805 1910 4858 ﬁscinis
1932 4846 1946 4867 ,
1973 4803 2054 4858 vel

493 4908 558 4962 de
590 4906 726 4966 lacu,
757 4905 834 4958 vel
865 4904 931 4958 de
963 4903 1322 4958 instrumentis
1349 4910 1438 4955 aut
1475 4899 1696 4954 a-dilicio
1740 4897 2050 4959 torcularis;

493 4997 708 5050 on'tnino
738 4994 865 5048 nihil
911 4995 960 5047 in
1003 5009 1066 5048 eo
1102 4994 1202 5046 tale
1232 4993 1524 5046 audivimus
1556 5007 1568 5042 :
1604 4987 1743 5044 unde
1783 4986 1905 5055 quid
1955 4986 2054 5040 sibi

497 5087 620 5140 velit
651 5085 830 5140 titulus
855 5085 988 5154 ejus,
1017 5084 1153 5152 quod
1187 5083 1488 5138 inscribitur
1507 5124 1521 5145 ,
1555 5079 1655 5133 Pro
1690 5076 2017 5132 torcularibus
2037 5116 2051 5134 ,

494 5195 598 5231 non
639 5192 794 5246 parva
841 5175 1060 5247 qumstio
1087 5184 1185 5228 est.
1219 5173 1458 5227 Proiecto
1484 5173 1622 5226 enim
1655 5170 1697 5224 si
1736 5176 1853 5239 post
1897 5167 2051 5220 istum

493 5269 698 5321 titulum
730 5267 923 5336 aliquid
949 5266 1012 5319 de
1044 5266 1233 5320 talibus
1258 5265 1414 5319 rebus
1440 5263 1664 5324 diceret,
1698 5261 1879 5328 quales
1908 5273 2055 5312 cum-

507 5360 806 5421 mcntoravi,
847 5358 1150 5412 crederetur
1174 5372 1201 5408 a
1232 5354 1528 5409 carnalibus
1557 5367 1676 5405 vere
1709 5351 1805 5403 ista
1836 5348 2056 5402 visibilia

497 5447 776 5502 toreularia
807 5447 1032 5501 voluisse
1053 5456 1265 5498 cantare
1295 5463 1306 5499 :
1331 5443 1449 5512 quia
1482 5455 1606 5494 vero
1649 5438 1850 5492 titulum
1882 5438 2056 5505 impu-

492 5537 615 5596 suit,
654 5533 752 5589 Pro
781 5538 1212 5603 torcularibus,v~et
1241 5534 1365 5588 ttihil
1406 5542 1584 5604 postea
1627 5531 1678 5586 in
1711 5529 1853 5583 omni
1895 5543 2056 5580 versu

496 5625 687 5680 Psalmi
733 5627 864 5680 dixit
906 5629 971 5681 de
1023 5628 1104 5682 his
1154 5626 1497 5682 torcularibus
1550 5622 1835 5679 notissimis
1891 5619 2058 5673 oculis

494 5719 731 5786 nostris;
765 5733 869 5774 non
895 5718 1162 5775 dubitatur
1200 5735 1314 5776 csse
1342 5719 1437 5773 alia
1484 5714 1758 5771 turt‘ttlat'ia
1800 5728 1914 5781 qua:
1963 5724 2058 5763 nos

1683 295 1739 348 S.
1784 293 2136 347 AIItLL'STlNl
2183 295 2475 348 EPISCOPI

3559 278 3697 347 ursa

2139 407 2223 460 hic
2243 423 2478 476 qun‘rere
2497 419 2549 461 et
2579 407 2867 476 intelligere
2889 407 3050 461 voluit
3070 408 3293 476 Spiritus
3319 408 3426 480 Dei.
3453 408 3663 478 Quapro
3679 437 3690 445 -

2137 509 2252 566 pter
2273 498 2394 568 quid
2419 507 2603 568 agatur
2629 499 2680 552 in
2717 497 2798 553 his
2824 499 3112 554 visibilibus
3140 499 3484 554 torcularibus
3511 514 3694 554 recor-

2136 588 2355 654 demur,
2385 597 2439 643 et
2466 591 2566 646 hoc
2589 590 2858 645 videamus
2881 589 3316 658 quemadmodum
3345 589 3695 658 spiritualiter

2135 687 2345 747 geratur
2377 679 2430 732 in
2461 679 2715 733 Ecclesia.
2747 678 2854 736 Uva
2877 688 3021 734 certe.
3052 678 3242 747 pendet
3279 679 3330 733 in
3375 679 3570 733 vitibus
3593 721 3609 745 ,
3636 689 3695 738 et

2135 767 2272 821 oliva
2299 769 2348 822 in
2375 769 2650 824 arboribus
2701 769 2804 838 (his
2833 771 2970 824 enim
2999 768 3202 822 duobus
3241 768 3491 822 fructibus
3516 768 3691 822 solent

2137 860 2413 914 toreularia
2445 860 2780 930 praeparari);
2808 871 2863 916 et
2898 861 3144 930 quamdiu
3175 861 3402 928 pendent
3453 861 3505 915 in
3539 860 3694 915 fruti-

2135 951 2284 1005 cibus
2305 951 2434 1015 suis,
2468 961 2712 1021 tanquam
2738 952 2902 1006 libero
2938 968 3062 1007 aere
3099 951 3466 1022 perfruuntur;
3496 960 3550 1007 et
3595 967 3695 1008 nec

2138 1058 2234 1097 uva
2257 1044 2431 1098 vinum
2454 1053 2556 1108 est,
2580 1059 2677 1098 nec
2705 1043 2842 1098 oliva
2871 1043 3064 1110 oleum,
3102 1056 3224 1098 ante
3253 1059 3573 1113 pressuram.
3604 1042 3696 1103 Sic

2136 1144 2259 1188 sunt
2275 1134 2510 1190 homines
2525 1151 2654 1204 quos
2667 1135 3054 1204 przedesﬁuavit
3071 1137 3212 1190 Deus
3222 1145 3343 1190 ante
3357 1137 3548 1190 stecula
3565 1149 3696 1190 con-

2138 1223 2331 1279 l'ormes
2349 1225 2457 1280 ﬁeri
2485 1226 2994 1296 imaginisunigeniti
3018 1225 3133 1280 Filii
3161 1227 3239 1280 sui
3257 1226 3548 1296 (Romvnt,
3573 1226 3691 1297 29),

2136 1319 2222 1386 qui
2254 1321 2513 1388 praecipue
2542 1321 2591 1371 in
2637 1319 2880 1388 passione
2916 1335 3136 1389 magnus
3179 1319 3358 1372 botrus
3409 1333 3693 1388 expressus

2136 1417 2235 1464 est.
2269 1410 2575 1480 Hujusmodi
2603 1427 2728 1482 ergo
2767 1411 3006 1466 homines
3033 1422 3310 1481 antequam
3334 1412 3587 1467 accedant
3626 1413 3691 1464 ad

2137 1505 2439 1558 servitutem
2474 1505 2598 1572 Dei,
2631 1505 2872 1560 fruuntur
2926 1507 2975 1561 in
3022 1508 3218 1562 smculo
3270 1519 3528 1575 tanquam,
3557 1507 3696 1562 deli—

2136 1593 2275 1647 ciosa
2307 1593 2548 1648 libertate
2575 1635 2588 1656 ,
2621 1596 2763 1648 velut
2791 1613 2904 1650 uva:
2939 1605 3030 1650 aut
3068 1596 3219 1649 olivae
3246 1596 3534 1664 pendentes
3563 1597 3694 1656 :sed

2136 1683 2380 1751 quoniam
2410 1683 2606 1738 dictum
2633 1695 2734 1747 est,
2770 1685 2891 1750 Fili,
2909 1687 3145 1740 accedens
3169 1687 3237 1739 ad
3257 1689 3539 1740 servitutem
3571 1688 3692 1749 Dei,

2136 1784 2214 1826 sla
2248 1777 2299 1828 in
2341 1776 2530 1840 iustitia
2563 1788 2608 1830 et
2642 1777 2815 1830 timore.
2834 1817 2848 1839 ,
2878 1789 2923 1831 et
2963 1793 3194 1846 prtepara
3221 1780 3438 1830 animum
3459 1787 3596 1831 luant
3624 1779 3692 1830 ad

2138 1867 2452 1920 tentationem
2488 1867 2668 1938 (Ereti.
2697 1884 2755 1932 tt,
2783 1870 2864 1930 l),
2897 1870 3155 1924 accedens
3179 1870 3397 1938 quisque
3419 1869 3485 1923 ad
3529 1871 3704 1926 servi-

2139 1967 2300 2012 tutem
2334 1958 2424 2011 Dei
2454 2000 2468 2022 ,
2495 1958 2560 2012 ad
2589 1959 2863 2013 toreularia
2889 1976 2946 2014 se
2973 1961 3178 2014 venisse
3208 1968 3516 2028 cognoscat;
3565 1975 3698 2014 con-

2136 2047 2488 2115 tribulabitur,
2510 2058 2829 2113 conteretur,
2867 2052 3276 2120 comprimetur;
3305 2067 3406 2105 non
3436 2063 3495 2104 ut
3520 2053 3570 2106 in
3599 2051 3702 2106 hoc

2137 2141 2335 2196 saaculo
2360 2153 2557 2211 pereat,
2585 2143 2677 2197 sed
2701 2144 2826 2196 utin
2857 2143 3140 2213 apothecas
3171 2145 3260 2198 Dei
3289 2143 3504 2199 dcﬁuat.
3541 2143 3701 2200 Exui-

2142 2240 2225 2285 tur
2245 2234 2532 2286 carnalium
2559 2235 2942 2288 desideriorum
2966 2237 3354 2304 integumentis,
3379 2237 3526 2306 quasi
3556 2236 3702 2290 vina-

2139 2325 2234 2376 ciis
2268 2323 2404 2379 :boc
2421 2327 2558 2378 enim
2581 2327 2626 2379 ei
2649 2328 2867 2395 cootigit
2907 2328 2925 2360 ³
2970 2331 3019 2380 in
3062 2328 3338 2404 desideriis
3383 2331 3702 2394 carnalibus,

2144 2426 2352 2484 propter
2387 2433 2504 2486 quae
2533 2427 2586 2471 et
2613 2419 2895 2486 Apostolus
2936 2419 3082 2482 dicit,
3126 2419 3310 2474 Exuite
3359 2437 3443 2475 vos
3494 2431 3706 2475 veterem

2143 2506 2409 2573 hominem,
2433 2517 2480 2562 et
2507 2508 2696 2562 induite
2735 2525 2915 2562 novum
2950 2508 3164 2578 (Coloss.
3203 2525 3279 2572 ιιι.
3321 2509 3376 2575 9,
3428 2511 3538 2578 £0).
3593 2511 3702 2566 Iloe

2143 2607 2308 2652 totum
2336 2615 2438 2652 non
2471 2599 2530 2654 ﬁt
2557 2599 2654 2653 nisi
2695 2599 2760 2655 de
2783 2615 3024 2668 pressura
3054 2617 3067 2653 :
3101 2611 3374 2671 pr0pterea
3423 2602 3702 2658 toreularia

2145 2693 2479 2744 nominantur
2511 2691 2758 2745 Ecclesiae
2792 2693 2880 2746 Dei
2923 2693 3076 2760 hujus
3104 2694 3374 2762 temporis.

2133 2820 2182 2843 ..
2211 2781 2265 2836 2.
2297 2783 2407 2838 Sed-
2427 2783 2476 2836 in
2501 2784 2848 2838 torcularibus
2870 2785 3018 2851 positi
3053 2785 3141 2854 qui
3162 2784 3379 2838 sumus?
3405 2783 3520 2838 Filii
3547 2779 3703 2840 (lore.

2145 2857 2232 2961 ἧς
2257 2875 2398 2926 enim
2439 2873 2670 2927 additum
2697 2883 2796 2935 est,
2845 2872 2947 2928 Pro
2993 2873 3339 2937 torcularibus,
3393 2873 3512 2940 ﬁliis
3560 2872 3703 2929 Core.

2148 2964 2309 3018 Filios
2333 2965 2468 3019 Core
2495 2965 2862 3032 interpretatos
2893 2964 3148 3018 habemus
3180 2963 3315 3018 ﬁlios
3340 2965 3502 3026 Calvi,
3533 2979 3706 3034 quan-

2095 3059 2451 3146 ..ttgm:n9bis
2479 3058 2566 3126 qui
2607 3058 2746 3111 illam
2776 3058 3004 3126 linguam
3039 3065 3316 3121 noverunt,
3345 3071 3441 3126 per
3471 3057 3706 3112 ministe-

2128 3143 2444 3229 rium-quod
2480 3149 2589 3204 Deo
2611 3147 2892 3211 debebant,
2933 3149 3266 3217 interpretari
3297 3156 3581 3217 potuerunt
3609 3164 3622 3199 :
3655 3156 3708 3203 et

2147 3241 2200 3296 in
2227 3240 2326 3294 hoc
2356 3256 2460 3294 non
2502 3238 2713 3308 defugio
2741 3253 2984 3304 maguum
3029 3239 3333 3309 mysterium
3389 3237 3600 3298 intueri,
3655 3248 3708 3290 et

2148 3331 2426 3399 adiuvante
2481 3329 2703 3383 Domino
2761 3330 2998 3383 invenire.
3052 3330 3340 3383 vobiscum.
3403 3326 3518 3381 Non
3570 3329 3708 3399 enim

2151 3433 2395 3490 tauquam
2425 3438 2454 3475 a
2486 3422 2607 3475 ﬁliis
2639 3421 2948 3488 pestilentia:
2973 3420 3145 3473 omnis
3187 3430 3266 3473 est
3305 3418 3570 3474 irridenda
3597 3417 3710 3472 cal-

2151 3515 2304 3568 vities
2326 3530 2341 3575 ;
2365 3529 2430 3567 ne
2466 3528 2585 3567 cum
2625 3511 2847 3581 quisque
2884 3518 3140 3565 sacrauim
3181 3511 3440 3564 calvitiem
3476 3509 3497 3540 ³
3529 3507 3712 3562 irrise-

2150 3605 2238 3670 rit,
2267 3619 2295 3657 a
2334 3603 2608 3656 daemoniis
2633 3602 2933 3670 dissipetur.
2971 3600 3100 3654 Nam
3147 3609 3200 3653 et
3243 3599 3462 3654 Elisazus
3491 3599 3619 3659 ibat.
3659 3606 3713 3652 et

2155 3695 2405 3750 insensati
2435 3694 2580 3763 pueri
2606 3693 2966 3748 clamaverunt
3007 3699 3125 3760 post
3154 3707 3296 3753 eum,
3329 3688 3479 3745 Calve
3501 3732 3515 3754 ,
3545 3690 3712 3754 calve;

2151 3797 2206 3843 ct
2252 3795 2463 3856 pr0pter
2509 3793 2895 3840 sacramentum
2944 3783 3288 3849 implendum,
3329 3797 3623 3836 conversus
3649 3782 3716 3835 ad

2156 3883 2430 3937 Dominum
2463 3879 2720 3948 petivitnt
2743 3892 2836 3931 eos
2863 3877 2968 3930 ursi
2988 3876 3054 3931 de
3087 3875 3216 3930 silva
3241 3884 3494 3929 exeuntes
3529 3889 3715 3928 come.

2156 3975 2342 4029 derent
2374 3971 2462 4042 (IV
2491 3972 2619 4042 Reg.
2647 3986 2707 4030 ll,
2733 3969 2823 4031 25,
2859 3967 2970 4033 24).
2999 3967 3226 4036 Abrepta
3255 3976 3336 4020 est
3358 3966 3566 4034 quidem
3597 3964 3714 4018 illo-

2157 4087 2272 4124 rum
2301 4067 2516 4122 infantia
2545 4067 2594 4119 in
2623 4065 2841 4118 exitium
2869 4061 2890 4092 ³
2910 4063 3031 4115 vita:
3056 4061 3122 4116 de
3149 4061 3246 4114 hoc
3274 4059 3497 4121 saeculo;
3525 4057 3716 4111 mortui

2130 4235 2134 4238 ν
2157 4175 2277 4219 sunt
2305 4165 2476 4234 pueri,
2506 4177 2661 4217 senes
2686 4159 3001 4230 quandoque
3040 4156 3276 4212 morituri
3316 4173 3328 4208 :
3356 4161 3716 4207 verumtamen

2157 4254 2468 4310 sacramenti
2497 4261 2668 4306 terror
2683 4252 2838 4305 datus
2865 4259 2946 4304 est
2974 4247 3291 4300 hominibus.
3327 4245 3546 4298 Elismus
3573 4241 3718 4296 enim

2159 4361 2437 4417 personam
2459 4343 2729 4417 cujusdam
2764 4353 2888 4396 tunc
2915 4338 3148 4410 gerebat,
3187 4335 3339 4400 cujus
3389 4335 3475 4386 lilii
3515 4347 3718 4394 sumus.

2162 4437 2249 4492 lilii
2277 4439 2431 4498 (lore,
2466 4435 2672 4489 Domini
2714 4433 2919 4488 scilicet
2966 4429 3126 4483 nostri
3167 4427 3290 4481 Jesu
3336 4423 3556 4477 Chrisﬁ.
3602 4420 3720 4476 iam

2159 4529 2386 4583 occurrit
2415 4526 2667 4580 Charitati
2695 4535 2880 4577 vestrm
2906 4538 2969 4574 ex
3002 4517 3302 4584 Evangelio,
3332 4528 3497 4584 quate
3518 4513 3716 4575 calvus,

2158 4621 2370 4690 gerebat
2391 4631 2666 4687 personam
2699 4613 2929 4674 Christi;
2960 4607 3305 4664 recordamini
3345 4604 3484 4674 quod
3514 4604 3565 4657 in
3599 4600 3720 4656 Cal-

2165 4713 2317 4766 varia:
2366 4712 2481 4765 loco
2508 4708 2790 4763 cruciﬁxus
2840 4715 2920 4758 est
2965 4701 3172 4774 (Matt/1.
3221 4714 3382 4758 xxvn,
3436 4695 3545 4765 55).
3598 4694 3722 4747 Sive

2163 4818 2286 4872 ergo
2316 4801 2415 4856 hoc
2439 4801 2811 4866 interpretatur
2842 4796 2959 4862 ﬁliis
2997 4793 3141 4855 Core,
3172 4791 3307 4844 sicut
3335 4788 3495 4842 secuti
3523 4784 3724 4855 priores

2159 4892 2424 4956 diximus;
2455 4893 2565 4944 sive
2586 4888 2724 4943 aliud
2757 4885 2971 4956 aliquid.
3002 4884 3138 4954 quod
3172 4897 3266 4936 nos
3305 4880 3518 4934 forsitan
3559 4878 3721 4939 latet;

2163 4985 2372 5038 interim
2396 4981 2533 5048 quod
2565 4979 2815 5038 occurrit,
2856 4975 3026 5028 videte
3053 4975 3171 5042 quia
3201 4973 3408 5040 plenum
3435 4978 3517 5023 est
3549 4983 3726 5021 Sacra-

2160 5087 2359 5132 meuto.
2392 5075 2506 5129 Filii
2534 5072 2688 5136 Core,
2723 5071 2812 5124 ﬁlii
2837 5067 3031 5120 Christi
3061 5083 3073 5118 :
3100 5081 3218 5116 nam
3245 5073 3299 5117 et
3327 5063 3462 5115 ﬁlios
3499 5075 3624 5114 suos
3645 5059 3726 5114 di-

2161 5171 2232 5222 cit
2256 5181 2495 5236 sponsus.
2525 5179 2642 5217 cum
2673 5161 2764 5223 ait,
2795 5158 2910 5212 Non
2935 5164 3138 5225 possunt
3165 5153 3258 5222 ﬁlii
3277 5153 3446 5220 sponsi
3471 5151 3725 5220 jejunum,

2160 5258 2398 5329 quamdiu
2419 5273 2531 5310 cum
2559 5255 2659 5307 illis
2679 5263 2747 5305 est
2765 5265 2978 5319 sponsus
3005 5245 3111 5317 (Id.
3154 5261 3228 5308 Ix,
3266 5243 3378 5313 15).
3405 5241 3727 5296 Christiano-

2162 5368 2275 5406 rum
2303 5359 2424 5404 snnt
2444 5364 2567 5418 ergo
2597 5347 2694 5400 ista
2727 5339 3025 5397 torcularia.

2230 5531 2243 5560 ¹
2271 5530 2342 5577 sic
2364 5532 2513 5594 Er._et
2535 5531 2641 5594 stss.
2673 5529 2723 5570 At
2743 5527 2874 5594 L‘ov)
3197 5567 3406 5594 mnum
3452 5579 3557 5594 MM.

2228 5594 2243 5621 τ
2269 5567 3154 5648 ’Ξιῖίᾇῖιόίξ“έαζί·ἁιαηι¹σαιυαγίἆηι.
3197 5567 3425 5625 Sonnulli,
3449 5577 3717 5616 sacramen-

2161 5650 2434 5760 ’ΠΨ
2457 5715 2582 5766 Mssa
2609 5704 2655 5756 in
2680 5703 2897 5756 exitum:
2926 5708 2976 5752 et
2997 5694 3224 5753 nonnulli,
3249 5692 3298 5741 ίη
3314 5689 3485 5744 9m“
3513 5701 3519 5710 ’
