4024 6210
277 349 362 402 10
385 351 476 402 .‘i‘i
1392 337 1779 398 ENAltRATlO
1813 337 1876 392 IN
1913 335 2223 392 PSALMUM
2267 341 2538 399 LXXXlll.

385 469 471 520 3.
515 465 571 520 in
599 464 853 535 pressaris
885 473 1061 517 autem
1089 459 1354 516 constituti
1380 503 1393 521 ,
1424 459 1488 513 ad
1541 457 1636 512 hoc
1680 456 1906 508 conteri‘

283 572 488 620 mur,
508 567 754 610 utamore
769 564 970 619 nostro,
995 552 1404 624 quofcrebamur
1419 550 1473 604 in
1503 557 1596 604 ista
1617 549 1902 607 mundana,

291 647 642 710 saecularia,
674 645 1014 714 temporalia,
1041 644 1177 698 ﬂuxa
1206 652 1362 712 atque
1393 643 1622 712 peritura
1644 683 1657 702 ,
1689 640 1825 709 passi
1855 639 1907 693 in

295 736 443 803 eis,
466 737 518 790 in
548 736 646 790 hac
677 737 801 800 vita,
828 744 1086 790 tormenta
1107 745 1157 789 et
1176 719 1906 801 tribulationespressurarnm

255 819 264 826 ’
302 837 381 881 et
445 827 823 881 abundantiam
880 827 1226 880 tentationnm
1255 865 1268 887 ,
1321 824 1632 893 incipiamus
1675 835 1914 892 quaerere

306 913 490 969 illam
519 917 750 986 quietem
787 931 903 986 qua!
933 930 1035 969 non
1065 925 1144 968 est
1172 914 1239 968 de
1267 913 1362 967 hac
1395 914 1518 976 vita,
1557 928 1656 967 nec
1699 912 1764 966 de
1813 910 1914 964 bac

311 1018 490 1062 terra
520 1026 533 1059 :
562 1019 613 1061 et
636 1008 693 1060 fit
722 1009 988 1067 Dominus,
1013 1014 1068 1059 ut
1095 1006 1344 1074 scriptum
1370 1019 1471 1068 est,
1509 1004 1757 1074 refugium
1780 1019 1907 1074 pau-

312 1099 454 1167 peri
480 1096 650 1167 (Psal.
684 1114 762 1160 ιιι,
789 1097 895 1166 10).
921 1097 1054 1161 Quid
1094 1104 1174 1150 est
1213 1095 1462 1168 pauperi?
1507 1095 1774 1162 Tanquam
1812 1093 1908 1145 dc-

315 1189 554 1253 stituto,
587 1188 700 1241 sine
730 1205 849 1254 ope,
882 1187 994 1240 siue
1023 1185 1237 1248 auxilio,
1267 1169 1382 1237 sine
1416 1183 1586 1252 aliqua
1617 1199 1672 1235 re
1703 1181 1769 1236 de
1805 1197 1905 1248 qua

315 1281 390 1333 in
427 1288 569 1332 terra
601 1285 904 1346 pra-sumat.
949 1276 1162 1329 Talibus
1209 1277 1346 1328 enim
1397 1274 1712 1342 pauperibus
1760 1273 1907 1326 adest

331 1366 512 1419 Dens.
539 1366 670 1433 Quia
727 1367 984 1429 homines,
1008 1366 1104 1418 etsi
1144 1365 1410 1418 abundent
1463 1365 1679 1431 pecunia
1719 1363 1770 1417 in
1813 1364 1907 1415 hac.

333 1468 512 1520 terra,
558 1456 848 1526 respiciunt
878 1456 1013 1524 quod
1050 1455 1122 1508 ait
1161 1455 1478 1523 Apostolus,
1514 1453 1742 1521 Prwcipe
1777 1453 1907 1506 diri-

333 1550 479 1601 libus
502 1549 651 1617 hujus
672 1549 845 1600 mundi
864 1564 963 1601 non
988 1547 1198 1615 superbe
1231 1563 1425 1613 sapere,
1449 1561 1602 1616 neque
1629 1562 1830 1614 sperare
1854 1546 1904 1596 in

3427 363 3554 416 lfii‘ﬂ

2014 453 2240 511 Liberali
2282 473 2406 528 ergo
2445 477 2473 514 a
2516 462 2755 519 Sodomis
2783 470 3058 536 prmtcritaa
3087 473 3220 536 vitae,
3251 490 3352 529 non
3399 457 3558 548 respi-

2010 545 2210 600 ciamus
2233 558 2376 602 retro
2404 567 2416 603 :
2446 565 2563 605 nam
2593 552 2691 610 hoc
2728 556 2969 612 festinare
2994 570 3074 614 est
3093 604 3106 623 .
3139 579 3240 618 non
3287 545 3559 624 attendere

2009 635 2149 702 quod
2200 639 2439 705 promisit
2487 641 2645 708 Deus,
2688 646 2806 713 quia
2852 647 3002 717 longe
3044 663 3142 714 est,
3189 665 3241 707 et
3295 658 3558 724 respicere

2011 723 2075 776 ad
2108 724 2157 778 id
2195 728 2332 794 quod
2365 731 2657 797 proximum
2688 743 2787 799 est,
2834 739 2971 792 unde
3022 741 3128 806 jam
3181 723 3428 799 liberatus
3479 763 3556 801 es.

2015 814 2086 868 De
2123 817 2311 871 talibus
2339 820 2459 888 quid
2503 822 2628 876 dicit
2652 827 2919 891 apostolus
2946 829 3165 884 Petrus?
3185 833 3434 904 Contingit
3459 838 3560 893 illis

2009 919 2086 956 res
2112 907 2212 957 reri
2236 909 2479 976 proverbii
2504 926 2523 962 :
2552 910 2700 964 Canis
2727 930 2989 969 conversus
3019 919 3032 948 ⁸
3061 921 3126 971 ad
3150 937 3290 972 sum»
3320 925 3554 978 vomitum

2011 991 2076 1060 (ll
2107 992 2244 1048 Petr.
2277 1011 2332 1059 ιι,
2362 997 2473 1065 22).
2520 999 2790 1054 Premebat
2831 1005 2967 1057 enim
3017 1017 3198 1074 pectus
3239 1013 3558 1068 conscientia

2013 1094 2382 1150 peccatorum;
2420 1099 2633 1157 accepta
2673 1092 2987 1161 indulgentia
3015 1097 3158 1164 quasi
3203 1101 3467 1164 vomuisd,
3507 1114 3560 1158 et

2011 1171 2295 1227 relevatum
2317 1185 2397 1229 est
2425 1190 2606 1245 pectus
2639 1188 2810 1246 tuum;
2845 1183 2977 1238 facta
3007 1196 3085 1240 est
3113 1187 3248 1242 bona
3288 1194 3558 1247 conscienv

2012 1262 2078 1314 tia
2106 1277 2166 1315 ex
2197 1265 2329 1318 mala
2357 1269 2681 1323 conscientia
2711 1286 2725 1322 :
2763 1273 2885 1341 quid
2916 1290 3102 1330 rursus
3127 1281 3449 1334 converteris
3491 1281 3555 1338 ad

2011 1353 2259 1406 vomitum
2289 1357 2475 1409 tuum?
2502 1357 2724 1413 Sicanis
2770 1360 2866 1414 hoc
2923 1363 3117 1419 faciens
3167 1367 3343 1422 horret
3392 1372 3558 1426 oculis

2011 1442 2132 1500 tuis.
2158 1451 2211 1495 tn
2241 1445 2366 1511 quid
2395 1448 2508 1501 eris‘
2526 1449 2692 1502 oculis
2720 1451 2846 1505 Dei?

2080 1535 2134 1589 4.
2185 1535 2553 1608 Unusquisque
2607 1553 2820 1606 autem,
2880 1544 3065 1602 fratres
3112 1549 3438 1618 charissimi,
3491 1555 3560 1611 de

336 1641 538 1690 incerto
585 1639 869 1691 divitiarum
923 1637 963 1706 (l
990 1636 1118 1690 Tim.
1149 1652 1219 1701 vt,
1247 1635 1332 1706 l7)
1366 1654 1380 1690 :
1413 1645 1466 1690 et
1514 1635 1907 1689 considerantes

337 1745 506 1797 quam
531 1731 597 1782 sit
629 1729 881 1782 incertum
910 1728 1046 1782 unde
1078 1728 1407 1797 gaudebant.
1436 1738 1713 1796 antequam
1759 1741 1906 1780 arce-

340 1819 539 1871 derent
567 1819 628 1870 ad
649 1820 955 1872 servitutem
986 1819 1099 1882 Dei,
1119 1818 1166 1871 id
1193 1829 1294 1880 est,
1327 1829 1603 1886 antequam
1630 1818 1907 1871 introirent

341 1911 400 1960 in
431 1910 728 1971 toreularia,
756 1909 935 1962 vident
957 1924 1023 1962 ex
1065 1908 1192 1977 ipsis
1226 1908 1424 1961 divitiis
1473 1908 1550 1961 vel
1605 1907 1796 1961 habere
1849 1922 1906 1959 se

339 2015 626 2066 pressuras
663 2000 1057 2069 cogitationum,
1105 1999 1372 2067 quomodo
1424 2015 1481 2050 ea
1527 2000 1902 2068 gubernentur,

341 2089 614 2157 quomodo
639 2090 1030 2151 custodiantur;
1061 2089 1140 2140 vel
1170 2089 1213 2142 si
1246 2089 1510 2156 paululum
1544 2089 1908 2142 inclinaveriut

345 2182 684 2248 ηιρίάίιιιιειη
709 2189 764 2233 ιιι
792 2195 850 2234 ea
880 2180 1115 2249 diligant,
1144 2180 1261 2249 plus
1284 2195 1376 2233 eos
1398 2180 1600 2248 impleri
1633 2180 1905 2234 timoribus

345 2286 503 2339 quam
529 2268 804 2325 fructibus.
837 2271 970 2338 Quid
997 2272 1134 2324 enim
1165 2280 1269 2324 tam
1304 2271 1581 2336 incertum,
1620 2286 1775 2340 quam
1819 2285 1906 2324 res

350 2359 634 2413 volubilis?
661 2359 768 2416 Nec
796 2360 1058 2415 immerito
1082 2361 1191 2428 ipsa
1221 2361 1437 2429 pecunia
1479 2360 1699 2414 rotunda
1726 2360 1902 2429 signa-

353 2463 454 2517 tur,
480 2452 600 2521 quia
633 2467 740 2505 non
771 2460 891 2506 stat.
921 2451 1076 2505 Tales
1105 2467 1250 2521 ergo,
1282 2451 1379 2505 etsi
1409 2450 1636 2505 habeant
1671 2452 1864 2522 aliquid
1885 2493 1899 2516 ,

354 2556 603 2612 pauperes
619 2551 759 2596 sunt.
781 2542 877 2610 Qui
906 2557 1032 2596 vero
1052 2542 1180 2596 nihil
1209 2541 1393 2595 horum
1418 2541 1628 2603 habent.
1647 2541 1905 2596 ethabcre

351 2637 678 2701 desiderant,
707 2639 842 2691 inter
867 2635 1222 2704 reprobandos
1262 2635 1452 2690 divites
1490 2644 1902 2705 computantur:

351 2743 448 2782 non
477 2729 618 2782 enim
644 2727 868 2782 attendit
896 2728 1032 2783 Deus
1059 2727 1353 2781 facultatem
1384 2767 1397 2788 ,
1435 2727 1527 2781 sed
1559 2727 1902 2783 voluntatem.

353 2819 614 2889 Pauperes
660 2819 821 2889 igitur
863 2819 1096 2872 destituti
1139 2818 1279 2872 omni
1323 2832 1424 2888 ope
1478 2818 1734 2880 surculari,
1783 2818 1903 2886 quia

347 2911 441 2963 etsi
469 2925 530 2962 ea
558 2909 944 2972 circumﬂuant,
966 2908 1260 2977 intelligunt
1283 2922 1437 2977 quam
1467 2907 1663 2960 incerta
1691 2907 1824 2970 sint;
1851 2915 1905 2960 et

348 3003 751 3071 ingemiscentes
778 3001 842 3054 ad
875 3001 1058 3066 Deum,
1082 3001 1207 3055 nihil
1240 3001 1490 3056 habentes
1523 3001 1576 3055 in
1612 3001 1711 3054 hoc
1739 3015 1904 3055 szccu-

349 3092 398 3145 lo
442 3107 546 3162 quo
597 3090 945 3156 delectentur,
995 3107 1099 3161 quo
1146 3100 1441 3156 teneantur,
1489 3091 1541 3146 in
1587 3090 1902 3146 abundantia

345 3197 706 3252 pressurarnm
749 3193 802 3237 et
831 3182 1172 3237 tentatiomnn
1205 3191 1449 3252 tanquam
1479 3183 1528 3236 in
1559 3182 1903 3238 torcularibus

347 3275 633 3338 constituti,
665 3274 901 3329 deﬂuunt
926 3275 1126 3332 vinum.
1149 3273 1385 3328 deﬂuunt
1405 3274 1600 3327 oleum.
1629 3275 1757 3339 Qum.
1783 3283 1904 3327 sunt

347 3366 459 3423 ista,
480 3366 580 3417 nisi
615 3366 749 3417 bona
777 3364 1070 3417 desideria?
1095 3363 1277 3418 Restat
1304 3365 1442 3418 enim
1475 3363 1576 3418 illis
1602 3363 1904 3417 desideran-

343 3456 442 3510 dus
468 3457 762 3524 Deus;jam
793 3472 894 3510 non
930 3450 1107 3510 amant
1133 3467 1347 3511 terram.
1395 3457 1587 3510 Amant
1630 3458 1770 3510 enim
1812 3457 1900 3525 qui

344 3545 464 3598 fecit
491 3546 685 3599 caelum
715 3556 768 3599 et
797 3555 990 3599 terram
1020 3563 1032 3597 :
1062 3555 1258 3609 amant,
1290 3554 1346 3600 et
1385 3547 1615 3600 nondmn
1665 3561 1783 3600 cmn
1837 3561 1901 3599 eo

343 3645 483 3687 sunt.
518 3635 843 3690 Desideriqu
869 3650 1048 3689 eorum
1075 3635 1330 3695 differtur.
1355 3646 1411 3688 ut
1433 3645 1668 3700 crescat;
1687 3636 1897 3700 crescit,

345 3735 402 3778 ut
440 3726 629 3794 capiat.
658 3725 769 3779 Non
811 3726 951 3780 enim
1000 3741 1214 3795 parvum
1261 3728 1277 3758 ¹
1325 3727 1517 3797 aliquid
1560 3727 1775 3781 daturus
1820 3737 1899 3781 est

345 3818 488 3871 Deus
509 3818 860 3881 desideranti,
889 3828 977 3873 aut
1002 3836 1181 3888 parum
1209 3822 1534 3875 exercendus
1562 3831 1639 3876 est
1671 3823 1732 3874 ad
1754 3838 1900 3890 capa-

349 3908 558 3962 citatem
585 3911 704 3963 tanti
731 3910 855 3964 boni
888 3928 900 3963 :
935 3925 1038 3964 non
1066 3910 1260 3980 aliquid
1296 3912 1431 3965 Dens
1449 3911 1587 3980 quod
1614 3913 1732 3966 fecit
1750 3913 1901 3967 datu-

350 4012 442 4050 rus
469 4009 569 4062 est,
602 3999 690 4052 sed
717 4002 947 4067 seipsum
977 3999 1064 4067 qui
1100 3999 1220 4053 fecit
1257 4001 1448 4052 omnia.
1485 4000 1560 4052 Ad
1587 3999 1898 4069 capiendum

343 4088 509 4141 Deum
537 4104 810 4152 exercere;
850 4090 988 4166 quod
1019 4105 1230 4158 semper
1270 4089 1540 4144 habiturus
1568 4105 1628 4146 es
1653 4093 1737 4146 diu
1765 4093 1902 4148 desi-

343 4179 489 4231 dera.
525 4179 800 4247 Reprohali
827 4167 948 4233 sunt
989 4181 1040 4234 in
1071 4181 1262 4249 populo
1286 4181 1471 4244 Israel,
1503 4185 1591 4253 qui
1623 4184 1898 4241 festinave-

346 4277 468 4322 runt
495 4287 507 4318 τ
530 4269 738 4325 assidue
766 4270 984 4324 affectus
1014 4272 1110 4326 iste
1132 4271 1532 4342 reprehenditur
1553 4273 1602 4327 in
1633 4275 1898 4343 Scriptura

345 4357 721 4415 festinantium.
755 4362 852 4429 Qui
883 4373 999 4416 sunt
1042 4364 1180 4417 enim
1220 4365 1306 4432 qui
1341 4364 1620 4420 festinant?
1647 4367 1744 4434 Qui
1770 4383 1897 4422 con-

347 4451 483 4504 versi
510 4452 573 4504 ad
625 4451 808 4518 Deum,
860 4469 977 4507 cum
1027 4454 1111 4509 hic
1160 4471 1262 4509 non
1320 4457 1614 4512 invenerint
1665 4461 1898 4529 requiem

344 4554 498 4606 quam
548 4542 887 4611 quaerebant,
938 4553 986 4598 et
1031 4545 1214 4614 gaudia
1265 4563 1382 4616 quae
1443 4551 1895 4617 promittebantur,

345 4638 586 4700 tanquam
615 4634 668 4686 in
700 4635 886 4688 itinere
911 4634 1248 4702 deficientes,
1277 4647 1329 4691 et
1361 4638 1570 4708 leugum
1602 4641 1700 4694 sibi
1743 4643 1898 4712 quid-

337 4719 462 4773 dam
487 4763 502 4786 ,
527 4721 700 4777 donec
725 4723 824 4778 hoc
853 4727 1102 4780 sarculum
1131 4728 1212 4781 vel
1239 4727 1350 4780 hmo
1379 4728 1480 4782 vita
1514 4729 1777 4796 liniantur,
1812 4747 1900 4785 re-

342 4823 482 4866 stare
503 4815 840 4878 arbitrantes,
869 4826 920 4870 et
939 4827 1233 4886 quazrcntes
1263 4817 1348 4872 hic
1377 4819 1601 4889 aliquam
1631 4823 1860 4890 requiem
1881 4863 1896 4888 ,

334 4920 458 4972 qua:
478 4905 520 4956 si
544 4905 788 4972 habetur,
814 4907 938 4960 falsa
961 4916 1061 4972 est,
1081 4908 1367 4977 respiciunt
1392 4922 1552 4976 retro,
1576 4922 1628 4964 et
1651 4911 1899 4966 decidunt

339 5010 372 5046 ι
402 4997 710 5064 proposito;
753 5013 848 5051 nec
871 4999 1148 5053 attendunt
1177 5013 1294 5052 cum
1337 5010 1534 5069 quanto
1579 5010 1779 5055 terrore
1819 5003 1899 5056 di-

343 5096 481 5140 ctum
522 5096 624 5152 est,
673 5087 971 5142 Mementote
1012 5089 1183 5142 uxoris
1207 5087 1302 5142 Lot
1332 5089 1478 5158 (Luc.
1510 5106 1639 5156 xvtt,
1663 5092 1770 5156 ὄρ).
1801 5092 1896 5148 Ut-

343 5177 463 5242 quid
509 5177 651 5230 enim
698 5188 868 5232 statua
912 5178 1036 5232 salis
1080 5180 1266 5234 effecta
1296 5189 1374 5232 est
1406 5178 1555 5248 (Gen.
1583 5167 1689 5240 ius.
1712 5181 1827 5250 26),
1854 5184 1897 5237 si

342 5281 443 5319 non
491 5267 734 5346 homines
779 5268 992 5334 condit,
1047 5278 1101 5322 ut
1136 5269 1373 5337 sapiant?
1417 5269 1557 5339 Ergo
1600 5273 1896 5339 exemplum

342 5357 479 5409 illius
502 5359 718 5423 malum,
745 5359 832 5413 tibi
864 5358 920 5412 fit
946 5359 1160 5425 bonum,
1195 5359 1238 5413 si
1291 5361 1512 5414 caveris.
1561 5359 1894 5422 Mementote,

344 5447 530 5515 inquit,
558 5451 736 5503 uxoris
766 5449 861 5502 Lot
894 5466 906 5500 :
941 5450 1170 5518 respexit
1197 5451 1336 5504 enim
1358 5459 1522 5516 retro,
1551 5452 1688 5505 unde
1709 5452 1896 5506 libera-

341 5547 390 5588 ta
431 5550 542 5591 erat
586 5554 613 5591 a
663 5539 928 5600 Sodomis,
956 5548 1008 5592 et
1051 5540 1118 5593 ibi
1152 5541 1420 5605 remansit,
1454 5541 1591 5596 unde
1619 5545 1891 5612 respexit;

255 5661 266 5668 ι
338 5628 454 5696 ipsa
484 5629 534 5681 in
561 5622 690 5684 loco'
713 5645 981 5693 mansura,
1008 5639 1060 5684 et
1089 5639 1416 5686 transeuntes
1441 5631 1570 5685 alios
1597 5632 1891 5687 conditura.

410 5739 426 5769 ⁸
452 5740 523 5786 sic
550 5744 729 5803 nemig.
758 5748 838 5788 Ms.
863 5740 945 5788 Α’ἰὶ
971 5739 1094 5799 libri,
1129 5753 1312 5801 parum.

2009 1625 2123 1678 loco
2169 1626 2370 1681 itineris
2421 1630 2534 1693 sui,
2583 1632 2646 1685 ad
2698 1649 2852 1701 quem
2909 1638 3229 1704 proficientia
3281 1632 3550 1711 pervenit,

2009 1725 2061 1769 et
2085 1733 2238 1785 quem
2269 1721 2410 1773 vovit
2440 1722 2547 1776 Deo
2573 1763 2586 1783 .
2637 1724 2758 1780 inde
2787 1729 2996 1796 respicit
3022 1742 3166 1786 retro
3187 1775 3200 1797 ,
3230 1749 3346 1789 cum
3391 1740 3557 1808 ipsum

2009 1807 2284 1863 dimiserit.
2312 1811 2467 1866 Verbi
2494 1815 2680 1883 gratia,
2711 1817 2892 1871 statuit
2910 1829 3200 1877 castitatem
3231 1807 3556 1898 conjugblem

2007 1914 2218 1956 servare
2259 1901 2412 1981 (inde
2450 1907 2587 1959 enim
2619 1907 2798 1976 incipit
2830 1910 3083 1979 iustitia);
3105 1918 3318 1970 recessit
3342 1934 3370 1971 a
3399 1921 3558 1976 forni-

2006 1992 2301 2046 cationibus
2341 2003 2394 2047 et
2423 1995 2488 2048 ab
2524 1997 2604 2049 illa
2651 1998 2825 2053 illicita
2870 2001 3194 2058 immunditia
3222 2024 3234 2059 :
3265 2011 3472 2077 quando
3500 1992 3592 2066 se-

2005 2080 2072 2134 ad
2100 2080 2471 2139 fornicationes
2493 2091 2840 2153 converterit,
2874 2103 3014 2146 retro
3040 2097 3287 2162 respexit.
3320 2099 3465 2154 Alius
3492 2117 3558 2156 ex

2009 2186 2222 2246 munere
2252 2173 2339 2228 Dei
2372 2176 2538 2245 majus
2564 2179 2757 2248 aliquid
2798 2184 2972 2245 vovit,
3017 2187 3197 2240 statuit
3227 2205 3321 2243 nec
3352 2193 3556 2259 nuptias

2009 2263 2148 2328 pati;
2182 2264 2266 2331 qui
2298 2280 2400 2318 non
2427 2266 2762 2324 damnaretur
2783 2311 2798 2336 ,
2837 2273 2878 2326 si
2906 2273 3137 2330 duxisset
3161 2294 3408 2342 uxorem,
3443 2291 3556 2350 post

2004 2360 2180 2406 votum
2225 2355 2362 2422 quod
2401 2354 2513 2409 Deo
2554 2359 2792 2425 promisit
2827 2360 2872 2414 si
2899 2361 3138 2427 duxerit,
3186 2365 3555 2424 damnabitur:

2005 2457 2124 2498 cum
2159 2444 2258 2498 hoc
2288 2444 2440 2500 faciat
2465 2449 2602 2517 quod
2632 2449 2718 2504 ille
2750 2451 2838 2520 qui
2868 2467 2972 2506 non
3002 2457 3343 2524 promiserat;
3382 2470 3555 2518 tamen

2006 2533 2092 2587 ille
2123 2550 2228 2588 non
2258 2535 2567 2600 damnatur,
2614 2539 2711 2595 iste
2738 2540 3035 2597 damnatur.
3081 2545 3252 2613 Quare
3273 2588 3286 2610 ,
3316 2549 3413 2604 nisi
3437 2552 3556 2619 quia

2006 2622 2104 2676 iste
2132 2628 2362 2694 respexit
2389 2627 2572 2681 retro?
2613 2628 2729 2684 1am
2758 2631 2895 2685 enim
2935 2645 3055 2688 ante
3082 2647 3228 2702 erat,
3260 2638 3356 2694 iste
3381 2648 3557 2697 autem

2005 2715 2130 2770 illuc
2160 2719 2391 2772 nondum
2418 2731 2748 2790 pervenerat.
2796 2723 2882 2779 Sic
2906 2726 3070 2795 virgo,
3099 2744 3217 2798 qum.
3241 2733 3284 2782 si
3315 2733 3576 2798 nuberet,'

2005 2822 2108 2859 non
2133 2820 2370 2876 peccaret
2393 2810 2433 2881 (I
2458 2809 2573 2864 Cor.
2600 2828 2689 2876 vn,
2717 2811 2831 2883 28).
2862 2817 3268 2874 sanctimonialis
3294 2822 3338 2880 si
3367 2838 3558 2892 nupse-

2005 2897 2093 2960 rit,
2118 2895 2310 2952 Christi
2331 2900 2565 2955 adultera
2593 2902 2943 2971 deputabitur.
2975 2905 3224 2976 Respexit
3251 2912 3390 2965 enim
3415 2923 3560 2968 retro

2004 2987 2070 3042 de
2107 2987 2224 3042 loco
2264 3003 2368 3058 quo
2407 3002 2720 3047 accesserat.
2765 2993 2854 3048 Sic
2894 2996 3081 3064 quibus
3120 2999 3328 3067 placet,
3377 3001 3558 3058 relicta

2003 3080 2144 3134 omni
2171 3095 2264 3148 spe
2292 3082 2528 3136 saeculari
2549 3092 2602 3137 et
2627 3084 2768 3138 omni
2803 3087 3008 3190 action’e
3037 3097 3242 3144 terrena
3271 3130 3287 3156 ,
3316 3092 3558 3150 conferre

2003 3185 2060 3227 se
2085 3172 2137 3226 in
2165 3173 2468 3230 societatem
2502 3185 2832 3242 sanctorum,
2862 3178 2914 3232 in
2951 3172 3280 3236 éommunem
3311 3183 3447 3236 illam
3477 3185 3554 3237 vi-

2006 3273 2108 3318 tam
2141 3265 2225 3318 ubi
2255 3280 2356 3318 non
2387 3265 2513 3319 dicit
2539 3266 2726 3335 aliquis
2750 3267 2942 3337 aliquid
2973 3272 3240 3340 proprium
3261 3313 3276 3336 ,
3305 3273 3396 3327 sed
3432 3283 3556 3328 sunt

2006 3355 2104 3407 illis
2134 3355 2308 3407 omnia
2348 3357 2678 3419 communia,
2725 3365 2778 3411 et
2815 3367 2897 3411 est
2934 3358 3035 3414 illis
3071 3361 3244 3413 anima
3269 3377 3367 3415 una
3392 3371 3559 3416 ctcor

2004 3460 2164 3496 unum
2196 3445 2244 3498 in
2281 3445 2440 3499 Deum
2476 3446 2606 3516 (Act.
2630 3463 2681 3501 tv
2702 3489 2716 3512 ,
2748 3447 2872 3520 32);
2903 3449 3146 3519 quisquis
3165 3451 3283 3507 inde
3310 3453 3558 3509 recedere

2004 3534 2253 3599 voluerit,
2295 3550 2397 3588 non
2427 3536 2547 3590 talis
2577 3538 2794 3592 habetur
2821 3540 3001 3607 qualis
3031 3541 3118 3595 ille
3146 3543 3231 3612 qui
3255 3559 3356 3597 non
3389 3545 3556 3598 intra-

2005 3628 2077 3681 vit
2105 3645 2118 3682 :
2151 3628 2241 3682 ille
2279 3628 2417 3682 enim
2466 3628 2696 3684 nondum
2724 3633 2981 3697 accessit;
3009 3633 3108 3688 iste
3137 3645 3278 3688 retro
3306 3638 3554 3705 reSpexit.

2003 3717 2365 3788 Quapropter,
2417 3720 2749 3784 charissimi,
2799 3723 3061 3790 quomodo
3106 3726 3323 3793 quisque
3365 3738 3553 3795 potest,

2006 3817 2222 3878 vovete,
2269 3818 2322 3868 et
2365 3809 2564 3871 reddite
2602 3811 2824 3871 Domino
2851 3811 2959 3864 Deo
3000 3822 3173 3866 vestro
3202 3813 3367 3880 (Psal.
3399 3832 3554 3886 Lxxv.
3624 3868 3639 3876 -

2005 3897 2096 3970 12)
2146 3905 2285 3972 quod
2335 3907 2552 3975 quisque
2596 3910 2859 3976 potuerit;
2911 3926 3066 3964 nemo
3110 3914 3252 3965 t‘ClI‘O
3291 3906 3554 3974 νοερίοίευ.

2005 4007 2160 4048 nemo
2202 3995 2435 4063 pristinis
2472 3999 2580 4051 suis
2617 3998 2940 4067 delectetur,
2990 4017 3146 4056 nemo
3188 4007 3457 4059 avcrwtttt‘
3489 4000 3556 4060 ab

2004 4098 2068 4137 eo
2093 4085 2231 4154 quod
2250 4095 2372 4140 ante
2399 4095 2496 4149 est,
2530 4087 2594 4142 ad
2623 4087 2672 4142 id
2701 4089 2848 4157 quod
2872 4101 3013 4144 retro
3037 4101 3116 4146 est
3145 4110 3158 4146 :
3185 4103 3360 4147 currat
3385 4094 3554 4149 donec

2005 4178 2304 4244 perveniat;
2337 4193 2440 4231 non
2469 4180 2606 4233 enim
2628 4180 2862 4249 pedibus,
2883 4182 2972 4236 sed
2989 4183 3252 4238 desiderio
3271 4189 3550 4240 currimus.

2004 4268 2188 4324 Nullus
2229 4279 2402 4324 autem
2434 4270 2484 4324 in
2530 4272 2628 4326 hac
2664 4274 2764 4326 vita
2799 4276 3100 4343 pervenisse
3127 4291 3185 4330 se
3225 4277 3381 4333 dicat.
3425 4280 3556 4345 Quis

2003 4361 2142 4413 enim
2174 4371 2344 4429 potest
2375 4372 2476 4415 tam
2507 4363 2769 4430 perfectus
2796 4380 2914 4419 esse
2939 4381 3094 4435 quam
3127 4368 3364 4424 Paulus?
3393 4372 3456 4425 Et
3480 4375 3553 4426 ait

2006 4459 2177 4502 tamen
2201 4492 2216 4517 ,
2269 4468 2287 4500 ι
2325 4451 2569 4516 Fratres,
2611 4468 2708 4521 ego
2744 4470 2828 4508 me
2864 4470 2968 4509 non
3007 4456 3234 4512 arbitror
3263 4461 3557 4529 appreheu-
3651 4493 3663 4503 -

2003 4539 2184 4593 disse:
2215 4556 2375 4594 unum
2422 4551 2612 4603 autem,
2662 4558 2777 4611 qua:
2815 4554 2956 4598 retro
2989 4547 3182 4601 oblitus
3204 4589 3220 4614 ,
3267 4550 3320 4603 in
3347 4566 3408 4605 ea
3438 4568 3554 4622 qua:

2004 4642 2124 4685 ante
2150 4643 2274 4685 sunt
2313 4641 2584 4696 extentus,
2635 4635 2921 4689 secundum
2971 4637 3314 4695 intentionem
3361 4657 3556 4713 sequor

2002 4721 2064 4773 ad
2110 4721 2334 4789 palmam
2373 4737 2613 4789 superum
2643 4723 2926 4778 vocationis
2949 4725 3036 4779 Dei
3061 4727 3110 4779 in
3145 4727 3352 4783 Christo
3375 4731 3497 4786 Jesu
3529 4752 3548 4784 ο

2005 4811 2256 4884 (Philipp.
2287 4828 2364 4876 ιιι,
2394 4813 2644 4886 15H”).
2679 4815 2833 4868 Vides
2862 4815 3074 4871 Paulum
3111 4819 3283 4875 adhuc
3318 4837 3550 4888 currere,

2003 4913 2127 4958 et'te
2151 4905 2257 4971 jam
2279 4905 2544 4958 existimas
2569 4905 2913 4973 pervenisse?
3178 4968 3181 4971 ,

2074 4996 2125 5049 5.
2159 4993 2304 5066 [vers.
2335 4992 2414 5066 2.]
2444 4993 2498 5050 Si
2524 5010 2649 5064 ergo
2677 4996 2839 5050 sentis
2874 5011 3142 5065 pressuras
3172 4999 3324 5068 hujus
3350 5000 3552 5065 mundi,

2003 5085 2158 5138 etlam
2197 5099 2316 5139 cum
2358 5085 2477 5139 felix
2508 5100 2565 5140 es
2585 5125 2599 5149 ,
2646 5086 2949 5140 intellexisti
2979 5095 3028 5140 te
3056 5102 3174 5142 esse
3205 5091 3253 5141 in
3283 5089 3548 5143 torculari.
3567 5103 3606 5171 ί

2005 5177 2203 5231 Putatis
2231 5177 2370 5231 enim
2401 5219 2414 5241 ,
2445 5177 2630 5231 fratres
2668 5178 2800 5241 mei,
2846 5177 3201 5232 infelicitatem
3230 5179 3402 5233 sa‘culi
3439 5197 3550 5236 me-

2007 5267 2251 5321 tuendam
2277 5282 2395 5322 essc
2419 5309 2433 5332 ,
2481 5277 2534 5321 et
2576 5267 2875 5322 felicitatem
2907 5284 3010 5320 non
3040 5283 3155 5322 esse
3185 5271 3554 5327 metuendam?

2007 5357 2116 5412 lmo
2135 5374 2261 5413 vero
2287 5359 2422 5411 nulla
2452 5356 2731 5412 infelicitas
2764 5357 2970 5426 frangit,
2991 5374 3144 5426 quem
3178 5358 3395 5414 felicitas
3417 5365 3554 5419 nulla

2007 5447 2316 5515 corrumpit.
2368 5446 2640 5513 Quomodo
2680 5461 2803 5514 ergo
2843 5445 3070 5498 cavenda
3116 5456 3164 5500 et
3211 5450 3437 5503 timenda
3477 5437 3553 5509 est

2005 5541 2112 5609 ipsa
2145 5539 2438 5605 corruptrix
2468 5578 2482 5599 ,
2534 5552 2597 5589 ne
2625 5546 2674 5589 te
2718 5535 3033 5589 blandiendo
3075 5537 3327 5593 sedncat?
3370 5541 3441 5596 Ne
3471 5545 3553 5596 iu-

2003 5615 2218 5685 dumhas
2245 5631 2294 5683 in
2329 5629 2562 5681 baculum
2604 5627 2901 5688 arundinis;
2945 5643 3062 5682 nam
3095 5640 3144 5683 et
3176 5630 3272 5686 hoc
3303 5635 3551 5703 scriptum

2076 5744 2088 5774 ²
2113 5740 2244 5800 ΕιίιΙ.,
2273 5754 2500 5788 rrrersns.
2538 5748 2576 5786 ιι
2609 5746 2732 5794 κω,
2761 5750 3007 5790 rum'rsM
