4038 6208
457 369 592 428 1059

454 493 535 540 est
557 527 572 545 ,
601 481 852 554 quosdam
881 481 1183 534 incumbere
1221 477 1272 532 in
1309 475 1550 532 baculum
1577 476 1867 530 arundinis.
1892 474 2006 531 Noli

454 587 508 633 te
535 577 750 632 credere
776 574 861 645 (IV
893 571 1018 641 Reg.
1050 586 1194 634 xvm,
1221 569 1341 639 2!);
1372 569 1552 642 fragile
1577 577 1779 636 estque
1805 567 2007 631 niteris,

456 670 708 739 frangitur
755 675 806 719 et
850 663 1098 718 interimit
1132 671 1201 717 te.
1249 660 1302 716 Si
1331 675 1457 729 ergo
1489 659 1734 713 felicitate
1779 659 1868 711 tibi
1911 656 2010 714 iste

456 761 683 816 tumidus
706 756 935 812 arrideat
959 796 972 813 .
1007 755 1057 808 in
1102 768 1340 822 pressura
1372 762 1421 805 te
1445 760 1685 819 computa
1708 790 1723 811 ,
1764 759 1817 800 ut
1843 750 2006 813 dicas,

454 850 845 918 Tribulntionem
880 859 921 899 et
939 844 1168 904 dolorem
1197 844 1355 916 inqeni
1376 884 1390 905 ,
1432 852 1476 895 et
1503 859 1678 894 nomen
1705 840 1904 893 Domini
1926 842 2007 894 in-

455 941 622 996 vocavi
654 937 819 1007 (Prol.
845 953 962 990 extr
981 977 996 1000 ,
1029 937 1093 995 5,
1115 935 1191 1001 4).
1222 933 1332 986 Non
1360 932 1508 992 dixit,
1537 931 1698 984 inveni
1726 932 2004 984 tribulatio-

458 1048 566 1087 nem
587 1073 602 1094 ,
634 1031 732 1084 uisi
759 1027 1038 1098 quamdam
1069 1041 1182 1095 quae
1215 1025 1379 1078 latet:
1405 1021 1644 1091 quzrdatn
1672 1025 1810 1075 enim
1841 1021 2005 1074 tribu-

452 1126 577 1183 latio
607 1123 857 1193 quosdam
903 1120 954 1172 in
987 1119 1085 1170 hoc
1126 1119 1321 1170 smequ
1349 1112 1505 1176 latet,
1552 1114 1638 1181 qui
1680 1121 1866 1183 putant
1907 1111 2008 1166 sibi

453 1218 587 1272 bene
616 1230 766 1276 esse,
812 1227 929 1266 eunt
973 1209 1368 1280 peregrineutur
1400 1223 1428 1259 a
1463 1205 1702 1260 Domino.
1757 1201 2009 1272 Quamdiu

451 1310 589 1363 enim
617 1323 788 1360 smnus
814 1305 864 1358 in
905 1319 1110 1370 corpore
1130 1343 1144 1367 ,
1193 1300 1393 1369 inquit,
1443 1298 1815 1367 peregrinantur
1838 1314 1868 1348 α
1893 1295 2004 1349 Do-

453 1403 588 1454 mino
616 1401 677 1468 (ll
705 1397 820 1454 Cor.
847 1412 900 1458 ν,
933 1395 1008 1463 6).
1033 1394 1086 1449 Si
1109 1413 1134 1445 a
1167 1404 1312 1462 patre
1341 1401 1431 1444 tuo
1459 1390 1670 1443 hotniuc
1699 1388 2004 1457 peregrina.

440 1494 589 1547 ‘rcris
612 1533 626 1552 ,
672 1491 828 1542 miser
851 1503 992 1540 esses
1020 1506 1033 1540 :
1061 1501 1087 1537 a
1128 1484 1345 1536 [lotnino
1377 1481 1726 1550 imregriuaris
1749 1519 1764 1543 ,
1795 1489 1848 1533 et
1883 1478 2004 1532 felix

453 1583 554 1635 es?
587 1581 724 1650 Etgo
750 1587 870 1631 sunt
897 1577 982 1640 qui
1013 1585 1192 1642 putant
1225 1575 1356 1627 lnme
1392 1573 1490 1628 sibi
1519 1559 1660 1626 esse.
1705 1570 1802 1635 Qui
1828 1579 2001 1624 autem

452 1661 743 1737 itttt‘illiguut
794 1671 843 1722 in
893 1667 1124 1736 qualibet
1169 1662 1578 1718 t'it'Cutullttettlia
1627 1662 1894 1726 comarum
1926 1666 1991 1712 et

458 1765 775 1830 voluptatum
809 1800 825 1824 ,
873 1756 1108 1827 quamvis
1133 1755 1194 1806 ad
1241 1765 1421 1806 ntttttm
1460 1761 1644 1805 cuncta
1676 1749 1996 1810 deserviant,

453 1854 690 1924 quamvis
719 1849 846 1904 nihil
877 1849 1149 1902 molestum
1184 1846 1396 1912 irrepat,
1437 1842 1560 1894 nihil
1589 1841 1867 1894 adversum
1894 1849 2002 1891 ter-

453 1956 566 2001 rcat
588 1987 602 2008 ,
647 1955 819 1998 tamen
852 1943 901 1994 in
935 1941 1070 1992 umlo
1096 1954 1152 1992 se
1178 1952 1296 1991 esse
1325 1933 1571 2004 quamdiu
1604 1933 2002 2001 peregrinantur

450 2054 478 2093 a
510 2038 758 2098 Domino;
804 2031 1105 2088 acutissimo
1135 2027 1288 2082 oeulo
1333 2025 1718 2080 trilmlationcm
1763 2031 1817 2076 ct
1853 2021 2002 2075 dolo-

449 2147 559 2183 rem
613 2130 951 2187 invenerunt,
1013 2133 1063 2177 ct
1101 2137 1290 2198 luunt-tt
1352 2117 1554 2172 Domini
1610 2119 1997 2170 ittvucavcrtmt.

449 2222 592 2276 Talis
616 2230 696 2274 est
723 2220 809 2285 qtti
840 2225 1016 2270 eiulat.
1055 2216 1104 2266 in
1136 2214 1232 2267 hoc
1256 2213 1472 2281 psalmo.
1503 2211 1629 2275 Quis
1654 2210 1769 2261 est?
1798 2207 2001 2274 Corpus

450 2313 574 2369 Cbri
609 2319 665 2366 ti.
707 2313 832 2380 Quis
859 2321 933 2364 est
967 2309 1098 2362 iste?
1141 2307 1242 2360 Vos
1262 2347 1276 2369 ,
1304 2309 1347 2360 si
1375 2304 1566 2366 vultis;
1607 2316 1702 2356 uos
1723 2317 1926 2358 otttnes.
1955 2300 1998 2352 si

444 2406 717 2465 volumus;
746 2416 928 2454 (nones
955 2400 1041 2452 lilii
1064 2397 1220 2460 Core,
1246 2405 1299 2450 et
1326 2409 1508 2448 omnes
1525 2407 1658 2445 unus
1681 2393 1856 2455 homo,
1879 2391 1998 2458 quia

443 2513 604 2551 unum
631 2495 822 2548 tlhristi
853 2508 1062 2557 corpus.
1114 2489 1390 2557 Quomodo
1419 2501 1521 2539 non
1549 2493 1631 2538 est
1655 2498 1788 2539 unus
1818 2482 1997 2545 homo,

440 2590 528 2659 qui
560 2605 719 2640 unum
741 2593 896 2651 caput
926 2583 1121 2636 habet?
1151 2583 1318 2648 Caput
1337 2578 1569 2631 omnium
1593 2573 1999 2628 nostrmuChri-

443 2693 557 2736 stus
595 2691 677 2734 est
709 2698 721 2732 :
754 2691 944 2746 corpus
971 2677 1108 2728 illius
1132 2673 1323 2741 capitis
1344 2684 1530 2723 moues
1565 2685 1658 2720 nos
1687 2681 1886 2720 sumus.
1935 2666 2000 2720 Et

444 2788 630 2826 otonrs
662 2771 712 2823 in
760 2768 858 2822 hac
901 2769 1002 2820 vita
1045 2766 1096 2818 in
1137 2761 1484 2817 torcularibus
1522 2774 1703 2812 smnus
1737 2775 1750 2809 :
1783 2756 1825 2810 si
1866 2756 2000 2810 bene

448 2863 715 2932 Sapiums,
756 2855 862 2928 jzu'u
888 2857 951 2910 ad
985 2854 1262 2909 toreularia
1294 2853 1550 2905 venimus.
1602 2850 1740 2918 Ergo
1766 2848 1818 2901 in
1849 2862 1998 2916 pres-

441 2955 579 3009 Suris
602 2952 944 3006 t'utaliontuu
967 2946 1234 3002 Constituti
1254 2985 1268 3005 .
1297 2943 1516 2999 edamus
1542 2941 1675 2994 hanc
1701 2955 1914 3001 Vocem,
1944 2946 1998 2992 et

441 3045 816 3116 pra-mittamus
859 3037 1174 3093 desiderium
1222 3045 1460 3094 nostrum
1507 3051 1520 3086 :
1565 3033 1730 3098 Quom
1773 3030 1996 3084 dilectis-

439 3139 566 3192 simo
596 3137 612 3168 ¹
636 3143 775 3197 sunt,
800 3130 982 3202 inquit,
1013 3127 1333 3183 tabernacula
1355 3136 1460 3188 tua,
1496 3123 1706 3176 Domine
1728 3120 1999 3175 virtutum!

441 3227 568 3281 litat
599 3225 649 3279 in
683 3219 1400 3290 tabernaculisquihusdam,
1430 3217 1479 3269 id
1508 3226 1609 3279 est,
1638 3214 1690 3267 in
1717 3213 1994 3267 toreulari-

441 3311 579 3371 bus;
627 3310 719 3363 sed
763 3310 1097 3363 desnlel'abat
1141 3309 1240 3358 alia
1295 3306 1668 3366 tabernacula,
1717 3309 1801 3356 uht
1851 3307 1991 3358 nulla

435 3420 676 3476 pressura
707 3411 788 3456 est
828 3419 841 3455 :
872 3402 922 3454 iu
955 3401 1037 3454 his
1061 3400 1183 3453 illuc
1206 3384 1502 3468 suspirabat
1523 3438 1538 3458 .
1587 3397 1654 3449 ab
1699 3397 1780 3451 his
1821 3396 1872 3451 in
1905 3396 1991 3450 illa

434 3510 531 3566 per
555 3493 801 3547 desiderii
828 3492 1062 3546 canali-nt
1089 3492 1109 3522 ⁸
1139 3489 1365 3555 quodam
1397 3488 1554 3542 modo
1581 3487 1860 3542 deﬂuebat.

500 3588 554 3644 6.
583 3586 730 3658 ίνρη.
760 3587 813 3650 3,
846 3583 923 3656 4.]
957 3585 1012 3638 lit
1039 3582 1158 3652 quid
1182 3582 1456 3649 sequitur?
1488 3580 1802 3648 Concupiscit
1828 3589 1876 3633 et
1902 3578 1989 3633 de-

435 3679 536 3749 liri!
571 3678 740 3730 animo
767 3694 873 3729 meo
901 3676 951 3728 in
994 3677 1125 3727 atria
1153 3671 1376 3726 Domini.
1427 3671 1616 3726 Parum
1651 3680 1762 3730 est.
1793 3670 1996 3724 (iunctio.

431 3769 576 3838 piscit
614 3778 660 3821 rt
701 3767 906 3836 deﬁcit;
951 3765 1042 3819 sed
1081 3779 1186 3832 quo
1219 3763 1434 3818 deﬁcit?
1478 3761 1543 3815 In
1581 3762 1714 3814 atria
1759 3758 1980 3814 Domini.

433 3859 632 3914 Deli-cit
663 3874 758 3912 uva
792 3871 970 3925 pressa
996 3873 1011 3918 ;
1051 3855 1144 3909 sed
1169 3871 1273 3924 quo
1293 3853 1530 3909 defecit?
1572 3853 1626 3908 lu
1657 3853 1909 3907 vinumet
1935 3853 1986 3905 in

430 3950 598 4004 lacum
619 3991 635 4014 ,
683 3959 736 4001 t-t
776 3949 825 4000 in
855 3947 1125 4016 apotheca:
1153 3945 1422 4012 requiem,
1455 3944 1707 3999 servanda
1740 3944 1789 3997 in
1809 3943 1988 4013 quiete

430 4057 634 4112 tnagm.
667 4040 762 4094 llic
786 4039 1114 4093 ιιοδίιιυιυιηι·
1139 4080 1152 4103 ,
1181 4036 1248 4090 ibi
1269 4037 1506 4106 capitur,
1549 4036 1634 4091 hic
1669 4037 1983 4106 susp'ratur,

430 4133 497 4187 ibi
523 4132 815 4204 gaudi-tur;
862 4130 944 4184 hic
969 4141 1177 4191 oratur,
1218 4129 1285 4180 ibi
1321 4127 1592 4188 laudatur;
1626 4126 1708 4179 hic
1737 4126 1982 4193 gemitur,
2027 4179 2030 4188 ι

429 4223 498 4278 ibi
523 4225 832 4278 cssttltatur.
859 4222 926 4273 l-Za
948 4235 1065 4289 qua:
1088 4219 1192 4272 dixi
1219 4217 1364 4285 quasi
1393 4216 1521 4268 dura
1549 4214 1632 4268 hic
1662 4231 1816 4270 nemo
1836 4228 1987 4266 πει·-

427 4326 572 4370 sctur
596 4333 613 4376 ;
639 4331 792 4367 ncino
821 4313 968 4380 quasi
999 4309 1121 4361 noli:
1151 4316 1275 4376 pati.
1310 4305 1641 4358 Metuendmn
1666 4315 1746 4358 est
1772 4319 1838 4358 ne
1861 4317 1979 4369 uva,

432 4407 558 4461 dum
594 4403 825 4458 torcular
853 4402 1037 4465 timet,
1084 4399 1150 4452 ab
1178 4397 1362 4451 avibus
1398 4398 1478 4451 vel
1507 4413 1537 4450 a
1571 4395 1695 4454 leris
1734 4395 1983 4450 comeda-

431 4507 535 4552 tur.
581 4495 635 4550 In
667 4510 857 4563 inagna
888 4494 1096 4546 videtur
1117 4491 1326 4545 tristitia
1348 4505 1497 4556 esse,
1527 4505 1646 4545 cum
1671 4490 1818 4548 dicit.
1850 4487 1983 4543 Cou-

425 4591 637 4657 rnpiseit
659 4599 703 4641 et
719 4589 884 4656 deﬁcit
907 4587 1075 4639 ouium
1093 4601 1204 4639 men
1232 4585 1281 4636 in
1301 4585 1429 4636 atria
1450 4581 1688 4644 Domini;
1717 4597 1820 4635 non
1840 4583 1980 4638 enim

429 4683 586 4737 habet
611 4681 748 4750 quod
776 4679 1037 4734 desiderat
1073 4696 1086 4730 :
1116 4677 1207 4732 sed
1231 4675 1478 4744 numquid
1510 4677 1620 4730 sine
1641 4675 1831 4745 gaudio
1859 4674 1983 4728 est?

426 4776 544 4840 Quo
585 4774 814 4842 gaudio?
855 4771 1006 4840 Quod
1039 4771 1060 4802 ³
1084 4771 1156 4824 ait
1201 4769 1478 4837 Apostolus
1506 4787 1519 4820 :
1551 4765 1655 4835 Spe
1691 4765 1978 4837 gaudentes.

427 4866 500 4919 lbi
538 4867 642 4932 jam
675 4881 730 4917 re
757 4863 1041 4932 gaudebit,
1087 4860 1240 4915 modo
1274 4859 1446 4914 adhuc
1469 4875 1582 4927 spe.
1638 4857 1863 4927 Ideoque
1892 4857 1980 4926 qui

426 4973 521 5028 spe
546 4955 770 5023 gaudent
790 4996 804 5016 ,
835 4955 954 5024 quia
984 4953 1111 5008 certi
1138 4960 1262 5005 sunt
1289 4965 1347 5008 se
1369 4959 1707 5018 accepturos,
1756 4949 1982 5002 tolerant

428 5051 480 5103 in
510 5048 753 5102 torculari
779 5060 962 5100 outues
992 5058 1282 5113 pressuras.
1316 5042 1598 5110 Propterea
1628 5047 1683 5093 ct
1715 5039 1826 5108 ipse
1840 5037 1984 5108 Apo-

425 5139 594 5193 stolus
619 5152 738 5192 cum
768 5136 1016 5198 dixisset,
1051 5133 1156 5200 Spe
1179 5131 1486 5203 gaudentes;
1511 5130 1658 5199 quasi
1691 5130 1773 5183 his
1797 5129 1980 5198 loque-

425 5239 603 5294 retur,
643 5227 730 5297 qui
756 5226 862 5295 jam
888 5225 938 5278 iu
968 5223 1214 5278 torculari
1249 5231 1402 5282 sunt,
1430 5221 1629 5275 addidit
1657 5221 1832 5275 statim
1869 5237 1881 5270 :
1916 5217 1980 5272 In

423 5319 738 5371 tribulatione
765 5317 1020 5386 patientes.
1044 5311 1110 5368 In
1141 5313 1471 5374 tribulatione,
1501 5312 1684 5379 inquit,
1708 5311 1944 5382 patientes
1961 5327 1981 5364 :

426 5409 551 5477 quid
596 5406 825 5462 deinde?
874 5404 939 5459 In
965 5405 1188 5459 oratione
1231 5403 1495 5458 tolerantes
1524 5401 1697 5474 (Rom.
1730 5417 1832 5467 xu,
1865 5402 1977 5471 12).

485 5545 502 5578 ι
528 5543 660 5603 ΡΜ..
685 5543 924 5595 amabilia.
950 5552 1004 5595 Αι
1027 5544 1175 5594 nostri
1193 5555 1362 5592 omnes
1381 5549 1510 5600 Mss,
1531 5537 1855 5591 dilectissimo.

481 5606 503 5636 ¹
530 5601 714 5668 meo
738 5613 864 5665 mss,
891 5618 974 5668 per
989 5605 1284 5668 desiderium
1304 5605 1497 5668 carnide
1526 5613 1787 5668 :_exee|_to
1811 5601 1982 5668 _codiee

418 5669 600 5729 Betnig.
626 5667 708 5729 qui
725 5664 900 5728 habet,
911 5679 996 5729 per
1012 5665 1244 5718 desiderii
1282 5666 1539 5725 caritatem,
1555 5664 1688 5715 haud
1709 5664 1857 5716 dubie
1879 5675 1982 5725 μ’θν

416 5728 654 5777 tenacia.
914 5728 918 5729 ⁷

481 5791 503 5820 ³
526 5789 631 5836 edd.
655 5789 753 5838 alii.
778 5800 898 5850 quo;
930 5788 1027 5845 alii,
1057 5789 1186 5853 quid.
1283 5797 1337 5837 η.

1663 364 1726 419 S.
1769 363 2127 422 AUGUSTINI
2165 367 2456 428 EPlSCOPl

3542 389 3678 448 1060

2122 481 2256 548 Quid
2284 493 2396 548 est,
2427 487 2731 543 tolerantes?
2776 491 2903 557 Quia
2940 493 3260 552 dil‘l'erimini.
3293 497 3464 555 Oratis
3490 513 3542 558 et
3567 504 3673 559 dit‘o

2116 573 2374 632 ferimiui:
2420 579 2637 634 tolerate
2683 585 2818 652 quod
2867 586 3163 644 dilferimini
3195 610 3208 646 :
3240 593 3492 649 toleratur
3529 599 3668 668 quod

2113 666 2380 731 dill‘ertur;
2413 673 2532 740 quia
2564 687 2681 728 cum
2716 677 2956 742 venerit,
3003 695 3106 733 non
3136 687 3385 738 aufertur.
3549 666 3562 668 _
3671 679 3673 681 ’

2183 761 2234 815 7.
2267 761 2465 816 Andi~ti
2495 767 2741 832 gemitum
2775 771 2822 822 in
2844 772 3116 835 torculari,
3147 773 3407 830 Desit/emt
3428 788 3473 830 et
3501 779 3670 846 tie/irit

2113 851 2281 904 aniinn
2308 870 2414 905 meo
2444 856 2494 907 in
2537 858 2666 908 atrio
2705 857 2949 923 Domini;
3002 865 3121 916 :unli
3165 868 3302 921 unde
3347 869 3530 934 duret,
3575 889 3669 941 spe

2111 943 2342 1010 gaudens
2375 962 2388 998 :
2421 946 2516 999 (Sor
2533 964 2693 1001 ineunt
2719 962 2762 1003 et
2778 969 2894 1006 raro
2921 972 3028 1008 mra
3054 961 3415 1014 exsultnrerunt
3437 965 3486 1016 in
3507 962 3668 1020 Deam

2115 1034 2295 1086 vivum.
2345 1035 2750 1093 Exsulnneruut
2791 1041 2876 1098 hic
2907 1047 2954 1097 itt
2986 1047 3131 1100 illud.
3181 1047 3327 1104 Unde
3355 1055 3656 1124 i-Xsttltatio,

2111 1123 2208 1176 nisi
2257 1124 2324 1178 de
2361 1129 2497 1195 spe?
2543 1133 2656 1195 Quo
2694 1134 3129 1191 exsultirernnt?
3175 1138 3238 1193 In
3281 1139 3440 1195 Deum
3485 1147 3666 1202 rirmn.

2111 1213 2236 1278 Qua:
2268 1214 2357 1269 tibi
2380 1220 2815 1276 chultavcrtmt?
2857 1222 2956 1279 Cor
2978 1244 3136 1282 meum
3157 1242 3200 1282 et
3221 1249 3338 1285 raro
3363 1253 3485 1288 mea.
3521 1236 3667 1293 [inde

2111 1307 2500 1364 exsultaverqu
2525 1311 2546 1364 ’ἶ
2575 1311 2710 1366 Nam
2737 1316 2793 1366 ei
2810 1334 2998 1384 passer,
3038 1320 3218 1390 iuqttit.
3250 1325 3432 1379 inrenit
3461 1329 3554 1382 sibi
3575 1333 3666 1385 do-

2111 1414 2264 1488 mum,
2295 1409 2339 1451 et
2363 1410 2524 1453 tnrtnr
2545 1403 2716 1456 nidum
2741 1405 2852 1469 sibi,
2879 1409 2961 1461 ubi
2981 1423 3132 1478 pontu
3155 1414 3316 1479 pullos
3345 1433 3480 1470 suos.
3529 1420 3663 1488 Quid

2109 1500 2188 1540 est
2221 1487 2358 1544 hoc?
2387 1490 2496 1542 Duo
2520 1493 2743 1555 dixerat.
2773 1506 2821 1550 ct
2851 1497 2954 1550 duo
2982 1501 3203 1555 reddidit
3231 1505 3281 1558 itt
3308 1487 3662 1564 similitudini-

2109 1577 2204 1631 bus
2230 1578 2400 1632 :uiinn
2433 1600 2445 1634 :
2474 1582 2679 1638 dixerat
2713 1587 3004 1643 exs-ultam:
3029 1607 3122 1644 cor
3146 1609 3299 1647 suum
3321 1637 3335 1659 ,
3372 1609 3424 1651 et
3449 1615 3662 1656 carnem

2107 1683 2253 1722 suam
2275 1711 2288 1732 ,
2320 1681 2374 1724 et
2401 1671 2482 1725 his
2505 1673 2710 1728 duobus
2737 1679 2957 1733 reddidit
2990 1697 3254 1749 passerem
3279 1699 3331 1740 et
3363 1697 3616 1744 turturum
3646 1711 3661 1755 ;

2105 1774 2196 1812 Cor
2227 1770 2468 1830 tanquam
2521 1781 2702 1833 passer
2725 1809 2738 1830 ,
2783 1783 2906 1822 Caro
2943 1779 3187 1841 tanquallt
3217 1787 3406 1832 turtur.
3465 1781 3664 1839 Invenit

2105 1851 2203 1903 sibi
2233 1851 2445 1908 do;num
2488 1871 2666 1922 passer
2686 1900 2700 1921 ,
2747 1859 2936 1914 invenit
2965 1864 3063 1916 sibi
3103 1866 3146 1918 d-
3175 1845 3312 1919 mum
3343 1885 3434 1922 cur
3461 1888 3660 1927 meum.

2107 1941 2330 1997 Exercet
2369 1961 2566 2013 pennas
2593 1949 2643 2000 in
2673 1951 2949 2006 virtutibus
2978 1953 3130 2022 hujus
3169 1961 3439 2026 temporis.
3473 1962 3522 2014 in
3552 1963 3661 2030 ipsa

2107 2035 2226 2096 lide,
2247 2047 2295 2088 et
2315 2051 2429 2104 Spe,
2452 2049 2499 2092 et
2520 2038 2792 2101 charitate.
2816 2046 3003 2111 quibus
3022 2048 3159 2101 volet
3177 2051 3224 2101 in
3247 2052 3458 2105 domum
3482 2071 3658 2110 suam:

2103 2135 2151 2180 et
2179 2141 2296 2179 cum
2325 2131 2528 2182 venerit
2563 2134 2918 2198 permanebit,
2961 2146 3014 2190 et
3037 2137 3145 2204 jam
3173 2144 3386 2207 querula
3420 2161 3515 2199 vox
3547 2163 3666 2215 pas.

2103 2218 2234 2269 Scris
2259 2234 2376 2286 qua:
2404 2219 2487 2273 hic
2507 2232 2587 2274 est
2611 2263 2625 2285 ,
2656 2239 2759 2276 non
2798 2227 2900 2278 erit
2943 2227 3032 2280 ibi.
3063 2229 3192 2283 Nam
3229 2233 3340 2301 ipse
3369 2245 3448 2288 est
3475 2253 3667 2304 queru-

2104 2309 2186 2363 lus
2216 2326 2428 2379 passer,
2457 2314 2524 2367 de
2552 2331 2656 2383 quo
2686 2317 2734 2369 iu
2766 2319 2872 2371 alio
2900 2323 3102 2390 pstlmo
3124 2325 3288 2387 dicit.
3319 2329 3463 2384 Sient
3493 2350 3665 2400 passer

2102 2405 2371 2472 singularis
2397 2409 2447 2460 in
2477 2417 2601 2462 tecto
2630 2407 2798 2473 (Pent.
2829 2427 2878 2467 Cl
2897 2453 2911 2477 ,
2945 2414 3019 2483 8).
3055 2416 3130 2471 De
3156 2427 3294 2472 tecto
3319 2424 3455 2476 volat
3480 2423 3543 2477 ad
3571 2424 3664 2478 do-

2104 2513 2267 2550 mum.
2322 2496 2437 2552 Jam
2471 2500 2539 2553 sit
2576 2501 2795 2558 intecto
2820 2543 2834 2564 ,
2879 2507 3048 2560 calcet
3092 2508 3306 2563 domum
3347 2516 3610 2568 carnalem
3645 2534 3658 2570 :

2103 2587 2315 2642 habebit
2355 2591 2633 2658 quemdam
2679 2594 2946 2649 etelestem
2997 2596 3204 2663 locum,
3235 2613 3537 2670 perpetuam
3567 2607 3662 2658 doc

2102 2698 2243 2736 nium
2268 2698 2282 2747 ;
2315 2698 2492 2751 passer
2516 2684 2615 2738 iste
2642 2684 2788 2740 ﬁniet
2812 2690 3057 2754 querelas
3082 2706 3221 2744 suas.
3251 2693 3456 2749 Trrturi
3487 2708 3660 2752 autem

2100 2776 2246 2831 dedit
2274 2786 2322 2832 et
2352 2778 2539 2845 pulios,
2570 2778 2618 2832 id
2646 2791 2724 2833 est
2755 2782 2899 2834 carni
2926 2798 2939 2833 :
2973 2783 3156 2837 invenit
3176 2768 3552 2854 nidnm'tnrtnr,
3577 2791 3662 2844 ubi

2102 2877 2254 2936 ponat
2283 2870 2448 2936 pullos
2485 2886 2619 2924 suos.
2668 2870 2854 2926 Passer
2881 2872 3126 2938 domum,
3168 2885 3337 2932 lll-l‘llll'
3364 2880 3540 2934 nidum
3561 2923 3576 2942 .
3609 2891 3663 2938 et

2102 2959 2278 3014 nidum
2311 2962 2488 3030 utique
2510 2963 2593 3015 ubi
2619 2973 2778 3030 ponat
2803 2965 2977 3033 pullos
3000 2981 3142 3021 suos.
3195 2969 3389 3026 Domus
3415 2981 3658 3042 tanquam

2098 3055 2163 3108 ad
2187 3055 2560 3123 sempiternum
2586 3056 2818 3126 cligitur,
2839 3058 2989 3111 nidus
3013 3060 3078 3113 ad
3103 3069 3309 3129 tempus
3329 3067 3658 3133 congeritur:

2100 3147 2260 3202 Corde
2284 3149 2575 3218 cogitamus
2608 3149 2770 3203 Deum
2789 3190 2805 3213 ,
2847 3159 3094 3222 tanquam
3121 3154 3329 3210 volante
3356 3171 3567 3224 passere
3593 3159 3659 3214 ad

2100 3253 2247 3293 suam
2269 3239 2481 3294 domum
2508 3255 2523 3304 ;
2566 3255 2724 3296 carne
2759 3251 2933 3296 autem
2961 3244 3164 3312 agimus
3187 3260 3344 3314 opera
3375 3247 3531 3302 bona.
3569 3249 3659 3302 Vi-

2096 3330 2232 3384 detis
2259 3333 2396 3385 t'llllll
2421 3348 2513 3401 per
2541 3348 2754 3387 carnem
2786 3345 3090 3387 sanctorum
3113 3347 3303 3404 quanta
3335 3342 3466 3388 bona
3495 3341 3651 3394 tiant:

2095 3437 2190 3492 per
2217 3424 2354 3477 bane
2378 3413 2518 3477 enim
2566 3439 2846 3492 opt-rumor
2884 3441 3022 3495 quin.
3039 3425 3170 3493 jussi
3201 3442 3382 3480 sumus
3421 3430 3650 3498 operari,

2093 3515 2284 3583 quibus
2303 3513 2614 3582 adjuvantur
2635 3516 2683 3567 iu
2712 3514 2806 3568 hac
2832 3515 2955 3568 vita.
2991 3512 3191 3584 Frange
3216 3519 3447 3570 esurienti
3475 3536 3654 3585 panem
3729 3567 3731 3570 .

2093 3614 2232 3656 ticum
2251 3643 2266 3667 ,
2296 3613 2342 3657 et
2379 3619 2584 3672 egenum
2625 3604 2731 3658 sine
2761 3615 2886 3658 tecto
2915 3607 3064 3659 induc
3089 3607 3142 3659 in
3176 3607 3377 3660 donunn
3411 3619 3584 3672 triton;
3611 3611 3655 3664 si

2092 3698 2271 3751 videris
2312 3698 2502 3750 nndmn
2522 3740 2535 3761 ,
2567 3700 2690 3751 vesti
2715 3697 2864 3770 (limi.
2890 3714 3010 3754 Lvttt
3031 3740 3046 3762 ,
3079 3699 3134 3768 7)
3160 3716 3175 3764 ;
3216 3709 3272 3755 et
3311 3711 3500 3756 ca-tera
3530 3704 3652 3759 talia

2091 3805 2208 3859 qua-
2255 3789 2406 3843 nobis
2450 3801 2707 3860 pra-cepta
2756 3806 2914 3855 sunt,
2959 3808 3062 3846 non
3105 3807 3387 3861 operamur
3415 3795 3514 3850 nisi
3560 3810 3654 3864 per

2091 3895 2325 3933 carnem.
2379 3879 2568 3934 Passer
2594 3897 2721 3952 ergo
2767 3882 2856 3936 ille
2877 3883 2964 3952 qui
2999 3883 3194 3951 cogitat
3230 3884 3450 3939 domum
3478 3902 3648 3951 suam,

2092 3989 2195 4026 non
2229 3973 2426 4028 recedit
2448 3989 2477 4028 a
2504 3983 2708 4029 turture
2727 3985 3000 4044 qna-rente
3027 3975 3126 4028 sibi
3151 3976 3350 4042 nidum,
3377 3979 3464 4032 ubi
3493 3991 3652 4050 ponat

2093 4065 2266 4132 pullos
2306 4081 2430 4118 sitos
2459 4082 2471 4116 :
2506 4082 2608 4119 non
2639 4066 2777 4120 enim
2812 4065 2992 4136 abjteit
3029 4067 3146 4122 illos
3175 4068 3244 4121 ub
3265 4085 3484 4137 eiunqno
3504 4109 3519 4134 ,
3551 4069 3647 4123 sed

2091 4156 2290 4209 invenit
2321 4157 2420 4209 sibi
2453 4156 2630 4209 nidum
2657 4198 2671 4219 ,
2713 4158 2798 4210 ubi
2839 4172 2932 4209 eos
2976 4169 3152 4227 ponat.
3193 4159 3420 4214 Dicimus
3447 4169 3644 4223 autem,

2091 4245 2300 4304 fratres.
2331 4246 2469 4314 quod
2516 4248 2682 4301 nostis
2716 4266 2729 4300 :
2764 4250 2943 4316 quanti
2973 4249 3218 4303 videntur
3247 4261 3438 4316 praeter
3467 4250 3649 4304 Eccle-

2087 4339 2218 4391 siam
2246 4339 2378 4390 bona
2405 4338 2649 4409 operari?
2677 4354 2832 4408 quam
2859 4339 3004 4392 multi
3032 4341 3187 4393 etiam
3217 4339 3407 4408 Pagaui
3430 4350 3650 4410 pascunt

2089 4431 2449 4495 esurientem,
2501 4431 2729 4485 vestiunt
2769 4431 3001 4494 nudum,
3045 4431 3334 4499 suscipiunt
3364 4431 3650 4500 hoSpiIem,

2090 4524 2305 4578 visitant
2335 4535 2609 4593 agrotunt,
2637 4524 2978 4577 consolantur
2999 4523 3289 4578 inclusum?
3317 4539 3472 4592 quam
3500 4524 3650 4580 utultl

2090 4614 2202 4669 haec
2235 4615 2468 4668 faciunt?
2510 4617 2668 4680 Quasi
2719 4616 2926 4670 videtur
2963 4629 3146 4684 parere
3179 4623 3382 4677 turtur;
3427 4613 3520 4666 sed
3545 4629 3649 4667 non

2089 4707 2188 4760 sibi
2234 4708 2432 4760 invenit
2461 4705 2660 4760 nidum.
2714 4706 2882 4773 Quam
2915 4705 3076 4758 intth
3103 4705 3252 4758 multi
3285 4704 3515 4758 lia-retiei
3544 4718 3649 4758 non

2091 4798 2139 4849 in
2173 4797 2405 4852 Ecclesia
2451 4809 2740 4866 operantur
2763 4838 2776 4857 .
2824 4812 2927 4850 non
2959 4797 3009 4849 in
3051 4795 3176 4849 nido
3207 4797 3350 4864 pullo
3404 4793 3648 4864 ponunt?

2089 4893 2550 4946 (leucttlralnintur
2594 4899 2646 4944 et
2691 4899 3072 4951 conterentur;
3125 4903 3229 4942 nou
3270 4886 3644 4952 servabuntur,

2091 5001 2192 5036 non
2221 4980 2606 5038 ruimli-nlur.
2660 4981 2714 5036 In
2759 4981 2912 5049 hujus
2942 4981 3081 5033 enim
3124 4980 3298 5034 carnis
3335 4977 3650 5046 openuricis

2090 5090 2309 5145 persona
2341 5077 2504 5144 posita
2528 5085 2605 5129 est
2633 5073 2871 5143 qna-dam
2900 5072 3092 5125 llllliiel‘
3115 5071 3182 5122 ab
3199 5069 3438 5136 apostolo
3465 5068 3647 5132 Paulo,

2087 5186 2202 5224 (‘ttztt
2231 5167 2303 5220 ait
2337 5184 2350 5220 :
2381 5166 2543 5220 Adam
2594 5184 2691 5220 non
2730 5176 2802 5219 est
2836 5165 3104 5226 setlttctns;
3151 5163 3328 5216 mulier
3366 5173 3526 5216 nitent
3571 5176 3652 5216 se-

2089 5261 2236 5314 docta
2257 5269 2346 5314 est.
2376 5259 2559 5314 P05tea
2591 5259 2730 5312 enim
2758 5256 2922 5311 Adam
2952 5254 3221 5310 consensit
3251 5256 3458 5309 umtieri
3489 5272 3502 5307 :
3532 5266 3652 5306 nam

2090 5367 2118 5406 a
2165 5362 2412 5418 serpente
2461 5351 2650 5404 mulier
2705 5348 2922 5403 seducta
2966 5355 3049 5399 est
3100 5343 3264 5416 (Gen.
3317 5347 3381 5403 5.
3411 5341 3499 5412 6).
3545 5341 3652 5395 Nec
3715 5389 3732 5405 ,

2091 5443 2247 5496 modo
2273 5451 2442 5511 potest
2471 5441 2643 5510 aliqua
2676 5439 2809 5492 mala
2836 5438 3012 5493 suasio
3039 5439 3136 5492 nisi
3161 5438 3335 5492 carnis
3358 5447 3458 5487 une
3483 5435 3654 5502 primo

2089 5535 2408 5592 desiderium
2458 5546 2792 5589 commovere
2819 5533 2834 5563 ¹
2861 5573 2876 5596 ,
2919 5531 3002 5588 cui
3042 5541 3223 5602 postea
3250 5530 3294 5584 si
3322 5538 3501 5582 mente
3525 5541 3653 5582 con-

2127 5720 2171 5831 O‘:
2196 5725 2268 5768 Stc
2297 5723 2403 5768 uss.
2434 5724 2486 5768 At
2505 5713 2652 5767 editio
2672 5717 2871 5778 tam,
2893 5715 3216 5766 mmet.
3235 5714 3372 5769 Ion,
3397 5717 3656 5758 conamu-

2127 5793 2134 5826 1

2093 5793 2134 5828 Π
