4024 6210
206 391 344 447 {Otii
391 427 395 431 ρ

208 504 451 562 senseris
473 544 488 565 ,
517 499 706 556 cecidit
732 506 785 552 et
817 510 997 564 passer
1025 512 1035 547 :
1062 493 1103 546 si
1134 502 1306 544 autem
1339 490 1615 541 vincuntur
1633 479 1775 537 desi-

207 598 364 652 deria
394 592 585 656 carnis,
622 597 869 643 tenentur
890 583 1125 639 membra
1151 581 1217 635 ad
1248 594 1405 650 opera
1436 578 1603 637 bona,
1630 587 1774 626 arma

210 685 662 754 concupiscentia:
709 678 1056 740 auferuntur;
1102 682 1156 728 et
1185 672 1362 742 incipit
1394 677 1562 722 turtur
1586 666 1777 718 habere

215 777 409 846 pullos.
443 775 728 841 Propzerea
756 769 881 839 quid
905 768 971 821 ibi
994 767 1065 818 ait
1091 763 1369 831 Apostolus
1391 759 1413 811 ’ἒ
1441 761 1592 813 Salva
1613 766 1778 807 autem

212 870 308 924 erit
329 883 417 938 per
438 865 660 933 filiorum
689 860 1073 932 generationem.
1105 853 1289 909 Mulier
1318 851 1471 905 vidua
1496 848 1610 903 sine
1636 846 1800 907 filiis,.

212 962 261 1018 si
315 937 657 1029 perseveret,
708 967 884 1007 nonne
934 949 1137 1004 beatior
1163 947 1262 1001 erit
1307 944 1347 1014 (Ι
1374 942 1491 999 Cor.
1520 955 1625 1004 vii,
1654 937 1781 1007 40)?

215 1049 471 1119 numquid
499 1048 646 1102 salva
676 1060 779 1097 nou
812 1042 911 1096 erit
931 1082 945 1106 ,
976 1040 1099 1110 quia
1126 1054 1225 1089 non
1254 1037 1385 1105 parit
1414 1031 1585 1086 lilios?
1626 1029 1782 1098 Virgo

218 1143 314 1200 Dei
351 1155 455 1196 non
482 1138 674 1193 melior
700 1133 845 1191 erit?
892 1129 1141 1200 numquid
1187 1129 1325 1182 salva
1357 1141 1459 1178 non
1486 1122 1622 1184 erit,
1662 1120 1782 1189 quia

220 1236 353 1295 filios
390 1251 493 1289 non
533 1230 724 1284 habet?
767 1236 858 1282 aut
887 1226 952 1279 ad
985 1225 1145 1279 Deum
1189 1237 1292 1276 non
1335 1217 1601 1289 pertinet?
1629 1216 1780 1271 Salva

219 1344 345 1399 ergo
375 1327 477 1381 erit
520 1322 710 1378 mulier
735 1360 748 1382 ,
799 1304 918 1389 qua:
949 1319 998 1370 in
1028 1314 1361 1385 lypo‘cariiis
1388 1309 1661 1377 accipitur,
1692 1320 1783 1374 per

224 1419 440 1472 filiorum
469 1413 867 1491 generationem
893 1450 908 1475 ,
942 1407 989 1460 id
1019 1413 1129 1467 est,
1163 1405 1206 1459 si
1249 1403 1403 1457 faciat
1428 1415 1584 1469 opera
1624 1399 1780 1452 bona.

224 1512 327 1568 Sed
355 1526 457 1563 non
474 1489 811 1571 ubicumque
852 1510 1030 1555 turtur
1067 1498 1297 1552 inveniat
1321 1494 1498 1549 nidum
1531 1492 1663 1557 sibi,
1692 1489 1782 1543 ubi

229 1612 386 1672 ponat
410 1600 577 1669 pullos
606 1609 734 1649 StIOS
769 1611 783 1647 :
814 1592 864 1645 in
900 1591 998 1644 lide
1026 1603 1147 1643 vera
1171 1630 1185 1653 ,
1216 1588 1267 1640 iii
1294 1585 1393 1640 fide
1421 1591 1519 1638 cat'
1546 1582 1699 1641 olica,
1731 1580 1780 1632 in

228 1694 477 1747 societate
496 1687 710 1743 unitatis
736 1682 988 1738 Ecclesiae
1021 1682 1187 1750 pariat
1213 1691 1372 1748 opera
1398 1692 1509 1728 sua.
1537 1673 1784 1741 Propter-

230 1800 293 1839 ea
313 1795 365 1838 et
390 1783 453 1835 de
477 1781 557 1834 illa
590 1793 710 1832 cum
740 1777 1043 1843 loqueretur
1069 1768 1371 1838 Apostolus,
1415 1766 1485 1820 ita
1515 1763 1737 1830 subjecit
1765 1776 1781 1815 :

235 1874 380 1929 Salva
406 1882 571 1923 autem
595 1868 686 1921 erit
711 1882 797 1933 per
823 1864 1041 1930 ﬁliorum
1063 1858 1447 1930 generationem,
1478 1855 1522 1909 si
1547 1869 1782 1924 permun-

225 1964 337 2019 uri't
357 1965 413 2016 in
439 1962 558 2027 ﬁde,
580 1968 621 2011 et
644 1956 924 2018 dilectione,
956 1964 999 2006 et
1028 1948 1436 2018 sanctiﬁcatione,
1466 1962 1577 1999 cum
1601 1944 1785 1998 sobrie-

225 2068 321 2110 tate
355 2056 401 2123 (l
426 2053 554 2107 Tini.
580 2066 635 2115 it,
667 2049 754 2111 M,
789 2047 896 2118 15).
923 2042 1283 2099 Permanendti
1308 2056 1433 2111 ergo
1454 2041 1503 2092 in
1530 2037 1651 2104 fide,
1673 2037 1782 2105 ipsa

225 2147 357 2204 fides
385 2146 540 2201 nidus
566 2152 647 2196 est
686 2141 949 2210 pullorum
993 2146 1220 2190 tuorum.
1272 2131 1401 2187 Nam
1446 2139 1662 2201 propter
1706 2130 1783 2181 iu-

226 2239 526 2294 firmitatem
555 2234 809 2301 pullorum
839 2227 1063 2282 tui-turis
1101 2236 1202 2280 tute
1230 2222 1473 2295 dignatus
1494 2232 1576 2275 est
1603 2217 1780 2273 Domi-

228 2342 321 2383 nus
354 2324 592 2397 pra-bere
640 2322 734 2375 tibi
770 2319 906 2373 unde
946 2317 1126 2371 nidum
1169 2316 1368 2369 faceres
1398 2330 1411 2366 ε
1444 2312 1655 2365 indutus
1702 2317 1786 2363 est

230 2422 361 2476 enim
398 2418 523 2474 ferio
551 2416 749 2479 carnis,
795 2424 850 2465 ut
875 2410 939 2464 ad
969 2420 1020 2464 te
1046 2407 1265 2462 veniret.
1314 2406 1368 2459 lii
1400 2405 1494 2458 ista
1520 2404 1619 2457 title
1650 2418 1785 2470 pone

229 2514 393 2583 pullos
418 2524 569 2574 tuos;
602 2509 656 2561 iii
689 2508 787 2560 isto
809 2503 930 2558 nido
953 2516 1175 2571 operare
1195 2513 1354 2567 Opera
1382 2508 1488 2550 tua.
1519 2496 1618 2564 Qui
1644 2494 1781 2548 enim

232 2615 349 2660 sunt
372 2602 497 2665 nidi,
524 2598 607 2653 vel
634 2599 751 2668 quis
774 2605 855 2651 est
877 2594 1052 2657 nidus,
1077 2591 1312 2661 sequitur
1338 2588 1513 2643 statim
1542 2604 1558 2648 ;
1592 2585 1785 2639 Alturia

232 2709 346 2761 nia,
370 2695 575 2753 Domine
596 2691 851 2745 uirtutum.
889 2688 1016 2742 Cum
1052 2685 1301 2747 dixisset,
1334 2679 1399 2733 Et
1424 2690 1586 2733 turtur
1604 2678 1787 2731 invenit

229 2791 318 2845 siti
338 2789 535 2850 nidum,
583 2783 669 2838 ubi
694 2790 847 2851 ponat
887 2780 1051 2850 pullos
1087 2790 1242 2840 suos;
1290 2774 1437 2844 quasi
1482 2772 1782 2841 qtia'sisses,

230 2882 387 2949 Quem
412 2876 640 2935 nidum?
671 2874 866 2929 Altaria
896 2883 1001 2934 tua,
1027 2870 1236 2923 Domine
1254 2869 1507 2930 virtutum,
1539 2879 1628 2918 rex
1651 2878 1787 2915 meus

231 2984 273 3027 et
296 2972 429 3027 Deus
454 2986 615 3023 meus.
662 2966 796 3035 Quid
828 2974 909 3019 est
928 3006 942 3027 ,
972 2979 1063 3016 rex
1090 2978 1226 3016 meus
1249 2969 1295 3014 et
1324 2959 1456 3013 Deus
1484 2974 1620 3012 meus
1640 2957 1666 3011 .9
1688 2955 1785 3023 Qui

231 3067 360 3136 regis
381 3078 488 3125 me,
518 3062 607 3131 qui
630 3058 819 3113 crmsti
844 3071 947 3110 me.

292 3154 344 3212 8.
378 3153 538 3226 [verm
567 3148 660 3222 5.]
682 3148 784 3203 Sed
812 3147 897 3200 hic
924 3143 1077 3199 nidus
1101 3152 1199 3204 est,
1226 3151 1277 3195 et
1300 3140 1386 3195 bic
1417 3138 1784 3209 peregrinatio,

230 3255 278 3300 et
302 3244 388 3299 bic
414 3241 696 3310 suspirium
716 3280 730 3303 ,
755 3246 809 3291 et
836 3235 918 3289 liie
940 3235 1118 3288 tritura
1141 3274 1155 3297 ,
1184 3241 1237 3286 et
1263 3230 1345 3285 hic
1374 3245 1640 3300 pressura,
1666 3230 1786 3299 quia

230 3336 311 3393 hic
347 3329 761 3400 torcularzquid
800 3337 882 3381 est
916 3337 1091 3379 autem
1135 3324 1274 3393 quod
1321 3321 1620 3377 desiderat?
1664 3322 1787 3392 quid

228 3423 586 3497 eonenpisrit?
611 3438 717 3493 quo
743 3418 824 3473 it?
851 3432 954 3488 quo
982 3415 1146 3471 tendit
1168 3414 1484 3468 desiderium
1514 3411 1790 3466 nostrum?

228 3536 327 3588 quo
349 3533 448 3573 nos
468 3513 644 3585 rapit?
673 3511 767 3567 llic
795 3510 996 3579 positus
1026 3506 1109 3560 illa
1135 3504 1417 3558 meditatur
1435 3544 1449 3570 ,
1484 3502 1681 3573 positus
1707 3502 1788 3554 iii-

225 3608 684 3665 tcrtentationes.
731 3601 933 3672 positus
973 3598 1111 3652 inter
1149 3610 1454 3665 pres'suriis,
1496 3594 1694 3663 positus
1737 3591 1790 3647 in

230 3691 600 3756 torcularibus,
654 3685 928 3754 suSpirans
970 3683 1021 3737 in
1047 3695 1274 3750 superna
1306 3678 1594 3747 promissa;
1643 3676 1789 3746 quasi

226 3785 352 3858 quid
391 3782 461 3839 ibi
504 3790 751 3840 actui-us,
794 3777 904 3845 jam
951 3771 1343 3843 pra-meditatur
1382 3768 1565 3840 gaudia
1598 3767 1790 3822 futura.

230 3874 404 3940 Beati,
429 3875 628 3943 inquit,
654 3870 737 3937 qui
764 3866 988 3921 habitant
1025 3864 1077 3918 in
1120 3864 1268 3916 domo
1309 3870 1414 3915 tua.
1449 3860 1595 3917 Unde
1622 3860 1794 3913 beati?

225 3966 363 4037 quid
402 3962 656 4018 habituri?
714 3959 836 4031 quid
895 3953 1105 4010 acturi?
1145 3953 1341 4008 Omnes
1383 3951 1470 4020 qui
1517 3949 1653 4003 beati
1712 3948 1793 4002 di-

228 4054 524 4113 cuntur’in
561 4063 728 4117 terra,
786 4048 983 4104 habent
1031 4042 1229 4113 aliquid
1276 4050 1328 4095 et
1362 4050 1522 4108 agunt
1576 4037 1792 4108 aliquid.

235 4152 424 4206 Beatus
442 4156 525 4203 est
557 4147 713 4199 homo
742 4142 849 4209 ille,
880 4150 954 4195 tot
981 4137 1209 4212 pra-diis,
1237 4144 1376 4189 tanta
1402 4134 1619 4195 liunilia,
1654 4141 1796 4185 tanto

234 4256 367 4296 auro
389 4249 440 4296 et
468 4245 723 4308 argento:
747 4232 984 4288 habendo
1015 4231 1198 4297 beatus
1228 4227 1436 4283 dicitur.
1467 4226 1656 4280 Beatus
1681 4233 1793 4289 est;

236 4334 303 4386 ad
334 4333 448 4386 illos
479 4330 707 4384 honores
733 4326 987 4396 pervenit,
1010 4323 1071 4376 ad
1100 4322 1552 4392 proconsulatum,
1579 4319 1643 4371 ad
1668 4333 1800 4388 pra:-

238 4428 530 4479 lecturam:
560 4419 763 4491 agendo
800 4417 983 4471 beatus
1011 4414 1223 4471 dicitur.
1256 4412 1393 4480 Ergo
1415 4418 1506 4463 aut
1534 4408 1796 4471 habendo,

236 4525 335 4569 aut
369 4514 586 4583 agendo.
632 4512 781 4567 Unde
822 4520 994 4563 autem
1027 4506 1096 4561 ibi
1140 4504 1278 4559 beati
1300 4504 1327 4557 ?-
1362 4502 1484 4573 quid
1533 4501 1801 4556 habituri?

236 4605 369 4676 quid
408 4604 600 4659 acturi?
644 4601 778 4669 Quid
822 4598 1084 4662 habituri,
1124 4596 1234 4667 jam
1281 4609 1435 4663 supra
1480 4594 1591 4647 disi
1618 4611 1632 4647 :
1660 4592 1804 4647 Beati

236 4701 324 4766 qui
349 4696 571 4751 habitant
609 4697 661 4748 in
692 4696 838 4748 domo
875 4702 986 4747 tua.
1015 4691 1237 4745 Domum
1278 4696 1419 4741 tuam
1446 4685 1488 4740 si
1518 4685 1761 4743 habueris
1782 4726 1801 4750 ,

240 4803 441 4859 pauper
463 4803 521 4842 es
544 4806 556 4841 :
586 4786 801 4841 domum
834 4784 921 4838 Dei
944 4783 986 4837 si
1011 4780 1271 4845 habueris,
1294 4778 1441 4833 dives
1463 4792 1540 4831 es.
1569 4776 1621 4830 In
1646 4776 1803 4830 dotno

244 4896 328 4938 sua
355 4883 565 4939 timebis
590 4881 856 4942 latrones;
887 4877 1063 4931 domui
1091 4873 1180 4928 Dei
1207 4887 1389 4927 murus
1409 4871 1518 4942 ipse
1542 4870 1679 4923 Deus
1703 4879 1800 4923 cst.

252 4976 386 5029 Beati
407 4990 535 5045 ergo
552 4975 637 5043 qui
659 4972 881 5027 habitant
904 4972 955 5023 in
982 4969 1128 5022 domo
1154 4977 1259 5020 tua.
1293 4961 1569 5019 Po~sidcnt
1593 4960 1806 5016 Jerusa-

252 5070 346 5119 lem
372 5068 641 5122 caelestem
682 5065 798 5118 sine
821 5061 1080 5129 angustia,
1129 5057 1249 5111 sine
1273 5068 1545 5124 pressura,
1590 5052 1703 5106 sine
1730 5051 1808 5103 di-

252 5159 491 5213 versitate
512 5167 573 5212 et
611 5156 871 5211 divisione
901 5153 1120 5207 limitum
1163 5166 1177 5203 :
1205 5162 1393 5204 omnes
1421 5145 1614 5199 habent
1650 5161 1763 5198 eam
1788 5184 1804 5203 ,

244 5260 297 5304 ct
327 5250 515 5321 singuli
547 5248 740 5301 habent
766 5255 947 5299 totam.
977 5242 1173 5313 Magna:
1200 5239 1305 5293 illa:
1331 5237 1546 5291 divitiae.
1578 5234 1688 5289 Non
1715 5250 1807 5287 an-

246 5350 421 5410 gustat
460 5342 623 5394 frater
653 5340 900 5407 fratrem;
935 5335 1070 5388 nulla
1116 5332 1184 5384 ibi
1216 5328 1501 5409 indigentia
1536 5335 1637 5382 est.
1675 5325 1809 5390 Quid

246 5447 376 5500 ergo
399 5432 469 5486 ibi
497 5429 666 5485 acturi
680 5428 711 5481 ~?
732 5427 974 5482 Omnium
1003 5423 1142 5477 enim
1167 5421 1433 5475 actionum
1464 5404 1810 5471 humanarum

249 5534 418 5577 mater
445 5521 747 5577 necessitas.
769 5518 906 5581 Jam,
938 5515 1126 5570 fratres
1145 5556 1161 5579 ,
1190 5511 1418 5566 breviter
1438 5508 1543 5562 dixi
1574 5524 1588 5561 :
1618 5507 1813 5560 currite

246 5618 428 5668 animo
466 5628 561 5684 per
604 5612 863 5683 quaslibet
908 5607 1141 5662 actiones
1162 5645 1177 5667 ,
1207 5603 1378 5656 videte
1402 5641 1418 5666 ,
1449 5601 1492 5653 si
1520 5614 1612 5654 eas
1641 5599 1771 5668 parit
1797 5639 1810 5663 ,

247 5708 354 5761 nisi
381 5706 686 5760 necessitas.
723 5703 849 5772 Ipsa:
891 5697 1259 5756 memorabiles
1281 5704 1424 5747 artes
1452 5707 1569 5760 qua:
1614 5704 1814 5759 magna:

248 5803 499 5854 videntur
527 5800 579 5851 in
604 5794 961 5850 subvenieiido
986 5835 999 5855 ,
1048 5788 1328 5858 patrocinia
1360 5787 1545 5855 linguai
1584 5794 1629 5835 et
1663 5783 1810 5850 adju-

1269 356 1655 430 ENAltRATlO
1694 367 1761 422 IN
1799 364 2115 423 usitatum
2156 364 2434 422 Lxxxui.

3316 370 3448 424 NG!

1887 479 2022 533 toria
2042 478 2344 544 medicinm;
2378 480 2504 549 ipsa:
2530 488 2651 533 sunt
2676 480 2813 534 enim
2843 479 2892 533 in
2924 478 3026 535 boe
3048 479 3242 537 saeculo
3266 483 3445 537 excel-

1886 570 2056 626 lentes
2101 572 2376 626 actiones:
2410 572 2533 627 Iolle
2562 572 2889 640 litigatores;
2932 572 3120 642 quibus
3159 575 3448 643 opitulatur

1885 661 2209 751 advocatus?
2238 664 2361 719 tolle
2386 664 2595 718 Vulnera
2613 673 2666 717 et
2692 664 2904 718 morbos
2928 679 2941 728 ;
2968 667 3091 735 quid
3111 680 3255 720 curat
3276 667 3446 722 medi-

1885 753 2021 807 cus?
2053 754 2115 807 Et
2156 770 2342 809 omnes
2371 755 2482 808 ista!
2511 756 2744 809 actiones
2776 765 2969 809 nostra:
2999 756 3061 809 ad
3089 759 3445 825 quotidianam

1887 843 2043 896 vitam
2073 859 2189 913 qua:
2215 846 2493 913 exiguntur
2521 855 2573 899 et
2601 846 2750 908 limit,
2779 862 2843 900 ex
2873 848 3183 901 necessitate
3208 865 3453 906 veniunt.

1887 934 2083 993 Arare,
2114 935 2407 1001 seminare,
2450 936 2746 1000 novellai-e,
2780 938 3062 1006 navigare;
3106 940 3229 990 talia
3270 947 3451 1001 omnia

1886 1038 2043 1092 opera
2070 1041 2186 1094 qum
2228 1026 2395 1094 parit,
2424 1027 2520 1081 nisi
2569 1033 2852 1081 necessitas
2880 1039 2933 1083 ct
2960 1028 3275 1098 indigentia?
3300 1031 3459 1089 Tulle

1888 1114 2113 1181 famem,
2145 1118 2305 1179 sitim,
2337 1118 2620 1172 nuditatem
2644 1135 2657 1182 ;
2685 1120 2767 1173 etii
2799 1136 2929 1188 opus
2954 1132 3067 1174 sunt
3105 1122 3196 1172 ista
3226 1121 3398 1176 omnia
3430 1123 3458 1179 2

1888 1207 2009 1262 llatc
2030 1209 2183 1262 etiam
2206 1224 2323 1277 qua:
2356 1209 2506 1263 nobis
2530 1211 2780 1279 iubentur
2809 1212 2942 1265 bona
2978 1227 3135 1279 opera
3162 1230 3175 1265 :
3202 1231 3317 1267 ti:ltlt
3350 1228 3447 1271 ista

1886 1313 2005 1367 quae
2032 1301 2436 1352 commemoravi
2463 1341 2478 1365 ,
2512 1300 2726 1355 honesta
2757 1311 2897 1365 sunt,
2930 1303 3020 1355 St‘ti
3064 1308 3317 1357 ouiniuiu‘
3346 1304 3445 1359 bo-

1888 1390 2085 1442 minuiii
2126 1389 2392 1461 (eiii-eptis
2420 1391 2667 1459 operibus
2702 1393 2941 1459 pessimis
2969 1394 3152 1462 loquor
3177 1435 3191 1457 ,
3221 1395 3447 1449 deti-sta-

1888 1480 2079 1535 bilibus
2104 1483 2355 1549 operibus
2380 1525 2394 1546 ,
2428 1482 2635 1552 ﬂagitiis
2660 1495 2711 1538 et
2741 1484 3055 1538 facinoribus
3081 1527 3093 1541 .
3128 1486 3443 1552 lioiiiii-iiliis,

1887 1569 2178 1624 effracturis
2198 1614 2211 1635 ,
2240 1571 2548 1635 adulteriis:
2583 1574 2664 1626 illa
2712 1589 2806 1627 nec
2834 1574 3027 1643 (Ινιιιιιυ
3058 1577 3191 1628 inter
3216 1587 3448 1632 actiones

1890 1661 2211 1732 humanas);
2248 1667 2357 1718 lia-c
2399 1665 2615 1718 honesta
2649 1668 2832 1733 lnquor
2860 1710 2872 1730 ,
2909 1684 3008 1719 non
3056 1671 3185 1737 parit
3215 1671 3310 1724 nisi
3352 1687 3444 1725 tie-

1888 1754 2105 1807 cessiias
2131 1754 2419 1824 fragilitatis
2463 1758 2707 1811 carnalis.
2745 1758 2864 1811 lla'c
2888 1759 3042 1812 etiam
3086 1778 3200 1828 quae
3230 1762 3335 1815 dixi
3358 1764 3445 1830 ju-

1888 1842 1997 1897 beri
2026 1844 2194 1905 nobis,
2227 1844 2427 1915 Frange
2447 1848 2683 1899 esurienti
2708 1866 2883 1915 pauent
2914 1859 3053 1901 luunt
3080 1869 3091 1903 :
3118 1854 3198 1904 eiii
3230 1854 3444 1919 frangis,

1890 1937 1972 1989 ubi
2003 1953 2156 1991 nemo
2180 1938 2387 1991 esurit?
2419 1937 2638 2008 Egemini
2674 1941 2781 1993 sine
2809 1952 2932 1993 tecto
2968 1942 3115 1994 induc
3153 1960 3205 1995 in
3248 1961 3446 1997 autumn

1889 2036 2024 2078 (nam
2047 2043 2065 2080 :
2091 2042 2245 2096 quem
2276 2028 2533 2093 host-item
2568 2031 2819 2097 suscipis.
2855 2032 2937 2082 tibi
2979 2048 3162 2085 omnes
3204 2036 3253 2085 in
3283 2035 3448 2102 patiia

1888 2131 1982 2171 sua
2026 2118 2417 2185 \'l\'tll!l?t|ttt'ltl
2449 2120 2626 2173 visitas
2652 2131 2934 2181 a-groium,
2969 2122 3051 2172 tibi
3087 2133 3331 2191 perpetua
3360 2143 3446 2178 sa-

1890 2209 2049 2262 nitate
2077 2208 2341 2274 gaiidcnt?
2367 2224 2519 2278 qui-iu
2550 2209 2842 2263 CtiltCtlt'titlS
2868 2211 3146 2280 litigiosum
3173 2256 3187 2276 ,
3235 2215 3318 2267 tibi
3350 2233 3446 2283 pax

1888 2298 2202 2368 seinpiteina
2230 2312 2305 2352 est
2333 2300 2356 2352 ?
2384 2316 2539 2371 quem
2572 2303 2763 2367 st-pelis
2792 2313 3053 2353 mortuum
3079 2344 3095 2367 ,
3125 2304 3207 2355 tibi
3240 2320 3450 2374 semper

1888 2389 2120 2443 vivitur?
2142 2388 2276 2441 Nihil
2304 2406 2429 2453 ergo
2457 2388 2641 2442 liiiriiui
2669 2400 2878 2441 actui-iis
2901 2406 2959 2444 es
2983 2408 3044 2444 ex
3076 2395 3322 2460 Hptﬂ'litlh
3351 2397 3446 2446 lio-

1890 2484 2050 2535 uestis
2079 2481 2177 2534 illis
2201 2483 2432 2534 omnium
2459 2479 2725 2534 hominum
2757 2498 2769 2533 :
2804 2482 2929 2533 iiiltil
2955 2495 3164 2536 arturus
3191 2502 3248 2539 t'S
3275 2501 3340 2540 ev
3375 2487 3449 2541 ἰ»-

1890 2574 1956 2625 tis
1984 2572 2133 2624 bonis
2159 2572 2440 2639 ιιιιιειὶιιιικς
2473 2572 2591 2641 quia
2626 2574 2705 2623 isti
2757 2573 2879 2640 pnlli
2912 2576 3130 2627 ttirtui'is
3154 2575 3259 2641 jam
3304 2579 3450 2632 voli-

1889 2664 2021 2717 bunt
2044 2663 2111 2716 de
2138 2662 2260 2715 nido
2308 2662 2442 2730 Quid
2488 2662 2792 2733 ergo?.laiii
2841 2664 3015 2736 dixisti
3060 2669 3182 2733 quid
3229 2671 3453 2728 habituri

1888 2768 2073 2809 sumus
2098 2770 2110 2807 :
2137 2754 2233 2821 Qui
2253 2754 2475 2807 Iiubi'tunt
2500 2762 2550 2807 in
2570 2757 2717 2807 duino
2736 2768 2838 2816 tim,
2862 2755 2988 2808 benti
3009 2768 3149 2811 Sunt.
3179 2759 3265 2811 Dic
3291 2761 3450 2814 etiam

1889 2846 2012 2915 quid
2037 2848 2201 2900 acturi
2233 2858 2354 2901 sunt
2378 2890 2393 2912 ,
2425 2850 2544 2915 quia
2577 2864 2680 2902 non
2712 2850 2778 2899 ibi
2814 2849 2963 2901 Viti-0
2992 2850 3192 2919 aliquas
3222 2854 3453 2907 "(3005\i'

1891 2946 2023 2991 talea
2042 2954 2159 3006 qua:
2182 2954 2265 2992 me
2294 2938 2563 3004 impellant
2585 2939 2648 2991 ad
2674 2940 2948 3007 agendum.
2979 2942 3113 2995 Erre
3140 2946 3293 2996 modo
3314 2945 3453 3013 quod

1889 3028 2076 3097 loquor
2112 3035 2166 3081 et
2207 3026 2452 3095 disputo,
2501 3031 2787 3082 necessitas
2833 3032 2986 3098 parit.
3017 3032 3274 3102 Numquid
3313 3038 3453 3090 ..ηίηι

1894 3118 1961 3172 ibi
2008 3117 2126 3171 talis
2171 3116 2456 3195 disputatio
2492 3119 2611 3178 erit.
2640 3123 2787 3187 quasi
2833 3136 2949 3187 quae
2976 3122 3159 3174 duci-at
3205 3124 3452 3192 ignarus,

1891 3210 2037 3280 quasi
2069 3224 2184 3277 qua:
2224 3218 2604 3263 commemoret
2644 3210 2961 3264 tillll\i050\?
2988 3223 3071 3265 aut
3106 3229 3230 3268 vero
3274 3218 3323 3267 iii
3368 3216 3454 3270 illa

1894 3302 2057 3370 patria
2089 3299 2425 3369 Evaiigi-liiiin
2476 3302 2781 3354 l‘CClL‘tltllllt‘
2806 3344 2819 3366 ,
2867 3303 2951 3356 tibi
3000 3308 3164 3373 ipsum
3201 3307 3289 3359 Dei
3329 3309 3458 3360 \er-

1894 3390 2017 3445 bum
2043 3391 2522 3459 contemplabitur?
2551 3390 2687 3461 Ergo
2713 3392 2833 3460 quia
2865 3394 2995 3447 dixit
3027 3397 3123 3449 iste
3148 3397 3458 3451 desiderans

1892 3492 1945 3537 et
1973 3483 2243 3551 siispiraiis
2268 3497 2329 3536 ev
2358 3496 2485 3536 voce
2516 3492 2689 3536 nostra
2715 3524 2729 3546 ,
2770 3483 2893 3553 quid
2940 3485 3164 3538 lialiiiuri
3195 3504 3375 3541 sumtis
3402 3490 3454 3545 iii

1895 3573 1977 3628 illa
2008 3574 2171 3642 patria
2200 3573 2281 3627 cui
2303 3573 2621 3642 sttSpll’alttl‘.
2650 3584 2706 3628 et
2728 3574 2797 3627 ait
2825 3617 2839 3639 ,
2868 3573 3012 3627 Beati
3037 3578 3119 3643 qui
3147 3576 3371 3631 [inbuant
3397 3581 3451 3635 in

1895 3667 2041 3719 domo
2074 3652 2355 3727 tua;dirat
2380 3674 2431 3719 et
2455 3664 2579 3735 quid
2606 3664 2768 3718 acturi
2806 3682 3007 3718 stlltllls‘.
3048 3666 3114 3719 In
3150 3668 3333 3721 διες-ιιια
3364 3686 3459 3723 itte-

1895 3759 2119 3812 culormn
2148 3756 2421 3811 laudabunt
2451 3766 2515 3809 te.
2557 3756 2665 3810 Hoc
2706 3755 2808 3810 erit
2851 3764 3013 3809 tottim
3062 3761 3326 3826 iiegotiiuii
3360 3776 3460 3812 ito-

1896 3859 2098 3909 strutn,
2129 3848 2243 3901 sine
2267 3847 2473 3901 defectu
2504 3845 2744 3900 Alleluia.
2773 3844 2887 3898 Non
2918 3846 3094 3909 vobis,
3132 3856 3345 3907 .ratres,
3379 3846 3460 3900 vi-

1898 3941 2083 3995 deatur
2124 3940 2271 4009 quasi
2323 3938 2584 3992 fastidium
2627 3936 2697 3990 ibi
2737 3938 2963 3990 lltltll’tlltl
2997 3953 3012 3988 ς
3048 3936 3166 4005 quia
3210 3937 3253 3989 si
3302 3937 3462 3993 modo

1900 4030 2001 4086 hoc
2022 4031 2111 4084 ditt
2138 4029 2350 4094 dicatis,
2383 4042 2485 4080 non
2511 4027 2739 4090 duratis;
2765 4027 2941 4080 abillo
2963 4027 3153 4095 gaudio
3175 4029 3462 4084 licet-Ssitas

1902 4138 1994 4175 vos
2018 4121 2224 4175 avertit.
2254 4119 2318 4176 Et
2359 4118 2478 4189 quia
2523 4131 2624 4170 noii
2670 4124 2867 4170 tantum
2907 4117 3136 4171 delectat
3178 4118 3315 4187 quod
3355 4134 3460 4172 non

1904 4212 2139 4276 videtur;
2169 4209 2212 4264 si
2245 4220 2382 4267 tanta
2411 4209 2680 4263 alacritate
2710 4208 2758 4260 in
2793 4208 2907 4275 ipsa
2949 4222 3192 4276 pressura
3221 4218 3275 4264 et
3301 4208 3461 4278 fragi-

1901 4304 2055 4358 litate
2070 4302 2244 4356 caruis
2271 4299 2544 4354 laudamus
2568 4298 2706 4369 quod
2728 4298 2992 4353 credimus
3009 4338 3022 4361 ,
3052 4298 3316 4367 quomodo
3353 4300 3465 4352 lau-

1902 4395 2144 4449 dabimus
2172 4391 2309 4461 qiiod
2337 4390 2664 4445 videbimus?
2693 4390 2823 4443 Cum
2846 4388 3092 4455 absorpta
3138 4388 3291 4443 fuerit
3318 4403 3463 4443 mors

1905 4486 1957 4539 in
1983 4484 2283 4546 victoriam,
2310 4497 2429 4537 cum
2453 4481 2678 4536 mortale
2701 4479 2802 4533 hoc
2828 4478 3056 4539 induerit
3093 4479 3463 4533 immortalita-

1907 4586 2032 4641 tem,
2048 4585 2095 4629 et
2114 4573 2453 4655 corruptibile
2468 4575 2564 4625 hoc
2577 4570 2800 4626 induerit
2817 4568 3260 4639 incorruptionem
3287 4571 3327 4638 (I
3343 4569 3462 4625 Cor.

1906 4685 1991 4733 xv,
2015 4670 2104 4734 55,
2125 4666 2238 4739 54),
2266 4681 2421 4719 nemo
2440 4664 2596 4728 dicet,
2616 4663 2882 4727 Ditisteti;
2906 4676 3059 4717 nemo
3077 4662 3235 4726 dicet,
3258 4662 3354 4718 Diu
3381 4663 3462 4730 ξε-

1856 4750 1869 4765 τ
1900 4760 2203 4832 junavi,diu
2228 4756 2450 4829 vigilavi.
2481 4755 2745 4813 Stabilitas
2770 4754 2909 4809 enim
2940 4760 3123 4822 inrgtia
3154 4753 3243 4813 ibi,
3273 4761 3325 4807 et
3355 4754 3466 4821 ipsa

1907 4852 2273 4908 immortalitas
2300 4850 2408 4919 jam
2437 4848 2681 4915 corporis
2714 4848 2875 4903 nostri
2898 4844 3244 4915 suspendetur
3271 4846 3319 4897 in
3340 4859 3469 4900 con-

1909 4942 2300 5013 teiuplationeui
2321 4941 2336 4971 ¹
2361 4940 2471 4993 Dei.
2496 4938 2613 4992 Etsi
2633 4937 2788 4991 modo
2811 4950 2888 4990 vet
2904 4936 3024 4990 btiiii
3047 4934 3145 4989 lioc
3166 4936 3302 5005 quod
3323 4935 3468 4988 vobis

1908 5051 2207 5106 erogamus,
2228 5045 2329 5086 tam
2348 5031 2435 5085 diu
2454 5029 2781 5098 fragilitatem
2809 5027 2982 5083 carnis
3019 5036 3210 5080 nostrae
3243 5034 3467 5079 stantem

1912 5135 2082 5191 tenet;
2112 5125 2235 5195 quid
2268 5123 2417 5176 nobis
2441 5120 2593 5183 faciet
2619 5119 2742 5173 illud
2769 5116 3053 5188 gaudium?
3079 5114 3342 5185 quomodo
3369 5127 3466 5167 nos

1912 5217 2176 5275 mutabit?
2214 5214 2424 5271 Similes
2464 5213 2602 5268 enim
2635 5212 2680 5265 ei
2711 5212 2939 5273 erimus,
2979 5207 3222 5277 quOiiiain
3270 5203 3473 5258 videbi-

1914 5325 2030 5365 mus
2057 5325 2174 5363 cum
2201 5308 2350 5361 sicuti
2377 5314 2458 5360 est
2486 5304 2538 5375 (l
2567 5305 2720 5357 Joan.
2754 5318 2809 5357 iu
2832 5345 2845 5365 ,
2872 5301 2907 5355 2
2927 5301 2967 5369 ).
2998 5300 3112 5353 Jam
3157 5296 3354 5350 similes
3375 5297 3469 5360 illi,

1914 5401 2120 5473 quando
2139 5399 2476 5454 deliciemus?
2517 5390 2979 5463 quoavertemur?
3018 5387 3197 5442 Securi
3224 5401 3351 5456 ergo
3391 5389 3469 5440 si-

1916 5508 2063 5557 mus,
2095 5490 2310 5549 fratres;
2342 5501 2444 5539 non
2485 5500 2582 5538 nos
2607 5483 2815 5537 satiabit
2840 5482 2955 5541 laus
2983 5478 3075 5531 Dei
3097 5478 3151 5542 ⁸,
3183 5491 3336 5533 amor
3360 5478 3471 5534 Dei.

1981 5606 1999 5669 ξ
2020 5609 2147 5669 mss"
2165 5595 2565 5669 contemplatione.

1984 5666 2005 5697 ³
2024 5650 2160 5721 ῖιιάξ,
2184 5658 2275 5710 iiii
2295 5650 2398 5708 (aiis
2425 5656 2526 5706 Dei.
2555 5656 2712 5711 Abest,
2738 5656 2847 5721 nisi,
2870 5665 2898 5702 a
2921 5650 3316 5721 melioribusnss.
3344 5658 3472 5721 Et.“

1921 5728 2013 5785 his,
2034 5712 2186 5785 (torti.
2210 5723 2583 5785 omittitetiam,
2614 5721 2716 5765 tri-iis
2742 5713 2843 5785 tiri,
2882 5714 3007 5777 quod
3036 5715 3117 5785 alii
3140 5714 3359 5785 plerique
3394 5712 3480 5762 lia-

1925 5775 2041 5836 ber'it
2066 5801 2077 5833 :
2106 5783 2191 5833 sed
2209 5798 2300 5831 nou
2325 5782 2519 5838 addunt,
2544 5775 2674 5827 arnor
2705 5776 2786 5826 rei
2807 5791 2821 5835 ;
2848 5775 3007 5839 neque
3034 5777 3121 5824 hoc
3146 5775 3292 5823 habet
3314 5782 3387 5823 lzr.
