4038 6208
526 370 660 425 1065

519 480 573 534 Si
601 477 816 533 deficias
841 475 908 530 ab
933 488 1140 535 amore.
1164 471 1379 527 deficies
1403 485 1430 524 a
1459 468 1612 525 laude
1636 487 1649 522 :
1672 471 1716 524 si
1741 479 1912 524 autem
1940 485 2089 524 amor

525 571 876 640 sempiternus
916 567 1048 629 erit,
1103 566 1223 636 quia
1270 563 1357 618 illa
1403 563 1711 618 insatiabilis
1759 562 2090 632 pulchritudo

526 661 655 721 erit;
687 659 790 712 noli
811 659 994 710 timere
1020 671 1085 709 ne
1103 670 1206 708 non
1225 654 1395 720 possis
1422 667 1630 723 semper
1658 653 1870 706 laudare
1890 695 1905 717 ,
1932 670 2088 724 quem

525 766 734 820 sieinper
759 747 952 815 poteris
973 761 1170 809 amare,
1203 745 1336 814 Ergo
1359 786 1372 806 .
1404 743 1545 796 Beati
1569 745 1652 811 qui
1677 744 1901 797 habitant
1922 745 1972 797 in
2001 744 2090 798 do.

525 859 604 892 ma
632 852 750 900 tua;
780 839 830 889 in
857 839 1040 890 stecula
1068 835 1365 890 sa‘culoram
1407 835 1682 888 laudabunt
1711 845 1774 888 te.
1817 835 1947 890 Huic
1965 833 2092 890 vita:

525 930 869 996 suspiretntls.

601 1022 652 1072 υ.
693 1017 839 1090 [vers.
867 1018 918 1076 6.
953 1015 1038 1089 7.]
1061 1016 1161 1071 Sed
1191 1016 1455 1085 quomodo
1485 1016 1606 1069 illuc
1631 1016 1938 1069 veniemus?
1965 1015 2094 1069 Bea-

528 1122 605 1162 tus
632 1111 706 1162 vir
742 1110 888 1178 cujus
916 1118 985 1161 est
1011 1109 1252 1174 susceptio
1281 1110 1388 1173 ejus
1408 1108 1494 1160 abs
1513 1117 1559 1160 te
1577 1148 1589 1168 ,
1627 1105 1857 1160 Domine.
1888 1108 2094 1161 Intelle-

529 1200 608 1254 xit
633 1199 717 1253 ubi
740 1208 899 1262 esset,
927 1200 1044 1267 quia
1071 1215 1160 1265 per
1183 1196 1508 1266 fragilitatem
1535 1200 1710 1250 carnis
1731 1213 1838 1250 sua:
1860 1197 1923 1250 ad
1950 1198 2091 1252 illam

530 1291 904 1345 beatitudinem
928 1291 1102 1342 volare
1127 1305 1225 1340 non
1247 1298 1418 1354 posset
1437 1305 1448 1340 :
1465 1290 1833 1356 circumsiiexit
1862 1290 2089 1358 pondera

527 1401 651 1448 sua;
685 1386 1017 1454 quia-dicitur
1041 1385 1140 1436 alio
1170 1385 1281 1437 loco
1301 1423 1316 1446 ,
1349 1381 1541 1447 Corpus
1561 1383 1687 1434 enim
1714 1384 1844 1451 quod
1870 1400 2093 1436 corrum-

529 1479 684 1547 pitur,
712 1479 1214 1546 aggravatauimam;
1241 1484 1284 1528 et
1317 1473 1546 1541 deprimit
1570 1484 1761 1526 terrena
1799 1474 2092 1528 inhabitatio

529 1584 725 1621 sensum
750 1567 904 1618 multa
931 1565 1223 1634 cogitantem
1243 1561 1262 1636 (
1281 1563 1408 1629 Sap.
1444 1579 1495 1616 Ix
1518 1606 1533 1629 ,
1568 1564 1686 1636 15).
1717 1563 1942 1634 Spiritus
1970 1579 2091 1617 sur-

530 1675 645 1712 sum
691 1667 871 1721 vocat,
925 1656 1128 1726 pondus
1177 1656 1352 1709 carnis
1390 1655 1635 1709 deorsum
1679 1666 1926 1710 revocat:
1959 1657 2095 1711 inter

531 1752 664 1804 duos
684 1759 900 1803 Conatus
920 1748 1281 1817 suspensionis
1295 1758 1350 1802 et
1371 1748 1616 1814 ponderis
1641 1749 1940 1802 colluctatio
1961 1766 2094 1816 (ιιιιιι-

451 1867 458 1872 α
531 1842 650 1894 dam
681 1852 788 1905 est;
838 1851 890 1895 et
935 1841 1043 1907 ipsa
1083 1839 1382 1892 colluctatio
1411 1837 1474 1891 ad
1520 1853 1817 1907 pressat-am
1864 1841 2094 1909 pertinet

533 1932 827 1986 torcularis.
861 1930 992 1984 Audi
1025 1929 1190 1998 ipsam
1219 1929 1410 1982 luctatn
1462 1928 1526 1982 de
1572 1929 1814 1982 toreulari
1856 1929 1923 1981 ab
1951 1930 2093 2000 Apo-

530 2026 666 2081 Stolo
709 2039 1046 2092 expressam;
1079 2023 1201 2093 quia
1231 2032 1282 2074 et
1312 2022 1423 2090 ipse
1467 2020 1537 2074 ibi
1567 2021 1971 2082 eonterebatur,
2022 2021 2092 2075 ibi

532 2116 902 2184 premebatur:
937 2129 955 2165 ί
981 2113 1350 2176 Condelector,
1391 2131 1410 2163 ι
1449 2111 1642 2180 inquit,
1679 2131 1695 2162 ι
1727 2112 1824 2178 legi
1868 2112 1961 2165 Dei
2010 2125 2094 2166 se-

529 2205 756 2261 cundum
787 2205 1086 2259 interiorem
1116 2204 1380 2257 hominem
1407 2220 1419 2254 :
1447 2203 1599 2256 video
1623 2212 1796 2255 autem
1824 2201 1981 2256 aliam
2014 2202 2091 2256 le-

529 2315 646 2368 gem
671 2300 718 2352 in
742 2299 989 2352 membris
1020 2298 1171 2362 meis,
1199 2305 1572 2365 repugnantem
1597 2295 1694 2362 legi
1723 2294 1913 2348 mentis
1940 2309 2090 2361 ntere,

528 2400 583 2444 et
609 2391 869 2458 captivum
911 2405 993 2442 me
1026 2387 1303 2442 ducentem
1335 2388 1386 2441 in
1418 2387 1529 2456 lege
1577 2386 1774 2457 peccati
1800 2427 1814 2447 ,
1854 2400 1971 2456 qua:
2013 2396 2094 2439 est

533 2481 587 2534 in
616 2480 866 2535 membris
892 2479 1042 2532 meis.
1072 2498 1089 2529 ι
1121 2478 1303 2547 Magna
1335 2478 1471 2530 lucta
1491 2519 1506 2542 ,
1536 2486 1588 2530 et
1624 2476 1875 2530 evadendi
1906 2493 2091 2546 magna

533 2574 866 2642 desineratio,
911 2573 1008 2624 nisi
1051 2570 1365 2624 subveniat‘
1393 2569 1459 2623 de
1499 2573 1840 2638 consequenti
1869 2586 1880 2622 :
1905 2567 2095 2637 Infelix

533 2679 623 2732 ego
649 2664 794 2714 hattto
817 2703 832 2727 ,
866 2661 977 2730 quis
1002 2677 1078 2712 me
1101 2660 1325 2712 liberabit
1349 2658 1412 2711 de
1443 2674 1650 2728 corpore
1687 2659 1859 2712 mortis
1900 2659 2050 2730 hujus
2069 2659 2094 2711 ?

537 2753 710 2807 Gratia
763 2753 853 2806 Dei
906 2769 993 2822 per
1037 2750 1213 2805 Iesum
1256 2748 1509 2805 Christum
1557 2749 1827 2804 Demittunt
1872 2759 2095 2803 nostrum

533 2849 551 2914 (
577 2845 723 2900 Rom.
755 2860 824 2899 vn
847 2887 862 2906 ,
888 2840 1108 2912 22525).
1141 2842 1278 2910 Ergo
1306 2850 1359 2895 et
1387 2841 1471 2895 hic
1513 2841 1563 2894 iu
1597 2837 1804 2911 psalmo
1839 2841 1938 2893 isto
1968 2839 2094 2894 vidit

533 2940 619 2994 illa
664 2937 884 3007 gaudia,
935 2934 1182 3004 cogitavit
1214 2934 1389 2986 animo
1431 2951 1444 2987 :
1478 2931 1618 2986 Beati
1655 2933 1739 3002 qui
1777 2932 2093 2986 habitantia

535 3032 683 3084 domo
723 3041 806 3081 tua
830 3071 842 3090 ,
888 3027 1135 3090 Domine;
1173 3027 1224 3079 in
1266 3025 1448 3079 stecula
1482 3025 1777 3079 saeculorum
1823 3024 2096 3080 laudabant

535 3136 602 3176 te.
635 3121 738 3176 Sed
767 3119 1035 3190 quisillnc
1056 3117 1343 3172 ascendet?
1372 3115 1494 3185 quid
1518 3115 1656 3168 facio
1676 3115 1740 3169 de
1763 3115 1939 3169 carnis
1961 3130 2094 3184 pon-

529 3215 693 3270 dere?
746 3213 930 3266 «Beati
957 3211 1043 3280 qui
1086 3209 1321 3263 habitant
1364 3209 1414 3261 in
1459 3207 1618 3261 domo
1660 3215 1776 3272 tua;
1808 3207 1860 3260 in
1904 3207 2093 3261 smcula

531 3306 844 3360 sia-culorum
885 3301 1168 3356 laudabunt
1207 3309 1276 3354 te.
1317 3297 1666 3352 Condelector
1690 3297 1828 3350 enim
1873 3297 1970 3366 legi
2004 3298 2094 3352 Dei

533 3391 821 3451 secundum
845 3393 1148 3446 interiorem
1191 3389 1484 3443 hominem.
1519 3407 1537 3439 ι
1585 3387 1688 3444 Sed
1715 3386 1836 3456 quid
1869 3386 2096 3441 faciam?

532 3487 796 3560 quomodo
821 3482 1042 3537 volabo?
1071 3481 1333 3550 quomodo
1360 3479 1703 3550 perveniam?
1726 3521 1731 3526 .
1757 3478 1909 3532 Video
1945 3479 2096 3532 aliam

535 3582 688 3650 legent
714 3580 765 3631 in
791 3574 1019 3630 membris
1061 3574 1200 3638 meis,
1228 3582 1580 3643 repugnantem
1621 3571 1717 3639 legi
1755 3571 1930 3626 mentis
1955 3585 2097 3624 mea).

535 3673 674 3727 Dixit
700 3685 758 3725 se
792 3668 1053 3723 infelicem
1073 3707 1086 3729 ,
1112 3674 1166 3720 et
1190 3664 1322 3719 dixit
1348 3682 1360 3717 :
1397 3664 1520 3731 Quis
1546 3679 1622 3716 me
1649 3663 1873 3717 liberabit
1901 3665 1961 3716 de
1983 3679 2095 3716 σοι’-

538 3782 660 3836 pore
696 3763 867 3818 mortis
902 3761 1083 3832 hujus,
1111 3769 1170 3813 ut
1195 3757 1479 3812 inhabitem
1513 3759 1562 3811 in
1591 3757 1749 3810 domo
1780 3754 2015 3818 Domini,
2043 3764 2100 3810 et

536 3859 588 3912 in
619 3857 809 3920 sasenla
836 3852 1148 3907 smculorum
1177 3847 1382 3904 laudem
1405 3847 1568 3901 cum?
1596 3847 1705 3916 quis
1735 3863 1810 3900 me
1837 3844 2094 3899 liberabit?

539 3945 710 4001 Gratia
741 3945 831 3996 Dei
857 3961 943 4011 per
960 3941 1134 3996 Jesnm
1159 3940 1407 3993 Christum
1435 3936 1698 3991 Dominum
1719 3946 1958 3990 nostrum.
1986 3934 2100 3989 Sic-

538 4049 592 4092 ut
619 4052 742 4106 ergo
773 4036 822 4088 in
869 4032 1043 4088 verbis
1072 4030 1306 4101 Apostoli
1335 4031 1407 4085 illi
1434 4028 1725 4084 difﬁcultati
1754 4036 1809 4083 et
1831 4027 1977 4098 quasi
2018 4027 2100 4080 in-

535 4125 826 4186 extricabili
867 4125 1018 4178 luctat
1053 4122 1294 4178 subvenit
1334 4120 1476 4191 quod
1512 4119 1762 4188 subjecit,
1796 4117 1971 4172 Gratia
2007 4114 2103 4169 Dei

541 4238 629 4293 per
645 4218 819 4275 Iesum
839 4216 1087 4271 Christum
1115 4215 1385 4268 Dominum
1405 4221 1668 4275 nostrum;
1697 4210 1773 4264 sic
1797 4217 1851 4263 et
1874 4207 1959 4262 hic
1981 4222 2100 4261 cum

541 4310 825 4378 suspiraret
865 4306 1164 4359 ﬂammante
1199 4301 1463 4357 desiderio
1492 4301 1544 4354 in
1587 4299 1799 4354 domum
1830 4297 1925 4352 Dei
1969 4306 2023 4352 et
2051 4296 2103 4351 in

542 4401 660 4456 illas
686 4397 866 4452 laudes
912 4396 1024 4459 Dei,
1052 4392 1382 4449 considerata
1420 4390 1707 4462 gravedine
1743 4389 1982 4459 corporis
2023 4388 2104 4442 sui

543 4500 600 4546 et
645 4489 782 4544 mole
828 4487 1002 4542 carnis
1049 4501 1157 4541 sua:
1181 4528 1196 4551 ,
1227 4494 1278 4540 et
1306 4484 1674 4554 desperatione
1713 4484 1938 4553 quadam
1983 4481 2106 4536 sub-

541 4591 655 4635 orta
672 4622 685 4644 ,
712 4592 892 4634 rursus
919 4580 968 4632 in
995 4593 1140 4646 spem
1167 4577 1454 4647 evigilavit,
1483 4584 1536 4630 et
1563 4575 1636 4629 ait
1662 4594 1677 4628 :
1706 4573 1894 4650 Beatus
1919 4573 1994 4627 vir
2018 4588 2107 4626 cu-

527 4678 625 4744 jus
643 4687 716 4729 est
739 4674 983 4742 susceptio
1006 4674 1112 4742 ejus
1148 4671 1236 4726 abs
1255 4682 1320 4735 te,
1353 4669 1583 4724 Domine.

617 4767 705 4821 10.
737 4758 868 4834 Quid
891 4781 1014 4835 ergo
1041 4771 1255 4834 przestat
1280 4763 1416 4817 Deus
1445 4762 1495 4815 in
1523 4759 1622 4814 hac
1664 4758 1853 4830 gratia,
1877 4758 1925 4813 ei
1952 4772 2107 4828 quem

547 4857 781 4925 suscepit
834 4853 1260 4924 perducendum?
1302 4852 1671 4920 Sequitur,~et‘
1705 4851 1828 4904 dicit
1873 4867 1887 4904 :
1929 4849 2112 4903 Ascen-

547 4941 641 5004 sus
671 4951 722 5002 in
751 4950 898 5002 corde
922 4953 1046 5019 ejus.
1085 4945 1232 5000 Facit
1270 4945 1342 5000 illi
1385 4945 1577 5014 gradus
1615 4943 1804 5013 quibus
1839 4943 2113 5025 ascendati

465 5045 474 5056 '
550 5042 672 5098 Ubi~
712 5041 782 5094 illi
833 5039 953 5092 facit
1003 5037 1229 5107 gradus?
1271 5036 1324 5091 ln
1363 5036 1539 5090 corde.
1580 5035 1788 5099 Quanto
1827 5049 1952 5103 ergo
1997 5033 2111 5103 plus

551 5133 848 5196 amas-eris,
909 5141 1053 5185 tanto
1100 5130 1214 5200 plus
1256 5129 1529 5184 ascendes.
1586 5128 1861 5191 Ascensus,
1909 5127 2109 5198 inquit,

549 5229 602 5278 in
653 5225 800 5277 corde
840 5225 947 5292 ejus
996 5221 1258 5290 disposuit.
1317 5219 1478 5286 Quis?
1525 5218 1625 5284 Qui
1674 5207 1905 5287 Suscepit
1944 5233 2110 5272 eum:

555 5314 737 5367 Beatus
778 5313 915 5367 enim
953 5313 1096 5383 cujus
1121 5321 1190 5364 est
1218 5311 1462 5380 susceptio
1509 5309 1616 5378 ejus
1669 5309 1756 5362 abs
1803 5318 1886 5372 te,
1934 5307 2114 5362 Domi-
2157 5359 2160 5362 .

552 5420 635 5458 ne.
673 5405 803 5471 Quia
851 5419 946 5475 per
993 5418 1051 5458 sc
1101 5415 1204 5454 non
1243 5408 1454 5470 potest,
1507 5413 1639 5468 Opus
1686 5407 1770 5453 est
1829 5408 1886 5452 ut
1945 5399 2112 5469 gratia

561 5504 647 5547 tua
700 5495 968 5572 suscipiat.
1022 5493 1086 5547 Et
1143 5491 1268 5563 quid
1329 5491 1449 5546 facit
1490 5490 1654 5561 gratia
1719 5491 1849 5544 tua?
1879 5491 2117 5561 Disponit

621 5709 794 5820 δὲέν..
819 5704 1133 5755 subveniatur.
1170 5714 1226 5756 At
1255 5713 1328 5754 Fr.
1364 5713 1416 5756 et
1455 5712 1580 5768 Mss,
1605 5704 1845 5756 subveniat
1871 5717 1890 5756 .'
1912 5706 2112 5771 supple,

621 5782 640 5819 ι

549 5782 640 5838 9m

1741 359 1798 416 S.
1839 356 2199 417 AUGUSTINI
2239 359 2532 428 EPISCOP!

3625 381 3758 437 1065

2194 476 2444 526 ascensus
2469 473 2520 527 in
2563 459 2739 529 corde.
2775 475 2870 531 Ubi
2897 477 3124 548 disponit
3163 486 3448 539 ascensus?
3484 484 3546 540 In
3577 497 3757 546 corde.

2193 564 2244 615 in
2274 565 2494 619 convalle
2520 565 2836 636 plorationis.
2875 570 3012 626 Ecce
3044 573 3247 629 habetis
3279 578 3506 631 torcular
3543 585 3760 637 conval-

2197 656 2296 708 letn
2347 656 2651 725 plorationis
2681 677 2692 711 :
2719 659 2844 727 ipsa:
2869 661 3114 733 lacryma:
3138 665 3233 732 pitc
3261 668 3758 734 contrilmlatorum,

2196 757 2422 799 mustum
2454 757 2577 801 sunt
2609 753 2914 805 amantium.
2946 755 3191 808 Ascensus
3216 757 3266 809 in
3296 759 3445 811 corde
3463 760 3570 830 ejus
3593 761 3768 826 dispo-

2195 839 2310 888 suit.
2351 837 2450 892 Ubi
2494 855 2620 909 ergo
2647 841 2938 909 disposuit?
2967 842 3031 896 In
3073 845 3297 899 convalle
3322 850 3636 912 plorationis.
3670 852 3765 905 llic

2195 929 2332 982 enim
2359 930 2620 999 diSposuit
2647 949 2927 1000 ascensus,
2959 937 3010 990 in
3047 940 3270 993 convalle
3303 942 3632 1008 plorationis;
3678 945 3766 998 hic

2197 1021 2335 1073 enim
2367 1022 2599 1088 ploratur
2640 1024 2722 1077 ubi
2765 1027 3054 1080 seminatur
3082 1047 3094 1082 :
3126 1027 3320 1083 Euntes
3343 1074 3356 1096 ,
3391 1033 3593 1102 inquit,
3625 1036 3766 1090 ibant

2197 1123 2241 1164 ct
2270 1113 2454 1182 flebant
2473 1157 2485 1174 .
2523 1116 2766 1170 mittentes
2789 1119 2991 1185 sentina
3017 1136 3105 1172 sua
3133 1119 3300 1183 (l’sal.
3323 1138 3459 1176 cxx'v
3479 1165 3492 1187 ,
3520 1127 3593 1194 6).
3625 1127 3765 1197 Ergo

2197 1217 2444 1257 ascensus
2471 1205 2519 1257 in
2543 1206 2701 1260 corde
2730 1215 2818 1260 tuo
2843 1208 2946 1260 sint
2965 1209 3203 1277 dispositi
3231 1227 3258 1264 a
3287 1213 3392 1266 Deo
3419 1229 3510 1282 per
3538 1218 3763 1285 gratiam

2199 1295 2378 1362 ipsius.
2427 1297 2665 1352 Amando
2723 1300 2951 1354 ascende
2985 1319 2997 1354 :
3029 1301 3148 1356 inde
3201 1297 3440 1359 cantatur
3486 1307 3759 1362 Canticum

2195 1389 2470 1458 graduum.
2528 1389 2596 1443 Et
2653 1391 2736 1444 ubi
2779 1393 2868 1446 tibi
2919 1393 3300 1462 diSposuithos
3351 1402 3644 1454 ascensus?
3697 1400 3764 1456 In

2195 1483 2371 1547 corde,
2411 1484 2462 1536 in
2507 1485 2729 1538 convalle
2787 1486 3101 1554 plorationis.
3153 1488 3290 1542 Dixit
3337 1490 3422 1544 ubi
3461 1491 3759 1562 disposuit,

2196 1575 2333 1640 quod
2392 1575 2651 1640 disposuit
2682 1581 2722 1628 ¹.
2762 1577 2896 1643 Quid
2942 1579 3234 1646 disposuit?
3299 1581 3557 1636 Ascensus.
3617 1584 3762 1638 Ubi?

2199 1665 2368 1729 Intus,
2425 1668 2477 1718 in
2531 1667 2701 1721 corde.
2750 1668 2803 1730 ιιι
2834 1685 2933 1737 qua
2982 1670 3225 1738 regione,
3269 1682 3321 1726 et
3369 1675 3516 1742 quasi
3563 1675 3763 1730 habita-

2197 1759 2353 1812 tionis
2399 1759 2548 1812 loco?
2576 1757 2640 1811 In
2685 1760 2908 1812 convalle
2957 1761 3267 1828 plorationis.
3297 1762 3361 1818 Ut
3389 1779 3492 1832 quo
3521 1765 3764 1820 ascenda-

2198 1850 2312 1901 tur?
2337 1847 2400 1901 In
2429 1835 2591 1902 locum
2616 1865 2762 1917 quem
2786 1849 3050 1919 disposuit.
3081 1850 3212 1918 Quid
3240 1861 3321 1906 est
3363 1854 3490 1917 hoc,
3541 1854 3759 1918 fratres,

2197 1940 2260 1994 In
2292 1943 2454 1995 locum
2489 1954 2630 2012 quem
2658 1942 2942 2012 disposuit?
2967 1942 3131 2010 Quem
3174 1944 3343 1997 locum
3383 1946 3579 2000 diceret
3605 1963 3761 2015 quem

2195 2033 2472 2103 disposuit,
2490 2036 2533 2088 si
2555 2035 2655 2089 dici
2681 2045 2876 2102 posset.
2892 2035 3096 2090 Dictmn
3113 2036 3202 2089 tibi
3221 2048 3321 2098 est,
3340 2038 3583 2093 Ascensus
3602 2039 3764 2110 dispo-

2195 2125 2293 2178 suit
2321 2127 2371 2177 in
2393 2125 2560 2187 corde,
2585 2127 2635 2178 in
2657 2125 2879 2179 convalle
2899 2127 3213 2195 plorationis.
3234 2128 3438 2192 Qtneris
3466 2130 3604 2198 quo?
3629 2130 3762 2197 Quid

2198 2217 2287 2268 tibi
2312 2215 2548 2269 dicturus
2571 2217 2689 2270 est?
2721 2217 2868 2282 Quod
2892 2218 3066 2271 oculus
3094 2235 3192 2271 non
3221 2219 3340 2270 vidit
3361 2261 3373 2280 ,
3403 2235 3493 2272 nec
3518 2221 3654 2273 auris
3681 2239 3766 2275 au-

2196 2307 2344 2373 divit,
2372 2323 2460 2358 nec
2491 2308 2542 2359 in
2567 2323 2652 2360 cor
2676 2307 2889 2361 hominis
2918 2308 3138 2361 ascendit
3163 2308 3179 2373 (
3202 2307 3220 2360 l
3247 2308 3363 2362 Cor.
3392 2325 3459 2372 tt,
3490 2311 3575 2380 9).
3601 2309 3764 2367 Collis

2197 2407 2311 2462 est,
2360 2412 2512 2451 mons
2551 2407 2627 2452 est
2651 2439 2664 2460 ,
2694 2407 2831 2452 terra
2873 2408 2983 2464 est,
3016 2408 3223 2468 pratum
3255 2410 3364 2462 est,
3397 2415 3560 2470 prepe
3589 2405 3763 2458 omnia

2196 2490 2295 2545 ista
2316 2490 2486 2545 dictus
2505 2501 2584 2545 est
2603 2493 2748 2546 locus
2769 2493 2872 2548 ille.
2895 2493 2996 2548 Sed
3017 2494 3140 2564 quid
3162 2494 3229 2548 sit
3253 2510 3348 2564 per
3370 2496 3758 2564 proprietatem,

2200 2596 2302 2633 non
2333 2596 2424 2650 per
2447 2580 2842 2636 similitudinem
2887 2583 3166 2652 (videmus
3189 2585 3328 2638 enim
3357 2601 3494 2639 nunc
3521 2601 3613 2654 per
3639 2603 3763 2655 spe-

2196 2672 2371 2725 culum
2399 2672 2447 2724 in
2479 2676 2757 2738 aanigmate
2778 2674 2902 2744 quid
2930 2675 2998 2728 sit
3020 2675 3104 2729 ille
3126 2675 3301 2739 locus,
3329 2684 3449 2729 tunc
3472 2677 3763 2731 videbimus

2197 2764 2329 2818 facie
2355 2764 2419 2817 ad
2449 2764 2634 2820 faciem
2675 2763 2793 2838 [Μ.
2841 2783 2960 2832 xm,
2987 2766 3054 2821 12
3077 2765 3096 2839 ]
3121 2769 3174 2837 ),
3205 2769 3322 2838 quis
3360 2769 3621 2838 explicet?
3648 2769 3763 2824 Noli

2196 2869 2323 2925 ergo
2351 2871 2590 2927 qumrcre
2614 2875 2719 2927 quo
2749 2857 3032 2927 disposuit,
3057 2859 3107 2912 in
3137 2860 3300 2912 locum
3327 2877 3470 2928 queat
3497 2860 3761 2928 disposuit.

2201 2945 2316 3015 Ipse
2353 2947 2498 3000 novit
2519 2964 2654 3017 quo,
2685 2949 2794 3017 ipse
2821 2950 2965 3002 novit
2989 2949 3078 3026 qui
3103 2949 3360 3018 disposuit
3387 2967 3491 3020 quo
3520 2963 3571 3005 te
3606 2952 3765 3005 ducat

2196 3040 2345 3108 cujus
2394 3055 2646 3096 ascensus
2707 3043 2759 3095 in
2804 3042 2964 3098 corde
3033 3043 3310 3112 disposuit.
3375 3044 3551 3112 Qttid?
3608 3045 3764 3100 times

2197 3135 2519 3199 ascendere,
2586 3150 2667 3208 ne,
2704 3145 2845 3190 erret
2889 3137 2975 3206 qui
3040 3145 3093 3190 te
3139 3137 3321 3191 ducit?
3361 3137 3498 3192 Ecce
3541 3139 3589 3191 in
3631 3154 3762 3192 con—

2199 3225 2333 3280 valle
2395 3226 2701 3294 plorationis
2771 3225 3029 3296 disposuit
3109 3242 3387 3293 ascensus,
3463 3228 3527 3282 In
3601 3229 3764 3283 locant

2195 3334 2337 3388 quem
2401 3319 2664 3386 disposuit.
2721 3319 2992 3373 Ploramns
3055 3320 3234 3375 modo.
3285 3320 3491 3382 Unde?
3523 3321 3618 3377 Ubi
3653 3322 3765 3376 dis-

2199 3409 2354 3477 positi
2393 3419 2516 3462 sunt
2546 3410 2708 3463 nostri
2731 3426 3000 3465 ascensus.
3028 3409 3172 3466 Unde
3197 3411 3481 3480 ploramus,
3519 3412 3613 3464 nisi
3643 3411 3767 3468 inde

2198 3501 2336 3555 unde
2358 3515 2415 3556 se
2443 3501 2690 3555 miserum
2720 3502 3048 3556 exclamabat
3073 3503 3385 3570 Apostolus,
3409 3505 3527 3571 quia
3557 3503 3770 3558 videbat

2197 3592 2351 3645 aliam
2379 3591 2544 3661 legem
2577 3594 2627 3645 in
2659 3592 2906 3646 membris
2935 3594 3044 3645 suis
3075 3603 3451 3666 repugnantem
3483 3595 3581 3665 legi
3613 3610 3764 3648 men-

2200 3684 2266 3734 tis
2294 3683 2441 3736 sum?
2469 3683 2532 3735 Et
2569 3683 2705 3736 unde
2742 3684 2838 3737 hoc
2873 3685 3066 3738 nobis?
3116 3685 3189 3738 Ex
3234 3701 3382 3754 paena
3435 3687 3654 3756 peccnti.
3687 3686 3767 3750 Et

2203 3775 2508 3842 pnlalunnns
2548 3790 2644 3830 nos
2687 3774 2837 3830 facile
2875 3775 3047 3844 justus
3089 3792 3207 3831 esse
3252 3793 3404 3846 posse
3445 3779 3591 3847 quasi
3633 3779 3763 3831 viri-

2203 3865 2296 3918 bus
2352 3866 2576 3931 nostris,
2645 3876 2922 3938 antequam
2993 3870 3349 3938 acciperemus
3425 3869 3764 3934 mandatum;

2201 3955 2512 4011 adveniente
2567 3969 2764 4012 autem
2841 3960 3119 4020 mandato.
3188 3971 3458 4028 peccatum
3541 3961 3766 4015 revixit:

2204 4061 2303 4116 ego
2329 4057 2500 4101 autem
2533 4050 2771 4104 mortuus
2797 4065 2942 4114 sum;
2975 4051 3074 4105 hoc
3098 4053 3171 4105 ait
3202 4052 3506 4121 Apostolus.
3541 4053 3663 4104 Data
3686 4063 3768 4105 est

2205 4138 2344 4191 enim
2372 4137 2478 4192 Lex
2512 4139 2830 4202 hominibus.
2850 4157 2951 4194 non
2983 4158 3099 4210 quae
3126 4143 3353 4197 salvaret
3379 4158 3469 4196 eus
3493 4143 3600 4208 jam
3625 4182 3641 4208 ,
3672 4142 3768 4196 sed

2206 4243 2480 4298 perquam
2522 4239 2901 4298 cognoscerent
2932 4232 2981 4282 in
3028 4246 3128 4299 qna
3169 4233 3766 4302 a-gritndinejaca-bant.

2207 4319 2342 4373 Audi
2381 4320 2536 4374 verba
2565 4320 2798 4388 Apostoli
2830 4338 2842 4373 :
2872 4339 2891 4372 ι
2915 4319 2969 4375 Si
2998 4321 3137 4374 enim
3181 4322 3299 4376 data
3341 4335 3477 4379 esset
3509 4325 3612 4379 Lex
3653 4343 3774 4391 attat

2209 4419 2386 4479 posset
2410 4409 2707 4476 vivificare,
2737 4411 2952 4465 omnino
2975 4428 3038 4466 ex
3079 4412 3217 4482 Lege
3245 4425 3380 4468 esset
3417 4415 3652 4483 jttslilia;
3677 4415 3772 4471 sed

2209 4501 2463 4556 conclusit
2488 4501 2752 4570 Scriptura
2783 4501 2954 4555 omnia
2985 4503 3083 4556 sub
3111 4513 3324 4573 peccato
3345 4544 3360 4568 ,
3395 4514 3451 4558 nt
3493 4507 3774 4573 promissio

2210 4610 2277 4648 ex
2327 4595 2428 4649 lide
2468 4595 2593 4650 Jesu
2639 4594 2830 4650 Christi
2870 4595 3082 4650 daretur
3143 4596 3476 4651 credentibus
3513 4616 3531 4648 ι
3569 4597 3768 4669 (Gulat.

2212 4699 2268 4738 ιιι
2289 4724 2304 4750 ,
2325 4683 2416 4753 21)
2448 4685 2688 4739 :veniret
2712 4685 2877 4754 gratia
2910 4696 3022 4754 post
3045 4678 3266 4755 Legem,
3301 4687 3558 4740 iuvi-uiret
3598 4685 3769 4738 homi-

2213 4790 2332 4828 nem
2355 4789 2458 4828 non
2489 4776 2657 4828 solum
2680 4774 2941 4841 jacentem
2961 4817 2974 4838 ,
3005 4775 3098 4830 sed
3120 4777 3225 4844 jam
3252 4776 3408 4830 etiam
3437 4793 3530 4831 cou
3554 4775 3771 4830 itentem

2214 4876 2266 4920 et
2291 4866 2573 4931 dicentem,
2606 4865 2656 4919 Μ
2664 4867 2868 4938 ἱεενέςο
2896 4867 3063 4932 homo,
3095 4869 3205 4937 quis
3235 4885 3310 4922 me
3335 4867 3552 4920 liberabit
3578 4867 3639 4918 de
3657 4883 3775 4920 cor-

2217 4977 2338 5028 pore
2373 4961 2545 5013 mortis
2584 4959 2736 5029 hujus
2756 4961 2782 5014 ?
2809 4969 2862 5015 et
2886 4969 3177 5029 opportune
3203 4961 3404 5015 veniret
3430 4957 3664 5013 medicus
3709 4959 3779 5013 ad

2215 5051 2505 5105 coovallem
2553 5050 2892 5118 plorationis,
2939 5060 2992 5105 et
3031 5051 3260 5114 diceret,
3287 5051 3439 5104 Certe
3487 5049 3781 5119 cognovisti

2215 5143 2335 5211 quia
2359 5141 2622 5204 cecidisti;
2653 5141 2775 5195 audi
2804 5157 2890 5196 me
2913 5149 2970 5195 ut
2997 5156 3199 5210 surgas,
3227 5142 3312 5210 qui
3341 5157 3428 5195 me
3456 5143 3782 5212 contempsi-

2217 5233 2282 5287 sti
2312 5240 2370 5285 ιιι
2391 5231 2629 5286 caderes.
2662 5232 2786 5284 Data
2819 5239 2900 5285 est
2926 5246 3052 5300 ergo
3074 5231 3180 5285 Lex
3212 5240 3268 5284 nt
3287 5248 3484 5302 a-grum
3507 5232 3571 5285 de
3597 5229 3777 5284 morbo)

2217 5322 2584 5386 convinceret,
2611 5322 2698 5390 qui
2720 5321 2820 5375 sibi
2848 5335 3007 5375 sanus
3035 5321 3334 5386 videbatur;
3369 5331 3424 5376 nt
3451 5327 3656 5390 peccata
3687 5319 3774 5372 de.-

2219 5422 2656 5475 monstrarentur.
2689 5428 2793 5466 non
2816 5421 2872 5466 ut
2890 5411 3244 5467 auferrentur.
3275 5414 3642 5468 Demmistrato
3662 5423 3774 5478 peo-

2220 5515 2338 5556 cato
2362 5517 2456 5570 per
2492 5501 2668 5556 datam
2699 5501 2891 5570 Legem
2912 5543 2927 5570 ,
2958 5512 3169 5558 auctum
3207 5514 3289 5558 est
3312 5509 3582 5570 peccatum
3601 5540 3618 5567 ,
3659 5502 3782 5570 quia

2292 5770 2310 5798 ι
2337 5767 2407 5815 sic
2432 5764 2652 5828 plerique
2679 5764 2813 5815 editi.
2840 5775 2888 5816 tn
2913 5774 2980 5827 8.,
3005 5779 3096 5830 quo
3117 5728 3390 5826 disposuit?
3479 5767 3538 5812 ιι.
