4024 6210
1724 231 1756 241 ς.

242 349 386 406 1065

243 469 518 532 peccatum
547 468 627 514 est
671 469 724 514 et
763 468 946 513 contra
982 459 1209 529 Legem:
1265 458 1535 514 Occasione
1558 503 1574 525 ,
1605 459 1806 528 inquit,

244 561 456 619 accepta
476 591 489 611 ,
516 560 768 618 peccatum
817 567 904 619 per
942 551 1235 603 mandatum
1278 562 1535 612 operatum
1559 561 1627 605 est
1655 551 1707 603 in
1734 564 1812 603 me

247 658 446 696 onmem
493 642 945 708 concupiscentiam
972 641 1142 709 (Rom.
1170 658 1272 708 vn,
1304 644 1356 706 '7,
1396 643 1429 700 8
1452 644 1488 699 l.
1527 642 1660 708 Quid
1689 650 1809 706 est,

252 733 512 785 occasione
533 743 739 801 accepta
768 749 855 802 per
889 733 1180 786 mandatum
1201 734 1226 786 7
1269 735 1552 796 Acceptum
1594 731 1813 786 manda-

244 831 356 874 tum
387 823 535 892 quasi
575 823 774 877 viribus
797 824 906 878 suis
942 825 1114 878 conati
1162 821 1285 878 sunt
1322 823 1496 878 facere
1537 823 1809 886 homines;

243 913 368 966 victi
395 914 824 981 concupiscentia
849 956 865 982 ,
897 913 1124 968 mandati
1149 916 1308 969 etiam
1329 916 1490 986 ipsius
1518 923 1812 983 transgres-

245 1004 397 1057 sione
441 1004 515 1058 rei
543 1002 664 1058 facti
697 1016 838 1059 sunt.
867 1004 969 1060 Sed
995 1006 1118 1076 quid
1144 1006 1218 1060 ait
1241 1005 1564 1076 Apostolus?
1595 1003 1692 1060 Ubi
1716 1021 1811 1058 au-

241 1101 342 1145 tem
387 1095 655 1149 abundauit
692 1106 945 1165 peccatum
966 1138 982 1163 ,
1017 1113 1168 1167 super
1201 1096 1466 1177 abundavit
1500 1098 1664 1168 gratia
1689 1096 1809 1169 (Id.

241 1201 272 1238 ν
295 1228 312 1252 ,
343 1187 413 1242 20
433 1186 488 1258 );
526 1189 576 1242 id
603 1197 683 1243 est
705 1230 720 1255 ,
744 1200 929 1243 auctus
956 1199 1038 1244 est
1067 1190 1311 1257 morbus,
1337 1191 1704 1245 dommendata
1733 1200 1816 1244 est

239 1279 526 1332 medicina.
573 1279 854 1348 Propterea
876 1322 890 1345 ,
923 1280 1132 1347 fratres,
1183 1282 1415 1350 quinque
1444 1281 1550 1336 illm
1580 1282 1814 1350 porticus

238 1368 544 1423 Salomonis
568 1411 583 1435 ,
614 1370 867 1440 numquid
897 1371 1150 1426 curabant
1176 1380 1405 1442 aegrotos
1429 1414 1443 1436 ,
1476 1372 1563 1428 ubi
1589 1383 1704 1428 erat
1729 1374 1813 1444 pi-

239 1459 387 1513 scina
431 1461 482 1514 in
528 1459 706 1514 medio
733 1461 955 1514 earum?
1000 1460 1066 1514 Et
1094 1462 1361 1532 jacebant,
1410 1463 1609 1533 inquit,
1638 1463 1813 1533 (egroti

239 1551 289 1604 in
319 1552 540 1622 quinque
565 1553 834 1622 porticibus
860 1554 877 1624 (
900 1550 1054 1609 Joan.
1080 1570 1130 1622 ν,
1172 1555 1274 1625 3);
1333 1556 1386 1609 in
1415 1555 1701 1626 Evangelio
1732 1557 1812 1611 le-

237 1654 383 1694 ctum
407 1644 422 1674 ι
451 1642 730 1697 habemus.
760 1643 1002 1714 Quinque
1042 1646 1141 1700 illa:
1186 1646 1438 1715 porticus,
1487 1646 1595 1701 Lex
1634 1657 1714 1702 est
1757 1647 1809 1702 in

239 1735 474 1805 quinque
510 1736 662 1791 libris
700 1736 884 1807 Moysi.
913 1737 994 1791 Ad
1037 1737 1135 1792 hoc
1165 1737 1590 1810 producebantur
1627 1740 1810 1809 mgroti

239 1825 308 1879 de
337 1826 585 1881 domibus
611 1827 755 1893 suis,
777 1829 1088 1897 utjacerent
1117 1831 1166 1883 in
1199 1831 1504 1899 porticibus.
1547 1831 1687 1901 Ergo
1731 1831 1810 1885 lex

234 1917 504 1985 prodebat
525 1926 770 1987 aegrotos,
800 1933 903 1972 non
931 1919 1179 1983 sanabat;
1212 1921 1302 1974 sed
1332 1921 1695 1977 benedictione
1721 1922 1812 1976 Dei

239 2009 557 2063 turbabatur
579 2025 735 2081 aqua,
766 2021 1010 2082 tanquam
1052 2013 1242 2084 angelo
1277 2013 1630 2070 descendente
1662 2033 1674 2069 :
1702 2015 1810 2068 visa

239 2114 380 2168 aqua
410 2100 612 2154 turbata
633 2143 647 2166 ,
677 2104 762 2170 qui
792 2112 998 2172 poterat
1042 2120 1174 2158 unus
1204 2103 1558 2160 descendebat
1587 2115 1638 2159 et
1659 2120 1813 2158 sana-

239 2189 421 2242 batur.
456 2191 598 2260 Aqua
628 2191 717 2244 illa
755 2193 925 2246 cincta
964 2193 1195 2264 quinque
1222 2194 1540 2262 porticibus,
1589 2195 1814 2264 populus

241 2281 548 2336 Judmorum
571 2293 685 2338 erat
709 2283 847 2351 Lege
864 2286 1144 2340 conclusus
1171 2303 1182 2338 :
1213 2286 1352 2340 hunc
1368 2287 1691 2356 perturbavit
1714 2288 1811 2340 Do-

243 2374 420 2428 minus
461 2375 738 2442 praesentia
768 2391 859 2430 sua
881 2418 896 2441 ,
930 2385 983 2430 ut
1009 2376 1356 2431 occideretur.
1385 2376 1494 2431 Nisi
1531 2377 1672 2433 enim
1715 2377 1809 2432 de-

245 2479 433 2516 scensu
456 2478 555 2518 suo
583 2464 833 2519 Dominus
857 2465 1184 2534 perturbaret
1210 2467 1459 2537 populum
1485 2466 1806 2529 Judaaorum.

245 2556 500 2626 numquid
526 2557 958 2626 crucifigeretur?
1003 2561 1181 2630 Itaque
1213 2561 1413 2614 turbata
1439 2576 1574 2632 aqua
1612 2562 1812 2632 passio-

245 2663 364 2700 nem
398 2648 606 2701 Domini
651 2649 1006 2718 significabat,
1057 2665 1175 2720 qua:
1213 2650 1346 2705 facta
1385 2659 1466 2706 est
1508 2651 1810 2721 perturbata

164 2801 166 2812 Ι
245 2751 398 2812 gente
422 2739 745 2796 indecorum.
774 2743 828 2797 In
851 2742 984 2797 hanc
1005 2743 1301 2811 passionem
1330 2743 1494 2798 credit
1515 2745 1810 2815 languidus,

243 2839 493 2900 tanquam
524 2831 575 2885 in
608 2847 793 2902 aquam
824 2833 1082 2888 turbatam
1110 2833 1434 2889 descendens
1455 2877 1470 2900 ,
1499 2843 1553 2890 et
1577 2845 1809 2890 sanatur.

243 2921 339 2990 Qui
367 2937 471 2976 non
500 2923 783 2978 sanabatur
821 2923 992 2994 Lege,
1025 2925 1077 2978 id
1116 2935 1197 2979 est
1238 2927 1560 2994 porticibus,
1601 2937 1816 2982 sanatur

243 3015 438 3084 gratia,
470 3030 563 3084 per
594 3015 854 3084 passionis
897 3017 1051 3072 [idem
1083 3018 1291 3072 Domini
1318 3021 1483 3074 nostri
1508 3021 1634 3077 Jesu
1663 3020 1814 3076 Chri-

242 3105 328 3160 sti.
357 3104 526 3170 Unus,
554 3107 676 3176 quia
706 3107 895 3162 unitas.
933 3109 1066 3178 Ergo
1093 3119 1146 3163 et
1166 3109 1252 3164 hic
1279 3110 1404 3181 quid
1429 3110 1540 3165 ait?
1568 3111 1815 3168 Ascensus

244 3198 293 3248 in
319 3198 470 3251 corde
506 3200 615 3267 ejus
637 3199 900 3268 disposuit,
931 3199 984 3253 in
1012 3201 1238 3254 convalle
1278 3202 1570 3270 plorationis
1589 3245 1604 3269 ,
1636 3205 1690 3258 in
1743 3204 1816 3258 lo-

246 3305 352 3340 cum
376 3306 527 3358 quem
553 3289 832 3360 disposuit:
857 3291 964 3358 jam
995 3291 1045 3345 in
1076 3291 1166 3345 illo
1195 3292 1312 3347 loco
1338 3293 1702 3362 gaudebimus.

314 3379 404 3432 Il.
431 3377 450 3450 [
475 3396 602 3435 vers.
628 3377 706 3450 8.]
727 3379 898 3447 Quare
923 3391 1094 3435 autem
1121 3425 1135 3448 ,
1159 3382 1209 3435 in
1238 3382 1460 3436 convalle
1487 3383 1818 3452 plorationis?

248 3467 310 3522 Et
334 3483 403 3523 ex
435 3484 537 3538 qua
567 3472 804 3524 convalle
835 3472 1141 3539 plorationis
1165 3471 1229 3526 ad
1256 3472 1403 3527 illum
1435 3475 1608 3528 locum
1639 3474 1816 3544 gaudii

251 3559 559 3612 veniemus?
589 3557 725 3611 Nam
751 3570 795 3612 et
821 3560 1225 3626 benedictionem,
1258 3563 1442 3632 inquit,
1473 3563 1609 3617 dabit
1631 3564 1716 3633 qui
1740 3565 1817 3618 le-

251 3667 353 3715 gem
381 3651 540 3703 dedit.
575 3651 773 3706 Afﬂixit
799 3666 896 3706 nos
923 3653 1083 3723 Lege,
1117 3655 1308 3724 pressit
1332 3670 1428 3710 nos
1455 3655 1614 3726 Lege,
1640 3669 1820 3712 osten-

250 3740 322 3794 dit
351 3742 505 3794 nobis
535 3743 782 3807 torcular;
811 3744 1037 3799 vidimus
1066 3760 1384 3814 pressuram,
1418 3749 1597 3803 carnis
1620 3760 1819 3804 nostrae

251 3833 638 3888 tribulationem
693 3835 1035 3905 cognovimus
1066 3878 1081 3904 ,
1131 3838 1480 3908 ingemuimus
1522 3840 1821 3898 rebellante

250 3933 468 3992 peccato
485 3923 733 3980 adversus
754 3938 981 3982 mentem
1005 3936 1260 3992 nostram,
1278 3930 1643 3994 clamavimus,
1663 3931 1820 3986 Miser

253 4030 344 4083 ego
373 4017 521 4069 homo
549 4030 566 4070 :
592 4017 688 4071 sub
712 4017 850 4088 Lege
886 4019 1212 4088 gemuimus;
1242 4020 1366 4088 quid
1410 4029 1611 4088 restat,
1639 4021 1738 4077 nisi
1766 4031 1823 4077 ut

249 4105 669 4161 benedictionem
705 4100 796 4164 det
818 4109 906 4178 qui
935 4108 1128 4179 Legem
1155 4109 1336 4164 dedit?
1362 4109 1619 4168 Adveniet
1653 4114 1819 4183 gratia

249 4205 371 4262 Ροδι
401 4195 626 4265 Legem;
656 4197 765 4268 ipsa
793 4207 871 4253 est
897 4198 1211 4254 benedictio.
1243 4199 1310 4254 Et
1350 4201 1472 4270 quid
1513 4203 1663 4257 nobis
1690 4219 1822 4274 prtu-

251 4285 388 4338 stitit
416 4287 511 4339 ista
531 4289 694 4357 gratia
718 4298 771 4344 et
797 4289 1125 4346 benedicuo?
1145 4309 1164 4342 ‹
1188 4292 1541 4348 Ambulabunt
1563 4311 1593 4349 a
1621 4297 1824 4350 virtuti-

253 4376 354 4432 bus
382 4377 433 4432 in
455 4379 717 4435 virtutem.
732 4400 751 4433 ›
773 4381 868 4437 llic
893 4383 1033 4437 enim
1060 4398 1156 4452 per
1171 4383 1390 4453 gratiam
1410 4388 1588 4441 multa:
1604 4391 1825 4443 virtutes

251 4467 474 4523 dantur:
496 4471 625 4524 cAlii
643 4472 854 4541 quidem
875 4473 1028 4527 datur
1051 4489 1142 4543 per
1159 4475 1408 4544 Spiritum
1427 4492 1602 4532 sermo
1613 4480 1825 4548 sapien-

253 4560 450 4624 tia:,alii
465 4578 638 4619 sermo
649 4565 1191 4631 scientiaz,secundum
1206 4570 1448 4624 eumdem
1459 4569 1824 4640 Spiritum,alii

253 4650 408 4713 ﬁdes,
429 4652 512 4706 alii
531 4653 746 4709 donatio
765 4657 1066 4723 sanitatum,
1091 4658 1176 4712 alii
1200 4675 1391 4729 genera
1418 4659 1824 4730 linguarum,alii

255 4736 617 4813 interpretatio
640 4762 962 4812 sermonum,
980 4749 1066 4803 alii
1085 4750 1412 4821 prophetatio
1430 4771 1447 4803 ι
1472 4752 1512 4822 (Ι
1526 4752 1639 4807 Cor.
1655 4771 1747 4822 xu,
1761 4755 1825 4810 8-

257 4833 362 4904 ω).
377 4834 548 4890 Multa:
567 4837 803 4900 virtutes.
825 4839 915 4894 sed
936 4839 1019 4894 hic
1035 4843 1345 4897 necessaria:
1364 4851 1448 4906 ;et
1467 4844 1534 4899 ab
1551 4843 1633 4899 his
1655 4845 1825 4900 virtu-

257 4925 394 4978 bbus
421 4925 560 4980 imus
577 4927 627 4981 in
647 4928 910 4984 virtutem.
934 4930 1100 4998 Quam
1117 4932 1360 4987 virtutem
1379 4933 1402 4985 ?
1420 4932 1709 5002 Christum,
1733 4935 1827 4991 Dei

256 5010 512 5072 Virtutem
539 5060 554 5082 ,
585 5029 637 5074 et
668 5020 760 5075 Dei
788 5021 1106 5092 Sapientiam
1139 5021 1245 5092 (Id.
1273 5039 1312 5089 ι,
1334 5023 1445 5092 24).
1476 5023 1592 5092 Ipse
1626 5024 1718 5080 dat
1744 5025 1827 5080 di-

260 5121 432 5170 versas
462 5111 683 5166 virtutes
709 5112 760 5166 in
791 5113 906 5168 loco
935 5113 1036 5169 hoc
1059 5157 1073 5179 ,
1098 5115 1186 5184 qui
1217 5131 1311 5184 pro
1347 5117 1592 5170 omnibus
1620 5118 1826 5172 virtuti-

252 5197 353 5252 bus
385 5203 696 5257 necessariis
713 5205 765 5258 in
793 5205 1028 5259 convalle
1049 5205 1352 5274 plorationis
1374 5216 1426 5260 et
1445 5207 1660 5262 utilibus
1684 5208 1829 5262 dabit

252 5306 410 5345 unam
433 5295 700 5360 virtutem,
719 5297 970 5366 seipsum.
991 5296 1120 5351 Nam
1146 5305 1199 5351 et
1225 5298 1444 5352 virtutes
1467 5297 1683 5366 agendae
1706 5299 1826 5353 vita:

249 5393 454 5438 nostrae
479 5395 705 5455 quatuor
723 5388 1091 5444 describuntur
1115 5404 1143 5442 a
1175 5389 1354 5443 nmltis
1373 5431 1388 5455 ,
1411 5389 1536 5444 etin
1559 5390 1825 5457 Scriptura

248 5474 609 5532 inveniuntur.
639 5478 918 5535 Prudentia
953 5480 1162 5544 dicitur,
1193 5496 1295 5550 qua
1315 5481 1671 5550 dignoscimus
1690 5481 1827 5534 inter

248 5564 453 5620 bonum
501 5579 555 5622 et
601 5571 815 5626 malum.
861 5570 1072 5625 Iustitia
1116 5572 1306 5626 dicitur
1331 5611 1345 5636 ,
1377 5587 1477 5642 qua
1507 5586 1600 5626 sua
1638 5572 1827 5642 cuique

252 5657 567 5726 tribuimus;
614 5663 810 5718 nemini
853 5662 1137 5732 quidquam
1180 5663 1469 5733 debentes,
1502 5662 1593 5718 sed
1642 5677 1826 5718 omnes

333 5763 353 5794 ⁸
377 5764 452 5814 sic
485 5772 556 5813 Er.
582 5776 633 5818 et
654 5776 740 5817 Mss
783 5777 854 5818 At.
879 5777 986 5818 Lor.
1011 5768 1209 5818 dictum.

533 5853 613 5910 ΡΑ
631 5866 798 5908 t‘ttuL.
849 5850 892 5906 Χ
909 5848 1060 5906 XX)
1088 5849 1164 5904 il.

1280 345 1666 403 ENARRATIO
1706 345 1767 400 IN
1806 342 2122 400 PSALMUM
2159 340 2436 398 LXXXIII.

3348 349 3491 406 i066

1919 455 2195 530 diligentes
2224 455 2405 526 (Rom.
2449 471 2568 523 xm,
2599 455 2691 527 8).
2734 456 3102 528 Temperantia
3133 460 3324 518 dicitur
3345 506 3358 528 ,
3386 481 3490 534 qua

1919 547 2162 602 libidines
2199 548 2547 604 refrenemus.
2595 549 2872 604 Fortitudo
2919 551 3150 621 dicitur,
3179 570 3281 625 qua
3313 558 3488 614 omnia

1919 639 2139 693 molesta
2198 640 2499 694 toleramus.
2533 640 2652 694 Istae
2692 641 2911 696 virtutes
2967 659 3106 698 nunc
3147 645 3198 700 in
3251 648 3494 702 convalle

1921 727 2226 796 plorationis
2256 727 2348 798 per
2371 730 2591 797 gratiam
2623 729 2712 782 Dei
2739 729 2928 784 dantur
2954 732 3106 787 nobis
3135 751 3149 788 :
3180 736 3247 790 ab
3271 735 3355 792 bis
3381 739 3493 792 vir-

1922 820 2118 874 tutibus
2148 821 2284 874 imus
2314 821 2365 874 in
2404 821 2543 873 illam
2576 822 2840 876 virtutem.
2876 823 2940 877 Et
2977 840 3094 895 quae
3121 828 3224 880 erit
3262 827 3353 885 illa
3383 832 3494 886 vir-

1922 920 2037 975 tus,
2066 913 2166 967 nisi
2210 913 2374 969 solius
2414 914 2871 984 contemplationis
2919 915 3049 970 Dei?
3072 916 3376 975 Necessaria
3421 923 3493 977 ibi

1919 1017 2024 1057 non
2053 1003 2154 1058 erit
2177 1003 2273 1058 ista
2299 1003 2593 1072 prudentia,
2617 1006 2703 1059 ubi
2731 1006 2870 1060 nulla
2892 1007 3028 1061 mala
3054 1023 3335 1064 occursuro
3365 1025 3488 1066 sunt

1920 1108 2036 1162 quae
2074 1094 2317 1149 vitemus.
2349 1095 2454 1149 Sed
2507 1096 2632 1165 quid
2676 1106 2918 1166 putamus
2941 1139 2956 1163 ,
2988 1098 3341 1156 fratresiNon
3393 1105 3490 1158 ista

1914 1186 2136 1256 justitia,
2158 1188 2246 1241 ubi
2268 1187 2408 1242 nulla
2431 1189 2529 1242 erit
2553 1170 2860 1258 cuiusquam
2889 1190 3175 1261 indigentia
3195 1194 3277 1248 cui
3302 1196 3492 1249 subve-

1919 1277 2034 1331 nire
2067 1278 2374 1334 debeamus.
2403 1279 2516 1334 Non
2547 1281 2644 1334 ista
2682 1283 3024 1350 temperantia
3051 1325 3065 1346 ,
3093 1283 3183 1338 ubi
3222 1287 3359 1340 nulla
3391 1290 3488 1342 erit

1920 1366 2081 1422 libido
2108 1367 2438 1432 refrenanda.
2470 1370 2585 1425 Non
2616 1372 2715 1426 ista
2747 1373 3014 1439 fortitudo,
3047 1375 3134 1429 ubi
3165 1377 3305 1431 nulla
3336 1390 3491 1432 erunt

1918 1459 2056 1512 mala
2096 1459 2388 1514 toleranda.
2418 1461 2554 1532 Ergo
2578 1461 2645 1515 ab
2675 1461 2757 1516 his
2782 1462 3061 1519 virtutibus
3088 1465 3244 1536 hujus
3270 1468 3492 1522 actionis

1920 1548 2110 1603 ibimus
2154 1550 2203 1603 in
2251 1550 2492 1605 virtutem
2537 1551 2676 1606 illius
2704 1554 3161 1623 contemplationis
3186 1598 3200 1622 ,
3239 1573 3339 1627 qua
3364 1572 3491 1612 con»

1919 1639 2232 1708 templemur
2277 1640 2438 1694 Deum
2474 1641 2652 1696 :sicut
2690 1643 2941 1712 scriptum
2969 1653 3090 1708 est,
3127 1644 3280 1699 Mane
3320 1649 3491 1700 astabo

1918 1728 2024 1795 tibi,
2047 1738 2093 1783 et
2119 1731 2490 1799 contemplabor
2517 1730 2684 1801 (Psal.
2715 1748 2746 1783 ν
2767 1775 2782 1799 ,
2811 1733 2890 1802 5).
2919 1734 2982 1787 Et
3009 1734 3128 1789 audi
3157 1737 3278 1804 quia
3303 1737 3369 1790 ab
3397 1739 3490 1791 lm-

1913 1822 2001 1891 jus
2025 1823 2245 1877 actionis
2276 1824 2553 1877 virtutibus
2573 1866 2588 1889 ,
2620 1826 2670 1878 in
2694 1825 2833 1879 illam
2865 1827 3358 1896 contemplationem
3391 1829 3490 1883 ibi-

1918 1929 2056 1968 mus.
2084 1913 2330 1983 Sequitur
2355 1915 2445 1982 ibi,
2465 1913 2616 1968 Ibunt
2638 1932 2670 1967 a
2689 1916 2948 1969 virtutibus
2969 1917 3021 1970 in
3042 1917 3267 1971 virtutem
3294 1935 3312 1971 :
3333 1934 3490 1990 quam

1917 2004 2164 2059 virtutem
2181 2005 2203 2058 ἲ
2219 2003 2638 2075 Contemplandi.
2661 2006 2794 2074 Quid
2817 2018 2917 2072 est,
2936 2009 3361 2077 contemplandi?
3381 2011 3489 2079 Ap-

1918 2095 2105 2164 parebit
2117 2094 2254 2149 Deus
2267 2096 2469 2149 deorum
2482 2097 2532 2150 in
2546 2097 2690 2151 Sion.
2707 2095 2842 2151 Deus
2855 2099 3080 2165 deorum,
3094 2098 3330 2155 Christus
3341 2099 3490 2156 Chri-

1915 2186 2225 2240 stianorum.
2240 2187 2513 2255 Quomodo
2523 2186 2662 2241 Deus
2679 2189 2904 2254 deorum,
2918 2191 3155 2245 Christus
3170 2190 3492 2248 Christiano-

1918 2277 2072 2330 rum?
2102 2277 2212 2348 Ego
2236 2279 2363 2344 dixi,
2395 2277 2483 2331 Dii
2503 2279 2618 2332 estis
2636 2319 2651 2344 ,
2676 2290 2722 2331 et
2745 2279 2840 2348 ﬁlii
2863 2279 3104 2334 Altissimi
3127 2297 3294 2335 onmes
3320 2281 3487 2353 (Psal.

1917 2366 2494 2436 t.xxx1,6).Deditenim
2511 2368 2589 2422 eis
2602 2377 2909 2437 potestatem
2923 2370 3059 2424 lllios
3074 2371 3161 2424 Dei
3180 2371 3291 2426 fieri
3310 2371 3486 2442 (Joan.

1918 2472 1954 2522 ι,
1975 2457 2084 2526 l2),
2101 2457 2190 2512 ille
2213 2457 2262 2511 in
2280 2473 2433 2526 quem
2449 2457 2786 2524 credidimus,
2801 2459 3020 2529 pulcher
3037 2474 3282 2528 sponsus,
3305 2463 3388 2531 qui
3407 2463 3490 2517 hic

1919 2558 2132 2617 propter
2151 2549 2529 2604 deformitatem
2551 2559 2783 2604 nostram
2801 2549 3053 2606 deformis
3073 2554 3318 2621 apparuit
3337 2572 3349 2607 :
3367 2556 3490 2623 quia

1916 2640 2129 2694 vidimus
2141 2657 2271 2708 eum,
2286 2641 2469 2711 inquit,
2479 2651 2521 2694 et
2537 2657 2634 2694 non
2649 2641 2855 2694 habebat
2871 2642 3082 2708 speciem
3096 2658 3251 2712 neque
3266 2643 3491 2698 decorem

1919 2732 2068 2804 (lsai.
2100 2748 2185 2786 Llll
2211 2774 2224 2795 ,
2254 2732 2332 2802 2).
2359 2733 2528 2787 Finita
2572 2734 2715 2788 omni
2759 2735 3074 2788 ocoessitate
3117 2734 3450 2790 mortalitatis
3474 2778 3489 2802 ,

1917 2824 2071 2878 sicuti
2106 2834 2188 2879 est
2233 2825 2370 2879 Deus
2403 2826 2540 2894 apud
2573 2826 2734 2882 Deum
2761 2868 2776 2892 ,
2802 2825 3031 2882 Verbum
3056 2826 3193 2896 apud
3234 2827 3440 2882 Patrem
3472 2872 3487 2894 ,

1919 2929 2014 2984 per
2042 2916 2182 2984 quod
2214 2915 2345 2970 facta
2391 2927 2515 2970 sunt
2558 2901 2737 2972 omnia
2761 2959 2778 2983 ,
2809 2919 3084 2988 apparebit
3125 2919 3337 2974 mundis
3373 2934 3493 2975 cor-

1919 3005 2029 3060 de:
2067 3006 2204 3061 beati
2242 3007 2382 3060 enim
2427 3006 2606 3061 mundi
2651 3007 2812 3063 corde
2837 3049 2850 3070 ,
2880 3009 3125 3078 quoniam
3177 3009 3275 3078 ipsi
3327 3010 3491 3065 Deum

1921 3098 2421 3168 videbunt'(tIIatth.
2465 3116 2517 3164 v,
2561 3098 2639 3172 8).
2690 3100 2961 3171 Apparebit
3003 3100 3142 3156 Deus
3179 3103 3386 3158 deorum
3441 3106 3492 3159 in

1923 3191 2070 3247 Sion.

1995 3283 2078 3338 t2.
2108 3281 2254 3355 [vers.
2278 3282 2355 3356 9.]
2383 3284 2445 3338 Et
2483 3298 2662 3338 rursus
2702 3284 2798 3338 iste
2844 3297 2876 3339 a
2919 3286 3239 3356 cogitatione
3287 3286 3494 3343 illorum

1920 3374 2230 3442 gaudiorum
2259 3374 2394 3429 redit
2420 3373 2484 3428 ad
2511 3374 2734 3444 suspiria
2765 3389 2878 3428 sua.
2897 3373 3054 3430 Videt
3073 3376 3196 3446 quid
3221 3391 3495 3446 przevene-

1924 3464 1991 3516 rit
2015 3478 2128 3533 spe,
2161 3472 2214 3517 et
2248 3462 2334 3518 ubi
2360 3462 2532 3517 adlmc
2559 3463 2628 3517 sit
2656 3479 2733 3518 re.
2767 3463 3039 3533 Apparebit
3071 3475 3194 3519 tunc
3220 3465 3354 3520 Deus
3372 3468 3496 3520 deo-

1921 3572 2032 3608 rum
2056 3557 2106 3609 in
2138 3555 2263 3610 Sion
2289 3571 2308 3610 :
2339 3555 2437 3611 hoc
2457 3563 2540 3610 est
2564 3555 2704 3611 unde
2731 3555 3094 3627 gaudebimus;
3113 3556 3283 3627 ipsum
3310 3559 3361 3612 in
3392 3574 3495 3614 sae-

1922 3647 2038 3700 cula
2065 3647 2375 3700 smeulorum
2409 3647 2753 3700 laudabimus.
2776 3647 2878 3702 Sed
2900 3647 3074 3702 adhuc
3102 3649 3260 3704 modo
3289 3660 3497 3720 tempus

1923 3747 2005 3792 est
2031 3737 2238 3803 orandi,
2267 3747 2472 3806 tempus
2495 3737 2847 3807 deprecandi;
2871 3749 2925 3793 et
2952 3739 2996 3793 si
3023 3740 3345 3809 aliquantum
3370 3757 3497 3812 gau-

1924 3829 2082 3885 dendi
2105 3871 2119 3894 ,
2154 3830 2245 3884 sed
2275 3830 2448 3884 adhuc
2489 3830 2540 3884 in
2567 3845 2660 3902 spe
2690 3847 2704 3884 :
2732 3829 2786 3884 in
2824 3832 3247 3900 peregrinatione
3282 3847 3496 3897 sumus,

1925 3923 1978 3976 in
2030 3922 2268 3976 convalle
2306 3922 2614 3992 plorationis
2665 3936 2864 3976 sumus.
2893 3921 2972 3975 Ad
3031 3921 3187 3991 hujus
3229 3938 3355 3993 ergo
3400 3925 3500 3978 loci

1923 4011 2176 4082 gemitum
2203 4009 2412 4064 rediens
2438 4009 2595 4074 dicit,
2628 4008 2841 4064 Domine
2865 4009 3004 4064 Deus
3022 4011 3291 4076 virtutum,
3314 4016 3500 4067 exaudi

1929 4117 2123 4172 precem
2159 4115 2358 4164 meam;
2386 4099 2592 4154 auribus
2621 4101 2820 4169 percipe
2841 4143 2856 4168 ,
2881 4100 3019 4155 Deus
3055 4103 3216 4155 Jacob
3242 4119 3261 4156 :
3287 4105 3406 4173 quia
3449 4116 3500 4157 et

1928 4194 2097 4262 ipsum
2141 4191 2304 4246 Jacob
2333 4191 2505 4247 fecisti
2533 4191 2600 4247 de
2638 4191 2802 4247 Jacob
2848 4192 3030 4248 Israel.
3063 4194 3322 4264 Apparuit
3359 4197 3499 4249 enin.

1928 4286 2000 4339 illi
2049 4284 2206 4351 Deus,
2229 4294 2283 4339 et
2308 4284 2478 4340 dictus
2503 4293 2586 4339 est
2610 4283 2768 4340 Israel
2796 4283 2951 4356 (Gen.
2973 4302 3117 4340 xxxn
3138 4328 3151 4349 ,
3179 4285 3294 4359 28),
3319 4289 3502 4343 videns

1931 4377 2119 4432 Deum.
2152 4376 2288 4431 Audi
2317 4390 2442 4447 ergo
2467 4391 2553 4430 me
2579 4418 2593 4440 ,
2626 4376 2766 4431 Deus
2793 4375 2956 4431 Jacob
2975 4418 2989 4440 ,
3018 4386 3072 4431 et
3100 4377 3181 4432 fac
3210 4394 3294 4434 tne
3321 4379 3501 4434 lsraet.

1929 4469 2149 4536 Quando
2189 4467 2307 4523 fiam
2338 4468 2537 4523 Israel?
2563 4465 2694 4523 Cum
2721 4469 2996 4539 apparebit
3035 4470 3177 4526 Deus
3202 4472 3421 4526 deorum
3453 4475 3504 4526 in
3546 4507 3548 4510 -

1929 4564 2076 4620 Sion.

2002 4656 2089 4710 15.
2131 4653 2296 4726 [υει-ε.
2325 4650 2450 4725 10.]
2478 4650 2740 4705 Protector
2780 4662 2949 4706 noster
2981 4654 3150 4720 aspice
3169 4695 3183 4719 ,
3209 4653 3367 4708 Deus.
3398 4655 3508 4710 Sub

1932 4747 2116 4803 umbra
2159 4748 2357 4800 alarum
2398 4754 2606 4799 tuarum
2646 4745 2933 4814 sperabunt
2979 4746 3152 4815 (Psal.
3197 4758 3378 4815 xxxv,
3415 4750 3504 4819 8):

1933 4839 2072 4903 ideo,
2101 4837 2363 4892 Protector
2383 4845 2551 4890 noster
2569 4823 2756 4906 aspice,
2775 4835 2930 4901 Deus,
2980 4849 3024 4888 et
3045 4839 3231 4906 respice
3250 4839 3302 4892 in
3329 4843 3509 4909 faciem

1934 4929 2118 4984 Christi
2139 4929 2229 4982 tui.
2253 4927 2475 4995 Quando
2493 4927 2759 4981 enimnon
2784 4928 3001 4996 respicit
3026 4929 3079 4982 in
3106 4928 3291 4983 faciem
3314 4930 3509 4984 Christi

1934 5020 2013 5072 sui
2041 5018 2212 5072 Deus?
2237 5017 2359 5086 quid
2381 5026 2464 5071 est
2482 5057 2496 5078 ,
2529 5016 2743 5086 Respice
2768 5017 2820 5070 in
2849 5018 3030 5086 faciem
3056 5016 3243 5073 Christi
3269 5020 3378 5071 tui?
3410 5021 3510 5073 Per

1933 5109 2117 5163 faciem
2146 5107 2524 5162 innotescimus
2551 5124 2566 5161 :
2591 5107 2716 5178 quid
2742 5117 2824 5163 est
2852 5123 2998 5177 ergo,
3017 5108 3228 5178 Respice
3251 5110 3304 5161 in
3328 5111 3509 5179 [aciem

1935 5201 2119 5255 Christi
2141 5203 2213 5254 tui
2235 5202 2258 5252 Υ
2278 5201 2386 5255 Fac
2406 5201 2739 5254 innotescere
2765 5199 3011 5254 omnibus
3035 5199 3302 5252 Christum
3337 5210 3506 5256 tuum.

1935 5293 2146 5364 Respice
2172 5296 2226 5348 in
2253 5295 2432 5364 faciem
2454 5292 2641 5348 Christi
2670 5294 2741 5345 tui
2769 5309 2788 5345 :
2819 5302 2973 5344 notus
3001 5292 3070 5344 sit
3091 5291 3338 5345 omnibus
3361 5293 3506 5349 Chri-

1933 5396 2044 5441 stus
2073 5395 2215 5450 tuus,
2245 5397 2302 5439 ut
2324 5387 2590 5457 possimus
2617 5385 2694 5437 ire
2714 5399 2742 5436 a
2762 5381 3040 5436 virtutibus
3066 5381 3118 5436 in
3145 5380 3420 5452 virtutem,
3455 5398 3511 5440 ut

1935 5478 2100 5548 possit
2125 5476 2558 5548 superabundare
2587 5475 2774 5543 gratia,
2801 5471 3049 5541 quoniam
3077 5471 3363 5528 abundavit
3389 5492 3512 5545 pec-

1935 5581 2129 5626 catum.

2007 5661 2092 5716 14.
2125 5660 2275 5733 (vers.
2313 5659 2421 5732 1L]
2457 5659 2703 5724 Quoniam
2738 5657 2913 5710 melior
2938 5665 3010 5711 est
3039 5655 3144 5710 dies
3165 5675 3268 5712 uno
3299 5661 3348 5713 in
3369 5664 3510 5716 atriis

1935 5757 2033 5812 tuis
2058 5771 2209 5824 super
2237 5754 2412 5808 millia.
2445 5753 2587 5808 Atria
2621 5751 2705 5806 illa
2734 5760 2856 5804 sunt
2881 5751 2932 5804 in
2962 5766 3078 5820 qua:
3107 5751 3424 5820 suspirabat,
3456 5757 3506 5806 in

2701 5844 2790 5904 {1‘
2792 5852 3230 5916 rente-quaere.
3235 5843 3270 5914 )
