4024 6210
460 344 593 395 10οῒ

454 474 571 526 quae
592 453 886 529 deﬁciebat.
912 414 1179 506 Desiderat
1198 453 1254 500 et
1279 442 1455 499 deficit
1481 440 1650 494 anima
1673 453 1787 492 mea
1812 439 1862 490 in
1885 436 2016 489 atria

458 527 663 601 Domini
689 563 703 598 :
723 543 907 598 melior
929 548 1006 594 est
1037 537 1107 591 ibi
1131 549 1265 590 unus
1290 533 1403 609 dies
1425 545 1583 600 super
1603 528 1762 583 millia
1788 527 2012 581 dierum.

458 638 616 691 Millia
655 635 858 689 dierum
884 627 1183 684 desiderant
1210 623 1449 677 homines
1473 660 1487 683 ,
1509 628 1563 673 et
1588 619 1804 673 multum
1836 617 2018 670 volunt

460 726 547 780 hic
591 725 808 779 vivere:
847 723 1186 773 contemnant
1225 714 1387 768 millia
1437 711 1639 765 dierum
1663 750 1680 774 ,
1718 706 2018 762 desiderent

454 833 620 872 unum
650 816 809 877 diem,
836 811 926 882 qui
956 825 1058 865 non
1086 807 1244 862 habet
1266 815 1437 860 ortum
1465 812 1519 858 et
1545 816 1822 864 occasum;
1852 812 2014 852 unum

453 912 594 963 diem
614 947 629 971 ,
660 905 798 959 diem
829 900 1202 970 sempiternum
1232 938 1246 958 ,
1274 895 1359 949 cui
1389 908 1492 949 non
1521 891 1659 946 cedit
1694 890 1973 943 heSternus
1996 926 2013 951 ,

452 1013 610 1068 quem
638 1010 742 1049 non
764 1001 913 1063 urget
939 989 1217 1046 crastinus.
1245 987 1362 1057 Ipse
1388 999 1523 1038 unus
1551 981 1664 1037 dies
1691 980 2019 1035 desideretur
2052 1052 2057 1057 κ

456 1066 489 1142 τί
516 1085 686 1141 nobis.
714 1083 849 1153 Quid
871 1080 1023 1135 nobis
1040 1086 1121 1133 est
1144 1092 1262 1132 cum
1296 1073 1526 1129 millibus
1550 1066 1793 1126 dierum?
1822 1069 1962 1123 Imus
1987 1082 2016 1121 a

460 1176 689 1232 millibus
716 1174 918 1228 dierum
948 1170 1014 1225 ad
1041 1183 1201 1223 unum
1227 1167 1367 1221 diem
1388 1167 1428 1229 ³,
1476 1164 1613 1220 sicut
1633 1161 1770 1217 imus
1797 1176 1826 1214 a
1853 1162 2018 1214 virtu—

459 1271 596 1325 tibus
626 1269 678 1322 in
709 1267 973 1320 virtutem.

531 1360 615 1414 15.
642 1357 790 1425 Elegi
813 1353 959 1425 abjici
985 1354 1037 1405 in
1062 1351 1210 1405 domo
1240 1347 1465 1409 Domini,
1498 1345 1655 1415 magis
1696 1359 1844 1413 quam
1872 1342 2017 1394 habi-

458 1462 563 1504 tare
588 1452 641 1503 in
670 1445 998 1502 tabernaculis
1015 1449 1358 1513 peccatorum.
1380 1437 1586 1492 Invenit
1612 1435 1752 1489 enim
1779 1434 1875 1487 i5te
1897 1448 2016 1487 con-

458 1544 644 1598 Vallem
699 1538 1038 1613 plorationis,
1080 1535 1278 1590 invenit
1326 1533 1425 1587 iste
1481 1529 1825 1584 humilitatem
1880 1527 2019 1582 unde

456 1634 709 1690 ascendat
740 1653 754 1688 :
785 1633 881 1686 scit
906 1630 1027 1701 quia
1052 1628 1095 1683 si
1122 1642 1181 1682 se
1206 1624 1460 1680 extollere
1484 1621 1727 1684 voluerit,
1757 1619 1942 1684 cadet,
1972 1620 2017 1674 si

341 1709 355 1722 ’
449 1744 516 1782 se
546 1724 915 1787 humiliavcrit,
945 1720 1205 1789 erigetur;
1235 1716 1390 1785 elegit
1410 1713 1584 1783 ahjici,
1612 1720 1671 1766 ut
1693 1711 2016 1766 sublevetur.

429 1819 624 1898 \Quam
655 1813 803 1868 multi
832 1819 1023 1881 praeter
1051 1805 1439 1863 tabernaculum
1469 1803 1568 1857 hoc
1610 1799 1881 1855 torcularis
1919 1798 2019 1853 do-

460 1904 667 1970 ininici,
701 1905 751 1960 id
782 1913 881 1967 est,
916 1910 1104 1972 praeter
1129 1897 1419 1953 Ecclesium
1444 1893 1752 1949 catholicam
1781 1891 2018 1945 volentes

457 1996 747 2058 sublimari,
766 2004 820 2050 et
833 2000 1069 2047 amantes
1090 1990 1320 2043 honores
1337 2000 1483 2051 suos,
1497 1984 1679 2038 nolunt
1697 1995 2018 2051 cognoscere

459 2091 730 2145 veritatem
750 2085 862 2154 (a)?
884 2084 936 2138 Si
962 2091 1103 2137 esset
1132 2080 1235 2133 illis
1259 2081 1309 2131 in
1337 2076 1496 2130 corde
1525 2087 1706 2128 versus
1734 2073 1850 2135 iste,
1877 2069 2020 2141 Elegi

454 2182 606 2251 abjici
628 2181 682 2232 in
710 2177 858 2231 domo
878 2173 1103 2238 Domini,
1129 2169 1287 2240 magis
1312 2182 1459 2237 quam
1485 2165 1707 2218 habitare
1718 2162 1771 2215 in
1792 2160 2021 2215 taberna-

461 2274 587 2326 culis
612 2277 957 2334 peccatorum;
983 2276 1156 2318 nonne
1180 2260 1466 2329 ahiicerent
1490 2256 1742 2318 honores,
1763 2261 1817 2306 et
1835 2267 2016 2305 curre-

459 2371 578 2418 rent
622 2360 688 2415 ad
737 2356 1025 2414 convallem
1077 2350 1384 2423 plorationis
1415 2390 1430 2413 ,
1461 2355 1517 2402 et
1553 2346 1676 2400 hinc
1726 2344 2019 2398 invenirent

454 2467 706 2508 ascensus
731 2452 783 2503 in
809 2446 992 2512 corde,
1013 2453 1069 2499 et
1088 2444 1210 2498 hinc
1236 2443 1373 2496 irent
1403 2454 1433 2493 a
1455 2436 1733 2495 virtutibus
1761 2437 1813 2488 in
1851 2435 2019 2487 virtu-

459 2556 585 2607 tem,
613 2549 866 2611 ponentes
892 2551 1039 2605 spem
1068 2548 1214 2588 suam
1251 2532 1304 2584 in
1341 2528 1553 2584 Christo
1576 2568 1591 2592 ,
1620 2541 1724 2580 non
1756 2526 1808 2579 in
1841 2526 2019 2579 nescio

458 2651 562 2700 quo
592 2630 840 2686 homine?
866 2629 1005 2682 Bona
1030 2640 1151 2687 vox,
1168 2619 1438 2693 gaudenda
1462 2634 1586 2681 vox,
1619 2615 1858 2686 eligenda
1883 2630 1979 2667 vox
2003 2633 2015 2668 :

459 2725 605 2793 Elrgi
627 2722 774 2794 abjici
813 2720 866 2773 in
902 2719 1050 2771 domo
1078 2713 1317 2777 Domini,
1350 2710 1507 2777 magis
1543 2724 1691 2779 quam
1719 2708 1942 2761 habitare
1967 2708 2019 2759 in

388 2800 391 2807 ”
457 2814 787 2870 tabernaculis
810 2818 1137 2881 peccatorum.
1162 2805 1278 2875 Ipse
1305 2804 1462 2873 elegit
1488 2800 1638 2871 abjici
1661 2800 1714 2854 in
1740 2800 1896 2855 domo
1921 2800 2023 2851 Do-

462 2909 585 2961 mini
613 2924 627 2969 ;
651 2904 741 2960 sed
768 2903 857 2957 ille
897 2901 984 2970 qui
1013 2896 1251 2953 invitavit
1284 2893 1349 2948 ad
1386 2892 1681 2947 convivium
1702 2931 1717 2956 ,
1743 2890 2019 2959 eligentem

386 3004 392 3011 ’
452 3000 759 3054 hilariorem
798 2995 969 3049 locum
995 2999 1146 3045 vocat
1174 2988 1239 3042 ad
1274 2984 1599 3056 superiorem
1624 3021 1639 3047 ,
1661 2991 1716 3037 et
1754 2980 1881 3035 dicit
1907 2981 2018 3042 illi,

459 3090 677 3145 Ascende
702 3086 847 3160 (Luc.
871 3099 979 3149 xnv,
1013 3079 1117 3152 10).
1144 3079 1259 3149 Ipse
1283 3085 1459 3131 tamen
1480 3088 1584 3128 non
1603 3072 1759 3142 elegit
1788 3072 1883 3125 nisi
1905 3085 2021 3125 esse

442 3177 508 3236 'in
535 3181 692 3236 domo
716 3175 939 3254 Domini,
960 3174 1013 3227 in
1033 3182 1362 3241 quocumque
1386 3166 1523 3229 loco,
1549 3177 1654 3217 non
1678 3171 1849 3217 tamen
1871 3171 2020 3215 extra

452 3276 638 3327 limen.

530 3363 613 3417 t6.
647 3361 793 3433 iners.
838 3354 948 3428 η]
975 3355 1146 3422 Quare
1168 3350 1327 3420 elegit
1352 3347 1586 3417 abiectus
1623 3359 1742 3400 esse
1772 3345 1823 3398 in
1852 3344 2011 3398 domo

460 3452 687 3511 Domini,
731 3448 897 3518 magis
919 3460 1074 3515 quam
1102 3441 1338 3496 habitare
1376 3439 1429 3492 in
1459 3435 1809 3492 tabernaculis
1831 3448 2021 3502 pecca-

460 3544 676 3599 torum?
705 3541 835 3607 Quia
875 3532 1267 3590 misericordiam
1292 3539 1339 3583 et
1363 3528 1614 3582 veritatem
1657 3526 1818 3595 diligit
1862 3522 2020 3577 Deus.

462 3636 712 3691 Dominus
755 3624 1171 3684 misericordiam
1200 3620 1389 3689 diligit,
1419 3632 1522 3689 qua
1547 3615 1676 3670 mihi
1705 3615 1874 3685 primo
1900 3614 2023 3668 sub-

460 3728 601 3782 venit
627 3743 642 3779 :
670 3723 940 3779 veritatem
971 3716 1157 3786 diligit,
1189 3721 1245 3767 ut
1268 3710 1501 3767 credenti
1527 3708 1617 3763 det
1640 3706 1781 3777 quod
1825 3706 2024 3776 promi-

460 3820 546 3872 sit.
571 3815 702 3871 Audi
723 3809 1133 3869 misericordiam
1153 3814 1208 3861 et
1221 3804 1494 3859 veritatem
1508 3801 1562 3856 in
1581 3800 1819 3870 apostolo
1834 3799 2018 3860 Paulo,

461 3911 604 3978 prius
645 3905 804 3962 Saqu
849 3909 1203 3973 persecutore.
1252 3892 1521 3965 lndigebat
1563 3889 1942 3956 misericordia,
1970 3899 2025 3946 et

458 3999 589 4053 dixit
617 3998 668 4051 in
710 4010 767 4049 se
813 3992 1001 4048 factam
1032 4008 1046 4044 :
1080 4007 1099 4041 ι
1135 3987 1234 4056 Qui
1278 3986 1422 4056 prius
1463 3983 1539 4039 lui
1580 3981 1938 4053 blasphemus,
1970 3993 2025 4037 et

460 4095 784 4159 persecutor,
826 4092 882 4138 et
921 4081 1243 4151 iniuriosus;
1277 4076 1368 4132 sed
1395 4074 1808 4129 misericordiam
1836 4087 2024 4127 consc-

452 4191 612 4235 cntus
638 4192 776 4242 sum,
798 4183 857 4229 ut
880 4175 930 4228 in
951 4187 1036 4227 me
1053 4168 1359 4225 ostenderet
1376 4163 1618 4219 Christus
1636 4164 1790 4217 Jesns
1811 4177 2023 4217 omnem

460 4269 904 4340 longanimitatem
936 4266 987 4317 in
1026 4276 1119 4316 eos
1147 4260 1234 4327 qui
1256 4255 1506 4313 credituri
1529 4264 1650 4308 sunt
1677 4253 1750 4307 illi
1783 4254 1834 4306 in
1865 4254 2023 4307 vitam

463 4371 714 4415 intentam
749 4374 766 4407 ι
804 4355 841 4419 (l
873 4353 1005 4405 Tim.
1039 4367 1075 4413 ι,
1119 4349 1204 4411 15,
1250 4346 1361 4417 16).
1403 4343 1472 4399 Ut
1499 4358 1618 4398 cum
1650 4342 2024 4412 indulgentiam

463 4461 725 4504 tantorum
754 4444 1007 4499 scelerum
1031 4440 1295 4509 acciperet
1332 4435 1546 4502 Paulus,
1591 4449 1747 4490 nemo
1771 4434 2026 4505 despera-

466 4552 546 4596 ret
590 4553 745 4609 posse
772 4538 793 4567 ²
840 4533 938 4589 sibi
987 4530 1172 4587 donari
1218 4541 1559 4597 quiecumque
1606 4537 1837 4595 peccata.
1891 4526 2028 4582 Ecce

467 4634 628 4686 habes
656 4624 1090 4683 misericordiam.
1121 4620 1296 4675 Noluit
1337 4625 1462 4673 tunc
1495 4617 1632 4672 Deus
1660 4632 1910 4672 exercere
1936 4633 2029 4673 ve—

464 4727 692 4786 ritatem,
722 4728 781 4775 ut
816 4718 1026 4789 puniret
1072 4721 1397 4785 peccantem.
1438 4708 1643 4763 Etenim
1669 4709 1714 4762 si
1758 4709 2031 4777 puniretur

464 4821 727 4885 peccator,
749 4823 925 4865 nonne
941 4807 1132 4861 veritas
1153 4800 1330 4858 esset?
1350 4810 1438 4855 aut
1455 4799 1675 4854 auderet
1694 4797 1891 4862 dicere,
1913 4798 2027 4853 Non

463 4905 633 4962 debeo
660 4898 854 4972 puniri,
885 4897 973 4967 qui
1020 4910 1124 4949 non
1170 4900 1350 4964 posset
1373 4891 1570 4954 dicere,
1617 4889 1730 4943 Non
1776 4889 2030 4959 peccavi?

469 4999 534 5057 Et
561 4998 605 5054 si
630 4998 851 5059 diceret,
877 4991 992 5047 Non
1020 4986 1231 5060 peccavi
1263 5004 1277 5038 :
1305 4984 1390 5039 cui
1416 4983 1656 5039 diceret?
1682 4996 1839 5053 quem
1883 4980 2033 5037 talie-

466 5089 584 5147 ret?
644 5087 786 5158 Ergo
827 5084 997 5153 primo
1045 5078 1296 5134 Dominus
1343 5076 1395 5129 in
1443 5089 1563 5130 eum
1614 5073 2029 5128 misericordiam

466 5178 816 5252 prterogavit;
870 5181 986 5244 post
1034 5165 1490 5228 misericordiam,
1540 5163 1835 5218 veritatem.
1893 5163 2030 5217 Audi

468 5275 611 5329 illum
637 5275 747 5344 iam
794 5270 1087 5338 exigentem
1126 5261 1417 5317 veritatem.
1445 5256 1622 5312 Primo
1664 5271 1790 5325 ergo
1818 5256 2029 5326 inquit:

529 5430 545 5461 ¹
571 5429 655 5477 uit:
670 5427 851 5477 addunt
867 5421 977 5473 add.
1000 5434 1014 5471 :
1041 5416 1113 5469 Ad
1144 5425 1293 5466 unum
1327 5410 1457 5463 diem
1476 5407 1745 5474 festinemus
1767 5418 1899 5470 :quo
1919 5409 2030 5459 boni

422 5511 429 5517 ·
469 5494 575 5541 Ιες.
599 5496 782 5538 carent.

530 5538 554 5584 ἶ
574 5551 649 5599 sic
665 5557 770 5598 uss.
794 5547 906 5596 add.
932 5557 1069 5604 vero,
1098 5540 1355 5603 desperare
1372 5538 1540 5600 posset.

528 5633 602 5695 (α)
627 5638 763 5695 Forte
796 5628 1015 5695 nonduin
1041 5623 1283 5695 prodierat
1309 5612 1923 5695 Γλιςψςιξίῃςξξδὶἱῇρξέρ,
1950 5612 2032 5695 die

472 5674 1336 5755 “Septemb:concilii_'decrctuin,
1376 5687 1428 5729 nt
1458 5674 1620 5728 clerici
1652 5674 1897 5726 donatistze
1940 5692 1960 5720 α
1982 5675 2032 5723 in

470 5762 571 5809 suis
592 5748 852 5804 honoribus
874 5748 1202 5809 suscipiantur.
1223 5761 1244 5789 ι

1677 325 1731 377 S.
1775 316 2128 377 AUGUSTINI
2170 320 2465 377 EI’ISCOPI

3541 326 3678 382 1068

2129 454 2147 484 σ
2183 436 2591 493 Dliserieordiam
2619 450 2933 494 consecutus
2976 455 3112 505 sum,
3144 440 3232 510 qui
3279 442 3422 510 prius
3466 441 3538 496 fui
3569 444 3679 499 bla-

2122 527 2390 596 sphemus,
2417 537 2471 583 et
2497 539 2820 598 persecutor,
2850 540 2903 585 et
2929 530 3211 598 iniuriosus
3236 546 3250 595 ;
3283 531 3374 585 sed
3402 533 3566 601 gratia
3592 533 3680 587 Dei

2120 634 2237 674 sum
2263 621 2401 691 quod
2432 637 2545 691 sum
2580 641 2598 674 ι
2631 622 2676 690 (1
2702 620 2818 675 Cor.
2866 638 2955 686 xv,
3000 622 3111 694 10).
3159 622 3345 677 Postea
3382 622 3531 687 dicit,
3561 638 3681 677 cum

2120 711 2351 780 passioni
2380 712 2786 781 propinquaret:
2816 731 2834 764 ι
2864 712 3064 767 Bonum
3087 728 3308 783 agonem
3329 714 3549 777 certavi,
3571 730 3681 767 cur-

2120 818 2237 856 sum
2266 803 2645 867 consummavi,
2691 803 2849 858 ﬁdem
2879 804 3117 869 servavi;
3145 814 3385 874 superest
3413 805 3542 859 mihi
3585 822 3683 859 co-

2120 910 2249 949 rona
2271 895 2485 965 iustitia:
2513 914 2557 949 ι.
2591 893 2682 949 Ille
2718 896 2804 965 qui
2836 895 3019 949 tribuit
3046 896 3479 963 misericordiam,
3500 908 3683 951 servat

2120 986 2411 1039 veritatem.
2440 984 2591 1041 Unde
2617 994 2791 1040 servat
2817 986 3132 1041 veritatem?
3160 985 3323 1050 Quam
3350 988 3521 1041 reddet
3560 990 3682 1044 mihi

2121 1074 2364 1128 Dominus
2391 1075 2443 1128 in
2473 1076 2560 1129 illo
2586 1075 2665 1128 die
2682 1075 2854 1144 justus
2872 1075 3034 1145 judea:
3057 1074 3119 1145 (Il
3150 1074 3278 1129 Tim.
3308 1092 3380 1140 iv,
3409 1078 3460 1140 7,
3490 1078 3566 1147 8).
3596 1078 3679 1132 lii-

2120 1162 2439 1233 dnlgentiam
2481 1164 2728 1228 donavit,
2776 1178 3025 1219 coronam
3071 1165 3259 1220 reddet
3291 1184 3304 1218 :
3334 1167 3558 1221 donator
3600 1179 3680 1223 est

2010 1300 2021 1323 ,
2120 1252 2475 1322 indulgentiae,
2506 1252 2711 1307 debitor
2755 1267 2987 1307 corona).
3037 1253 3184 1309 Unde
3211 1255 3456 1310 debitor?
3482 1259 3679 1326 accepit

2119 1342 2354 1413 aliquid?
2380 1342 2473 1397 Cui
2501 1342 2658 1399 debet
2685 1343 2880 1414 aliquid
2918 1344 3095 1399 Deus?
3121 1345 3258 1401 Ecce
3296 1347 3532 1403 videmus
3558 1351 3679 1420 quia

2120 1441 2267 1488 tenet
2306 1448 2425 1488 eum
2455 1433 2743 1488 debitorem
2790 1434 3004 1499 Paulus,
3030 1446 3345 1491 consecutus
3371 1439 3679 1494 misericor-

2120 1522 2525 1594 diamaexigens
2555 1524 2827 1578 veritatem
2856 1541 2870 1577 :
2902 1524 3093 1578 Reddet
3121 1527 3263 1594 mihi,
3294 1528 3477 1597 inquit,
3505 1528 3681 1584 Domi-

2121 1632 2213 1669 nus
2238 1616 2288 1668 in
2311 1616 2399 1669 illo
2419 1616 2517 1669 die.
2548 1614 2682 1684 Quid
2710 1615 2803 1670 tibi
2829 1615 3035 1684 reddet,
3066 1617 3167 1672 nisi
3193 1619 3334 1688 quod
3363 1621 3453 1675 tibi
3483 1620 3680 1677 debet?

2121 1704 2273 1761 Unde
2316 1706 2407 1761 tibi
2447 1705 2643 1761 debet?
2686 1706 2808 1775 quid
2838 1706 2885 1761 ei
2910 1705 3099 1761 dedisti
3116 1707 3144 1775 _?
3186 1707 3315 1776 Quis
3367 1710 3513 1779 prior
3538 1710 3683 1767 dedit

2120 1796 2217 1862 illi,
2244 1807 2297 1851 et
2322 1796 2642 1851 retribuetur
2666 1797 2713 1851 ei
2744 1796 2918 1865 (Rom.
2948 1799 3035 1864 11,
3066 1799 3200 1869 55)?
3243 1800 3541 1856 Debitorem
3572 1802 3679 1856 Do‘

2119 1888 2293 1943 minus
2320 1889 2429 1958 ipse
2448 1903 2506 1943 se
2525 1889 2665 1954 fecit,
2688 1905 2792 1943 non
2819 1889 3142 1957 accipiendo,
3173 1890 3266 1945 sed
3288 1893 3637 1961 promittendo
3662 1913 3677 1949 :

2120 1996 2223 2034 non
2254 1981 2302 2034 ei
2344 1980 2552 2044 dicitur,
2599 1979 2779 2036 Redde
2825 1982 2963 2051 quod
3016 1982 3303 2051 accepisti;
3334 1983 3452 2050 sed,
3500 1984 3682 2040 Redde

2119 2069 2257 2139 quod
2290 2070 2594 2139 promisisti.
2628 2070 3032 2125 Misericordiam
3060 2071 3186 2125 mihi
3211 2074 3465 2142 erogavit,
3491 2073 3679 2144 inquit,

2121 2170 2178 2215 ut
2204 2161 2401 2216 faceret
2425 2176 2508 2216 me
2532 2161 2864 2216 innocentem
2894 2179 2906 2215 :
2937 2177 3058 2216 nam
3082 2163 3225 2231 prius
3246 2163 3317 2216 l'ui
3343 2163 3682 2234 blasphemus

2120 2259 2174 2307 et
2199 2252 2513 2322 iniuriosus;
2538 2252 2629 2306 sed
2653 2267 2715 2306 ex
2739 2252 2881 2307 illius
2898 2254 3060 2323 gratia
3080 2252 3245 2308 lactus
3272 2269 3386 2308 sum
3409 2255 3678 2310 innocens.

2122 2343 2212 2397 Ille
2239 2351 2414 2396 autem
2444 2342 2531 2412 qui
2562 2342 2873 2411 prterogavit
2898 2343 3345 2407 misericordiam,
3377 2356 3565 2415 negare
3589 2362 3681 2415 po-

2122 2434 2246 2487 terit
2274 2433 2547 2487 debitum?
2573 2431 2753 2503 Diligit
2774 2433 3161 2487 misericordiam
3182 2444 3226 2487 et
3252 2436 3517 2488 veritatem.
3549 2434 3682 2489 Gra-

2121 2525 2242 2577 tiam
2268 2535 2314 2577 et
2342 2525 2552 2594 gloriam
2582 2524 2733 2576 dabit.
2762 2523 2928 2591 Quam
2949 2524 3192 2593 gratiam,
3222 2525 3321 2579 nisi
3349 2525 3416 2580 de
3440 2541 3539 2596 qua
3569 2526 3681 2596 ipse

2120 2618 2269 2683 dixit,
2301 2617 2473 2671 Gratia
2500 2616 2593 2671 Dei
2632 2632 2741 2670 sum
2767 2619 2900 2686 quod
2927 2618 3081 2671 sum?
3104 2617 3269 2685 Quam
3310 2620 3551 2689 gloriam,
3584 2621 3682 2675 nisi

2121 2708 2187 2763 de
2215 2723 2316 2778 qua
2349 2707 2459 2777 ipse
2485 2706 2634 2771 dixit,
2670 2708 2905 2777 Superest
2929 2708 3051 2760 mihi
3074 2724 3258 2761 corona
3275 2710 3509 2779 justiliw.

2194 2800 2277 2853 17.
2309 2797 2453 2871 [rem
2504 2796 2613 2869 I5.]
2649 2797 2790 2862 Ideo,
2815 2796 3077 2862 Dominus,
3095 2797 3296 2866 ‘inquit,
3338 2815 3438 2852 non
3476 2799 3686 2868 privabit

2122 2893 2262 2947 bonis
2300 2892 2606 2945 ambulantes
2632 2891 2685 2943 in
2713 2891 3013 2944 innocentia.
3061 2891 3233 2957 Quare
3276 2905 3402 2960 ergo
3444 2890 3685 2947 homines

2125 3001 2229 3040 non
2256 2984 2413 3038 vultis
2435 2991 2615 3038 tenere
2644 2981 3015 3045 innocentiam,
3047 2981 3146 3035 nisi
3170 2989 3227 3034 ut
3248 2979 3485 3035 habeatis
3508 2981 3686 3036 bona?

2123 3077 2235 3131 Non
2278 3077 2387 3129 vult
2416 3075 2433 3107 ι
2464 3083 2641 3129 tenere
2669 3073 3043 3139 innocentiam,
3077 3081 3132 3126 ut
3177 3087 3281 3127 non
3320 3071 3504 3127 reddat
3545 3072 3685 3143 quod

2125 3168 2193 3222 illi
2221 3166 2516 3237 assignatur
2544 3183 2556 3217 :
2584 3178 2769 3218 aurum
2800 3163 2909 3217 vult
2937 3162 3132 3218 habere
3159 3173 3213 3217 et
3238 3163 3409 3233 perdit
3432 3164 3684 3218 innocen-

2124 3262 2270 3315 tiam.
2288 3258 2423 3327 Quid
2445 3252 2710 3313 luctatur?
2733 3256 2855 3327 quid
2872 3256 3271 3312 damnificatur?
3296 3257 3464 3311 Habet
3485 3258 3685 3314 lucrutr.

2123 3353 2257 3417 auri,
2282 3364 2468 3422 passus
2493 3359 2573 3405 est
2592 3350 2841 3405 damnum
2870 3349 3201 3403 innocentiae.
3233 3349 3326 3404 Est
3345 3350 3542 3417 aliquid
3569 3366 3686 3420 pre-

2125 3445 2313 3500 tiosius
2342 3442 2680 3498 innocentia?
2706 3440 2809 3498 Sed
2848 3442 2891 3495 si
2923 3440 3276 3495 innocentiam
3314 3441 3573 3508 retinebo,
3604 3442 3688 3495 in-

2124 3537 2258 3607 quit,
2290 3549 2491 3606 pauper
2527 3547 2640 3589 ero.
2682 3533 2932 3587 Parvzenc
2958 3532 3157 3587 divitias
3194 3532 3305 3602 ipsa
3349 3533 3688 3589 innocentia?

2124 3626 2180 3683 Si
2208 3641 2383 3680 arcam
2425 3625 2630 3694 plenam
2655 3638 2786 3677 auro
2829 3622 3095 3686 habueris,
3142 3622 3289 3677 dives
3329 3624 3435 3677 eris
3466 3642 3480 3678 :
3509 3625 3552 3677 si
3594 3640 3690 3680 cor

2125 3718 2371 3774 habueris
2410 3717 2620 3786 plenum
2666 3714 2985 3779 innocentia,
3027 3728 3224 3784 pauper
3250 3714 3395 3769 eris?
3423 3714 3526 3770 Sed
3562 3730 3690 3772 ecce

2124 3810 2260 3866 bona
2283 3809 2609 3872 desiderans,
2637 3807 2795 3862 modo
2820 3807 2873 3861 in
2898 3816 3149 3877 egestate.
3175 3808 3225 3862 in
3250 3808 3605 3875 tribulatione,
3634 3810 3688 3864 in

2124 3903 2362 3960 convalle
2374 3901 2701 3973 plorationis,
2720 3900 2771 3954 in
2786 3913 3048 3969 pressura,
3068 3899 3121 3954 in
3138 3899 3690 3966 tentationibus,serva

2127 3995 2502 4051 innocentiam.
2550 3991 2665 4047 Erit
2688 3992 2828 4046 enim
2872 4000 3055 4062 postea
3095 3992 3253 4046 etiam
3299 3990 3497 4045 bonum
3544 4000 3690 4046 tuum

2127 4087 2265 4158 quod
2304 4085 2609 4149 desideras;
2654 4084 2883 4154 requies,
2931 4083 3226 4149 aeternitas,
3278 4082 3639 4137 immortalitas
3667 4124 3684 4148 ,

2128 4178 2521 4248 iinpassibilitas
2547 4176 2649 4230 erit
2675 4183 2855 4243 postea
2883 4190 2897 4227 :
2928 4175 3041 4243 ipsa
3070 4185 3193 4229 sunt
3217 4175 3350 4228 bona
3376 4190 3491 4244 qua:
3515 4183 3690 4228 servat

2131 4270 2268 4324 Deus
2292 4269 2449 4339 iustis
2473 4267 2600 4323 suis.
2631 4265 2759 4320 Nam
2801 4265 2933 4318 bona
2962 4278 3079 4333 quae
3104 4264 3262 4317 modo
3286 4264 3556 4320 desideras
3592 4279 3689 4334 pro

2129 4376 2342 4431 magno,
2369 4369 2584 4431 propter
2603 4371 2720 4427 qua:
2742 4356 2818 4410 vis
2832 4369 2952 4410 esse
2978 4369 3195 4417 nocens,
3215 4362 3267 4408 et
3287 4370 3391 4407 non
3414 4356 3688 4421 innocens,

2130 4455 2339 4510 attende
2366 4454 2452 4508 illa
2484 4452 2573 4520 qui
2597 4450 2844 4513 habeant,
2875 4448 2964 4518 qui
2995 4448 3184 4503 talibus
3208 4446 3497 4501 abundant.
3532 4447 3693 4504 Vides

2131 4546 2339 4599 divitias
2367 4542 2505 4612 apud
2534 4542 2782 4605 latrones,
2812 4538 2949 4607 apud
2975 4536 3183 4607 impios,
3214 4535 3352 4604 apud
3383 4537 3687 4592 sceleratos.

2131 4638 2268 4708 apud
2318 4645 2532 4706 turpes;
2575 4632 2710 4702 apud
2760 4630 3044 4702 ﬂagitiosos
3071 4639 3124 4683 et
3167 4629 3493 4684 facinorosos
3543 4630 3693 4684 vides

2132 4729 2340 4784 divitias
2366 4744 2380 4781 :
2406 4727 2495 4781 dat
2533 4725 2639 4778 illis
2682 4724 2820 4778 Deus
2868 4722 2964 4775 ista
3011 4726 3224 4789 prepter
3268 4719 3694 4774 communionem

2132 4820 2344 4892 generis
2386 4816 2628 4879 humani,
2675 4823 2891 4883 prepter
2931 4810 3282 4866 abundantem
3328 4809 3645 4865 afﬂuentiam
3670 4811 3692 4841 '

2134 4913 2381 4968 bonitatis
2405 4925 2513 4964 suae
2536 4925 2550 4973 ;
2576 4907 2663 4976 qui
2692 4906 2847 4961 etiam
2870 4904 3034 4959 solem
3065 4918 3217 4958 suum
3238 4902 3363 4957 oriri
3391 4901 3513 4956 facit
3537 4916 3692 4971 super

2136 5005 2305 5058 bonos
2352 5010 2407 5058 et
2454 4999 2640 5060 malos,
2692 5006 2746 5053 et
2791 4996 2921 5069 pluit
2967 5008 3127 5063 super
3165 4993 3337 5063 iustos
3378 5001 3432 5047 et
3471 4992 3694 5061 iniustos

2138 5095 2348 5168 (Matth.
2366 5110 2421 5159 v,
2440 5090 2551 5162 45).
2578 5089 2744 5144 Tanta
2765 5087 2855 5141 dat
2878 5095 2929 5140 et
2950 5084 3121 5149 malis,
3145 5093 3200 5138 et
3217 5084 3306 5136 tibi
3334 5083 3464 5136 nihil
3485 5080 3700 5137 servat?

2134 5188 2345 5243 Falsum
2372 5193 2454 5241 est
2475 5181 2616 5254 quod
2646 5181 2737 5235 tibi
2758 5176 3038 5248 promisit?
3065 5175 3288 5237 Servat;
3319 5188 3541 5229 securus
3566 5182 3699 5227 esto.

2135 5277 2232 5343 Qui
2261 5276 2507 5330 misertus
2530 5281 2610 5327 est
2639 5269 2731 5333 tui,
2780 5282 2900 5322 cum
2947 5280 3094 5321 esses
3131 5264 3358 5333 impius;
3389 5263 3586 5318 deserit
3616 5272 3702 5327 te,

2136 5385 2255 5425 cum
2285 5367 2455 5422 lactus
2501 5379 2561 5419 es
2600 5361 2757 5433 pius?
2785 5360 2875 5431 qui
2916 5358 3180 5429 peccatori
3225 5356 3440 5412 donavit
3478 5363 3704 5408 mortem

2202 5484 2218 5514 ι
2244 5481 2317 5528 sic
2339 5477 2507 5541 plures
2526 5481 2634 5522 Mss.
2661 5478 2717 5541 at
2734 5470 2867 5541 cdd"
2889 5458 3157 5541 nonnullis
3184 5480 3202 5517 :
3226 5461 3600 5541 etuiguiragﬂttod
3622 5461 3703 5541 ille

2135 5522 2501 5605 assigvnatraubi
2644 5522 2866 5605 plerique
2889 5532 3089 5591 habent,
3114 5529 3237 5594 quod
3260 5525 3335 5576 illi
3354 5522 3705 5587 assigizatur,ld

2139 5593 2519 5662 est,"dcpositum
2540 5595 2604 5662 illi
2628 5593 2883 5662 creditum.

2171 5648 2423 5794 gain.
2461 5665 2512 5709 et
2543 5656 2724 5720 aliquot
2753 5661 2858 5703 Mss.
2894 5662 2949 5703 At
2978 5661 3115 5714 Lov.,
3142 5656 3334 5716 propter
3366 5648 3656 5699 abundantia
3682 5662 3711 5696 n

2219 5738 2305 5776 non
2328 5736 2404 5774 uc.

2141 5730 2404 5779 aﬂlnrntm‘.
