  <div class='ocr_page' id='page_1' title='image "/cluster/home/n/w/nwhite01/storage/ocr_20150623/37/hvd.32044096580592/030.png"; bbox 0 0 4024 6210; ppageno 0'>
   <div class='ocr_carea' id='block_1_1' title="bbox 312 371 465 426">
    <p class='ocr_par' dir='ltr' id='par_1_1' title="bbox 312 371 465 426">
     <span class='ocr_line' id='line_1_1' title="bbox 312 371 465 426; baseline 0 -1"><span class='ocrx_word' id='word_1_1' title='bbox 312 371 465 426; x_wconf 69' lang='grc'><strong>1069</strong></span> 
     </span>
    </p>
   </div>
   <div class='ocr_carea' id='block_1_2' title="bbox 311 472 1901 561">
    <p class='ocr_par' dir='ltr' id='par_1_2' title="bbox 311 472 1901 561">
     <span class='ocr_line' id='line_1_2' title="bbox 311 472 1901 561; baseline -0.001 -19"><span class='ocrx_word' id='word_1_2' title='bbox 311 485 442 543; x_wconf 78' lang='lat' dir='ltr'><strong>Filii</strong></span> <span class='ocrx_word' id='word_1_3' title='bbox 468 472 571 551; x_wconf 69' lang='lat' dir='ltr'><strong>sui,</strong></span> <span class='ocrx_word' id='word_1_4' title='bbox 616 485 741 555; x_wconf 88' lang='lat' dir='ltr'><strong>quid</strong></span> <span class='ocrx_word' id='word_1_5' title='bbox 782 495 960 541; x_wconf 89' lang='lat' dir='ltr'><strong>servat</strong></span> <span class='ocrx_word' id='word_1_6' title='bbox 1001 488 1201 541; x_wconf 89' lang='lat' dir='ltr'><strong>salvato</strong></span> <span class='ocrx_word' id='word_1_7' title='bbox 1238 504 1334 561; x_wconf 86' lang='lat' dir='ltr'><strong>per</strong></span> <span class='ocrx_word' id='word_1_8' title='bbox 1370 499 1594 543; x_wconf 88' lang='lat' dir='ltr'><strong>mortem</strong></span> <span class='ocrx_word' id='word_1_9' title='bbox 1624 488 1743 543; x_wconf 86' lang='lat' dir='ltr'><strong>Fili&#39;t</strong></span> <span class='ocrx_word' id='word_1_10' title='bbox 1767 488 1901 544; x_wconf 86' lang='lat' dir='ltr'><strong>sui?</strong></span> 
     </span>
    </p>
   </div>
   <div class='ocr_carea' id='block_1_3' title="bbox 303 577 1900 650">
    <p class='ocr_par' dir='ltr' id='par_1_3' title="bbox 303 577 1900 650">
     <span class='ocr_line' id='line_1_3' title="bbox 303 577 1900 650; baseline -0.001 -15"><span class='ocrx_word' id='word_1_11' title='bbox 303 577 554 635; x_wconf 82' lang='lat' dir='ltr'><strong>Securus</strong></span> <span class='ocrx_word' id='word_1_12' title='bbox 580 592 710 648; x_wconf 84' lang='lat' dir='ltr'><strong>ergo</strong></span> <span class='ocrx_word' id='word_1_13' title='bbox 733 587 872 633; x_wconf 91' lang='lat' dir='ltr'><strong>esto.</strong></span> <span class='ocrx_word' id='word_1_14' title='bbox 905 580 1047 635; x_wconf 85' lang='lat' dir='ltr'><strong>Tene</strong></span> <span class='ocrx_word' id='word_1_15' title='bbox 1070 580 1388 647; x_wconf 76' lang='lat' dir='ltr'><strong>debitorem,</strong></span> <span class='ocrx_word' id='word_1_16' title='bbox 1415 582 1535 650; x_wconf 85' lang='lat' dir='ltr'><strong>quia</strong></span> <span class='ocrx_word' id='word_1_17' title='bbox 1563 580 1830 636; x_wconf 79' lang='lat' dir='ltr'><strong>credidisti</strong></span> <span class='ocrx_word' id='word_1_18' title='bbox 1849 581 1900 634; x_wconf 94' lang='lat' dir='ltr'><strong>in</strong></span> 
     </span>
    </p>
   </div>
   <div class='ocr_carea' id='block_1_4' title="bbox 302 668 1900 740">
    <p class='ocr_par' dir='ltr' id='par_1_4' title="bbox 302 668 1900 740">
     <span class='ocr_line' id='line_1_4' title="bbox 302 668 1900 740; baseline 0.001 -17"><span class='ocrx_word' id='word_1_19' title='bbox 302 671 722 738; x_wconf 81' lang='lat' dir='ltr'><strong>promissorem.</strong></span> <span class='ocrx_word' id='word_1_20' title='bbox 753 668 1001 723; x_wconf 85' lang='lat' dir='ltr'><strong>Dominus</strong></span> <span class='ocrx_word' id='word_1_21' title='bbox 1030 687 1128 724; x_wconf 88' lang='lat' dir='ltr'><strong>non</strong></span> <span class='ocrx_word' id='word_1_22' title='bbox 1166 672 1381 740; x_wconf 86' lang='lat' dir='ltr'><strong>privabit</strong></span> <span class='ocrx_word' id='word_1_23' title='bbox 1420 672 1562 726; x_wconf 85' lang='lat' dir='ltr'><strong>bonis</strong></span> <span class='ocrx_word' id='word_1_24' title='bbox 1589 671 1900 725; x_wconf 86' lang='lat' dir='ltr'><strong>ambulantes</strong></span> 
     </span>
    </p>
   </div>
   <div class='ocr_carea' id='block_1_5' title="bbox 303 760 1898 831">
    <p class='ocr_par' dir='ltr' id='par_1_5' title="bbox 303 760 1898 831">
     <span class='ocr_line' id='line_1_5' title="bbox 303 760 1898 831; baseline 0.001 -17"><span class='ocrx_word' id='word_1_25' title='bbox 303 762 367 814; x_wconf 78' lang='lat' dir='ltr'><strong>in</strong></span> <span class='ocrx_word' id='word_1_26' title='bbox 394 761 698 814; x_wconf 75' lang='lat' dir='ltr'><strong>innocentia.</strong></span> <span class='ocrx_word' id='word_1_27' title='bbox 728 760 870 831; x_wconf 81' lang='lat' dir='ltr'><strong>Ergo</strong></span> <span class='ocrx_word' id='word_1_28' title='bbox 886 761 1009 831; x_wconf 89' lang='lat' dir='ltr'><strong>quid</strong></span> <span class='ocrx_word' id='word_1_29' title='bbox 1033 762 1186 817; x_wconf 88' lang='lat' dir='ltr'><strong>nobis</strong></span> <span class='ocrx_word' id='word_1_30' title='bbox 1203 762 1289 817; x_wconf 89' lang='lat' dir='ltr'><strong>hic</strong></span> <span class='ocrx_word' id='word_1_31' title='bbox 1304 770 1468 817; x_wconf 88' lang='lat' dir='ltr'><strong>restat</strong></span> <span class='ocrx_word' id='word_1_32' title='bbox 1490 763 1539 816; x_wconf 88' lang='lat' dir='ltr'><strong>in</strong></span> <span class='ocrx_word' id='word_1_33' title='bbox 1560 762 1824 827; x_wconf 89' lang='lat' dir='ltr'><strong>torculari,</strong></span> <span class='ocrx_word' id='word_1_34' title='bbox 1846 763 1898 816; x_wconf 91' lang='lat' dir='ltr'><strong>in</strong></span> 
     </span>
    </p>
   </div>
   <div class='ocr_carea' id='block_1_6' title="bbox 300 853 1898 924">
    <p class='ocr_par' dir='ltr' id='par_1_6' title="bbox 300 853 1898 924">
     <span class='ocr_line' id='line_1_6' title="bbox 300 853 1898 924; baseline 0.002 -20"><span class='ocrx_word' id='word_1_35' title='bbox 300 853 626 920; x_wconf 77' lang='lat' dir='ltr'><strong>afﬂictione,</strong></span> <span class='ocrx_word' id='word_1_36' title='bbox 656 854 707 908; x_wconf 90' lang='lat' dir='ltr'><strong>in</strong></span> <span class='ocrx_word' id='word_1_37' title='bbox 738 869 796 908; x_wconf 87' lang='lat' dir='ltr'><strong>re</strong></span> <span class='ocrx_word' id='word_1_38' title='bbox 808 854 975 914; x_wconf 85' lang='lat' dir='ltr'><strong>dura.</strong></span> <span class='ocrx_word' id='word_1_39' title='bbox 1006 855 1056 908; x_wconf 88' lang='lat' dir='ltr'><strong>in</strong></span> <span class='ocrx_word' id='word_1_40' title='bbox 1087 856 1369 924; x_wconf 66' lang='lat' dir='ltr'><strong>praesentia</strong></span> <span class='ocrx_word' id='word_1_41' title='bbox 1398 856 1518 909; x_wconf 67' lang='lat' dir='ltr'><strong>vitae</strong></span> <span class='ocrx_word' id='word_1_42' title='bbox 1543 854 1898 924; x_wconf 81' lang='lat' dir='ltr'><strong>periculosae?</strong></span> 
     </span>
    </p>
   </div>
   <div class='ocr_carea' id='block_1_7' title="bbox 296 942 1896 1014">
    <p class='ocr_par' dir='ltr' id='par_1_7' title="bbox 296 942 1896 1014">
     <span class='ocr_line' id='line_1_7' title="bbox 296 942 1896 1014; baseline 0.001 -17"><span class='ocrx_word' id='word_1_43' title='bbox 296 945 438 1014; x_wconf 80' lang='lat' dir='ltr'><strong>quid</strong></span> <span class='ocrx_word' id='word_1_44' title='bbox 472 946 627 1000; x_wconf 89' lang='lat' dir='ltr'><strong>nobis</strong></span> <span class='ocrx_word' id='word_1_45' title='bbox 652 952 833 1007; x_wconf 87' lang='lat' dir='ltr'><strong>restat,</strong></span> <span class='ocrx_word' id='word_1_46' title='bbox 858 954 916 998; x_wconf 89' lang='lat' dir='ltr'><strong>ut</strong></span> <span class='ocrx_word' id='word_1_47' title='bbox 939 945 1061 999; x_wconf 91' lang='lat' dir='ltr'><strong>illuc</strong></span> <span class='ocrx_word' id='word_1_48' title='bbox 1080 944 1488 1014; x_wconf 76' lang='lat' dir='ltr'><strong>perveniamus?</strong></span> <span class='ocrx_word' id='word_1_49' title='bbox 1518 942 1735 999; x_wconf 86' lang='lat' dir='ltr'><strong>Domine</strong></span> <span class='ocrx_word' id='word_1_50' title='bbox 1759 944 1896 998; x_wconf 86' lang='lat' dir='ltr'><strong>Deus</strong></span> 
     </span>
    </p>
   </div>
   <div class='ocr_carea' id='block_1_8' title="bbox 295 1038 1472 1110">
    <p class='ocr_par' dir='ltr' id='par_1_8' title="bbox 295 1038 1472 1110">
     <span class='ocr_line' id='line_1_8' title="bbox 295 1038 1472 1110; baseline 0.001 -19"><span class='ocrx_word' id='word_1_51' title='bbox 295 1039 574 1105; x_wconf 60' lang='lat' dir='ltr'><strong>virtutum,</strong></span> <span class='ocrx_word' id='word_1_52' title='bbox 605 1038 776 1093; x_wconf 83' lang='lat' dir='ltr'><strong>beatus</strong></span> <span class='ocrx_word' id='word_1_53' title='bbox 803 1040 952 1092; x_wconf 84' lang='lat' dir='ltr'><strong>homo</strong></span> <span class='ocrx_word' id='word_1_54' title='bbox 976 1039 1062 1108; x_wconf 88' lang='lat' dir='ltr'><strong>qui</strong></span> <span class='ocrx_word' id='word_1_55' title='bbox 1082 1049 1248 1110; x_wconf 81' lang='lat' dir='ltr'><strong>sperat</strong></span> <span class='ocrx_word' id='word_1_56' title='bbox 1272 1040 1325 1093; x_wconf 86' lang='lat' dir='ltr'><strong>in</strong></span> <span class='ocrx_word' id='word_1_57' title='bbox 1354 1049 1402 1094; x_wconf 89' lang='lat' dir='ltr'><strong>te</strong></span> <span class='ocrx_word' id='word_1_58' title='bbox 1431 1040 1472 1092; x_wconf 84' lang='lat'><strong>’.</strong></span> 
     </span>
    </p>
   </div>
   <div class='ocr_carea' id='block_1_9' title="bbox 676 1247 1549 1311">
    <p class='ocr_par' dir='ltr' id='par_1_9' title="bbox 676 1247 1549 1311">
     <span class='ocr_line' id='line_1_9' title="bbox 676 1247 1549 1311; baseline -0.001 -3"><span class='ocrx_word' id='word_1_59' title='bbox 676 1248 757 1308; x_wconf 88' lang='lat' dir='ltr'><strong>IN</strong></span> <span class='ocrx_word' id='word_1_60' title='bbox 800 1247 1177 1311; x_wconf 85' lang='lat' dir='ltr'><strong>PSALMUM</strong></span> <span class='ocrx_word' id='word_1_61' title='bbox 1219 1247 1549 1309; x_wconf 81' lang='lat' dir='ltr'><strong>LXXXIV</strong></span> 
     </span>
    </p>
   </div>
   <div class='ocr_carea' id='block_1_10' title="bbox 886 1371 1294 1426">
    <p class='ocr_par' dir='ltr' id='par_1_10' title="bbox 886 1371 1294 1426">
     <span class='ocr_line' id='line_1_10' title="bbox 886 1371 1294 1426; baseline -0.007 0"><span class='ocrx_word' id='word_1_62' title='bbox 886 1371 1294 1426; x_wconf 77' lang='lat' dir='ltr'><strong>ENARRATIO.</strong></span> 
     </span>
    </p>
   </div>
   <div class='ocr_carea' id='block_1_11' title="bbox 810 1500 1331 1541">
    <p class='ocr_par' dir='ltr' id='par_1_11' title="bbox 810 1500 1331 1541">
     <span class='ocr_line' id='line_1_11' title="bbox 810 1500 1331 1541; baseline 0.002 -1"><span class='ocrx_word' id='word_1_63' title='bbox 810 1500 980 1541; x_wconf 69' lang='lat' dir='ltr'><strong>SERIO</strong></span> <span class='ocrx_word' id='word_1_64' title='bbox 1011 1502 1079 1541; x_wconf 75' lang='lat' dir='ltr'><strong>AD</strong></span> <span class='ocrx_word' id='word_1_65' title='bbox 1108 1502 1331 1541; x_wconf 70' lang='lat' dir='ltr'><strong>PLEBEH.</strong></span> 
     </span>
    </p>
   </div>
   <div class='ocr_carea' id='block_1_12' title="bbox 378 1575 1889 1667">
    <p class='ocr_par' dir='ltr' id='par_1_12' title="bbox 378 1575 1889 1667">
     <span class='ocr_line' id='line_1_12' title="bbox 378 1575 1889 1667; baseline 0.001 -13"><span class='ocrx_word' id='word_1_66' title='bbox 378 1601 432 1654; x_wconf 83' lang='lat' dir='ltr'><strong>l.</strong></span> <span class='ocrx_word' id='word_1_67' title='bbox 484 1575 758 1667; x_wconf 70' lang='lat' dir='ltr'><strong>Deprecati</strong></span> <span class='ocrx_word' id='word_1_68' title='bbox 805 1615 988 1653; x_wconf 87' lang='lat' dir='ltr'><strong>sumus</strong></span> <span class='ocrx_word' id='word_1_69' title='bbox 1019 1601 1293 1654; x_wconf 90' lang='lat' dir='ltr'><strong>Dominum</strong></span> <span class='ocrx_word' id='word_1_70' title='bbox 1342 1600 1504 1654; x_wconf 88' lang='lat' dir='ltr'><strong>Deum</strong></span> <span class='ocrx_word' id='word_1_71' title='bbox 1532 1610 1792 1664; x_wconf 87' lang='lat' dir='ltr'><strong>nostrum,</strong></span> <span class='ocrx_word' id='word_1_72' title='bbox 1830 1610 1889 1655; x_wconf 86' lang='lat' dir='ltr'><strong>ut</strong></span> 
     </span>
    </p>
   </div>
   <div class='ocr_carea' id='block_1_13' title="bbox 304 1682 1886 1759">
    <p class='ocr_par' dir='ltr' id='par_1_13' title="bbox 304 1682 1886 1759">
     <span class='ocr_line' id='line_1_13' title="bbox 304 1682 1886 1759; baseline 0.002 -16"><span class='ocrx_word' id='word_1_73' title='bbox 304 1689 558 1753; x_wconf 76' lang='lat' dir='ltr'><strong>ostendat</strong></span> <span class='ocrx_word' id='word_1_74' title='bbox 590 1691 739 1744; x_wconf 86' lang='lat' dir='ltr'><strong>nobis</strong></span> <span class='ocrx_word' id='word_1_75' title='bbox 762 1691 1178 1745; x_wconf 86' lang='lat' dir='ltr'><strong>misericordiam</strong></span> <span class='ocrx_word' id='word_1_76' title='bbox 1208 1682 1459 1759; x_wconf 42' lang='lat' dir='ltr'><strong>suam,&#39;et</strong></span> <span class='ocrx_word' id='word_1_77' title='bbox 1485 1692 1714 1747; x_wconf 84' lang='lat' dir='ltr'><strong>salutare</strong></span> <span class='ocrx_word' id='word_1_78' title='bbox 1734 1707 1886 1747; x_wconf 90' lang='lat' dir='ltr'><strong>suum</strong></span> 
     </span>
    </p>
   </div>
   <div class='ocr_carea' id='block_1_14' title="bbox 307 1774 1885 1853">
    <p class='ocr_par' dir='ltr' id='par_1_14' title="bbox 307 1774 1885 1853">
     <span class='ocr_line' id='line_1_14' title="bbox 307 1774 1885 1853; baseline 0.002 -17"><span class='ocrx_word' id='word_1_79' title='bbox 307 1774 403 1836; x_wconf 84' lang='lat' dir='ltr'><strong>det</strong></span> <span class='ocrx_word' id='word_1_80' title='bbox 441 1783 614 1836; x_wconf 85' lang='lat' dir='ltr'><strong>nobis.</strong></span> <span class='ocrx_word' id='word_1_81' title='bbox 648 1783 852 1836; x_wconf 81' lang='lat' dir='ltr'><strong>Dictum</strong></span> <span class='ocrx_word' id='word_1_82' title='bbox 882 1791 964 1837; x_wconf 92' lang='lat' dir='ltr'><strong>est</strong></span> <span class='ocrx_word' id='word_1_83' title='bbox 991 1783 1092 1837; x_wconf 90' lang='lat' dir='ltr'><strong>hoc</strong></span> <span class='ocrx_word' id='word_1_84' title='bbox 1119 1783 1329 1852; x_wconf 86' lang='lat' dir='ltr'><strong>quidem</strong></span> <span class='ocrx_word' id='word_1_85' title='bbox 1361 1784 1412 1837; x_wconf 91' lang='lat' dir='ltr'><strong>iu</strong></span> <span class='ocrx_word' id='word_1_86' title='bbox 1440 1783 1734 1853; x_wconf 86' lang='lat' dir='ltr'><strong>prOpbetia,</strong></span> <span class='ocrx_word' id='word_1_87' title='bbox 1766 1799 1885 1839; x_wconf 89' lang='lat' dir='ltr'><strong>cum</strong></span> 
     </span>
    </p>
   </div>
   <div class='ocr_carea' id='block_1_15' title="bbox 304 1874 1889 1942">
    <p class='ocr_par' dir='ltr' id='par_1_15' title="bbox 304 1874 1889 1942">
     <span class='ocr_line' id='line_1_15' title="bbox 304 1874 1889 1942; baseline 0.002 -16"><span class='ocrx_word' id='word_1_88' title='bbox 304 1874 535 1942; x_wconf 85' lang='lat' dir='ltr'><strong>primum</strong></span> <span class='ocrx_word' id='word_1_89' title='bbox 558 1874 753 1929; x_wconf 89' lang='lat' dir='ltr'><strong>Psalmi</strong></span> <span class='ocrx_word' id='word_1_90' title='bbox 782 1874 863 1928; x_wconf 90' lang='lat' dir='ltr'><strong>isti</strong></span> <span class='ocrx_word' id='word_1_91' title='bbox 890 1874 1195 1930; x_wconf 82' lang='lat' dir='ltr'><strong>dicerentur</strong></span> <span class='ocrx_word' id='word_1_92' title='bbox 1217 1882 1272 1927; x_wconf 89' lang='lat' dir='ltr'><strong>et</strong></span> <span class='ocrx_word' id='word_1_93' title='bbox 1298 1874 1655 1930; x_wconf 80' lang='lat' dir='ltr'><strong>scriberentur</strong></span> <span class='ocrx_word' id='word_1_94' title='bbox 1682 1892 1697 1928; x_wconf 90' lang='lat'><strong>:</strong></span> <span class='ocrx_word' id='word_1_95' title='bbox 1727 1884 1889 1929; x_wconf 60' lang='lat' dir='ltr'><strong>exte-</strong></span> 
     </span>
    </p>
   </div>
   <div class='ocr_carea' id='block_1_16' title="bbox 306 1964 1881 2035">
    <p class='ocr_par' dir='ltr' id='par_1_16' title="bbox 306 1964 1881 2035">
     <span class='ocr_line' id='line_1_16' title="bbox 306 1964 1881 2035; baseline 0.002 -17"><span class='ocrx_word' id='word_1_96' title='bbox 306 1982 427 2018; x_wconf 88' lang='lat' dir='ltr'><strong>rum</strong></span> <span class='ocrx_word' id='word_1_97' title='bbox 452 1965 590 2034; x_wconf 86' lang='lat' dir='ltr'><strong>quod</strong></span> <span class='ocrx_word' id='word_1_98' title='bbox 621 1966 806 2019; x_wconf 78' lang='lat' dir='ltr'><strong>attinet</strong></span> <span class='ocrx_word' id='word_1_99' title='bbox 832 1964 897 2019; x_wconf 89' lang='lat' dir='ltr'><strong>ad</strong></span> <span class='ocrx_word' id='word_1_100' title='bbox 928 1965 1029 2019; x_wconf 87' lang='lat' dir='ltr'><strong>hoc</strong></span> <span class='ocrx_word' id='word_1_101' title='bbox 1054 1973 1280 2035; x_wconf 89' lang='lat' dir='ltr'><strong>tempus,</strong></span> <span class='ocrx_word' id='word_1_102' title='bbox 1313 1966 1416 2035; x_wconf 81' lang='lat' dir='ltr'><strong>iam</strong></span> <span class='ocrx_word' id='word_1_103' title='bbox 1447 1966 1678 2021; x_wconf 83' lang='lat' dir='ltr'><strong>ostendit</strong></span> <span class='ocrx_word' id='word_1_104' title='bbox 1703 1966 1881 2021; x_wconf 83' lang='lat' dir='ltr'><strong>Domi-</strong></span> 
     </span>
    </p>
   </div>
   <div class='ocr_carea' id='block_1_17' title="bbox 303 2055 1884 2117">
    <p class='ocr_par' dir='ltr' id='par_1_17' title="bbox 303 2055 1884 2117">
     <span class='ocr_line' id='line_1_17' title="bbox 303 2055 1884 2117; baseline 0.003 -8"><span class='ocrx_word' id='word_1_105' title='bbox 303 2071 408 2109; x_wconf 85' lang='lat' dir='ltr'><strong>nus</strong></span> <span class='ocrx_word' id='word_1_106' title='bbox 430 2055 685 2111; x_wconf 88' lang='lat' dir='ltr'><strong>Gentibus</strong></span> <span class='ocrx_word' id='word_1_107' title='bbox 706 2056 1119 2111; x_wconf 83' lang='lat' dir='ltr'><strong>misericordiam</strong></span> <span class='ocrx_word' id='word_1_108' title='bbox 1144 2070 1314 2117; x_wconf 87' lang='lat' dir='ltr'><strong>suam,</strong></span> <span class='ocrx_word' id='word_1_109' title='bbox 1331 2066 1385 2111; x_wconf 87' lang='lat' dir='ltr'><strong>et</strong></span> <span class='ocrx_word' id='word_1_110' title='bbox 1397 2057 1540 2113; x_wconf 91' lang='lat' dir='ltr'><strong>dedit</strong></span> <span class='ocrx_word' id='word_1_111' title='bbox 1558 2058 1637 2113; x_wconf 90' lang='lat' dir='ltr'><strong>eis</strong></span> <span class='ocrx_word' id='word_1_112' title='bbox 1655 2058 1884 2113; x_wconf 83' lang='lat' dir='ltr'><strong>salutare</strong></span> 
     </span>
    </p>
   </div>
   <div class='ocr_carea' id='block_1_18' title="bbox 302 2145 1875 2215">
    <p class='ocr_par' dir='ltr' id='par_1_18' title="bbox 302 2145 1875 2215">
     <span class='ocr_line' id='line_1_18' title="bbox 302 2145 1875 2215; baseline 0.001 -16"><span class='ocrx_word' id='word_1_113' title='bbox 302 2162 486 2199; x_wconf 88' lang='lat' dir='ltr'><strong>suum.</strong></span> <span class='ocrx_word' id='word_1_114' title='bbox 515 2145 605 2200; x_wconf 81' lang='lat' dir='ltr'><strong>Ille</strong></span> <span class='ocrx_word' id='word_1_115' title='bbox 632 2145 845 2215; x_wconf 85' lang='lat' dir='ltr'><strong>quidem</strong></span> <span class='ocrx_word' id='word_1_116' title='bbox 876 2145 1105 2200; x_wconf 86' lang='lat' dir='ltr'><strong>ostendit</strong></span> <span class='ocrx_word' id='word_1_117' title='bbox 1129 2163 1142 2211; x_wconf 93' lang='lat'><strong>;</strong></span> <span class='ocrx_word' id='word_1_118' title='bbox 1174 2145 1266 2201; x_wconf 92' lang='lat' dir='ltr'><strong>sed</strong></span> <span class='ocrx_word' id='word_1_119' title='bbox 1298 2148 1444 2200; x_wconf 89' lang='lat' dir='ltr'><strong>multi</strong></span> <span class='ocrx_word' id='word_1_120' title='bbox 1473 2146 1647 2201; x_wconf 88' lang='lat' dir='ltr'><strong>sanari</strong></span> <span class='ocrx_word' id='word_1_121' title='bbox 1674 2147 1875 2211; x_wconf 89' lang='lat' dir='ltr'><strong>nolunt,</strong></span> 
     </span>
    </p>
   </div>
   <div class='ocr_carea' id='block_1_19' title="bbox 303 2236 1880 2307">
    <p class='ocr_par' dir='ltr' id='par_1_19' title="bbox 303 2236 1880 2307">
     <span class='ocr_line' id='line_1_19' title="bbox 303 2236 1880 2307; baseline 0.002 -16"><span class='ocrx_word' id='word_1_122' title='bbox 303 2249 365 2291; x_wconf 88' lang='lat' dir='ltr'><strong>ut</strong></span> <span class='ocrx_word' id='word_1_123' title='bbox 389 2236 604 2292; x_wconf 87' lang='lat' dir='ltr'><strong>videant</strong></span> <span class='ocrx_word' id='word_1_124' title='bbox 628 2237 769 2307; x_wconf 86' lang='lat' dir='ltr'><strong>quod</strong></span> <span class='ocrx_word' id='word_1_125' title='bbox 811 2237 1059 2292; x_wconf 87' lang='lat' dir='ltr'><strong>ostendit.</strong></span> <span class='ocrx_word' id='word_1_126' title='bbox 1104 2237 1208 2292; x_wconf 87' lang='lat' dir='ltr'><strong>Sed</strong></span> <span class='ocrx_word' id='word_1_127' title='bbox 1234 2238 1353 2307; x_wconf 83' lang='lat' dir='ltr'><strong>quia</strong></span> <span class='ocrx_word' id='word_1_128' title='bbox 1385 2239 1495 2307; x_wconf 88' lang='lat' dir='ltr'><strong>ipse</strong></span> <span class='ocrx_word' id='word_1_129' title='bbox 1521 2248 1673 2293; x_wconf 89' lang='lat' dir='ltr'><strong>sanat</strong></span> <span class='ocrx_word' id='word_1_130' title='bbox 1697 2239 1880 2294; x_wconf 89' lang='lat' dir='ltr'><strong>oculos</strong></span> 
     </span>
    </p>
   </div>
   <div class='ocr_carea' id='block_1_20' title="bbox 299 2329 1876 2400">
    <p class='ocr_par' dir='ltr' id='par_1_20' title="bbox 299 2329 1876 2400">
     <span class='ocr_line' id='line_1_20' title="bbox 299 2329 1876 2400; baseline 0 -15"><span class='ocrx_word' id='word_1_131' title='bbox 299 2331 484 2385; x_wconf 82' lang='lat' dir='ltr'><strong>cordis</strong></span> <span class='ocrx_word' id='word_1_132' title='bbox 527 2330 594 2385; x_wconf 86' lang='lat' dir='ltr'><strong>ad</strong></span> <span class='ocrx_word' id='word_1_133' title='bbox 642 2329 923 2391; x_wconf 80' lang='lat' dir='ltr'><strong>videndum</strong></span> <span class='ocrx_word' id='word_1_134' title='bbox 969 2344 1064 2392; x_wconf 84' lang='lat' dir='ltr'><strong>se;</strong></span> <span class='ocrx_word' id='word_1_135' title='bbox 1123 2339 1400 2400; x_wconf 85' lang='lat' dir='ltr'><strong>propterea</strong></span> <span class='ocrx_word' id='word_1_136' title='bbox 1451 2346 1572 2385; x_wconf 90' lang='lat' dir='ltr'><strong>cum</strong></span> <span class='ocrx_word' id='word_1_137' title='bbox 1619 2330 1876 2397; x_wconf 81' lang='lat' dir='ltr'><strong>dixisset,</strong></span> 
     </span>
    </p>
   </div>
   <div class='ocr_carea' id='block_1_21' title="bbox 303 2420 1879 2491">
    <p class='ocr_par' dir='ltr' id='par_1_21' title="bbox 303 2420 1879 2491">
     <span class='ocr_line' id='line_1_21' title="bbox 303 2420 1879 2491; baseline 0.001 -16"><span class='ocrx_word' id='word_1_138' title='bbox 303 2420 531 2475; x_wconf 82' lang='lat' dir='ltr'><strong>Ostende</strong></span> <span class='ocrx_word' id='word_1_139' title='bbox 572 2421 712 2475; x_wconf 87' lang='lat' dir='ltr'><strong>nobis</strong></span> <span class='ocrx_word' id='word_1_140' title='bbox 753 2421 1143 2475; x_wconf 82' lang='lat' dir='ltr'><strong>misericordiam</strong></span> <span class='ocrx_word' id='word_1_141' title='bbox 1184 2429 1354 2489; x_wconf 81' lang='lat' dir='ltr'><strong>tuam,</strong></span> <span class='ocrx_word' id='word_1_142' title='bbox 1401 2428 1647 2491; x_wconf 80' lang='lat' dir='ltr'><strong>tanquam</strong></span> <span class='ocrx_word' id='word_1_143' title='bbox 1699 2422 1879 2477; x_wconf 86' lang='lat' dir='ltr'><strong>multis</strong></span> 
     </span>
    </p>
   </div>
   <div class='ocr_carea' id='block_1_22' title="bbox 300 2510 1875 2584">
    <p class='ocr_par' dir='ltr' id='par_1_22' title="bbox 300 2510 1875 2584">
     <span class='ocr_line' id='line_1_22' title="bbox 300 2510 1875 2584; baseline 0.003 -19"><span class='ocrx_word' id='word_1_144' title='bbox 300 2513 465 2566; x_wconf 69' lang='lat' dir='ltr'><strong>ctecis</strong></span> <span class='ocrx_word' id='word_1_145' title='bbox 502 2510 756 2576; x_wconf 88' lang='lat' dir='ltr'><strong>dicturis,</strong></span> <span class='ocrx_word' id='word_1_146' title='bbox 797 2511 1074 2579; x_wconf 86' lang='lat' dir='ltr'><strong>Quomodo</strong></span> <span class='ocrx_word' id='word_1_147' title='bbox 1113 2512 1446 2578; x_wconf 74' lang='lat' dir='ltr'><strong>videbimus,</strong></span> <span class='ocrx_word' id='word_1_148' title='bbox 1490 2528 1611 2567; x_wconf 89' lang='lat' dir='ltr'><strong>cum</strong></span> <span class='ocrx_word' id='word_1_149' title='bbox 1656 2515 1875 2584; x_wconf 63' lang='lat' dir='ltr'><strong>coeperit</strong></span> 
     </span>
    </p>
   </div>
   <div class='ocr_carea' id='block_1_23' title="bbox 299 2600 1876 2669">
    <p class='ocr_par' dir='ltr' id='par_1_23' title="bbox 299 2600 1876 2669">
     <span class='ocr_line' id='line_1_23' title="bbox 299 2600 1876 2669; baseline 0.003 -13"><span class='ocrx_word' id='word_1_150' title='bbox 299 2600 630 2656; x_wconf 84' lang='lat' dir='ltr'><strong>ostendere?</strong></span> <span class='ocrx_word' id='word_1_151' title='bbox 651 2600 907 2669; x_wconf 84' lang='lat' dir='ltr'><strong>adjunxit,</strong></span> <span class='ocrx_word' id='word_1_152' title='bbox 935 2600 997 2654; x_wconf 82' lang='lat' dir='ltr'><strong>Et</strong></span> <span class='ocrx_word' id='word_1_153' title='bbox 1016 2601 1236 2656; x_wconf 84' lang='lat' dir='ltr'><strong>salutare</strong></span> <span class='ocrx_word' id='word_1_154' title='bbox 1258 2611 1398 2656; x_wconf 84' lang='lat' dir='ltr'><strong>tuum</strong></span> <span class='ocrx_word' id='word_1_155' title='bbox 1419 2603 1486 2656; x_wconf 86' lang='lat' dir='ltr'><strong>da</strong></span> <span class='ocrx_word' id='word_1_156' title='bbox 1510 2604 1668 2657; x_wconf 83' lang='lat' dir='ltr'><strong>nobis.</strong></span> <span class='ocrx_word' id='word_1_157' title='bbox 1695 2604 1876 2660; x_wconf 82' lang='lat' dir='ltr'><strong>Danda</strong></span> 
     </span>
    </p>
   </div>
   <div class='ocr_carea' id='block_1_24' title="bbox 298 2694 1875 2765">
    <p class='ocr_par' dir='ltr' id='par_1_24' title="bbox 298 2694 1875 2765">
     <span class='ocr_line' id='line_1_24' title="bbox 298 2694 1875 2765; baseline 0.003 -16"><span class='ocrx_word' id='word_1_158' title='bbox 298 2696 448 2749; x_wconf 86' lang='lat' dir='ltr'><strong>enim</strong></span> <span class='ocrx_word' id='word_1_159' title='bbox 476 2694 706 2749; x_wconf 80' lang='lat' dir='ltr'><strong>salutare</strong></span> <span class='ocrx_word' id='word_1_160' title='bbox 744 2707 919 2759; x_wconf 91' lang='lat' dir='ltr'><strong>suum,</strong></span> <span class='ocrx_word' id='word_1_161' title='bbox 962 2703 1115 2748; x_wconf 89' lang='lat' dir='ltr'><strong>sanat</strong></span> <span class='ocrx_word' id='word_1_162' title='bbox 1157 2695 1209 2749; x_wconf 92' lang='lat' dir='ltr'><strong>in</strong></span> <span class='ocrx_word' id='word_1_163' title='bbox 1250 2695 1403 2750; x_wconf 87' lang='lat' dir='ltr'><strong>nobis</strong></span> <span class='ocrx_word' id='word_1_164' title='bbox 1428 2696 1571 2750; x_wconf 90' lang='lat' dir='ltr'><strong>unde</strong></span> <span class='ocrx_word' id='word_1_165' title='bbox 1610 2698 1875 2765; x_wconf 89' lang='lat' dir='ltr'><strong>possimus</strong></span> 
     </span>
    </p>
   </div>
   <div class='ocr_carea' id='block_1_25' title="bbox 299 2784 1872 2855">
    <p class='ocr_par' dir='ltr' id='par_1_25' title="bbox 299 2784 1872 2855">
     <span class='ocr_line' id='line_1_25' title="bbox 299 2784 1872 2855; baseline 0.003 -18"><span class='ocrx_word' id='word_1_166' title='bbox 299 2784 485 2839; x_wconf 84' lang='lat' dir='ltr'><strong>videre</strong></span> <span class='ocrx_word' id='word_1_167' title='bbox 529 2784 668 2855; x_wconf 85' lang='lat' dir='ltr'><strong>quod</strong></span> <span class='ocrx_word' id='word_1_168' title='bbox 698 2784 929 2839; x_wconf 84' lang='lat' dir='ltr'><strong>ostendit</strong></span> <span class='ocrx_word' id='word_1_169' title='bbox 961 2801 973 2839; x_wconf 88' lang='lat'><strong>:</strong></span> <span class='ocrx_word' id='word_1_170' title='bbox 1003 2800 1111 2839; x_wconf 89' lang='lat' dir='ltr'><strong>non</strong></span> <span class='ocrx_word' id='word_1_171' title='bbox 1139 2784 1409 2855; x_wconf 85' lang='lat' dir='ltr'><strong>quomodo</strong></span> <span class='ocrx_word' id='word_1_172' title='bbox 1437 2785 1671 2841; x_wconf 88' lang='lat' dir='ltr'><strong>medicus</strong></span> <span class='ocrx_word' id='word_1_173' title='bbox 1713 2786 1872 2842; x_wconf 81' lang='lat' dir='ltr'><strong>homo</strong></span> 
     </span>
    </p>
   </div>
   <div class='ocr_carea' id='block_1_26' title="bbox 294 2877 1874 2948">
    <p class='ocr_par' dir='ltr' id='par_1_26' title="bbox 294 2877 1874 2948">
     <span class='ocr_line' id='line_1_26' title="bbox 294 2877 1874 2948; baseline 0.002 -17"><span class='ocrx_word' id='word_1_174' title='bbox 294 2878 413 2948; x_wconf 86' lang='lat' dir='ltr'><strong>ipse</strong></span> <span class='ocrx_word' id='word_1_175' title='bbox 440 2885 608 2941; x_wconf 86' lang='lat' dir='ltr'><strong>curat,</strong></span> <span class='ocrx_word' id='word_1_176' title='bbox 637 2886 691 2931; x_wconf 92' lang='lat' dir='ltr'><strong>ut</strong></span> <span class='ocrx_word' id='word_1_177' title='bbox 720 2877 886 2931; x_wconf 83' lang='lat' dir='ltr'><strong>lucem</strong></span> <span class='ocrx_word' id='word_1_178' title='bbox 915 2878 1068 2931; x_wconf 89' lang='lat' dir='ltr'><strong>istam</strong></span> <span class='ocrx_word' id='word_1_179' title='bbox 1112 2877 1353 2933; x_wconf 85' lang='lat' dir='ltr'><strong>ostendat</strong></span> <span class='ocrx_word' id='word_1_180' title='bbox 1376 2878 1454 2934; x_wconf 90' lang='lat' dir='ltr'><strong>eis</strong></span> <span class='ocrx_word' id='word_1_181' title='bbox 1491 2893 1625 2948; x_wconf 86' lang='lat' dir='ltr'><strong>quos</strong></span> <span class='ocrx_word' id='word_1_182' title='bbox 1650 2894 1874 2934; x_wconf 82' lang='lat' dir='ltr'><strong>curave-</strong></span> 
     </span>
    </p>
   </div>
   <div class='ocr_carea' id='block_1_27' title="bbox 291 2968 1867 3038">
    <p class='ocr_par' dir='ltr' id='par_1_27' title="bbox 291 2968 1867 3038">
     <span class='ocr_line' id='line_1_27' title="bbox 291 2968 1867 3038; baseline 0 -14"><span class='ocrx_word' id='word_1_183' title='bbox 291 2972 406 3033; x_wconf 89' lang='lat' dir='ltr'><strong>rit;</strong></span> <span class='ocrx_word' id='word_1_184' title='bbox 448 2980 501 3023; x_wconf 89' lang='lat' dir='ltr'><strong>et</strong></span> <span class='ocrx_word' id='word_1_185' title='bbox 526 2968 667 3022; x_wconf 87' lang='lat' dir='ltr'><strong>aliud</strong></span> <span class='ocrx_word' id='word_1_186' title='bbox 694 2977 776 3023; x_wconf 89' lang='lat' dir='ltr'><strong>est</strong></span> <span class='ocrx_word' id='word_1_187' title='bbox 804 2969 904 3022; x_wconf 90' lang='lat' dir='ltr'><strong>ista</strong></span> <span class='ocrx_word' id='word_1_188' title='bbox 947 2968 1035 3023; x_wconf 77' lang='lat' dir='ltr'><strong>lux</strong></span> <span class='ocrx_word' id='word_1_189' title='bbox 1064 2984 1219 3038; x_wconf 90' lang='lat' dir='ltr'><strong>quam</strong></span> <span class='ocrx_word' id='word_1_190' title='bbox 1248 2968 1706 3025; x_wconf 86' lang='lat' dir='ltr'><strong>demonstraturus</strong></span> <span class='ocrx_word' id='word_1_191' title='bbox 1748 2980 1829 3026; x_wconf 87' lang='lat' dir='ltr'><strong>est</strong></span> <span class='ocrx_word' id='word_1_192' title='bbox 1850 3012 1867 3038; x_wconf 97' lang='lat'><strong>,</strong></span> 
     </span>
    </p>
   </div>
   <div class='ocr_carea' id='block_1_28' title="bbox 290 3048 1870 3136">
    <p class='ocr_par' dir='ltr' id='par_1_28' title="bbox 290 3048 1870 3136">
     <span class='ocr_line' id='line_1_28' title="bbox 290 3048 1870 3136; baseline 0.001 -16"><span class='ocrx_word' id='word_1_193' title='bbox 290 3066 438 3120; x_wconf 84' lang='lat' dir='ltr'><strong>aliud</strong></span> <span class='ocrx_word' id='word_1_194' title='bbox 482 3072 657 3120; x_wconf 88' lang='lat' dir='ltr'><strong>autem</strong></span> <span class='ocrx_word' id='word_1_195' title='bbox 702 3066 814 3135; x_wconf 92' lang='lat' dir='ltr'><strong>ipse</strong></span> <span class='ocrx_word' id='word_1_196' title='bbox 860 3048 1095 3121; x_wconf 82' lang='lat' dir='ltr'><strong>medicus</strong></span> <span class='ocrx_word' id='word_1_197' title='bbox 1136 3067 1227 3136; x_wconf 89' lang='lat' dir='ltr'><strong>qui</strong></span> <span class='ocrx_word' id='word_1_198' title='bbox 1268 3075 1420 3120; x_wconf 80' lang='lat' dir='ltr'><strong>curat</strong></span> <span class='ocrx_word' id='word_1_199' title='bbox 1460 3067 1642 3121; x_wconf 86' lang='lat' dir='ltr'><strong>oeulos</strong></span> <span class='ocrx_word' id='word_1_200' title='bbox 1682 3066 1870 3136; x_wconf 87' lang='lat' dir='ltr'><strong>quibus</strong></span> 
     </span>
    </p>
   </div>
   <div class='ocr_carea' id='block_1_29' title="bbox 290 3158 1871 3229">
    <p class='ocr_par' dir='ltr' id='par_1_29' title="bbox 290 3158 1871 3229">
     <span class='ocr_line' id='line_1_29' title="bbox 290 3158 1871 3229; baseline 0 -15"><span class='ocrx_word' id='word_1_201' title='bbox 290 3158 543 3214; x_wconf 83' lang='lat' dir='ltr'><strong>ostendat</strong></span> <span class='ocrx_word' id='word_1_202' title='bbox 581 3158 774 3225; x_wconf 85' lang='lat' dir='ltr'><strong>lucem,</strong></span> <span class='ocrx_word' id='word_1_203' title='bbox 802 3174 921 3227; x_wconf 67' lang='lat' dir='ltr'><strong>quae</strong></span> <span class='ocrx_word' id='word_1_204' title='bbox 952 3160 1037 3213; x_wconf 80' lang='lat' dir='ltr'><strong>lux</strong></span> <span class='ocrx_word' id='word_1_205' title='bbox 1068 3174 1171 3213; x_wconf 93' lang='lat' dir='ltr'><strong>non</strong></span> <span class='ocrx_word' id='word_1_206' title='bbox 1211 3166 1295 3213; x_wconf 91' lang='lat' dir='ltr'><strong>est</strong></span> <span class='ocrx_word' id='word_1_207' title='bbox 1321 3159 1450 3228; x_wconf 91' lang='lat' dir='ltr'><strong>ipse.</strong></span> <span class='ocrx_word' id='word_1_208' title='bbox 1481 3158 1595 3214; x_wconf 87' lang='lat' dir='ltr'><strong>Non</strong></span> <span class='ocrx_word' id='word_1_209' title='bbox 1634 3174 1763 3229; x_wconf 85' lang='lat' dir='ltr'><strong>ergo</strong></span> <span class='ocrx_word' id='word_1_210' title='bbox 1791 3160 1871 3214; x_wconf 91' lang='lat' dir='ltr'><strong>sic</strong></span> 
     </span>
    </p>
   </div>
   <div class='ocr_carea' id='block_1_30' title="bbox 288 3246 1867 3320">
    <p class='ocr_par' dir='ltr' id='par_1_30' title="bbox 288 3246 1867 3320">
     <span class='ocr_line' id='line_1_30' title="bbox 288 3246 1867 3320; baseline 0.003 -19"><span class='ocrx_word' id='word_1_211' title='bbox 288 3246 554 3301; x_wconf 81' lang='lat' dir='ltr'><strong>Dominus</strong></span> <span class='ocrx_word' id='word_1_212' title='bbox 596 3248 737 3302; x_wconf 89' lang='lat' dir='ltr'><strong>Deus</strong></span> <span class='ocrx_word' id='word_1_213' title='bbox 780 3256 962 3304; x_wconf 89' lang='lat' dir='ltr'><strong>noster</strong></span> <span class='ocrx_word' id='word_1_214' title='bbox 992 3265 1005 3302; x_wconf 88' lang='lat'><strong>:</strong></span> <span class='ocrx_word' id='word_1_215' title='bbox 1039 3248 1152 3319; x_wconf 87' lang='lat' dir='ltr'><strong>ipse</strong></span> <span class='ocrx_word' id='word_1_216' title='bbox 1189 3258 1271 3303; x_wconf 90' lang='lat' dir='ltr'><strong>est</strong></span> <span class='ocrx_word' id='word_1_217' title='bbox 1314 3249 1454 3303; x_wconf 90' lang='lat' dir='ltr'><strong>enim</strong></span> <span class='ocrx_word' id='word_1_218' title='bbox 1499 3250 1737 3306; x_wconf 90' lang='lat' dir='ltr'><strong>medicus</strong></span> <span class='ocrx_word' id='word_1_219' title='bbox 1778 3251 1867 3320; x_wconf 91' lang='lat' dir='ltr'><strong>qui</strong></span> 
     </span>
    </p>
   </div>
   <div class='ocr_carea' id='block_1_31' title="bbox 288 3339 1865 3414">
    <p class='ocr_par' dir='ltr' id='par_1_31' title="bbox 288 3339 1865 3414">
     <span class='ocr_line' id='line_1_31' title="bbox 288 3339 1865 3414; baseline 0.004 -21"><span class='ocrx_word' id='word_1_220' title='bbox 288 3348 448 3393; x_wconf 88' lang='lat' dir='ltr'><strong>curat</strong></span> <span class='ocrx_word' id='word_1_221' title='bbox 495 3339 634 3395; x_wconf 87' lang='lat' dir='ltr'><strong>unde</strong></span> <span class='ocrx_word' id='word_1_222' title='bbox 681 3340 864 3396; x_wconf 90' lang='lat' dir='ltr'><strong>videre</strong></span> <span class='ocrx_word' id='word_1_223' title='bbox 903 3340 1188 3410; x_wconf 87' lang='lat' dir='ltr'><strong>possimus,</strong></span> <span class='ocrx_word' id='word_1_224' title='bbox 1218 3350 1274 3397; x_wconf 89' lang='lat' dir='ltr'><strong>et</strong></span> <span class='ocrx_word' id='word_1_225' title='bbox 1314 3342 1427 3412; x_wconf 88' lang='lat' dir='ltr'><strong>ipse</strong></span> <span class='ocrx_word' id='word_1_226' title='bbox 1464 3351 1545 3397; x_wconf 89' lang='lat' dir='ltr'><strong>est</strong></span> <span class='ocrx_word' id='word_1_227' title='bbox 1581 3343 1668 3397; x_wconf 79' lang='lat' dir='ltr'><strong>lux</strong></span> <span class='ocrx_word' id='word_1_228' title='bbox 1706 3360 1865 3414; x_wconf 89' lang='lat' dir='ltr'><strong>quam</strong></span> 
     </span>
    </p>
   </div>
   <div class='ocr_carea' id='block_1_32' title="bbox 287 3428 1860 3512">
    <p class='ocr_par' dir='ltr' id='par_1_32' title="bbox 287 3428 1860 3512">
     <span class='ocr_line' id='line_1_32' title="bbox 287 3428 1860 3512; baseline 0.007 -32"><span class='ocrx_word' id='word_1_229' title='bbox 287 3428 480 3484; x_wconf 85' lang='lat' dir='ltr'><strong>videre</strong></span> <span class='ocrx_word' id='word_1_230' title='bbox 518 3429 799 3499; x_wconf 79' lang='lat' dir='ltr'><strong>possimus.</strong></span> <span class='ocrx_word' id='word_1_231' title='bbox 843 3430 1037 3486; x_wconf 87' lang='lat' dir='ltr'><strong>Totum</strong></span> <span class='ocrx_word' id='word_1_232' title='bbox 1091 3441 1265 3488; x_wconf 89' lang='lat' dir='ltr'><strong>tamen</strong></span> <span class='ocrx_word' id='word_1_233' title='bbox 1296 3433 1559 3487; x_wconf 87' lang='lat' dir='ltr'><strong>Psalmum</strong></span> <span class='ocrx_word' id='word_1_234' title='bbox 1576 3435 1860 3512; x_wconf 35' lang='lat' dir='ltr'><strong>‘breviter,</strong></span> 
     </span>
    </p>
   </div>
   <div class='ocr_carea' id='block_1_33' title="bbox 285 3511 1864 3598">
    <p class='ocr_par' dir='ltr' id='par_1_33' title="bbox 285 3511 1864 3598">
     <span class='ocr_line' id='line_1_33' title="bbox 285 3511 1864 3598; baseline 0.004 -22"><span class='ocrx_word' id='word_1_235' title='bbox 285 3532 547 3592; x_wconf 76' lang='lat' dir='ltr'><strong>quantum</strong></span> <span class='ocrx_word' id='word_1_236' title='bbox 588 3511 889 3591; x_wconf 84' lang='lat' dir='ltr'><strong>possumus,</strong></span> <span class='ocrx_word' id='word_1_237' title='bbox 943 3517 1194 3594; x_wconf 83' lang='lat' dir='ltr'><strong>quantum</strong></span> <span class='ocrx_word' id='word_1_238' title='bbox 1246 3524 1408 3580; x_wconf 91' lang='lat' dir='ltr'><strong>donat</strong></span> <span class='ocrx_word' id='word_1_239' title='bbox 1448 3511 1734 3594; x_wconf 85' lang='lat' dir='ltr'><strong>Dominus,</strong></span> <span class='ocrx_word' id='word_1_240' title='bbox 1769 3544 1864 3598; x_wconf 89' lang='lat' dir='ltr'><strong>pro</strong></span> 
     </span>
    </p>
   </div>
   <div class='ocr_carea' id='block_1_34' title="bbox 284 3614 1338 3685">
    <p class='ocr_par' dir='ltr' id='par_1_34' title="bbox 284 3614 1338 3685">
     <span class='ocr_line' id='line_1_34' title="bbox 284 3614 1338 3685; baseline 0.003 -18"><span class='ocrx_word' id='word_1_241' title='bbox 284 3614 531 3685; x_wconf 83' lang='lat' dir='ltr'><strong>angustia</strong></span> <span class='ocrx_word' id='word_1_242' title='bbox 560 3616 809 3683; x_wconf 86' lang='lat' dir='ltr'><strong>temporis</strong></span> <span class='ocrx_word' id='word_1_243' title='bbox 835 3616 1019 3670; x_wconf 90' lang='lat' dir='ltr'><strong>attenti</strong></span> <span class='ocrx_word' id='word_1_244' title='bbox 1045 3631 1338 3671; x_wconf 88' lang='lat' dir='ltr'><strong>curramus.</strong></span> 
     </span>
    </p>
   </div>
   <div class='ocr_carea' id='block_1_35' title="bbox 356 3704 1858 3779">
    <p class='ocr_par' dir='ltr' id='par_1_35' title="bbox 356 3704 1858 3779">
     <span class='ocr_line' id='line_1_35' title="bbox 356 3704 1858 3779; baseline 0.004 -20"><span class='ocrx_word' id='word_1_245' title='bbox 356 3706 414 3759; x_wconf 78' lang='lat'><strong>‘2.</strong></span> <span class='ocrx_word' id='word_1_246' title='bbox 449 3704 598 3778; x_wconf 86' lang='lat' dir='ltr'><strong>[vers.</strong></span> <span class='ocrx_word' id='word_1_247' title='bbox 626 3704 703 3778; x_wconf 69' lang='lat'><strong>1.]</strong></span> <span class='ocrx_word' id='word_1_248' title='bbox 736 3705 939 3762; x_wconf 86' lang='lat' dir='ltr'><strong>Titulus</strong></span> <span class='ocrx_word' id='word_1_249' title='bbox 968 3706 1080 3777; x_wconf 88' lang='lat' dir='ltr'><strong>ejus</strong></span> <span class='ocrx_word' id='word_1_250' title='bbox 1108 3716 1209 3775; x_wconf 89' lang='lat' dir='ltr'><strong>est,</strong></span> <span class='ocrx_word' id='word_1_251' title='bbox 1237 3706 1303 3761; x_wconf 88' lang='lat' dir='ltr'><strong>In</strong></span> <span class='ocrx_word' id='word_1_252' title='bbox 1342 3708 1513 3779; x_wconf 87' lang='lat' dir='ltr'><strong>ﬁnem,</strong></span> <span class='ocrx_word' id='word_1_253' title='bbox 1546 3710 1666 3779; x_wconf 90' lang='lat' dir='ltr'><strong>ﬁliis</strong></span> <span class='ocrx_word' id='word_1_254' title='bbox 1699 3711 1858 3776; x_wconf 87' lang='lat' dir='ltr'><strong>Core,</strong></span> 
     </span>
    </p>
   </div>
   <div class='ocr_carea' id='block_1_36' title="bbox 283 3796 1862 3871">
    <p class='ocr_par' dir='ltr' id='par_1_36' title="bbox 283 3796 1862 3871">
     <span class='ocr_line' id='line_1_36' title="bbox 283 3796 1862 3871; baseline 0.004 -19"><span class='ocrx_word' id='word_1_255' title='bbox 283 3797 551 3852; x_wconf 82' lang='lat' dir='ltr'><strong>Psalmus.</strong></span> <span class='ocrx_word' id='word_1_256' title='bbox 592 3796 775 3855; x_wconf 87' lang='lat' dir='ltr'><strong>Finem</strong></span> <span class='ocrx_word' id='word_1_257' title='bbox 820 3813 924 3853; x_wconf 91' lang='lat' dir='ltr'><strong>non</strong></span> <span class='ocrx_word' id='word_1_258' title='bbox 973 3799 1324 3870; x_wconf 82' lang='lat' dir='ltr'><strong>intelligamus</strong></span> <span class='ocrx_word' id='word_1_259' title='bbox 1341 3796 1363 3866; x_wconf 75' lang='lat'><strong>,&#39;</strong></span> <span class='ocrx_word' id='word_1_260' title='bbox 1390 3803 1488 3855; x_wconf 92' lang='lat' dir='ltr'><strong>nisi</strong></span> <span class='ocrx_word' id='word_1_261' title='bbox 1537 3818 1691 3871; x_wconf 90' lang='lat' dir='ltr'><strong>quem</strong></span> <span class='ocrx_word' id='word_1_262' title='bbox 1736 3804 1862 3858; x_wconf 91' lang='lat' dir='ltr'><strong>dicit</strong></span> 
     </span>
    </p>
   </div>
   <div class='ocr_carea' id='block_1_37' title="bbox 282 3888 1860 3962">
    <p class='ocr_par' dir='ltr' id='par_1_37' title="bbox 282 3888 1860 3962">
     <span class='ocr_line' id='line_1_37' title="bbox 282 3888 1860 3962; baseline 0.002 -17"><span class='ocrx_word' id='word_1_263' title='bbox 282 3890 596 3958; x_wconf 77' lang='lat' dir='ltr'><strong>Apostolus,</strong></span> <span class='ocrx_word' id='word_1_264' title='bbox 622 3888 764 3945; x_wconf 84' lang='lat' dir='ltr'><strong>Finis</strong></span> <span class='ocrx_word' id='word_1_265' title='bbox 788 3891 918 3944; x_wconf 86' lang='lat' dir='ltr'><strong>enim</strong></span> <span class='ocrx_word' id='word_1_266' title='bbox 939 3889 1086 3962; x_wconf 84' lang='lat' dir='ltr'><strong>Legis</strong></span> <span class='ocrx_word' id='word_1_267' title='bbox 1108 3891 1353 3959; x_wconf 76' lang='lat' dir='ltr'><strong>Christus,</strong></span> <span class='ocrx_word' id='word_1_268' title='bbox 1372 3893 1441 3946; x_wconf 87' lang='lat' dir='ltr'><strong>ad</strong></span> <span class='ocrx_word' id='word_1_269' title='bbox 1449 3893 1698 3962; x_wconf 87' lang='lat' dir='ltr'><strong>justitiam</strong></span> <span class='ocrx_word' id='word_1_270' title='bbox 1724 3896 1860 3948; x_wconf 90' lang='lat' dir='ltr'><strong>omni</strong></span> 
     </span>
    </p>
   </div>
   <div class='ocr_carea' id='block_1_38' title="bbox 279 3979 1858 4052">
    <p class='ocr_par' dir='ltr' id='par_1_38' title="bbox 279 3979 1858 4052">
     <span class='ocr_line' id='line_1_38' title="bbox 279 3979 1858 4052; baseline 0.004 -18"><span class='ocrx_word' id='word_1_271' title='bbox 279 3979 517 4034; x_wconf 76' lang='lat' dir='ltr'><strong>credenti</strong></span> <span class='ocrx_word' id='word_1_272' title='bbox 544 3979 711 4050; x_wconf 73' lang='lat' dir='ltr'><strong>(Itum.</strong></span> <span class='ocrx_word' id='word_1_273' title='bbox 736 3996 794 4046; x_wconf 84' lang='lat' dir='ltr'><strong>x,</strong></span> <span class='ocrx_word' id='word_1_274' title='bbox 823 3979 897 4052; x_wconf 68' lang='grc'><strong>4).</strong></span> <span class='ocrx_word' id='word_1_275' title='bbox 928 3981 1069 4052; x_wconf 85' lang='lat' dir='ltr'><strong>Ergo</strong></span> <span class='ocrx_word' id='word_1_276' title='bbox 1096 3998 1214 4037; x_wconf 89' lang='lat' dir='ltr'><strong>cum</strong></span> <span class='ocrx_word' id='word_1_277' title='bbox 1248 3984 1417 4051; x_wconf 90' lang='lat' dir='ltr'><strong>primo</strong></span> <span class='ocrx_word' id='word_1_278' title='bbox 1443 3985 1494 4037; x_wconf 90' lang='lat' dir='ltr'><strong>in</strong></span> <span class='ocrx_word' id='word_1_279' title='bbox 1524 3985 1677 4039; x_wconf 92' lang='lat' dir='ltr'><strong>titulo</strong></span> <span class='ocrx_word' id='word_1_280' title='bbox 1714 3985 1858 4040; x_wconf 86' lang='lat' dir='ltr'><strong>Psal-</strong></span> 
     </span>
    </p>
   </div>
   <div class='ocr_carea' id='block_1_39' title="bbox 276 4070 1855 4142">
    <p class='ocr_par' dir='ltr' id='par_1_39' title="bbox 276 4070 1855 4142">
     <span class='ocr_line' id='line_1_39' title="bbox 276 4070 1855 4142; baseline 0.004 -16"><span class='ocrx_word' id='word_1_281' title='bbox 276 4070 361 4126; x_wconf 87' lang='lat' dir='ltr'><strong>mi</strong></span> <span class='ocrx_word' id='word_1_282' title='bbox 393 4071 585 4140; x_wconf 88' lang='lat' dir='ltr'><strong>posuit,</strong></span> <span class='ocrx_word' id='word_1_283' title='bbox 603 4071 669 4127; x_wconf 83' lang='lat' dir='ltr'><strong>In</strong></span> <span class='ocrx_word' id='word_1_284' title='bbox 689 4073 874 4142; x_wconf 87' lang='lat' dir='ltr'><strong>ﬁnem;</strong></span> <span class='ocrx_word' id='word_1_285' title='bbox 900 4074 1093 4129; x_wconf 79' lang='lat' dir='ltr'><strong>direxit</strong></span> <span class='ocrx_word' id='word_1_286' title='bbox 1111 4090 1203 4129; x_wconf 86' lang='lat' dir='ltr'><strong>cor</strong></span> <span class='ocrx_word' id='word_1_287' title='bbox 1230 4085 1465 4128; x_wconf 88' lang='lat' dir='ltr'><strong>nostrum</strong></span> <span class='ocrx_word' id='word_1_288' title='bbox 1494 4076 1543 4129; x_wconf 90' lang='lat' dir='ltr'><strong>in</strong></span> <span class='ocrx_word' id='word_1_289' title='bbox 1568 4076 1855 4132; x_wconf 87' lang='lat' dir='ltr'><strong>Christum.</strong></span> 
     </span>
    </p>
   </div>
   <div class='ocr_carea' id='block_1_40' title="bbox 276 4161 1858 4239">
    <p class='ocr_par' dir='ltr' id='par_1_40' title="bbox 276 4161 1858 4239">
     <span class='ocr_line' id='line_1_40' title="bbox 276 4161 1858 4239; baseline 0.004 -21"><span class='ocrx_word' id='word_1_290' title='bbox 276 4161 338 4218; x_wconf 81' lang='lat' dir='ltr'><strong>In</strong></span> <span class='ocrx_word' id='word_1_291' title='bbox 370 4162 521 4216; x_wconf 87' lang='lat' dir='ltr'><strong>illum</strong></span> <span class='ocrx_word' id='word_1_292' title='bbox 544 4163 588 4216; x_wconf 90' lang='lat' dir='ltr'><strong>si</strong></span> <span class='ocrx_word' id='word_1_293' title='bbox 625 4163 976 4231; x_wconf 85' lang='lat' dir='ltr'><strong>intendamus,</strong></span> <span class='ocrx_word' id='word_1_294' title='bbox 1000 4181 1106 4220; x_wconf 90' lang='lat' dir='ltr'><strong>non</strong></span> <span class='ocrx_word' id='word_1_295' title='bbox 1138 4165 1468 4233; x_wconf 87' lang='lat' dir='ltr'><strong>errabimus;</strong></span> <span class='ocrx_word' id='word_1_296' title='bbox 1497 4168 1616 4237; x_wconf 89' lang='lat' dir='ltr'><strong>quia</strong></span> <span class='ocrx_word' id='word_1_297' title='bbox 1647 4170 1758 4239; x_wconf 87' lang='lat' dir='ltr'><strong>ipse</strong></span> <span class='ocrx_word' id='word_1_298' title='bbox 1778 4179 1858 4225; x_wconf 91' lang='lat' dir='ltr'><strong>est</strong></span> 
     </span>
    </p>
   </div>
   <div class='ocr_carea' id='block_1_41' title="bbox 275 4254 1859 4332">
    <p class='ocr_par' dir='ltr' id='par_1_41' title="bbox 275 4254 1859 4332">
     <span class='ocr_line' id='line_1_41' title="bbox 275 4254 1859 4332; baseline 0.006 -24"><span class='ocrx_word' id='word_1_299' title='bbox 275 4254 486 4309; x_wconf 80' lang='lat' dir='ltr'><strong>veritas</strong></span> <span class='ocrx_word' id='word_1_300' title='bbox 513 4270 615 4324; x_wconf 89' lang='lat' dir='ltr'><strong>quo</strong></span> <span class='ocrx_word' id='word_1_301' title='bbox 636 4255 964 4322; x_wconf 81' lang='lat' dir='ltr'><strong>festinamus,</strong></span> <span class='ocrx_word' id='word_1_302' title='bbox 998 4268 1053 4312; x_wconf 91' lang='lat' dir='ltr'><strong>et</strong></span> <span class='ocrx_word' id='word_1_303' title='bbox 1080 4259 1191 4328; x_wconf 89' lang='lat' dir='ltr'><strong>ipse</strong></span> <span class='ocrx_word' id='word_1_304' title='bbox 1219 4267 1302 4315; x_wconf 85' lang='lat' dir='ltr'><strong>est</strong></span> <span class='ocrx_word' id='word_1_305' title='bbox 1328 4259 1409 4313; x_wconf 86' lang='lat' dir='ltr'><strong>via</strong></span> <span class='ocrx_word' id='word_1_306' title='bbox 1440 4276 1532 4330; x_wconf 85' lang='lat' dir='ltr'><strong>per</strong></span> <span class='ocrx_word' id='word_1_307' title='bbox 1557 4277 1711 4332; x_wconf 90' lang='lat' dir='ltr'><strong>quam</strong></span> <span class='ocrx_word' id='word_1_308' title='bbox 1740 4278 1859 4317; x_wconf 88' lang='lat' dir='ltr'><strong>cur-</strong></span> 
     </span>
    </p>
   </div>
   <div class='ocr_carea' id='block_1_42' title="bbox 274 4346 1856 4424">
    <p class='ocr_par' dir='ltr' id='par_1_42' title="bbox 274 4346 1856 4424">
     <span class='ocr_line' id='line_1_42' title="bbox 274 4346 1856 4424; baseline 0.006 -23"><span class='ocrx_word' id='word_1_309' title='bbox 274 4360 470 4402; x_wconf 84' lang='lat' dir='ltr'><strong>ramus</strong></span> <span class='ocrx_word' id='word_1_310' title='bbox 492 4346 664 4415; x_wconf 80' lang='lat' dir='ltr'><strong>(Joan.</strong></span> <span class='ocrx_word' id='word_1_311' title='bbox 691 4363 800 4412; x_wconf 76' lang='lat' dir='ltr'><strong>XIV,</strong></span> <span class='ocrx_word' id='word_1_312' title='bbox 825 4348 903 4421; x_wconf 84' lang='lat'><strong>6).</strong></span> <span class='ocrx_word' id='word_1_313' title='bbox 931 4348 1067 4417; x_wconf 87' lang='lat' dir='ltr'><strong>Quid</strong></span> <span class='ocrx_word' id='word_1_314' title='bbox 1090 4361 1187 4417; x_wconf 88' lang='lat' dir='ltr'><strong>est,</strong></span> <span class='ocrx_word' id='word_1_315' title='bbox 1214 4351 1333 4417; x_wconf 80' lang='lat' dir='ltr'><strong>ﬁliis</strong></span> <span class='ocrx_word' id='word_1_316' title='bbox 1350 4350 1516 4409; x_wconf 81' lang='lat' dir='ltr'><strong>Core?</strong></span> <span class='ocrx_word' id='word_1_317' title='bbox 1545 4354 1856 4424; x_wconf 84' lang='lat' dir='ltr'><strong>Interpreta-</strong></span> 
     </span>
    </p>
   </div>
   <div class='ocr_carea' id='block_1_43' title="bbox 274 4436 1855 4517">
    <p class='ocr_par' dir='ltr' id='par_1_43' title="bbox 274 4436 1855 4517">
     <span class='ocr_line' id='line_1_43' title="bbox 274 4436 1855 4517; baseline 0.008 -26"><span class='ocrx_word' id='word_1_318' title='bbox 274 4448 377 4492; x_wconf 86' lang='lat' dir='ltr'><strong>tur</strong></span> <span class='ocrx_word' id='word_1_319' title='bbox 403 4436 538 4493; x_wconf 88' lang='lat' dir='ltr'><strong>Core</strong></span> <span class='ocrx_word' id='word_1_320' title='bbox 563 4455 632 4493; x_wconf 77' lang='lat' dir='ltr'><strong>ex</strong></span> <span class='ocrx_word' id='word_1_321' title='bbox 663 4439 824 4494; x_wconf 85' lang='lat' dir='ltr'><strong>verbo</strong></span> <span class='ocrx_word' id='word_1_322' title='bbox 868 4439 1083 4496; x_wconf 64' lang='lat' dir='ltr'><strong>hebrteo</strong></span> <span class='ocrx_word' id='word_1_323' title='bbox 1126 4443 1178 4496; x_wconf 89' lang='lat' dir='ltr'><strong>in</strong></span> <span class='ocrx_word' id='word_1_324' title='bbox 1210 4443 1427 4499; x_wconf 89' lang='lat' dir='ltr'><strong>latinum</strong></span> <span class='ocrx_word' id='word_1_325' title='bbox 1459 4445 1672 4501; x_wconf 80' lang='lat' dir='ltr'><strong>Calvus.</strong></span> <span class='ocrx_word' id='word_1_326' title='bbox 1715 4447 1855 4517; x_wconf 81' lang='lat' dir='ltr'><strong>Ergo</strong></span> 
     </span>
    </p>
   </div>
   <div class='ocr_carea' id='block_1_44' title="bbox 271 4527 1852 4599">
    <p class='ocr_par' dir='ltr' id='par_1_44' title="bbox 271 4527 1852 4599">
     <span class='ocr_line' id='line_1_44' title="bbox 271 4527 1852 4599; baseline 0.009 -19"><span class='ocrx_word' id='word_1_327' title='bbox 271 4528 411 4599; x_wconf 82' lang='lat' dir='ltr'><strong>ﬁliis</strong></span> <span class='ocrx_word' id='word_1_328' title='bbox 452 4527 595 4592; x_wconf 87' lang='lat' dir='ltr'><strong>Core,</strong></span> <span class='ocrx_word' id='word_1_329' title='bbox 628 4529 745 4585; x_wconf 87' lang='lat' dir='ltr'><strong>liliis</strong></span> <span class='ocrx_word' id='word_1_330' title='bbox 775 4530 931 4585; x_wconf 87' lang='lat' dir='ltr'><strong>calvi.</strong></span> <span class='ocrx_word' id='word_1_331' title='bbox 976 4533 1105 4598; x_wconf 86' lang='lat' dir='ltr'><strong>Quis</strong></span> <span class='ocrx_word' id='word_1_332' title='bbox 1147 4541 1229 4588; x_wconf 91' lang='lat' dir='ltr'><strong>est</strong></span> <span class='ocrx_word' id='word_1_333' title='bbox 1267 4534 1367 4590; x_wconf 91' lang='lat' dir='ltr'><strong>iste</strong></span> <span class='ocrx_word' id='word_1_334' title='bbox 1394 4537 1615 4591; x_wconf 79' lang='lat' dir='ltr'><strong>calvus?</strong></span> <span class='ocrx_word' id='word_1_335' title='bbox 1654 4536 1769 4592; x_wconf 89' lang='lat' dir='ltr'><strong>Non</strong></span> <span class='ocrx_word' id='word_1_336' title='bbox 1796 4549 1852 4594; x_wconf 90' lang='lat' dir='ltr'><strong>ut</strong></span> 
     </span>
    </p>
   </div>
   <div class='ocr_carea' id='block_1_45' title="bbox 268 4617 1850 4693">
    <p class='ocr_par' dir='ltr' id='par_1_45' title="bbox 268 4617 1850 4693">
     <span class='ocr_line' id='line_1_45' title="bbox 268 4617 1850 4693; baseline 0.006 -20"><span class='ocrx_word' id='word_1_337' title='bbox 268 4617 597 4674; x_wconf 87' lang='lat' dir='ltr'><strong>irrideamus</strong></span> <span class='ocrx_word' id='word_1_338' title='bbox 626 4619 793 4685; x_wconf 87' lang='lat' dir='ltr'><strong>illum,</strong></span> <span class='ocrx_word' id='word_1_339' title='bbox 841 4621 937 4676; x_wconf 91' lang='lat' dir='ltr'><strong>sed</strong></span> <span class='ocrx_word' id='word_1_340' title='bbox 967 4632 1024 4676; x_wconf 92' lang='lat' dir='ltr'><strong>ut</strong></span> <span class='ocrx_word' id='word_1_341' title='bbox 1060 4624 1327 4693; x_wconf 90' lang='lat' dir='ltr'><strong>ploremus</strong></span> <span class='ocrx_word' id='word_1_342' title='bbox 1369 4634 1491 4683; x_wconf 90' lang='lat' dir='ltr'><strong>ante</strong></span> <span class='ocrx_word' id='word_1_343' title='bbox 1522 4627 1687 4682; x_wconf 92' lang='lat' dir='ltr'><strong>illum.</strong></span> <span class='ocrx_word' id='word_1_344' title='bbox 1719 4627 1850 4683; x_wconf 91' lang='lat' dir='ltr'><strong>Nam</strong></span> 
     </span>
    </p>
   </div>
   <div class='ocr_carea' id='block_1_46' title="bbox 269 4708 1852 4788">
    <p class='ocr_par' dir='ltr' id='par_1_46' title="bbox 269 4708 1852 4788">
     <span class='ocr_line' id='line_1_46' title="bbox 269 4708 1852 4788; baseline 0.006 -24"><span class='ocrx_word' id='word_1_345' title='bbox 269 4708 562 4764; x_wconf 85' lang='lat' dir='ltr'><strong>irriserunt</strong></span> <span class='ocrx_word' id='word_1_346' title='bbox 588 4709 819 4779; x_wconf 87' lang='lat' dir='ltr'><strong>qttidam,</strong></span> <span class='ocrx_word' id='word_1_347' title='bbox 840 4720 896 4766; x_wconf 89' lang='lat' dir='ltr'><strong>et</strong></span> <span class='ocrx_word' id='word_1_348' title='bbox 922 4727 951 4766; x_wconf 94' lang='lat' dir='ltr'><strong>a</strong></span> <span class='ocrx_word' id='word_1_349' title='bbox 977 4712 1303 4769; x_wconf 68' lang='lat' dir='ltr'><strong>daemonibus</strong></span> <span class='ocrx_word' id='word_1_350' title='bbox 1322 4716 1505 4770; x_wconf 88' lang='lat' dir='ltr'><strong>vastati</strong></span> <span class='ocrx_word' id='word_1_351' title='bbox 1529 4716 1652 4771; x_wconf 82' lang='lat' dir='ltr'><strong>sunt</strong></span> <span class='ocrx_word' id='word_1_352' title='bbox 1680 4735 1694 4772; x_wconf 90' lang='lat'>:</span> <span class='ocrx_word' id='word_1_353' title='bbox 1723 4734 1852 4788; x_wconf 83' lang='lat' dir='ltr'><strong>quo-</strong></span> 
     </span>
    </p>
   </div>
   <div class='ocr_carea' id='block_1_47' title="bbox 264 4800 1852 4871">
    <p class='ocr_par' dir='ltr' id='par_1_47' title="bbox 264 4800 1852 4871">
     <span class='ocr_line' id='line_1_47' title="bbox 264 4800 1852 4871; baseline 0.006 -18"><span class='ocrx_word' id='word_1_354' title='bbox 264 4800 439 4854; x_wconf 85' lang='lat' dir='ltr'><strong>modo</strong></span> <span class='ocrx_word' id='word_1_355' title='bbox 481 4800 533 4854; x_wconf 95' lang='lat' dir='ltr'><strong>in</strong></span> <span class='ocrx_word' id='word_1_356' title='bbox 563 4800 862 4871; x_wconf 78' lang='lat' dir='ltr'><strong>Regnorum</strong></span> <span class='ocrx_word' id='word_1_357' title='bbox 889 4802 1025 4857; x_wconf 90' lang='lat' dir='ltr'><strong>libro</strong></span> <span class='ocrx_word' id='word_1_358' title='bbox 1053 4805 1255 4858; x_wconf 89' lang='lat' dir='ltr'><strong>calvum</strong></span> <span class='ocrx_word' id='word_1_359' title='bbox 1297 4804 1545 4860; x_wconf 77' lang='lat' dir='ltr'><strong>Eliszeum</strong></span> <span class='ocrx_word' id='word_1_360' title='bbox 1576 4807 1852 4865; x_wconf 89' lang='lat' dir='ltr'><strong>irriseruut</strong></span> 
     </span>
    </p>
   </div>
   <div class='ocr_carea' id='block_1_48' title="bbox 261 4892 1848 4969">
    <p class='ocr_par' dir='ltr' id='par_1_48' title="bbox 261 4892 1848 4969">
     <span class='ocr_line' id='line_1_48' title="bbox 261 4892 1848 4969; baseline 0.006 -22"><span class='ocrx_word' id='word_1_361' title='bbox 261 4893 451 4963; x_wconf 86' lang='lat' dir='ltr'><strong>pueri,</strong></span> <span class='ocrx_word' id='word_1_362' title='bbox 482 4892 831 4963; x_wconf 83' lang='lat' dir='ltr'><strong>dicebantque</strong></span> <span class='ocrx_word' id='word_1_363' title='bbox 857 4903 978 4964; x_wconf 92' lang='lat' dir='ltr'><strong>post</strong></span> <span class='ocrx_word' id='word_1_364' title='bbox 1014 4895 1179 4958; x_wconf 91' lang='lat' dir='ltr'><strong>illum,</strong></span> <span class='ocrx_word' id='word_1_365' title='bbox 1221 4894 1389 4963; x_wconf 85' lang='lat' dir='ltr'><strong>Calve,</strong></span> <span class='ocrx_word' id='word_1_366' title='bbox 1434 4898 1604 4965; x_wconf 84' lang='lat' dir='ltr'><strong>calve;</strong></span> <span class='ocrx_word' id='word_1_367' title='bbox 1634 4914 1848 4969; x_wconf 86' lang='lat' dir='ltr'><strong>proces-</strong></span> 
     </span>
    </p>
   </div>
   <div class='ocr_carea' id='block_1_49' title="bbox 262 4983 1847 5058">
    <p class='ocr_par' dir='ltr' id='par_1_49' title="bbox 262 4983 1847 5058">
     <span class='ocr_line' id='line_1_49' title="bbox 262 4983 1847 5058; baseline 0.008 -21"><span class='ocrx_word' id='word_1_368' title='bbox 262 4993 463 5037; x_wconf 82' lang='lat' dir='ltr'><strong>serunt</strong></span> <span class='ocrx_word' id='word_1_369' title='bbox 506 4983 615 5038; x_wconf 89' lang='lat' dir='ltr'><strong>ursi</strong></span> <span class='ocrx_word' id='word_1_370' title='bbox 640 4984 709 5039; x_wconf 90' lang='lat' dir='ltr'><strong>de</strong></span> <span class='ocrx_word' id='word_1_371' title='bbox 736 4985 896 5057; x_wconf 74' lang='lat' dir='ltr'><strong>silva,</strong></span> <span class='ocrx_word' id='word_1_372' title='bbox 937 4995 991 5041; x_wconf 87' lang='lat' dir='ltr'><strong>et</strong></span> <span class='ocrx_word' id='word_1_373' title='bbox 1012 4987 1354 5048; x_wconf 82' lang='lat' dir='ltr'><strong>comederunt</strong></span> <span class='ocrx_word' id='word_1_374' title='bbox 1381 5004 1572 5058; x_wconf 88' lang='lat' dir='ltr'><strong>pueros</strong></span> <span class='ocrx_word' id='word_1_375' title='bbox 1598 4993 1734 5048; x_wconf 87' lang='lat' dir='ltr'><strong>male</strong></span> <span class='ocrx_word' id='word_1_376' title='bbox 1772 4994 1847 5048; x_wconf 82' lang='lat' dir='ltr'><strong>ri-</strong></span> 
     </span>
    </p>
   </div>
   <div class='ocr_carea' id='block_1_50' title="bbox 261 5074 1848 5153">
    <p class='ocr_par' dir='ltr' id='par_1_50' title="bbox 261 5074 1848 5153">
     <span class='ocr_line' id='line_1_50' title="bbox 261 5074 1848 5153; baseline 0.008 -24"><span class='ocrx_word' id='word_1_377' title='bbox 261 5077 467 5129; x_wconf 82' lang='lat' dir='ltr'><strong>dentes</strong></span> <span class='ocrx_word' id='word_1_378' title='bbox 498 5074 585 5147; x_wconf 83' lang='lat' dir='ltr'><strong>(IV</strong></span> <span class='ocrx_word' id='word_1_379' title='bbox 614 5074 744 5146; x_wconf 80' lang='lat' dir='ltr'><strong>Reg.</strong></span> <span class='ocrx_word' id='word_1_380' title='bbox 777 5092 834 5142; x_wconf 85' lang='lat' dir='ltr'><strong>tt,</strong></span> <span class='ocrx_word' id='word_1_381' title='bbox 862 5078 954 5143; x_wconf 72' lang='lat'><strong>25,</strong></span> <span class='ocrx_word' id='word_1_382' title='bbox 983 5077 1097 5148; x_wconf 63' lang='lat'><strong>24),</strong></span> <span class='ocrx_word' id='word_1_383' title='bbox 1130 5085 1184 5132; x_wconf 89' lang='lat' dir='ltr'><strong>et</strong></span> <span class='ocrx_word' id='word_1_384' title='bbox 1205 5079 1530 5150; x_wconf 81' lang='lat' dir='ltr'><strong>plangendus</strong></span> <span class='ocrx_word' id='word_1_385' title='bbox 1556 5097 1583 5136; x_wconf 93' lang='lat' dir='ltr'><strong>a</strong></span> <span class='ocrx_word' id='word_1_386' title='bbox 1612 5086 1848 5153; x_wconf 88' lang='lat' dir='ltr'><strong>parenti-</strong></span> 
     </span>
    </p>
   </div>
   <div class='ocr_carea' id='block_1_51' title="bbox 261 5164 1843 5244">
    <p class='ocr_par' dir='ltr' id='par_1_51' title="bbox 261 5164 1843 5244">
     <span class='ocr_line' id='line_1_51' title="bbox 261 5164 1843 5244; baseline 0.009 -26"><span class='ocrx_word' id='word_1_387' title='bbox 261 5167 375 5218; x_wconf 87' lang='lat' dir='ltr'><strong>bus</strong></span> <span class='ocrx_word' id='word_1_388' title='bbox 399 5164 531 5218; x_wconf 90' lang='lat' dir='ltr'><strong>suis.</strong></span> <span class='ocrx_word' id='word_1_389' title='bbox 560 5164 883 5234; x_wconf 78' lang='lat' dir='ltr'><strong>Signiﬁcavit</strong></span> <span class='ocrx_word' id='word_1_390' title='bbox 927 5168 1027 5222; x_wconf 91' lang='lat' dir='ltr'><strong>hoc</strong></span> <span class='ocrx_word' id='word_1_391' title='bbox 1054 5167 1242 5221; x_wconf 81' lang='lat' dir='ltr'><strong>factum</strong></span> <span class='ocrx_word' id='word_1_392' title='bbox 1274 5171 1548 5240; x_wconf 87' lang='lat' dir='ltr'><strong>prophetia</strong></span> <span class='ocrx_word' id='word_1_393' title='bbox 1578 5176 1801 5244; x_wconf 88' lang='lat' dir='ltr'><strong>quadam</strong></span> <span class='ocrx_word' id='word_1_394' title='bbox 1826 5220 1843 5243; x_wconf 92' lang='lat'><strong>,</strong></span> 
     </span>
    </p>
   </div>
   <div class='ocr_carea' id='block_1_52' title="bbox 256 5259 1845 5344">
    <p class='ocr_par' dir='ltr' id='par_1_52' title="bbox 256 5259 1845 5344">
     <span class='ocr_line' id='line_1_52' title="bbox 256 5259 1845 5344; baseline 0.006 -30"><span class='ocrx_word' id='word_1_395' title='bbox 256 5259 507 5314; x_wconf 76' lang='lat' dir='ltr'><strong>futurum</strong></span> <span class='ocrx_word' id='word_1_396' title='bbox 532 5259 809 5313; x_wconf 89' lang='lat' dir='ltr'><strong>Dominum</strong></span> <span class='ocrx_word' id='word_1_397' title='bbox 834 5268 1067 5314; x_wconf 87' lang='lat' dir='ltr'><strong>nostrum</strong></span> <span class='ocrx_word' id='word_1_398' title='bbox 1088 5260 1267 5315; x_wconf 84' lang='lat' dir='ltr'><strong>Jesum</strong></span> <span class='ocrx_word' id='word_1_399' title='bbox 1284 5262 1571 5320; x_wconf 87' lang='lat' dir='ltr'><strong>Christum.</strong></span> <span class='ocrx_word' id='word_1_400' title='bbox 1596 5265 1687 5344; x_wconf 75' lang='lat' dir='ltr'><strong>llle</strong></span> <span class='ocrx_word' id='word_1_401' title='bbox 1705 5269 1845 5323; x_wconf 87' lang='lat' dir='ltr'><strong>enim</strong></span> 
     </span>
    </p>
   </div>
   <div class='ocr_carea' id='block_1_53' title="bbox 253 5348 1843 5429">
    <p class='ocr_par' dir='ltr' id='par_1_53' title="bbox 253 5348 1843 5429">
     <span class='ocr_line' id='line_1_53' title="bbox 253 5348 1843 5429; baseline 0.008 -26"><span class='ocrx_word' id='word_1_402' title='bbox 253 5366 289 5403; x_wconf 83' lang='lat' dir='ltr'><strong>a</strong></span> <span class='ocrx_word' id='word_1_403' title='bbox 319 5348 528 5403; x_wconf 61' lang='lat' dir='ltr'><strong>Iudaeis</strong></span> <span class='ocrx_word' id='word_1_404' title='bbox 555 5349 894 5404; x_wconf 87' lang='lat' dir='ltr'><strong>irridentibus</strong></span> <span class='ocrx_word' id='word_1_405' title='bbox 917 5350 1060 5405; x_wconf 87' lang='lat' dir='ltr'><strong>velut</strong></span> <span class='ocrx_word' id='word_1_406' title='bbox 1099 5352 1276 5406; x_wconf 89' lang='lat' dir='ltr'><strong>calvus</strong></span> <span class='ocrx_word' id='word_1_407' title='bbox 1302 5354 1485 5412; x_wconf 88' lang='lat' dir='ltr'><strong>irrisus</strong></span> <span class='ocrx_word' id='word_1_408' title='bbox 1510 5367 1612 5423; x_wconf 91' lang='lat' dir='ltr'><strong>est,</strong></span> <span class='ocrx_word' id='word_1_409' title='bbox 1642 5360 1763 5429; x_wconf 88' lang='lat' dir='ltr'><strong>quia</strong></span> <span class='ocrx_word' id='word_1_410' title='bbox 1790 5361 1843 5415; x_wconf 91' lang='lat' dir='ltr'><strong>in</strong></span> 
     </span>
    </p>
   </div>
   <div class='ocr_carea' id='block_1_54' title="bbox 253 5440 1846 5523">
    <p class='ocr_par' dir='ltr' id='par_1_54' title="bbox 253 5440 1846 5523">
     <span class='ocr_line' id='line_1_54' title="bbox 253 5440 1846 5523; baseline 0.009 -27"><span class='ocrx_word' id='word_1_411' title='bbox 253 5440 530 5497; x_wconf 72' lang='lat' dir='ltr'><strong>Calvarize</strong></span> <span class='ocrx_word' id='word_1_412' title='bbox 570 5441 689 5523; x_wconf 82' lang='lat' dir='ltr'><strong>loco</strong></span> <span class='ocrx_word' id='word_1_413' title='bbox 717 5444 999 5498; x_wconf 76' lang='lat' dir='ltr'><strong>crucifixus</strong></span> <span class='ocrx_word' id='word_1_414' title='bbox 1036 5452 1117 5499; x_wconf 87' lang='lat' dir='ltr'><strong>est</strong></span> <span class='ocrx_word' id='word_1_415' title='bbox 1160 5445 1370 5510; x_wconf 82' lang='lat' dir='ltr'><strong>(Matth.</strong></span> <span class='ocrx_word' id='word_1_416' title='bbox 1409 5466 1574 5516; x_wconf 81' lang='lat' dir='ltr'><strong>mm,</strong></span> <span class='ocrx_word' id='word_1_417' title='bbox 1603 5452 1711 5523; x_wconf 78' lang='lat' dir='ltr'><strong>5i).</strong></span> <span class='ocrx_word' id='word_1_418' title='bbox 1739 5453 1846 5510; x_wconf 91' lang='lat' dir='ltr'><strong>Nos</strong></span> 
     </span>
    </p>
   </div>
   <div class='ocr_carea' id='block_1_55' title="bbox 331 5574 1842 5649">
    <p class='ocr_par' dir='ltr' id='par_1_55' title="bbox 331 5574 1842 5649">
     <span class='ocr_line' id='line_1_55' title="bbox 331 5574 1842 5649; baseline 0.012 -28"><span class='ocrx_word' id='word_1_419' title='bbox 331 5576 354 5649; x_wconf 60' lang='grc' dir='ltr'><em>ξ</em></span> <span class='ocrx_word' id='word_1_420' title='bbox 391 5574 461 5649; x_wconf 80' lang='lat' dir='ltr'><strong>Ad</strong></span> <span class='ocrx_word' id='word_1_421' title='bbox 479 5575 585 5625; x_wconf 72' lang='lat' dir='ltr'><strong>haec</strong></span> <span class='ocrx_word' id='word_1_422' title='bbox 602 5578 877 5649; x_wconf 43' lang='lat' dir='ltr'><strong>Verbatim.</strong></span> <span class='ocrx_word' id='word_1_423' title='bbox 894 5584 997 5649; x_wconf 62' lang='lat' dir='ltr'><strong>tres</strong></span> <span class='ocrx_word' id='word_1_424' title='bbox 1008 5579 1220 5649; x_wconf 69' lang='lat' dir='ltr'><strong>addant:</strong></span> <span class='ocrx_word' id='word_1_425' title='bbox 1246 5591 1477 5635; x_wconf 72' lang='lat' dir='ltr'><strong>converso</strong></span> <span class='ocrx_word' id='word_1_426' title='bbox 1491 5586 1556 5637; x_wconf 91' lang='lat' dir='ltr'><strong>ad</strong></span> <span class='ocrx_word' id='word_1_427' title='bbox 1572 5588 1842 5649; x_wconf 81' lang='lat' dir='ltr'><strong>Dominum,</strong></span> 
     </span>
    </p>
   </div>
   <div class='ocr_carea' id='block_1_56' title="bbox 253 5636 1845 5710">
    <p class='ocr_par' dir='ltr' id='par_1_56' title="bbox 253 5636 1845 5710">
     <span class='ocr_line' id='line_1_56' title="bbox 253 5636 1845 5710; baseline 0.011 -26"><span class='ocrx_word' id='word_1_428' title='bbox 253 5651 289 5688; x_wconf 82' lang='grc' dir='ltr'><strong><em>ο</em></strong></span> <span class='ocrx_word' id='word_1_429' title='bbox 311 5636 808 5709; x_wconf 46' lang='grc' dir='ltr'><strong>ἐξηνεακκᾳιιίάχῶἰ</strong></span> <span class='ocrx_word' id='word_1_430' title='bbox 829 5638 1052 5710; x_wconf 65' lang='lat' dir='ltr'><strong>defuerit,</strong></span> <span class='ocrx_word' id='word_1_431' title='bbox 1077 5641 1119 5690; x_wconf 87' lang='lat' dir='ltr'><strong>si</strong></span> <span class='ocrx_word' id='word_1_432' title='bbox 1139 5640 1358 5710; x_wconf 73' lang='lat' dir='ltr'><strong>innocens</strong></span> <span class='ocrx_word' id='word_1_433' title='bbox 1372 5636 1571 5710; x_wconf 70' lang='lat' dir='ltr'><strong>propter</strong></span> <span class='ocrx_word' id='word_1_434' title='bbox 1593 5636 1845 5701; x_wconf 55' lang='lat' dir='ltr'><strong>Dominum</strong></span> 
     </span>
    </p>
   </div>
   <div class='ocr_carea' id='block_1_57' title="bbox 250 5697 1843 5769">
    <p class='ocr_par' dir='ltr' id='par_1_57' title="bbox 250 5697 1843 5769">
     <span class='ocr_line' id='line_1_57' title="bbox 250 5697 1843 5769; baseline 0.012 -25"><span class='ocrx_word' id='word_1_435' title='bbox 250 5698 367 5750; x_wconf 73' lang='lat' dir='ltr'><strong>eris</strong></span> <span class='ocrx_word' id='word_1_436' title='bbox 387 5709 418 5769; x_wconf 42' lang='grc' dir='ltr'><strong>,ε</strong></span> <span class='ocrx_word' id='word_1_437' title='bbox 699 5697 1147 5769; x_wconf 45' lang='grc' dir='ltr'><strong>ὶρςιιηιςΒΜημπι</strong></span> <span class='ocrx_word' id='word_1_438' title='bbox 1184 5697 1411 5769; x_wconf 74' lang='lat' dir='ltr'><strong>possides,</strong></span> <span class='ocrx_word' id='word_1_439' title='bbox 1456 5697 1536 5769; x_wconf 66' lang='lat' dir='ltr'><strong>aui</strong></span> <span class='ocrx_word' id='word_1_440' title='bbox 1572 5697 1843 5763; x_wconf 47' lang='lat' dir='ltr'><strong>minias</strong></span> 
     </span>
    </p>
   </div>
   <div class='ocr_carea' id='block_1_58' title="bbox 249 5758 1842 5836">
    <p class='ocr_par' dir='ltr' id='par_1_58' title="bbox 249 5758 1842 5836">
     <span class='ocr_line' id='line_1_58' title="bbox 249 5758 1842 5836; baseline 0.016 -32"><span class='ocrx_word' id='word_1_441' title='bbox 519 5758 771 5836; x_wconf 48' lang='grc' dir='ltr'><strong>τέγειιιηῃξη</strong></span> <span class='ocrx_word' id='word_1_442' title='bbox 795 5761 877 5836; x_wconf 73' lang='lat' dir='ltr'><strong>qui</strong></span> <span class='ocrx_word' id='word_1_443' title='bbox 914 5762 999 5812; x_wconf 85' lang='lat' dir='ltr'><strong>dat</strong></span> <span class='ocrx_word' id='word_1_444' title='bbox 1028 5758 1225 5836; x_wconf 57' lang='lat' dir='ltr'><strong>virtutes</strong></span> <span class='ocrx_word' id='word_1_445' title='bbox 1244 5758 1597 5836; x_wconf 59' lang='lat' dir='ltr'><strong>iis</strong></span> <span class='ocrx_word' id='word_1_446' title='bbox 1624 5758 1842 5836; x_wconf 52' lang='lat' dir='ltr'><strong>pineae?</strong></span> 
     </span>
    </p>
   </div>
   <div class='ocr_carea' id='block_1_59' title="bbox 252 5815 1537 5891">
    <p class='ocr_par' dir='ltr' id='par_1_59' title="bbox 252 5815 1537 5891">
     <span class='ocr_line' id='line_1_59' title="bbox 252 5815 1537 5891; baseline 0.006 -21"><span class='ocrx_word' id='word_1_447' title='bbox 252 5815 499 5871; x_wconf 71' lang='lat' dir='ltr'><strong>tenuibus.</strong></span> <span class='ocrx_word' id='word_1_448' title='bbox 524 5829 644 5885; x_wconf 66' lang='lat' dir='ltr'><strong>ergo</strong></span> <span class='ocrx_word' id='word_1_449' title='bbox 664 5826 733 5873; x_wconf 66' lang='lat' dir='ltr'><strong>est</strong></span> <span class='ocrx_word' id='word_1_450' title='bbox 748 5815 929 5885; x_wconf 77' lang='lat' dir='ltr'><strong>beatus.</strong></span> <span class='ocrx_word' id='word_1_451' title='bbox 955 5824 1039 5888; x_wconf 83' lang='lat' dir='ltr'><strong>qui</strong></span> <span class='ocrx_word' id='word_1_452' title='bbox 1055 5834 1214 5888; x_wconf 80' lang='lat' dir='ltr'><strong>sperat</strong></span> <span class='ocrx_word' id='word_1_453' title='bbox 1237 5826 1368 5891; x_wconf 80' lang='lat' dir='ltr'><strong>inte,</strong></span> <span class='ocrx_word' id='word_1_454' title='bbox 1397 5815 1537 5881; x_wconf 52' lang='lat' dir='ltr'><strong>me};</strong></span> 
     </span>
    </p>
   </div>
   <div class='ocr_carea' id='block_1_60' title="bbox 1347 342 2521 443">
    <p class='ocr_par' dir='ltr' id='par_1_60' title="bbox 1347 342 2521 443">
     <span class='ocr_line' id='line_1_60' title="bbox 1347 342 2521 443; baseline 0.015 -17"><span class='ocrx_word' id='word_1_455' title='bbox 1347 367 1741 428; x_wconf 75' lang='lat' dir='ltr'><strong>ENARRATIO</strong></span> <span class='ocrx_word' id='word_1_456' title='bbox 1780 372 1845 426; x_wconf 86' lang='lat' dir='ltr'><strong>lN</strong></span> <span class='ocrx_word' id='word_1_457' title='bbox 1882 342 2203 435; x_wconf 54' lang='lat' dir='ltr'><strong>Pssuma</strong></span> <span class='ocrx_word' id='word_1_458' title='bbox 2242 384 2521 443; x_wconf 72' lang='lat' dir='ltr'><strong>LXXXIV.</strong></span> 
     </span>
    </p>
   </div>
   <div class='ocr_carea' id='block_1_61' title="bbox 3436 421 3577 478">
    <p class='ocr_par' dir='ltr' id='par_1_61' title="bbox 3436 421 3577 478">
     <span class='ocr_line' id='line_1_61' title="bbox 3436 421 3577 478; baseline 0.021 -3"><span class='ocrx_word' id='word_1_459' title='bbox 3436 421 3462 475; x_wconf 68' lang='grc' dir='ltr'><strong><em>Ἰ</em></strong></span> <span class='ocrx_word' id='word_1_460' title='bbox 3474 422 3577 478; x_wconf 74' lang='lat'><strong>070</strong></span> 
     </span>
    </p>
   </div>
   <div class='ocr_carea' id='block_1_62' title="bbox 2014 497 3574 597">
    <p class='ocr_par' dir='ltr' id='par_1_62' title="bbox 2014 497 3574 597">
     <span class='ocr_line' id='line_1_62' title="bbox 2014 497 3574 597; baseline 0.032 -53"><span class='ocrx_word' id='word_1_461' title='bbox 2014 503 2189 597; x_wconf 61' lang='lat' dir='ltr'><strong>autem</strong></span> <span class='ocrx_word' id='word_1_462' title='bbox 2228 497 2358 554; x_wconf 86' lang='lat' dir='ltr'><strong>siin</strong></span> <span class='ocrx_word' id='word_1_463' title='bbox 2402 502 2546 559; x_wconf 91' lang='lat' dir='ltr'><strong>illum</strong></span> <span class='ocrx_word' id='word_1_464' title='bbox 2576 509 2973 583; x_wconf 87' lang='lat' dir='ltr'><strong>crediderimus,</strong></span> <span class='ocrx_word' id='word_1_465' title='bbox 3023 521 3113 578; x_wconf 84' lang='lat' dir='ltr'><strong>lilii</strong></span> <span class='ocrx_word' id='word_1_466' title='bbox 3162 526 3325 597; x_wconf 85' lang='lat' dir='ltr'><strong>ipsius</strong></span> <span class='ocrx_word' id='word_1_467' title='bbox 3371 548 3574 592; x_wconf 89' lang='lat' dir='ltr'><strong>sumus.</strong></span> 
     </span>
    </p>
   </div>
   <div class='ocr_carea' id='block_1_63' title="bbox 2007 582 3574 694">
    <p class='ocr_par' dir='ltr' id='par_1_63' title="bbox 2007 582 3574 694">
     <span class='ocr_line' id='line_1_63' title="bbox 2007 582 3574 694; baseline 0.031 -59"><span class='ocrx_word' id='word_1_468' title='bbox 2007 582 2166 694; x_wconf 41' lang='lat' dir='ltr'><strong>Irobis</strong></span> <span class='ocrx_word' id='word_1_469' title='bbox 2186 602 2312 659; x_wconf 85' lang='lat' dir='ltr'><strong>ergo</strong></span> <span class='ocrx_word' id='word_1_470' title='bbox 2332 604 2572 651; x_wconf 86' lang='lat' dir='ltr'><strong>cantatur</strong></span> <span class='ocrx_word' id='word_1_471' title='bbox 2591 599 2689 655; x_wconf 90' lang='lat' dir='ltr'><strong>iste</strong></span> <span class='ocrx_word' id='word_1_472' title='bbox 2712 605 2964 672; x_wconf 89' lang='lat' dir='ltr'><strong>psalmus,</strong></span> <span class='ocrx_word' id='word_1_473' title='bbox 2987 613 3071 667; x_wconf 89' lang='lat' dir='ltr'><strong>ubi</strong></span> <span class='ocrx_word' id='word_1_474' title='bbox 3093 582 3416 688; x_wconf 71' lang='lat' dir='ltr'><strong>inscribitur,</strong></span> <span class='ocrx_word' id='word_1_475' title='bbox 3453 628 3574 694; x_wconf 83' lang='lat' dir='ltr'><strong>ﬁliis</strong></span> 
     </span>
    </p>
   </div>
   <div class='ocr_carea' id='block_1_64' title="bbox 2005 672 3571 788">
    <p class='ocr_par' dir='ltr' id='par_1_64' title="bbox 2005 672 3571 788">
     <span class='ocr_line' id='line_1_64' title="bbox 2005 672 3571 788; baseline 0.032 -63"><span class='ocrx_word' id='word_1_476' title='bbox 2005 672 2132 728; x_wconf 83' lang='lat' dir='ltr'><strong>Core</strong></span> <span class='ocrx_word' id='word_1_477' title='bbox 2145 693 2162 729; x_wconf 89' lang='lat'><em>:</em></span> <span class='ocrx_word' id='word_1_478' title='bbox 2175 692 2356 788; x_wconf 70' lang='lat' dir='ltr'><strong>sumus</strong></span> <span class='ocrx_word' id='word_1_479' title='bbox 2368 685 2507 738; x_wconf 90' lang='lat' dir='ltr'><strong>enim</strong></span> <span class='ocrx_word' id='word_1_480' title='bbox 2525 687 2618 788; x_wconf 71' lang='lat' dir='ltr'><strong>lilii</strong></span> <span class='ocrx_word' id='word_1_481' title='bbox 2634 694 2812 759; x_wconf 85' lang='lat' dir='ltr'><strong>sponsi</strong></span> <span class='ocrx_word' id='word_1_482' title='bbox 2833 694 3120 770; x_wconf 65' lang='lat' dir='ltr'><strong>(Matthax,</strong></span> <span class='ocrx_word' id='word_1_483' title='bbox 3140 672 3571 788; x_wconf 47' lang='lat' dir='ltr'><strong>isillis</strong></span> 
     </span>
    </p>
   </div>
   <div class='ocr_carea' id='block_1_65' title="bbox 2003 774 3570 867">
    <p class='ocr_par' dir='ltr' id='par_1_65' title="bbox 2003 774 3570 867">
     <span class='ocr_line' id='line_1_65' title="bbox 2003 774 3570 867; baseline 0.03 -50"><span class='ocrx_word' id='word_1_484' title='bbox 2003 779 2247 867; x_wconf 55' lang='lat' dir='ltr'><strong>Sponsus,</strong></span> <span class='ocrx_word' id='word_1_485' title='bbox 2277 774 2405 829; x_wconf 89' lang='lat' dir='ltr'><strong>dans</strong></span> <span class='ocrx_word' id='word_1_486' title='bbox 2433 777 2642 834; x_wconf 86' lang='lat' dir='ltr'><strong>arrham</strong></span> <span class='ocrx_word' id='word_1_487' title='bbox 2683 798 2893 859; x_wconf 75' lang='lat' dir='ltr'><strong>sponsae</strong></span> <span class='ocrx_word' id='word_1_488' title='bbox 2921 806 3051 859; x_wconf 53' lang='lat' dir='ltr'><strong>sua),</strong></span> <span class='ocrx_word' id='word_1_489' title='bbox 3082 774 3570 867; x_wconf 46' lang='lat' dir='ltr'><strong>sanguinem-stitit&quot;</strong></span> 
     </span>
    </p>
   </div>
   <div class='ocr_carea' id='block_1_66' title="bbox 2001 856 3567 954">
    <p class='ocr_par' dir='ltr' id='par_1_66' title="bbox 2001 856 3567 954">
     <span class='ocr_line' id='line_1_66' title="bbox 2001 856 3567 954; baseline 0.029 -45"><span class='ocrx_word' id='word_1_490' title='bbox 2001 866 2055 909; x_wconf 88' lang='lat' dir='ltr'><strong>et</strong></span> <span class='ocrx_word' id='word_1_491' title='bbox 2078 856 2330 927; x_wconf 84' lang='lat' dir='ltr'><strong>Spiritum</strong></span> <span class='ocrx_word' id='word_1_492' title='bbox 2356 879 2617 934; x_wconf 88' lang='lat' dir='ltr'><strong>sanctum,</strong></span> <span class='ocrx_word' id='word_1_493' title='bbox 2647 889 2752 942; x_wconf 93' lang='lat' dir='ltr'><strong>quo</strong></span> <span class='ocrx_word' id='word_1_494' title='bbox 2781 858 3116 949; x_wconf 84' lang='lat' dir='ltr'><strong>locupletavit</strong></span> <span class='ocrx_word' id='word_1_495' title='bbox 3149 904 3245 943; x_wconf 92' lang='lat' dir='ltr'><strong>nos</strong></span> <span class='ocrx_word' id='word_1_496' title='bbox 3272 893 3483 953; x_wconf 89' lang='lat' dir='ltr'><strong>interim</strong></span> <span class='ocrx_word' id='word_1_497' title='bbox 3516 901 3567 954; x_wconf 87' lang='lat' dir='ltr'><strong>in</strong></span> 
     </span>
    </p>
   </div>
   <div class='ocr_carea' id='block_1_67' title="bbox 2000 948 3569 1045">
    <p class='ocr_par' dir='ltr' id='par_1_67' title="bbox 2000 948 3569 1045">
     <span class='ocr_line' id='line_1_67' title="bbox 2000 948 3569 1045; baseline 0.029 -44"><span class='ocrx_word' id='word_1_498' title='bbox 2000 948 2098 1004; x_wconf 89' lang='lat' dir='ltr'><strong>ista</strong></span> <span class='ocrx_word' id='word_1_499' title='bbox 2140 957 2594 1025; x_wconf 78' lang='lat' dir='ltr'><strong>peregrinatione;</strong></span> <span class='ocrx_word' id='word_1_500' title='bbox 2622 966 2794 1022; x_wconf 88' lang='lat' dir='ltr'><strong>adhuc</strong></span> <span class='ocrx_word' id='word_1_501' title='bbox 2816 984 2988 1026; x_wconf 91' lang='lat' dir='ltr'><strong>autem</strong></span> <span class='ocrx_word' id='word_1_502' title='bbox 3014 988 3189 1033; x_wconf 87' lang='lat' dir='ltr'><strong>servat</strong></span> <span class='ocrx_word' id='word_1_503' title='bbox 3209 982 3363 1039; x_wconf 87' lang='lat' dir='ltr'><strong>nobis</strong></span> <span class='ocrx_word' id='word_1_504' title='bbox 3387 992 3569 1045; x_wconf 85' lang='lat' dir='ltr'><strong>occul-</strong></span> 
     </span>
    </p>
   </div>
   <div class='ocr_carea' id='block_1_68' title="bbox 2000 1044 3563 1151">
    <p class='ocr_par' dir='ltr' id='par_1_68' title="bbox 2000 1044 3563 1151">
     <span class='ocr_line' id='line_1_68' title="bbox 2000 1044 3563 1151; baseline 0.028 -56"><span class='ocrx_word' id='word_1_505' title='bbox 2000 1052 2080 1097; x_wconf 89' lang='lat' dir='ltr'><strong>tas</strong></span> <span class='ocrx_word' id='word_1_506' title='bbox 2106 1044 2318 1103; x_wconf 84' lang='lat' dir='ltr'><strong>divitias</strong></span> <span class='ocrx_word' id='word_1_507' title='bbox 2345 1068 2484 1109; x_wconf 87' lang='lat' dir='ltr'><strong>suas.</strong></span> <span class='ocrx_word' id='word_1_508' title='bbox 2531 1056 2681 1113; x_wconf 88' lang='lat' dir='ltr'><strong>Unde</strong></span> <span class='ocrx_word' id='word_1_509' title='bbox 2712 1064 2852 1116; x_wconf 85' lang='lat' dir='ltr'><strong>enim</strong></span> <span class='ocrx_word' id='word_1_510' title='bbox 2901 1067 3003 1122; x_wconf 89' lang='lat' dir='ltr'><strong>tale</strong></span> <span class='ocrx_word' id='word_1_511' title='bbox 3031 1070 3221 1141; x_wconf 81' lang='lat' dir='ltr'><strong>pignus</strong></span> <span class='ocrx_word' id='word_1_512' title='bbox 3248 1075 3415 1145; x_wconf 89' lang='lat' dir='ltr'><strong>dedit,</strong></span> <span class='ocrx_word' id='word_1_513' title='bbox 3440 1084 3563 1151; x_wconf 86' lang='lat' dir='ltr'><strong>quid</strong></span> 
     </span>
    </p>
   </div>
   <div class='ocr_carea' id='block_1_69' title="bbox 1993 1140 2489 1206">
    <p class='ocr_par' dir='ltr' id='par_1_69' title="bbox 1993 1140 2489 1206">
     <span class='ocr_line' id='line_1_69' title="bbox 1993 1140 2489 1206; baseline 0.026 -19"><span class='ocrx_word' id='word_1_514' title='bbox 1993 1144 2079 1189; x_wconf 86' lang='lat' dir='ltr'><strong>est</strong></span> <span class='ocrx_word' id='word_1_515' title='bbox 2105 1140 2245 1206; x_wconf 90' lang='lat' dir='ltr'><strong>quod</strong></span> <span class='ocrx_word' id='word_1_516' title='bbox 2273 1146 2489 1200; x_wconf 78' lang='lat' dir='ltr'><strong>servat?</strong></span> 
     </span>
    </p>
   </div>
   <div class='ocr_carea' id='block_1_70' title="bbox 2070 1229 3560 1330">
    <p class='ocr_par' dir='ltr' id='par_1_70' title="bbox 2070 1229 3560 1330">
     <span class='ocr_line' id='line_1_70' title="bbox 2070 1229 3560 1330; baseline 0.026 -48"><span class='ocrx_word' id='word_1_517' title='bbox 2070 1229 2119 1282; x_wconf 84' lang='lat'><strong>5.</strong></span> <span class='ocrx_word' id='word_1_518' title='bbox 2157 1229 2301 1301; x_wconf 88' lang='lat' dir='ltr'><strong>[vers.</strong></span> <span class='ocrx_word' id='word_1_519' title='bbox 2332 1233 2411 1309; x_wconf 74' lang='lat'><strong>2.]</strong></span> <span class='ocrx_word' id='word_1_520' title='bbox 2442 1238 2616 1310; x_wconf 81' lang='lat' dir='ltr'><strong>Itaque</strong></span> <span class='ocrx_word' id='word_1_521' title='bbox 2644 1254 2819 1299; x_wconf 89' lang='lat' dir='ltr'><strong>cantat</strong></span> <span class='ocrx_word' id='word_1_522' title='bbox 2842 1248 2888 1303; x_wconf 90' lang='lat' dir='ltr'><strong>ei</strong></span> <span class='ocrx_word' id='word_1_523' title='bbox 2918 1250 3176 1322; x_wconf 87' lang='lat' dir='ltr'><strong>Propheta</strong></span> <span class='ocrx_word' id='word_1_524' title='bbox 3218 1257 3268 1311; x_wconf 92' lang='lat' dir='ltr'><strong>in</strong></span> <span class='ocrx_word' id='word_1_525' title='bbox 3297 1257 3560 1330; x_wconf 77' lang='lat' dir='ltr'><strong>futurum,</strong></span> 
     </span>
    </p>
   </div>
   <div class='ocr_carea' id='block_1_71' title="bbox 1993 1322 3560 1423">
    <p class='ocr_par' dir='ltr' id='par_1_71' title="bbox 1993 1322 3560 1423">
     <span class='ocr_line' id='line_1_71' title="bbox 1993 1322 3560 1423; baseline 0.025 -52"><span class='ocrx_word' id='word_1_526' title='bbox 1993 1328 2051 1372; x_wconf 89' lang='lat' dir='ltr'><strong>et</strong></span> <span class='ocrx_word' id='word_1_527' title='bbox 2070 1322 2232 1377; x_wconf 91' lang='lat' dir='ltr'><strong>utitur</strong></span> <span class='ocrx_word' id='word_1_528' title='bbox 2254 1327 2426 1382; x_wconf 80' lang='lat' dir='ltr'><strong>verbis</strong></span> <span class='ocrx_word' id='word_1_529' title='bbox 2448 1334 2716 1403; x_wconf 85' lang='lat' dir='ltr'><strong>quasijatn</strong></span> <span class='ocrx_word' id='word_1_530' title='bbox 2734 1341 2983 1404; x_wconf 67' lang='lat' dir='ltr'><strong>prarteriti</strong></span> <span class='ocrx_word' id='word_1_531' title='bbox 3003 1348 3286 1414; x_wconf 89' lang='lat' dir='ltr'><strong>temporis;</strong></span> <span class='ocrx_word' id='word_1_532' title='bbox 3317 1322 3560 1423; x_wconf 79' lang='lat' dir='ltr'><strong>tanquam</strong></span> 
     </span>
    </p>
   </div>
   <div class='ocr_carea' id='block_1_72' title="bbox 1996 1413 3562 1508">
    <p class='ocr_par' dir='ltr' id='par_1_72' title="bbox 1996 1413 3562 1508">
     <span class='ocr_line' id='line_1_72' title="bbox 1996 1413 3562 1508; baseline 0.024 -44"><span class='ocrx_word' id='word_1_533' title='bbox 1996 1413 2127 1466; x_wconf 79' lang='lat' dir='ltr'><strong>facta</strong></span> <span class='ocrx_word' id='word_1_534' title='bbox 2157 1416 2306 1481; x_wconf 84' lang='lat' dir='ltr'><strong>dicit,</strong></span> <span class='ocrx_word' id='word_1_535' title='bbox 2355 1435 2472 1489; x_wconf 68' lang='lat' dir='ltr'><strong>quae</strong></span> <span class='ocrx_word' id='word_1_536' title='bbox 2520 1424 2693 1480; x_wconf 81' lang='lat' dir='ltr'><strong>futura</strong></span> <span class='ocrx_word' id='word_1_537' title='bbox 2734 1441 2924 1498; x_wconf 87' lang='lat' dir='ltr'><strong>erant;</strong></span> <span class='ocrx_word' id='word_1_538' title='bbox 2971 1413 3279 1508; x_wconf 17' lang='lat' dir='ltr'><strong>quiaiapud</strong></span> <span class='ocrx_word' id='word_1_539' title='bbox 3316 1413 3480 1499; x_wconf 44' lang='lat' dir='ltr'><strong>Deu&#39;m</strong></span> <span class='ocrx_word' id='word_1_540' title='bbox 3508 1459 3562 1502; x_wconf 85' lang='lat' dir='ltr'><strong>et</strong></span> 
     </span>
    </p>
   </div>
   <div class='ocr_carea' id='block_1_73' title="bbox 1994 1505 3557 1604">
    <p class='ocr_par' dir='ltr' id='par_1_73' title="bbox 1994 1505 3557 1604">
     <span class='ocr_line' id='line_1_73' title="bbox 1994 1505 3557 1604; baseline 0.022 -49"><span class='ocrx_word' id='word_1_541' title='bbox 1994 1505 2132 1571; x_wconf 87' lang='lat' dir='ltr'><strong>quod</strong></span> <span class='ocrx_word' id='word_1_542' title='bbox 2162 1505 2390 1564; x_wconf 81' lang='lat' dir='ltr'><strong>futurum</strong></span> <span class='ocrx_word' id='word_1_543' title='bbox 2420 1523 2523 1580; x_wconf 88' lang='lat' dir='ltr'><strong>est,</strong></span> <span class='ocrx_word' id='word_1_544' title='bbox 2545 1515 2654 1584; x_wconf 87' lang='lat' dir='ltr'><strong>jam</strong></span> <span class='ocrx_word' id='word_1_545' title='bbox 2685 1518 2876 1575; x_wconf 78' lang='lat' dir='ltr'><strong>factum</strong></span> <span class='ocrx_word' id='word_1_546' title='bbox 2907 1534 3008 1578; x_wconf 88' lang='lat' dir='ltr'><strong>est.</strong></span> <span class='ocrx_word' id='word_1_547' title='bbox 3040 1526 3112 1583; x_wconf 91' lang='lat' dir='ltr'><strong>lbi</strong></span> <span class='ocrx_word' id='word_1_548' title='bbox 3140 1505 3268 1600; x_wconf 83' lang='lat' dir='ltr'><strong>ergo</strong></span> <span class='ocrx_word' id='word_1_549' title='bbox 3296 1532 3557 1604; x_wconf 74' lang='lat' dir='ltr'><strong>Propheta</strong></span> 
     </span>
    </p>
   </div>
   <div class='ocr_carea' id='block_1_74' title="bbox 1994 1594 3561 1694">
    <p class='ocr_par' dir='ltr' id='par_1_74' title="bbox 1994 1594 3561 1694">
     <span class='ocr_line' id='line_1_74' title="bbox 1994 1594 3561 1694; baseline 0.024 -49"><span class='ocrx_word' id='word_1_550' title='bbox 1994 1594 2205 1650; x_wconf 85' lang='lat' dir='ltr'><strong>videbat</strong></span> <span class='ocrx_word' id='word_1_551' title='bbox 2231 1598 2399 1655; x_wconf 76' lang='lat' dir='ltr'><strong>futura</strong></span> <span class='ocrx_word' id='word_1_552' title='bbox 2431 1605 2602 1673; x_wconf 88' lang='lat' dir='ltr'><strong>nobis,</strong></span> <span class='ocrx_word' id='word_1_553' title='bbox 2645 1608 2753 1675; x_wconf 89' lang='lat' dir='ltr'><strong>jam</strong></span> <span class='ocrx_word' id='word_1_554' title='bbox 2786 1627 2910 1668; x_wconf 91' lang='lat' dir='ltr'><strong>vero</strong></span> <span class='ocrx_word' id='word_1_555' title='bbox 2953 1615 3088 1672; x_wconf 84' lang='lat' dir='ltr'><strong>facta</strong></span> <span class='ocrx_word' id='word_1_556' title='bbox 3132 1620 3182 1673; x_wconf 92' lang='lat' dir='ltr'><strong>in</strong></span> <span class='ocrx_word' id='word_1_557' title='bbox 3202 1594 3354 1676; x_wconf 74' lang='lat' dir='ltr'><strong>illius</strong></span> <span class='ocrx_word' id='word_1_558' title='bbox 3385 1594 3561 1694; x_wconf 74' lang='lat' dir='ltr'><strong>provi—</strong></span> 
     </span>
    </p>
   </div>
   <div class='ocr_carea' id='block_1_75' title="bbox 1990 1684 3562 1781">
    <p class='ocr_par' dir='ltr' id='par_1_75' title="bbox 1990 1684 3562 1781">
     <span class='ocr_line' id='line_1_75' title="bbox 1990 1684 3562 1781; baseline 0.021 -42"><span class='ocrx_word' id='word_1_559' title='bbox 1990 1684 2167 1741; x_wconf 81' lang='lat' dir='ltr'><strong>dcntia</strong></span> <span class='ocrx_word' id='word_1_560' title='bbox 2207 1697 2262 1744; x_wconf 88' lang='lat' dir='ltr'><strong>et</strong></span> <span class='ocrx_word' id='word_1_561' title='bbox 2289 1693 2746 1760; x_wconf 67' lang='lat' dir='ltr'><strong>praedestinatione</strong></span> <span class='ocrx_word' id='word_1_562' title='bbox 2788 1706 3099 1775; x_wconf 88' lang='lat' dir='ltr'><strong>certissima,</strong></span> <span class='ocrx_word' id='word_1_563' title='bbox 3128 1684 3396 1781; x_wconf 75' lang='lat' dir='ltr'><strong>quomodo</strong></span> <span class='ocrx_word' id='word_1_564' title='bbox 3433 1716 3562 1772; x_wconf 88' lang='lat' dir='ltr'><strong>dicit</strong></span> 
     </span>
    </p>
   </div>
   <div class='ocr_carea' id='block_1_76' title="bbox 1992 1777 3561 1872">
    <p class='ocr_par' dir='ltr' id='par_1_76' title="bbox 1992 1777 3561 1872">
     <span class='ocr_line' id='line_1_76' title="bbox 1992 1777 3561 1872; baseline 0.022 -44"><span class='ocrx_word' id='word_1_565' title='bbox 1992 1786 2048 1830; x_wconf 90' lang='lat' dir='ltr'><strong>et</strong></span> <span class='ocrx_word' id='word_1_566' title='bbox 2073 1777 2123 1831; x_wconf 92' lang='lat' dir='ltr'><strong>in</strong></span> <span class='ocrx_word' id='word_1_567' title='bbox 2153 1780 2240 1834; x_wconf 93' lang='lat' dir='ltr'><strong>illo</strong></span> <span class='ocrx_word' id='word_1_568' title='bbox 2282 1783 2483 1850; x_wconf 87' lang='lat' dir='ltr'><strong>psalmo</strong></span> <span class='ocrx_word' id='word_1_569' title='bbox 2514 1788 2600 1843; x_wconf 88' lang='lat' dir='ltr'><strong>ubi</strong></span> <span class='ocrx_word' id='word_1_570' title='bbox 2628 1805 2813 1848; x_wconf 90' lang='lat' dir='ltr'><strong>omnes</strong></span> <span class='ocrx_word' id='word_1_571' title='bbox 2838 1794 3103 1853; x_wconf 88' lang='lat' dir='ltr'><strong>Christum</strong></span> <span class='ocrx_word' id='word_1_572' title='bbox 3130 1777 3453 1872; x_wconf 77' lang='lat' dir='ltr'><strong>agnoscunt;</strong></span> <span class='ocrx_word' id='word_1_573' title='bbox 3483 1811 3561 1863; x_wconf 86' lang='lat' dir='ltr'><strong>sic</strong></span> 
     </span>
    </p>
   </div>
   <div class='ocr_carea' id='block_1_77' title="bbox 1992 1868 3560 1965">
    <p class='ocr_par' dir='ltr' id='par_1_77' title="bbox 1992 1868 3560 1965">
     <span class='ocr_line' id='line_1_77' title="bbox 1992 1868 3560 1965; baseline 0.024 -46"><span class='ocrx_word' id='word_1_574' title='bbox 1992 1868 2131 1922; x_wconf 90' lang='lat' dir='ltr'><strong>enim</strong></span> <span class='ocrx_word' id='word_1_575' title='bbox 2156 1873 2407 1930; x_wconf 88' lang='lat' dir='ltr'><strong>recitatur</strong></span> <span class='ocrx_word' id='word_1_576' title='bbox 2436 1878 2475 1942; x_wconf 73' lang='grc' dir='ltr'><strong>ι,</strong></span> <span class='ocrx_word' id='word_1_577' title='bbox 2508 1887 2755 1950; x_wconf 87' lang='lat' dir='ltr'><strong>tanquam</strong></span> <span class='ocrx_word' id='word_1_578' title='bbox 2782 1886 3118 1959; x_wconf 84' lang='lat' dir='ltr'><strong>Evangelium</strong></span> <span class='ocrx_word' id='word_1_579' title='bbox 3144 1868 3381 1965; x_wconf 76' lang='lat' dir='ltr'><strong>legatur:</strong></span> <span class='ocrx_word' id='word_1_580' title='bbox 3403 1917 3423 1951; x_wconf 72' lang='grc' dir='ltr'>ι</span> <span class='ocrx_word' id='word_1_581' title='bbox 3450 1899 3560 1955; x_wconf 87' lang='lat' dir='ltr'><strong>Fo-</strong></span> 
     </span>
    </p>
   </div>
   <div class='ocr_carea' id='block_1_78' title="bbox 1991 1961 3555 2047">
    <p class='ocr_par' dir='ltr' id='par_1_78' title="bbox 1991 1961 3555 2047">
     <span class='ocr_line' id='line_1_78' title="bbox 1991 1961 3555 2047; baseline 0.021 -33"><span class='ocrx_word' id='word_1_582' title='bbox 1991 1961 2183 2018; x_wconf 90' lang='lat' dir='ltr'><strong>derunt</strong></span> <span class='ocrx_word' id='word_1_583' title='bbox 2217 1983 2402 2025; x_wconf 90' lang='lat' dir='ltr'><strong>manus</strong></span> <span class='ocrx_word' id='word_1_584' title='bbox 2426 1987 2571 2028; x_wconf 83' lang='lat' dir='ltr'><strong>meas</strong></span> <span class='ocrx_word' id='word_1_585' title='bbox 2595 1984 2651 2029; x_wconf 88' lang='lat' dir='ltr'><strong>et</strong></span> <span class='ocrx_word' id='word_1_586' title='bbox 2680 1978 2860 2047; x_wconf 89' lang='lat' dir='ltr'><strong>pedes,</strong></span> <span class='ocrx_word' id='word_1_587' title='bbox 2891 1982 3354 2044; x_wconf 87' lang='lat' dir='ltr'><strong>dinumeraverunt</strong></span> <span class='ocrx_word' id='word_1_588' title='bbox 3378 1995 3555 2047; x_wconf 83' lang='lat' dir='ltr'><strong>omnia</strong></span> 
     </span>
    </p>
   </div>
   <div class='ocr_carea' id='block_1_79' title="bbox 1988 2060 3558 2150">
    <p class='ocr_par' dir='ltr' id='par_1_79' title="bbox 1988 2060 3558 2150">
     <span class='ocr_line' id='line_1_79' title="bbox 1988 2060 3558 2150; baseline 0.021 -45"><span class='ocrx_word' id='word_1_589' title='bbox 1988 2066 2106 2108; x_wconf 85' lang='lat' dir='ltr'><strong>ossa</strong></span> <span class='ocrx_word' id='word_1_590' title='bbox 2134 2071 2251 2110; x_wconf 90' lang='lat' dir='ltr'><strong>mea</strong></span> <span class='ocrx_word' id='word_1_591' title='bbox 2276 2075 2290 2123; x_wconf 88' lang='lat'><strong>;</strong></span> <span class='ocrx_word' id='word_1_592' title='bbox 2323 2060 2421 2128; x_wconf 89' lang='lat' dir='ltr'><strong>ipsi</strong></span> <span class='ocrx_word' id='word_1_593' title='bbox 2449 2078 2574 2118; x_wconf 88' lang='lat' dir='ltr'><strong>vero</strong></span> <span class='ocrx_word' id='word_1_594' title='bbox 2598 2068 3066 2128; x_wconf 88' lang='lat' dir='ltr'><strong>consideraverunt</strong></span> <span class='ocrx_word' id='word_1_595' title='bbox 3087 2089 3142 2130; x_wconf 84' lang='lat' dir='ltr'><strong>et</strong></span> <span class='ocrx_word' id='word_1_596' title='bbox 3166 2092 3558 2150; x_wconf 78' lang='lat' dir='ltr'><strong>conSpexernnt</strong></span> 
     </span>
    </p>
   </div>
   <div class='ocr_carea' id='block_1_80' title="bbox 1987 2145 3553 2236">
    <p class='ocr_par' dir='ltr' id='par_1_80' title="bbox 1987 2145 3553 2236">
     <span class='ocr_line' id='line_1_80' title="bbox 1987 2145 3553 2236; baseline 0.021 -41"><span class='ocrx_word' id='word_1_597' title='bbox 1987 2157 2092 2209; x_wconf 88' lang='lat' dir='ltr'><strong>me,</strong></span> <span class='ocrx_word' id='word_1_598' title='bbox 2121 2145 2412 2203; x_wconf 89' lang='lat' dir='ltr'><strong>diviserunt</strong></span> <span class='ocrx_word' id='word_1_599' title='bbox 2451 2153 2550 2207; x_wconf 88' lang='lat' dir='ltr'><strong>sibi</strong></span> <span class='ocrx_word' id='word_1_600' title='bbox 2575 2158 2885 2216; x_wconf 88' lang='lat' dir='ltr'><strong>vestimenta</strong></span> <span class='ocrx_word' id='word_1_601' title='bbox 2932 2178 3046 2218; x_wconf 90' lang='lat' dir='ltr'><strong>mea</strong></span> <span class='ocrx_word' id='word_1_602' title='bbox 3073 2175 3127 2220; x_wconf 92' lang='lat' dir='ltr'><strong>et</strong></span> <span class='ocrx_word' id='word_1_603' title='bbox 3163 2145 3322 2236; x_wconf 74' lang='lat' dir='ltr'><strong>super</strong></span> <span class='ocrx_word' id='word_1_604' title='bbox 3353 2181 3553 2228; x_wconf 87' lang='lat' dir='ltr'><strong>vestem</strong></span> 
     </span>
    </p>
   </div>
   <div class='ocr_carea' id='block_1_81' title="bbox 1987 2240 3552 2331">
    <p class='ocr_par' dir='ltr' id='par_1_81' title="bbox 1987 2240 3552 2331">
     <span class='ocr_line' id='line_1_81' title="bbox 1987 2240 3552 2331; baseline 0.021 -44"><span class='ocrx_word' id='word_1_605' title='bbox 1987 2250 2156 2331; x_wconf 80' lang='lat' dir='ltr'><strong>meam</strong></span> <span class='ocrx_word' id='word_1_606' title='bbox 2176 2240 2435 2331; x_wconf 87' lang='lat' dir='ltr'><strong>miserunt</strong></span> <span class='ocrx_word' id='word_1_607' title='bbox 2454 2256 2650 2301; x_wconf 90' lang='lat' dir='ltr'><strong>sortem</strong></span> <span class='ocrx_word' id='word_1_608' title='bbox 2680 2269 2699 2300; x_wconf 77' lang='grc' dir='ltr'>ι</span> <span class='ocrx_word' id='word_1_609' title='bbox 2727 2250 2896 2321; x_wconf 82' lang='lat' dir='ltr'><strong>(Psal.</strong></span> <span class='ocrx_word' id='word_1_610' title='bbox 2925 2271 3036 2322; x_wconf 73' lang='lat' dir='ltr'><strong>XXI,</strong></span> <span class='ocrx_word' id='word_1_611' title='bbox 3060 2258 3263 2330; x_wconf 78' lang='lat' dir='ltr'><strong>l7-l9).</strong></span> <span class='ocrx_word' id='word_1_612' title='bbox 3280 2261 3409 2329; x_wconf 92' lang='lat' dir='ltr'><strong>Quis</strong></span> <span class='ocrx_word' id='word_1_613' title='bbox 3424 2279 3552 2331; x_wconf 92' lang='lat' dir='ltr'><strong>non,</strong></span> 
     </span>
    </p>
   </div>
   <div class='ocr_carea' id='block_1_82' title="bbox 1985 2324 3556 2421">
    <p class='ocr_par' dir='ltr' id='par_1_82' title="bbox 1985 2324 3556 2421">
     <span class='ocr_line' id='line_1_82' title="bbox 1985 2324 3556 2421; baseline 0.022 -44"><span class='ocrx_word' id='word_1_614' title='bbox 1985 2324 2191 2395; x_wconf 76' lang='lat' dir='ltr'><strong>legente</strong></span> <span class='ocrx_word' id='word_1_615' title='bbox 2233 2330 2433 2389; x_wconf 85' lang='lat' dir='ltr'><strong>lectore</strong></span> <span class='ocrx_word' id='word_1_616' title='bbox 2471 2335 2754 2403; x_wconf 82' lang='lat' dir='ltr'><strong>Psalmum,</strong></span> <span class='ocrx_word' id='word_1_617' title='bbox 2797 2356 3047 2411; x_wconf 82' lang='lat' dir='ltr'><strong>agnoscat</strong></span> <span class='ocrx_word' id='word_1_618' title='bbox 3074 2324 3461 2421; x_wconf 77' lang='lat' dir='ltr'><strong>Evangelium?</strong></span> 
     </span>
    </p>
   </div>
   <div class='ocr_carea' id='block_1_83' title="bbox 1985 2424 3548 2512">
    <p class='ocr_par' dir='ltr' id='par_1_83' title="bbox 1985 2424 3548 2512">
     <span class='ocr_line' id='line_1_83' title="bbox 1985 2424 3548 2512; baseline 0.019 -41"><span class='ocrx_word' id='word_1_619' title='bbox 1985 2427 2156 2474; x_wconf 90' lang='lat' dir='ltr'><strong>tamen</strong></span> <span class='ocrx_word' id='word_1_620' title='bbox 2200 2436 2319 2476; x_wconf 91' lang='lat' dir='ltr'><strong>cum</strong></span> <span class='ocrx_word' id='word_1_621' title='bbox 2365 2424 2630 2483; x_wconf 89' lang='lat' dir='ltr'><strong>diceretur</strong></span> <span class='ocrx_word' id='word_1_622' title='bbox 2673 2431 2726 2484; x_wconf 92' lang='lat' dir='ltr'><strong>in</strong></span> <span class='ocrx_word' id='word_1_623' title='bbox 2757 2432 2986 2499; x_wconf 82' lang='lat' dir='ltr'><strong>Psalmo,</strong></span> <span class='ocrx_word' id='word_1_624' title='bbox 3037 2452 3145 2492; x_wconf 88' lang='lat' dir='ltr'><strong>non</strong></span> <span class='ocrx_word' id='word_1_625' title='bbox 3190 2440 3386 2497; x_wconf 89' lang='lat' dir='ltr'><strong>dictum</strong></span> <span class='ocrx_word' id='word_1_626' title='bbox 3428 2455 3548 2512; x_wconf 86' lang='lat' dir='ltr'><strong>est,</strong></span> 
     </span>
    </p>
   </div>
   <div class='ocr_carea' id='block_1_84' title="bbox 1982 2509 3552 2602">
    <p class='ocr_par' dir='ltr' id='par_1_84' title="bbox 1982 2509 3552 2602">
     <span class='ocr_line' id='line_1_84' title="bbox 1982 2509 3552 2602; baseline 0.018 -39"><span class='ocrx_word' id='word_1_627' title='bbox 1982 2509 2197 2567; x_wconf 88' lang='lat' dir='ltr'><strong>Fossuri</strong></span> <span class='ocrx_word' id='word_1_628' title='bbox 2223 2523 2346 2569; x_wconf 86' lang='lat' dir='ltr'><strong>sunt</strong></span> <span class='ocrx_word' id='word_1_629' title='bbox 2363 2526 2552 2574; x_wconf 89' lang='lat' dir='ltr'><strong>manus</strong></span> <span class='ocrx_word' id='word_1_630' title='bbox 2568 2535 2716 2576; x_wconf 88' lang='lat' dir='ltr'><strong>meas</strong></span> <span class='ocrx_word' id='word_1_631' title='bbox 2735 2532 2790 2578; x_wconf 91' lang='lat' dir='ltr'><strong>et</strong></span> <span class='ocrx_word' id='word_1_632' title='bbox 2813 2526 3008 2595; x_wconf 85' lang='lat' dir='ltr'><strong>pedes;</strong></span> <span class='ocrx_word' id='word_1_633' title='bbox 3040 2530 3155 2593; x_wconf 89' lang='lat' dir='ltr'><strong>sed,</strong></span> <span class='ocrx_word' id='word_1_634' title='bbox 3179 2534 3413 2602; x_wconf 77' lang='lat' dir='ltr'><strong>foderunt</strong></span> <span class='ocrx_word' id='word_1_635' title='bbox 3438 2509 3552 2590; x_wconf 69' lang='lat' dir='ltr'><strong>nur-</strong></span> 
     </span>
    </p>
   </div>
   <div class='ocr_carea' id='block_1_85' title="bbox 1980 2608 3552 2684">
    <p class='ocr_par' dir='ltr' id='par_1_85' title="bbox 1980 2608 3552 2684">
     <span class='ocr_line' id='line_1_85' title="bbox 1980 2608 3552 2684; baseline 0.019 -31"><span class='ocrx_word' id='word_1_636' title='bbox 1980 2616 2074 2654; x_wconf 82' lang='lat' dir='ltr'><strong>nus</strong></span> <span class='ocrx_word' id='word_1_637' title='bbox 2098 2618 2232 2658; x_wconf 87' lang='lat' dir='ltr'><strong>meas</strong></span> <span class='ocrx_word' id='word_1_638' title='bbox 2262 2615 2310 2659; x_wconf 89' lang='lat' dir='ltr'><strong>et</strong></span> <span class='ocrx_word' id='word_1_639' title='bbox 2338 2608 2488 2677; x_wconf 80' lang='lat' dir='ltr'><strong>pedes</strong></span> <span class='ocrx_word' id='word_1_640' title='bbox 2506 2626 2529 2662; x_wconf 87' lang='lat'><strong><em>:</em></strong></span> <span class='ocrx_word' id='word_1_641' title='bbox 2545 2622 2643 2666; x_wconf 90' lang='lat' dir='ltr'><strong>nec</strong></span> <span class='ocrx_word' id='word_1_642' title='bbox 2667 2613 2865 2669; x_wconf 83' lang='lat' dir='ltr'><strong>dictum</strong></span> <span class='ocrx_word' id='word_1_643' title='bbox 2886 2627 2989 2684; x_wconf 86' lang='lat' dir='ltr'><strong>est,</strong></span> <span class='ocrx_word' id='word_1_644' title='bbox 3017 2619 3408 2680; x_wconf 85' lang='lat' dir='ltr'><strong>Dinumeraturi</strong></span> <span class='ocrx_word' id='word_1_645' title='bbox 3427 2638 3552 2683; x_wconf 83' lang='lat' dir='ltr'><strong>sunt</strong></span> 
     </span>
    </p>
   </div>
   <div class='ocr_carea' id='block_1_86' title="bbox 1979 2697 3547 2773">
    <p class='ocr_par' dir='ltr' id='par_1_86' title="bbox 1979 2697 3547 2773">
     <span class='ocr_line' id='line_1_86' title="bbox 1979 2697 3547 2773; baseline 0.02 -30"><span class='ocrx_word' id='word_1_646' title='bbox 1979 2703 2099 2745; x_wconf 91' lang='lat' dir='ltr'><strong>ossa</strong></span> <span class='ocrx_word' id='word_1_647' title='bbox 2122 2708 2277 2762; x_wconf 91' lang='lat' dir='ltr'><strong>mea;</strong></span> <span class='ocrx_word' id='word_1_648' title='bbox 2308 2697 2420 2762; x_wconf 90' lang='lat' dir='ltr'><strong>sed,</strong></span> <span class='ocrx_word' id='word_1_649' title='bbox 2455 2700 2890 2758; x_wconf 84' lang='lat' dir='ltr'><strong>dinumeraverunt</strong></span> <span class='ocrx_word' id='word_1_650' title='bbox 2913 2723 3026 2762; x_wconf 85' lang='lat' dir='ltr'><strong>ossa</strong></span> <span class='ocrx_word' id='word_1_651' title='bbox 3045 2727 3154 2765; x_wconf 88' lang='lat' dir='ltr'><strong>mea</strong></span> <span class='ocrx_word' id='word_1_652' title='bbox 3186 2729 3207 2766; x_wconf 92' lang='lat'><strong><em>:</em></strong></span> <span class='ocrx_word' id='word_1_653' title='bbox 3234 2729 3333 2770; x_wconf 91' lang='lat' dir='ltr'><strong>nec</strong></span> <span class='ocrx_word' id='word_1_654' title='bbox 3350 2716 3547 2773; x_wconf 88' lang='lat' dir='ltr'><strong>dictum</strong></span> 
     </span>
    </p>
   </div>
   <div class='ocr_carea' id='block_1_87' title="bbox 1980 2784 3550 2868">
    <p class='ocr_par' dir='ltr' id='par_1_87' title="bbox 1980 2784 3550 2868">
     <span class='ocr_line' id='line_1_87' title="bbox 1980 2784 3550 2868; baseline 0.017 -31"><span class='ocrx_word' id='word_1_655' title='bbox 1980 2791 2079 2846; x_wconf 82' lang='lat' dir='ltr'><strong>est,</strong></span> <span class='ocrx_word' id='word_1_656' title='bbox 2126 2784 2353 2841; x_wconf 84' lang='lat' dir='ltr'><strong>Divisuri</strong></span> <span class='ocrx_word' id='word_1_657' title='bbox 2398 2798 2523 2844; x_wconf 91' lang='lat' dir='ltr'><strong>sunt</strong></span> <span class='ocrx_word' id='word_1_658' title='bbox 2562 2794 2871 2850; x_wconf 90' lang='lat' dir='ltr'><strong>vestimenta</strong></span> <span class='ocrx_word' id='word_1_659' title='bbox 2918 2814 3067 2863; x_wconf 88' lang='lat' dir='ltr'><strong>mea;</strong></span> <span class='ocrx_word' id='word_1_660' title='bbox 3116 2803 3230 2868; x_wconf 90' lang='lat' dir='ltr'><strong>sed,</strong></span> <span class='ocrx_word' id='word_1_661' title='bbox 3277 2806 3550 2863; x_wconf 85' lang='lat' dir='ltr'><strong>diviserunt</strong></span> 
     </span>
    </p>
   </div>
   <div class='ocr_carea' id='block_1_88' title="bbox 1974 2875 3554 2961">
    <p class='ocr_par' dir='ltr' id='par_1_88' title="bbox 1974 2875 3554 2961">
     <span class='ocr_line' id='line_1_88' title="bbox 1974 2875 3554 2961; baseline 0.019 -35"><span class='ocrx_word' id='word_1_662' title='bbox 1974 2875 2071 2928; x_wconf 84' lang='lat' dir='ltr'><strong>sibi</strong></span> <span class='ocrx_word' id='word_1_663' title='bbox 2116 2879 2402 2934; x_wconf 85' lang='lat' dir='ltr'><strong>vestimenta</strong></span> <span class='ocrx_word' id='word_1_664' title='bbox 2438 2900 2567 2937; x_wconf 85' lang='lat' dir='ltr'><strong>mea.</strong></span> <span class='ocrx_word' id='word_1_665' title='bbox 2598 2885 2723 2941; x_wconf 59' lang='lat' dir='ltr'><strong>Haec</strong></span> <span class='ocrx_word' id='word_1_666' title='bbox 2759 2891 2935 2944; x_wconf 87' lang='lat' dir='ltr'><strong>omnia</strong></span> <span class='ocrx_word' id='word_1_667' title='bbox 2976 2908 3095 2961; x_wconf 78' lang='lat' dir='ltr'><strong>qure</strong></span> <span class='ocrx_word' id='word_1_668' title='bbox 3137 2894 3308 2951; x_wconf 82' lang='lat' dir='ltr'><strong>futura</strong></span> <span class='ocrx_word' id='word_1_669' title='bbox 3338 2900 3554 2955; x_wconf 73' lang='lat' dir='ltr'><strong>videbat</strong></span> 
     </span>
    </p>
   </div>
   <div class='ocr_carea' id='block_1_89' title="bbox 1976 2966 3542 3060">
    <p class='ocr_par' dir='ltr' id='par_1_89' title="bbox 1976 2966 3542 3060">
     <span class='ocr_line' id='line_1_89' title="bbox 1976 2966 3542 3060; baseline 0.018 -40"><span class='ocrx_word' id='word_1_670' title='bbox 1976 2966 2263 3037; x_wconf 84' lang='lat' dir='ltr'><strong>Propheta,</strong></span> <span class='ocrx_word' id='word_1_671' title='bbox 2305 2982 2550 3042; x_wconf 84' lang='lat' dir='ltr'><strong>tanquam</strong></span> <span class='ocrx_word' id='word_1_672' title='bbox 2580 2981 2841 3045; x_wconf 85' lang='lat' dir='ltr'><strong>praeterita</strong></span> <span class='ocrx_word' id='word_1_673' title='bbox 2889 2981 3157 3040; x_wconf 89' lang='lat' dir='ltr'><strong>indicabat</strong></span> <span class='ocrx_word' id='word_1_674' title='bbox 3187 3006 3201 3040; x_wconf 94' lang='lat'>:</span> <span class='ocrx_word' id='word_1_675' title='bbox 3232 2989 3308 3044; x_wconf 89' lang='lat' dir='ltr'><strong>sic</strong></span> <span class='ocrx_word' id='word_1_676' title='bbox 3335 3000 3390 3045; x_wconf 92' lang='lat' dir='ltr'><strong>et</strong></span> <span class='ocrx_word' id='word_1_677' title='bbox 3416 2994 3500 3047; x_wconf 90' lang='lat' dir='ltr'><strong>hic</strong></span> <span class='ocrx_word' id='word_1_678' title='bbox 3523 3034 3542 3060; x_wconf 83' lang='lat'><strong>,</strong></span> 
     </span>
    </p>
   </div>
   <div class='ocr_carea' id='block_1_90' title="bbox 1974 3056 3546 3151">
    <p class='ocr_par' dir='ltr' id='par_1_90' title="bbox 1974 3056 3546 3151">
     <span class='ocr_line' id='line_1_90' title="bbox 1974 3056 3546 3151; baseline 0.018 -40"><span class='ocrx_word' id='word_1_679' title='bbox 1974 3056 2298 3129; x_wconf 72' lang='lat' dir='ltr'><strong>Benedixisti,</strong></span> <span class='ocrx_word' id='word_1_680' title='bbox 2327 3064 2562 3133; x_wconf 85' lang='lat' dir='ltr'><strong>Domine,</strong></span> <span class='ocrx_word' id='word_1_681' title='bbox 2598 3080 2781 3126; x_wconf 89' lang='lat' dir='ltr'><strong>terram</strong></span> <span class='ocrx_word' id='word_1_682' title='bbox 2825 3083 2999 3141; x_wconf 84' lang='lat' dir='ltr'><strong>tuam;</strong></span> <span class='ocrx_word' id='word_1_683' title='bbox 3025 3086 3271 3148; x_wconf 83' lang='lat' dir='ltr'><strong>tanquam</strong></span> <span class='ocrx_word' id='word_1_684' title='bbox 3317 3082 3428 3151; x_wconf 85' lang='lat' dir='ltr'><strong>jam</strong></span> <span class='ocrx_word' id='word_1_685' title='bbox 3463 3056 3546 3140; x_wconf 75' lang='lat' dir='ltr'><strong>fe-</strong></span> 
     </span>
    </p>
   </div>
   <div class='ocr_carea' id='block_1_91' title="bbox 1972 3155 2126 3209">
    <p class='ocr_par' dir='ltr' id='par_1_91' title="bbox 1972 3155 2126 3209">
     <span class='ocr_line' id='line_1_91' title="bbox 1972 3155 2126 3209; baseline -0.019 0"><span class='ocrx_word' id='word_1_686' title='bbox 1972 3155 2126 3209; x_wconf 86' lang='lat' dir='ltr'><strong>cerit.</strong></span> 
     </span>
    </p>
   </div>
   <div class='ocr_carea' id='block_1_92' title="bbox 2048 3247 3541 3337">
    <p class='ocr_par' dir='ltr' id='par_1_92' title="bbox 2048 3247 3541 3337">
     <span class='ocr_line' id='line_1_92' title="bbox 2048 3247 3541 3337; baseline 0.017 -37"><span class='ocrx_word' id='word_1_687' title='bbox 2048 3247 2100 3300; x_wconf 77' lang='grc' dir='ltr'><strong>ι.</strong></span> <span class='ocrx_word' id='word_1_688' title='bbox 2131 3250 2364 3305; x_wconf 81' lang='lat' dir='ltr'><strong>Avertisti</strong></span> <span class='ocrx_word' id='word_1_689' title='bbox 2410 3253 2747 3322; x_wconf 83' lang='lat' dir='ltr'><strong>captivitatem</strong></span> <span class='ocrx_word' id='word_1_690' title='bbox 2775 3257 2955 3319; x_wconf 72' lang='lat' dir='ltr'><strong>Iacob.</strong></span> <span class='ocrx_word' id='word_1_691' title='bbox 2989 3262 3219 3333; x_wconf 88' lang='lat' dir='ltr'><strong>Populus</strong></span> <span class='ocrx_word' id='word_1_692' title='bbox 3246 3266 3361 3337; x_wconf 88' lang='lat' dir='ltr'><strong>ejus</strong></span> <span class='ocrx_word' id='word_1_693' title='bbox 3401 3270 3541 3324; x_wconf 88' lang='lat' dir='ltr'><strong>anti-</strong></span> 
     </span>
    </p>
   </div>
   <div class='ocr_carea' id='block_1_93' title="bbox 1940 3340 3537 3425">
    <p class='ocr_par' dir='ltr' id='par_1_93' title="bbox 1940 3340 3537 3425">
     <span class='ocr_line' id='line_1_93' title="bbox 1940 3340 3537 3425; baseline 0.014 -33"><span class='ocrx_word' id='word_1_694' title='bbox 1940 3353 2106 3408; x_wconf 72' lang='lat' dir='ltr'><strong>oquus</strong></span> <span class='ocrx_word' id='word_1_695' title='bbox 2128 3340 2313 3409; x_wconf 83' lang='lat' dir='ltr'><strong>Jacob,</strong></span> <span class='ocrx_word' id='word_1_696' title='bbox 2341 3345 2564 3413; x_wconf 90' lang='lat' dir='ltr'><strong>populus</strong></span> <span class='ocrx_word' id='word_1_697' title='bbox 2580 3345 2761 3413; x_wconf 90' lang='lat' dir='ltr'><strong>lsrael,</strong></span> <span class='ocrx_word' id='word_1_698' title='bbox 2792 3360 2945 3408; x_wconf 91' lang='lat' dir='ltr'><strong>natus</strong></span> <span class='ocrx_word' id='word_1_699' title='bbox 2969 3353 3036 3408; x_wconf 88' lang='lat' dir='ltr'><strong>de</strong></span> <span class='ocrx_word' id='word_1_700' title='bbox 3063 3356 3265 3412; x_wconf 90' lang='lat' dir='ltr'><strong>semine</strong></span> <span class='ocrx_word' id='word_1_701' title='bbox 3288 3358 3537 3425; x_wconf 73' lang='lat' dir='ltr'><strong>Abrahae,</strong></span> 
     </span>
    </p>
   </div>
   <div class='ocr_carea' id='block_1_94' title="bbox 1971 3428 3540 3510">
    <p class='ocr_par' dir='ltr' id='par_1_94' title="bbox 1971 3428 3540 3510">
     <span class='ocr_line' id='line_1_94' title="bbox 1971 3428 3540 3510; baseline 0.013 -27"><span class='ocrx_word' id='word_1_702' title='bbox 1971 3428 2026 3484; x_wconf 91' lang='lat' dir='ltr'><strong>in</strong></span> <span class='ocrx_word' id='word_1_703' title='bbox 2054 3432 2465 3501; x_wconf 88' lang='lat' dir='ltr'><strong>repromissione</strong></span> <span class='ocrx_word' id='word_1_704' title='bbox 2510 3433 2718 3493; x_wconf 80' lang='lat' dir='ltr'><strong>futurus</strong></span> <span class='ocrx_word' id='word_1_705' title='bbox 2739 3439 3018 3510; x_wconf 87' lang='lat' dir='ltr'><strong>aliquando</strong></span> <span class='ocrx_word' id='word_1_706' title='bbox 3056 3444 3227 3501; x_wconf 66' lang='lat' dir='ltr'><strong>haeres</strong></span> <span class='ocrx_word' id='word_1_707' title='bbox 3263 3447 3377 3504; x_wconf 89' lang='lat' dir='ltr'><strong>Dei.</strong></span> <span class='ocrx_word' id='word_1_708' title='bbox 3414 3449 3540 3505; x_wconf 89' lang='lat' dir='ltr'><strong>Erat</strong></span> 
     </span>
    </p>
   </div>
   <div class='ocr_carea' id='block_1_95' title="bbox 1970 3522 3535 3598">
    <p class='ocr_par' dir='ltr' id='par_1_95' title="bbox 1970 3522 3535 3598">
     <span class='ocr_line' id='line_1_95' title="bbox 1970 3522 3535 3598; baseline 0.013 -22"><span class='ocrx_word' id='word_1_709' title='bbox 1970 3522 2183 3591; x_wconf 90' lang='lat' dir='ltr'><strong>quidem</strong></span> <span class='ocrx_word' id='word_1_710' title='bbox 2214 3538 2341 3594; x_wconf 87' lang='lat' dir='ltr'><strong>ergo</strong></span> <span class='ocrx_word' id='word_1_711' title='bbox 2369 3525 2459 3582; x_wconf 90' lang='lat' dir='ltr'><strong>ille</strong></span> <span class='ocrx_word' id='word_1_712' title='bbox 2495 3530 2752 3598; x_wconf 91' lang='lat' dir='ltr'><strong>populus,</strong></span> <span class='ocrx_word' id='word_1_713' title='bbox 2774 3533 2859 3586; x_wconf 90' lang='lat' dir='ltr'><strong>cui</strong></span> <span class='ocrx_word' id='word_1_714' title='bbox 2898 3533 3077 3595; x_wconf 88' lang='lat' dir='ltr'><strong>datum</strong></span> <span class='ocrx_word' id='word_1_715' title='bbox 3115 3548 3199 3593; x_wconf 87' lang='lat' dir='ltr'><strong>est</strong></span> <span class='ocrx_word' id='word_1_716' title='bbox 3223 3539 3535 3596; x_wconf 61' lang='lat' dir='ltr'><strong>Testamen-</strong></span> 
     </span>
    </p>
   </div>
   <div class='ocr_carea' id='block_1_96' title="bbox 1970 3604 3538 3699">
    <p class='ocr_par' dir='ltr' id='par_1_96' title="bbox 1970 3604 3538 3699">
     <span class='ocr_line' id='line_1_96' title="bbox 1970 3604 3538 3699; baseline 0.015 -33"><span class='ocrx_word' id='word_1_717' title='bbox 1970 3604 2080 3669; x_wconf 84' lang='lat' dir='ltr'><strong>tum</strong></span> <span class='ocrx_word' id='word_1_718' title='bbox 2105 3615 2301 3685; x_wconf 86' lang='lat' dir='ltr'><strong>Vetus;</strong></span> <span class='ocrx_word' id='word_1_719' title='bbox 2325 3618 2417 3672; x_wconf 91' lang='lat' dir='ltr'><strong>sed</strong></span> <span class='ocrx_word' id='word_1_720' title='bbox 2446 3619 2496 3673; x_wconf 92' lang='lat' dir='ltr'><strong>in</strong></span> <span class='ocrx_word' id='word_1_721' title='bbox 2522 3619 2717 3676; x_wconf 80' lang='lat' dir='ltr'><strong>Vetere</strong></span> <span class='ocrx_word' id='word_1_722' title='bbox 2738 3622 3076 3681; x_wconf 88' lang='lat' dir='ltr'><strong>Testamento</strong></span> <span class='ocrx_word' id='word_1_723' title='bbox 3097 3627 3419 3699; x_wconf 78' lang='lat' dir='ltr'><strong>ﬁgurabatur</strong></span> <span class='ocrx_word' id='word_1_724' title='bbox 3438 3633 3538 3688; x_wconf 73' lang='grc' dir='ltr'><strong>Το-</strong></span> 
     </span>
    </p>
   </div>
   <div class='ocr_carea' id='block_1_97' title="bbox 1968 3709 3536 3794">
    <p class='ocr_par' dir='ltr' id='par_1_97' title="bbox 1968 3709 3536 3794">
     <span class='ocr_line' id='line_1_97' title="bbox 1968 3709 3536 3794; baseline 0.013 -34"><span class='ocrx_word' id='word_1_725' title='bbox 1968 3715 2287 3765; x_wconf 89' lang='lat' dir='ltr'><strong>stamentum</strong></span> <span class='ocrx_word' id='word_1_726' title='bbox 2311 3709 2513 3768; x_wconf 85' lang='lat' dir='ltr'><strong>Novum</strong></span> <span class='ocrx_word' id='word_1_727' title='bbox 2542 3715 2597 3767; x_wconf 72' lang='grc' dir='ltr'>ἐ</span> <span class='ocrx_word' id='word_1_728' title='bbox 2624 3714 2710 3768; x_wconf 91' lang='lat' dir='ltr'><strong>illa</strong></span> <span class='ocrx_word' id='word_1_729' title='bbox 2739 3714 2903 3784; x_wconf 79' lang='lat' dir='ltr'><strong>figura</strong></span> <span class='ocrx_word' id='word_1_730' title='bbox 2950 3727 3066 3774; x_wconf 85' lang='lat' dir='ltr'><strong>erat</strong></span> <span class='ocrx_word' id='word_1_731' title='bbox 3083 3761 3100 3786; x_wconf 94' lang='lat'><strong>,</strong></span> <span class='ocrx_word' id='word_1_732' title='bbox 3127 3721 3242 3777; x_wconf 63' lang='lat' dir='ltr'><strong>haec</strong></span> <span class='ocrx_word' id='word_1_733' title='bbox 3263 3729 3536 3794; x_wconf 78' lang='lat' dir='ltr'><strong>expressio</strong></span> 
     </span>
    </p>
   </div>
   <div class='ocr_carea' id='block_1_98' title="bbox 1966 3801 3533 3884">
    <p class='ocr_par' dir='ltr' id='par_1_98' title="bbox 1966 3801 3533 3884">
     <span class='ocr_line' id='line_1_98' title="bbox 1966 3801 3533 3884; baseline 0.011 -30"><span class='ocrx_word' id='word_1_734' title='bbox 1966 3801 2225 3857; x_wconf 85' lang='lat' dir='ltr'><strong>veritatis.</strong></span> <span class='ocrx_word' id='word_1_735' title='bbox 2270 3802 2327 3858; x_wconf 84' lang='lat' dir='ltr'><strong>In</strong></span> <span class='ocrx_word' id='word_1_736' title='bbox 2367 3804 2454 3859; x_wconf 90' lang='lat' dir='ltr'><strong>illa</strong></span> <span class='ocrx_word' id='word_1_737' title='bbox 2502 3813 2678 3860; x_wconf 89' lang='lat' dir='ltr'><strong>autem</strong></span> <span class='ocrx_word' id='word_1_738' title='bbox 2708 3804 2873 3876; x_wconf 82' lang='lat' dir='ltr'><strong>ﬁgura</strong></span> <span class='ocrx_word' id='word_1_739' title='bbox 2918 3812 3208 3866; x_wconf 87' lang='lat' dir='ltr'><strong>secundum</strong></span> <span class='ocrx_word' id='word_1_740' title='bbox 3256 3817 3533 3884; x_wconf 85' lang='lat' dir='ltr'><strong>quamdam</strong></span> 
     </span>
    </p>
   </div>
   <div class='ocr_carea' id='block_1_99' title="bbox 1969 3891 3534 3974">
    <p class='ocr_par' dir='ltr' id='par_1_99' title="bbox 1969 3891 3534 3974">
     <span class='ocr_line' id='line_1_99' title="bbox 1969 3891 3534 3974; baseline 0.013 -31"><span class='ocrx_word' id='word_1_741' title='bbox 1969 3891 2457 3959; x_wconf 67' lang='lat' dir='ltr'><strong>praenuntiatiouem</strong></span> <span class='ocrx_word' id='word_1_742' title='bbox 2485 3894 2813 3958; x_wconf 81' lang='lat' dir='ltr'><strong>futurorum,</strong></span> <span class='ocrx_word' id='word_1_743' title='bbox 2842 3897 2961 3952; x_wconf 90' lang='lat' dir='ltr'><strong>data</strong></span> <span class='ocrx_word' id='word_1_744' title='bbox 2994 3910 3077 3956; x_wconf 91' lang='lat' dir='ltr'><strong>est</strong></span> <span class='ocrx_word' id='word_1_745' title='bbox 3103 3902 3179 3957; x_wconf 88' lang='lat' dir='ltr'><strong>illi</strong></span> <span class='ocrx_word' id='word_1_746' title='bbox 3211 3906 3405 3974; x_wconf 89' lang='lat' dir='ltr'><strong>populo</strong></span> <span class='ocrx_word' id='word_1_747' title='bbox 3420 3918 3534 3962; x_wconf 84' lang='lat' dir='ltr'><strong>ter-</strong></span> 
     </span>
    </p>
   </div>
   <div class='ocr_carea' id='block_1_100' title="bbox 1966 3981 3531 4065">
    <p class='ocr_par' dir='ltr' id='par_1_100' title="bbox 1966 3981 3531 4065">
     <span class='ocr_line' id='line_1_100' title="bbox 1966 3981 3531 4065; baseline 0.014 -33"><span class='ocrx_word' id='word_1_748' title='bbox 1966 3995 2024 4034; x_wconf 86' lang='lat' dir='ltr'><strong>ra</strong></span> <span class='ocrx_word' id='word_1_749' title='bbox 2064 3981 2301 4050; x_wconf 72' lang='lat' dir='ltr'><strong>quaedam</strong></span> <span class='ocrx_word' id='word_1_750' title='bbox 2369 3986 2761 4053; x_wconf 87' lang='lat' dir='ltr'><strong>promissionis,</strong></span> <span class='ocrx_word' id='word_1_751' title='bbox 2810 3991 2860 4042; x_wconf 93' lang='lat' dir='ltr'><strong>in</strong></span> <span class='ocrx_word' id='word_1_752' title='bbox 2907 3992 3132 4061; x_wconf 87' lang='lat' dir='ltr'><strong>quadam</strong></span> <span class='ocrx_word' id='word_1_753' title='bbox 3180 3997 3396 4065; x_wconf 83' lang='lat' dir='ltr'><strong>regione</strong></span> <span class='ocrx_word' id='word_1_754' title='bbox 3446 4002 3531 4056; x_wconf 91' lang='lat' dir='ltr'><strong>ubi</strong></span> 
     </span>
    </p>
   </div>
   <div class='ocr_carea' id='block_1_101' title="bbox 1967 4072 3531 4146">
    <p class='ocr_par' dir='ltr' id='par_1_101' title="bbox 1967 4072 3531 4146">
     <span class='ocr_line' id='line_1_101' title="bbox 1967 4072 3531 4146; baseline 0.013 -20"><span class='ocrx_word' id='word_1_755' title='bbox 1967 4072 2220 4127; x_wconf 89' lang='lat' dir='ltr'><strong>habitavit</strong></span> <span class='ocrx_word' id='word_1_756' title='bbox 2240 4076 2465 4143; x_wconf 89' lang='lat' dir='ltr'><strong>populus</strong></span> <span class='ocrx_word' id='word_1_757' title='bbox 2481 4076 2819 4145; x_wconf 67' lang='lat' dir='ltr'><strong>Judazorum;</strong></span> <span class='ocrx_word' id='word_1_758' title='bbox 2844 4083 2931 4136; x_wconf 91' lang='lat' dir='ltr'><strong>ubi</strong></span> <span class='ocrx_word' id='word_1_759' title='bbox 2952 4093 3035 4139; x_wconf 89' lang='lat' dir='ltr'><strong>est</strong></span> <span class='ocrx_word' id='word_1_760' title='bbox 3060 4086 3219 4141; x_wconf 89' lang='lat' dir='ltr'><strong>etiam</strong></span> <span class='ocrx_word' id='word_1_761' title='bbox 3240 4088 3531 4146; x_wconf 79' lang='lat' dir='ltr'><strong>Jerusalem</strong></span> 
     </span>
    </p>
   </div>
   <div class='ocr_carea' id='block_1_102' title="bbox 1964 4166 3533 4255">
    <p class='ocr_par' dir='ltr' id='par_1_102' title="bbox 1964 4166 3533 4255">
     <span class='ocr_line' id='line_1_102' title="bbox 1964 4166 3533 4255; baseline 0.011 -34"><span class='ocrx_word' id='word_1_762' title='bbox 1964 4166 2186 4233; x_wconf 86' lang='lat' dir='ltr'><strong>civitas,</strong></span> <span class='ocrx_word' id='word_1_763' title='bbox 2217 4167 2366 4236; x_wconf 85' lang='lat' dir='ltr'><strong>cujus</strong></span> <span class='ocrx_word' id='word_1_764' title='bbox 2403 4183 2594 4225; x_wconf 91' lang='lat' dir='ltr'><strong>nomen</strong></span> <span class='ocrx_word' id='word_1_765' title='bbox 2640 4187 2827 4228; x_wconf 90' lang='lat' dir='ltr'><strong>omnes</strong></span> <span class='ocrx_word' id='word_1_766' title='bbox 2874 4175 3190 4234; x_wconf 89' lang='lat' dir='ltr'><strong>audivimus.</strong></span> <span class='ocrx_word' id='word_1_767' title='bbox 3234 4181 3381 4238; x_wconf 85' lang='lat' dir='ltr'><strong>Hanc</strong></span> <span class='ocrx_word' id='word_1_768' title='bbox 3401 4201 3533 4255; x_wconf 83' lang='lat' dir='ltr'><strong>ergo</strong></span> 
     </span>
    </p>
   </div>
   <div class='ocr_carea' id='block_1_103' title="bbox 1966 4262 3531 4338">
    <p class='ocr_par' dir='ltr' id='par_1_103' title="bbox 1966 4262 3531 4338">
     <span class='ocr_line' id='line_1_103' title="bbox 1966 4262 3531 4338; baseline 0.013 -26"><span class='ocrx_word' id='word_1_769' title='bbox 1966 4266 2156 4313; x_wconf 85' lang='lat' dir='ltr'><strong>terram</strong></span> <span class='ocrx_word' id='word_1_770' title='bbox 2181 4274 2302 4314; x_wconf 91' lang='lat' dir='ltr'><strong>eum</strong></span> <span class='ocrx_word' id='word_1_771' title='bbox 2331 4262 2622 4332; x_wconf 88' lang='lat' dir='ltr'><strong>accepisset</strong></span> <span class='ocrx_word' id='word_1_772' title='bbox 2648 4264 2735 4321; x_wconf 92' lang='lat' dir='ltr'><strong>ille</strong></span> <span class='ocrx_word' id='word_1_773' title='bbox 2760 4267 2989 4338; x_wconf 90' lang='lat' dir='ltr'><strong>populus</strong></span> <span class='ocrx_word' id='word_1_774' title='bbox 3010 4310 3025 4334; x_wconf 92' lang='lat'><strong>,</strong></span> <span class='ocrx_word' id='word_1_775' title='bbox 3056 4271 3125 4326; x_wconf 89' lang='lat' dir='ltr'><strong>ab</strong></span> <span class='ocrx_word' id='word_1_776' title='bbox 3150 4271 3397 4330; x_wconf 84' lang='lat' dir='ltr'><strong>hostibus</strong></span> <span class='ocrx_word' id='word_1_777' title='bbox 3419 4278 3531 4332; x_wconf 84' lang='lat' dir='ltr'><strong>suis</strong></span> 
     </span>
    </p>
   </div>
   <div class='ocr_carea' id='block_1_104' title="bbox 1962 4350 3531 4424">
    <p class='ocr_par' dir='ltr' id='par_1_104' title="bbox 1962 4350 3531 4424">
     <span class='ocr_line' id='line_1_104' title="bbox 1962 4350 3531 4424; baseline 0.013 -22"><span class='ocrx_word' id='word_1_778' title='bbox 1962 4350 2152 4403; x_wconf 90' lang='lat' dir='ltr'><strong>vicinis</strong></span> <span class='ocrx_word' id='word_1_779' title='bbox 2179 4351 2588 4423; x_wconf 87' lang='lat' dir='ltr'><strong>circumquaque</strong></span> <span class='ocrx_word' id='word_1_780' title='bbox 2611 4355 3001 4415; x_wconf 88' lang='lat' dir='ltr'><strong>inimicantibus</strong></span> <span class='ocrx_word' id='word_1_781' title='bbox 3029 4364 3226 4418; x_wconf 88' lang='lat' dir='ltr'><strong>multas</strong></span> <span class='ocrx_word' id='word_1_782' title='bbox 3257 4368 3531 4424; x_wconf 85' lang='lat' dir='ltr'><strong>molestias</strong></span> 
     </span>
    </p>
   </div>
   <div class='ocr_carea' id='block_1_105' title="bbox 1961 4442 3530 4519">
    <p class='ocr_par' dir='ltr' id='par_1_105' title="bbox 1961 4442 3530 4519">
     <span class='ocr_line' id='line_1_105' title="bbox 1961 4442 3530 4519; baseline 0.014 -24"><span class='ocrx_word' id='word_1_783' title='bbox 1961 4442 2257 4511; x_wconf 87' lang='lat' dir='ltr'><strong>patiebatur</strong></span> <span class='ocrx_word' id='word_1_784' title='bbox 2284 4461 2297 4495; x_wconf 91' lang='lat'>:</span> <span class='ocrx_word' id='word_1_785' title='bbox 2328 4454 2382 4498; x_wconf 91' lang='lat' dir='ltr'><strong>et</strong></span> <span class='ocrx_word' id='word_1_786' title='bbox 2409 4460 2527 4499; x_wconf 93' lang='lat' dir='ltr'><strong>cum</strong></span> <span class='ocrx_word' id='word_1_787' title='bbox 2558 4449 2807 4515; x_wconf 90' lang='lat' dir='ltr'><strong>peccabat</strong></span> <span class='ocrx_word' id='word_1_788' title='bbox 2833 4451 2888 4504; x_wconf 90' lang='lat' dir='ltr'><strong>in</strong></span> <span class='ocrx_word' id='word_1_789' title='bbox 2914 4452 3079 4508; x_wconf 85' lang='lat' dir='ltr'><strong>Deum</strong></span> <span class='ocrx_word' id='word_1_790' title='bbox 3103 4470 3276 4519; x_wconf 88' lang='lat' dir='ltr'><strong>suum,</strong></span> <span class='ocrx_word' id='word_1_791' title='bbox 3307 4457 3530 4518; x_wconf 88' lang='lat' dir='ltr'><strong>dabatur</strong></span> 
     </span>
    </p>
   </div>
   <div class='ocr_carea' id='block_1_106' title="bbox 1960 4533 3530 4622">
    <p class='ocr_par' dir='ltr' id='par_1_106' title="bbox 1960 4533 3530 4622">
     <span class='ocr_line' id='line_1_106' title="bbox 1960 4533 3530 4622; baseline 0.015 -37"><span class='ocrx_word' id='word_1_792' title='bbox 1960 4533 2013 4586; x_wconf 92' lang='lat' dir='ltr'><strong>iu</strong></span> <span class='ocrx_word' id='word_1_793' title='bbox 2051 4533 2403 4603; x_wconf 89' lang='lat' dir='ltr'><strong>captivitatem</strong></span> <span class='ocrx_word' id='word_1_794' title='bbox 2424 4551 2445 4600; x_wconf 92' lang='lat'><strong>;-</strong></span> <span class='ocrx_word' id='word_1_795' title='bbox 2486 4551 2590 4589; x_wconf 84' lang='lat' dir='ltr'><strong>non</strong></span> <span class='ocrx_word' id='word_1_796' title='bbox 2618 4538 2681 4591; x_wconf 87' lang='lat' dir='ltr'><strong>ad</strong></span> <span class='ocrx_word' id='word_1_797' title='bbox 2722 4538 2989 4617; x_wconf 72' lang='lat' dir='ltr'><strong>interitum</strong></span> <span class='ocrx_word' id='word_1_798' title='bbox 3011 4583 3026 4607; x_wconf 90' lang='lat'><strong>,</strong></span> <span class='ocrx_word' id='word_1_799' title='bbox 3067 4545 3160 4600; x_wconf 88' lang='lat' dir='ltr'><strong>sed</strong></span> <span class='ocrx_word' id='word_1_800' title='bbox 3190 4547 3257 4602; x_wconf 90' lang='lat' dir='ltr'><strong>ad</strong></span> <span class='ocrx_word' id='word_1_801' title='bbox 3285 4548 3530 4622; x_wconf 84' lang='lat' dir='ltr'><strong>discipli-</strong></span> 
     </span>
    </p>
   </div>
   <div class='ocr_carea' id='block_1_107' title="bbox 1904 4624 3528 4704">
    <p class='ocr_par' dir='ltr' id='par_1_107' title="bbox 1904 4624 3528 4704">
     <span class='ocr_line' id='line_1_107' title="bbox 1904 4624 3528 4704; baseline 0.014 -29"><span class='ocrx_word' id='word_1_802' title='bbox 1904 4633 1910 4643; x_wconf 86' lang='lat'>&#39;</span> <span class='ocrx_word' id='word_1_803' title='bbox 1959 4636 2114 4687; x_wconf 82' lang='lat' dir='ltr'><strong>nam;</strong></span> <span class='ocrx_word' id='word_1_804' title='bbox 2147 4638 2250 4676; x_wconf 91' lang='lat' dir='ltr'><strong>non</strong></span> <span class='ocrx_word' id='word_1_805' title='bbox 2281 4624 2563 4680; x_wconf 84' lang='lat' dir='ltr'><strong>damnante</strong></span> <span class='ocrx_word' id='word_1_806' title='bbox 2591 4636 2738 4694; x_wconf 87' lang='lat' dir='ltr'><strong>patre</strong></span> <span class='ocrx_word' id='word_1_807' title='bbox 2761 4670 2775 4693; x_wconf 96' lang='lat'><strong>,</strong></span> <span class='ocrx_word' id='word_1_808' title='bbox 2804 4631 2895 4686; x_wconf 91' lang='lat' dir='ltr'><strong>sed</strong></span> <span class='ocrx_word' id='word_1_809' title='bbox 2943 4631 3258 4704; x_wconf 79' lang='lat' dir='ltr'><strong>ﬂagellante.</strong></span> <span class='ocrx_word' id='word_1_810' title='bbox 3301 4638 3370 4693; x_wconf 86' lang='lat' dir='ltr'><strong>Et</strong></span> <span class='ocrx_word' id='word_1_811' title='bbox 3407 4657 3528 4697; x_wconf 88' lang='lat' dir='ltr'><strong>cum</strong></span> 
     </span>
    </p>
   </div>
   <div class='ocr_carea' id='block_1_108' title="bbox 1956 4714 3532 4798">
    <p class='ocr_par' dir='ltr' id='par_1_108' title="bbox 1956 4714 3532 4798">
     <span class='ocr_line' id='line_1_108' title="bbox 1956 4714 3532 4798; baseline 0.016 -34"><span class='ocrx_word' id='word_1_812' title='bbox 1956 4726 2200 4780; x_wconf 88' lang='lat' dir='ltr'><strong>possessa</strong></span> <span class='ocrx_word' id='word_1_813' title='bbox 2230 4723 2389 4780; x_wconf 91' lang='lat' dir='ltr'><strong>esset,</strong></span> <span class='ocrx_word' id='word_1_814' title='bbox 2412 4714 2751 4783; x_wconf 85' lang='lat' dir='ltr'><strong>liberabatur,</strong></span> <span class='ocrx_word' id='word_1_815' title='bbox 2778 4730 2832 4774; x_wconf 89' lang='lat' dir='ltr'><strong>et</strong></span> <span class='ocrx_word' id='word_1_816' title='bbox 2853 4721 3130 4791; x_wconf 80' lang='lat' dir='ltr'><strong>aliquoties</strong></span> <span class='ocrx_word' id='word_1_817' title='bbox 3155 4728 3418 4798; x_wconf 87' lang='lat' dir='ltr'><strong>captivata</strong></span> <span class='ocrx_word' id='word_1_818' title='bbox 3446 4744 3532 4789; x_wconf 88' lang='lat' dir='ltr'><strong>est</strong></span> 
     </span>
    </p>
   </div>
   <div class='ocr_carea' id='block_1_109' title="bbox 1958 4803 3523 4888">
    <p class='ocr_par' dir='ltr' id='par_1_109' title="bbox 1958 4803 3523 4888">
     <span class='ocr_line' id='line_1_109' title="bbox 1958 4803 3523 4888; baseline 0.013 -30"><span class='ocrx_word' id='word_1_819' title='bbox 1958 4813 2014 4858; x_wconf 88' lang='lat' dir='ltr'><strong>et</strong></span> <span class='ocrx_word' id='word_1_820' title='bbox 2040 4803 2259 4859; x_wconf 89' lang='lat' dir='ltr'><strong>liberata</strong></span> <span class='ocrx_word' id='word_1_821' title='bbox 2286 4816 2366 4860; x_wconf 87' lang='lat' dir='ltr'><strong>est</strong></span> <span class='ocrx_word' id='word_1_822' title='bbox 2395 4806 2482 4859; x_wconf 90' lang='lat' dir='ltr'><strong>illa</strong></span> <span class='ocrx_word' id='word_1_823' title='bbox 2511 4823 2642 4877; x_wconf 92' lang='lat' dir='ltr'><strong>gens</strong></span> <span class='ocrx_word' id='word_1_824' title='bbox 2666 4826 2680 4862; x_wconf 89' lang='lat'><strong>:</strong></span> <span class='ocrx_word' id='word_1_825' title='bbox 2710 4819 2766 4863; x_wconf 89' lang='lat' dir='ltr'><strong>et</strong></span> <span class='ocrx_word' id='word_1_826' title='bbox 2807 4811 2964 4867; x_wconf 90' lang='lat' dir='ltr'><strong>modo</strong></span> <span class='ocrx_word' id='word_1_827' title='bbox 2992 4814 3044 4868; x_wconf 90' lang='lat' dir='ltr'><strong>in</strong></span> <span class='ocrx_word' id='word_1_828' title='bbox 3069 4820 3372 4886; x_wconf 84' lang='lat' dir='ltr'><strong>captivitate</strong></span> <span class='ocrx_word' id='word_1_829' title='bbox 3399 4833 3482 4877; x_wconf 87' lang='lat' dir='ltr'><strong>est</strong></span> <span class='ocrx_word' id='word_1_830' title='bbox 3506 4864 3523 4888; x_wconf 94' lang='lat'><strong>,</strong></span> 
     </span>
    </p>
   </div>
   <div class='ocr_carea' id='block_1_110' title="bbox 1958 4896 3523 4972">
    <p class='ocr_par' dir='ltr' id='par_1_110' title="bbox 1958 4896 3523 4972">
     <span class='ocr_line' id='line_1_110' title="bbox 1958 4896 3523 4972; baseline 0.01 -20"><span class='ocrx_word' id='word_1_831' title='bbox 1958 4904 2013 4952; x_wconf 91' lang='lat' dir='ltr'><strong>et</strong></span> <span class='ocrx_word' id='word_1_832' title='bbox 2041 4896 2140 4951; x_wconf 90' lang='lat' dir='ltr'><strong>hoc</strong></span> <span class='ocrx_word' id='word_1_833' title='bbox 2165 4911 2261 4966; x_wconf 89' lang='lat' dir='ltr'><strong>pro</strong></span> <span class='ocrx_word' id='word_1_834' title='bbox 2285 4907 2501 4966; x_wconf 87' lang='lat' dir='ltr'><strong>peccato</strong></span> <span class='ocrx_word' id='word_1_835' title='bbox 2526 4914 2735 4969; x_wconf 83' lang='lat' dir='ltr'><strong>magno,</strong></span> <span class='ocrx_word' id='word_1_836' title='bbox 2761 4902 2901 4972; x_wconf 91' lang='lat' dir='ltr'><strong>quod</strong></span> <span class='ocrx_word' id='word_1_837' title='bbox 2921 4904 3201 4963; x_wconf 90' lang='lat' dir='ltr'><strong>Dominum</strong></span> <span class='ocrx_word' id='word_1_838' title='bbox 3223 4926 3378 4968; x_wconf 88' lang='lat' dir='ltr'><strong>suum</strong></span> <span class='ocrx_word' id='word_1_839' title='bbox 3404 4929 3523 4969; x_wconf 78' lang='lat' dir='ltr'><strong>cru-</strong></span> 
     </span>
    </p>
   </div>
   <div class='ocr_carea' id='block_1_111' title="bbox 1955 4989 3604 5075">
    <p class='ocr_par' dir='ltr' id='par_1_111' title="bbox 1955 4989 3604 5075">
     <span class='ocr_line' id='line_1_111' title="bbox 1955 4989 3604 5075; baseline 0.008 -31"><span class='ocrx_word' id='word_1_840' title='bbox 1955 4989 2138 5044; x_wconf 79' lang='lat' dir='ltr'><strong>ciﬁxit.</strong></span> <span class='ocrx_word' id='word_1_841' title='bbox 2165 4990 2302 5059; x_wconf 83' lang='lat' dir='ltr'><strong>Quid</strong></span> <span class='ocrx_word' id='word_1_842' title='bbox 2334 4990 2492 5061; x_wconf 86' lang='lat' dir='ltr'><strong>igitur</strong></span> <span class='ocrx_word' id='word_1_843' title='bbox 2532 4993 2820 5048; x_wconf 89' lang='lat' dir='ltr'><strong>secundum</strong></span> <span class='ocrx_word' id='word_1_844' title='bbox 2850 4996 2981 5051; x_wconf 89' lang='lat' dir='ltr'><strong>istos</strong></span> <span class='ocrx_word' id='word_1_845' title='bbox 3016 5002 3309 5075; x_wconf 80' lang='lat' dir='ltr'><strong>accipimus</strong></span> <span class='ocrx_word' id='word_1_846' title='bbox 3333 5044 3350 5070; x_wconf 97' lang='lat'><strong>,</strong></span> <span class='ocrx_word' id='word_1_847' title='bbox 3380 5007 3522 5074; x_wconf 88' lang='lat' dir='ltr'><strong>quod</strong></span> <span class='ocrx_word' id='word_1_848' title='bbox 3601 5042 3604 5045; x_wconf 51' lang='grc' dir='ltr'>λ</span> 
     </span>
    </p>
   </div>
   <div class='ocr_carea' id='block_1_112' title="bbox 1952 5082 3524 5168">
    <p class='ocr_par' dir='ltr' id='par_1_112' title="bbox 1952 5082 3524 5168">
     <span class='ocr_line' id='line_1_112' title="bbox 1952 5082 3524 5168; baseline 0.011 -33"><span class='ocrx_word' id='word_1_849' title='bbox 1952 5082 2065 5146; x_wconf 86' lang='lat' dir='ltr'><strong>ait,</strong></span> <span class='ocrx_word' id='word_1_850' title='bbox 2096 5082 2331 5136; x_wconf 80' lang='lat' dir='ltr'><strong>Avertisti</strong></span> <span class='ocrx_word' id='word_1_851' title='bbox 2375 5084 2706 5152; x_wconf 77' lang='lat' dir='ltr'><strong>captivitatem</strong></span> <span class='ocrx_word' id='word_1_852' title='bbox 2739 5086 2944 5143; x_wconf 84' lang='lat' dir='ltr'><strong>Jacob?</strong></span> <span class='ocrx_word' id='word_1_853' title='bbox 2970 5091 3053 5145; x_wconf 85' lang='lat' dir='ltr'><strong>An</strong></span> <span class='ocrx_word' id='word_1_854' title='bbox 3096 5092 3232 5149; x_wconf 81' lang='lat' dir='ltr'><strong>forte</strong></span> <span class='ocrx_word' id='word_1_855' title='bbox 3271 5098 3524 5168; x_wconf 82' lang='lat' dir='ltr'><strong>intelligi-</strong></span> 
     </span>
    </p>
   </div>
   <div class='ocr_carea' id='block_1_113' title="bbox 1954 5173 3523 5249">
    <p class='ocr_par' dir='ltr' id='par_1_113' title="bbox 1954 5173 3523 5249">
     <span class='ocr_line' id='line_1_113' title="bbox 1954 5173 3523 5249; baseline 0.01 -22"><span class='ocrx_word' id='word_1_856' title='bbox 1954 5188 2073 5227; x_wconf 92' lang='lat' dir='ltr'><strong>mus</strong></span> <span class='ocrx_word' id='word_1_857' title='bbox 2101 5174 2188 5228; x_wconf 85' lang='lat' dir='ltr'><strong>ltic</strong></span> <span class='ocrx_word' id='word_1_858' title='bbox 2214 5173 2369 5227; x_wconf 89' lang='lat' dir='ltr'><strong>aliam</strong></span> <span class='ocrx_word' id='word_1_859' title='bbox 2393 5175 2748 5244; x_wconf 87' lang='lat' dir='ltr'><strong>captivitatem</strong></span> <span class='ocrx_word' id='word_1_860' title='bbox 2771 5217 2788 5242; x_wconf 95' lang='lat'><strong>,</strong></span> <span class='ocrx_word' id='word_1_861' title='bbox 2810 5178 2877 5234; x_wconf 89' lang='lat' dir='ltr'><strong>de</strong></span> <span class='ocrx_word' id='word_1_862' title='bbox 2901 5196 3004 5249; x_wconf 90' lang='lat' dir='ltr'><strong>qua</strong></span> <span class='ocrx_word' id='word_1_863' title='bbox 3024 5195 3214 5237; x_wconf 87' lang='lat' dir='ltr'><strong>omnes</strong></span> <span class='ocrx_word' id='word_1_864' title='bbox 3250 5199 3348 5240; x_wconf 92' lang='lat' dir='ltr'><strong>nos</strong></span> <span class='ocrx_word' id='word_1_865' title='bbox 3371 5191 3523 5243; x_wconf 80' lang='lat' dir='ltr'><strong>volu-</strong></span> 
     </span>
    </p>
   </div>
   <div class='ocr_carea' id='block_1_114' title="bbox 1953 5265 3521 5346">
    <p class='ocr_par' dir='ltr' id='par_1_114' title="bbox 1953 5265 3521 5346">
     <span class='ocr_line' id='line_1_114' title="bbox 1953 5265 3521 5346; baseline 0.013 -27"><span class='ocrx_word' id='word_1_866' title='bbox 1953 5281 2072 5319; x_wconf 88' lang='lat' dir='ltr'><strong>mus</strong></span> <span class='ocrx_word' id='word_1_867' title='bbox 2098 5265 2346 5320; x_wconf 87' lang='lat' dir='ltr'><strong>liberari?</strong></span> <span class='ocrx_word' id='word_1_868' title='bbox 2369 5265 2502 5322; x_wconf 88' lang='lat' dir='ltr'><strong>Nam</strong></span> <span class='ocrx_word' id='word_1_869' title='bbox 2540 5284 2726 5324; x_wconf 91' lang='lat' dir='ltr'><strong>omnes</strong></span> <span class='ocrx_word' id='word_1_870' title='bbox 2769 5273 3094 5337; x_wconf 89' lang='lat' dir='ltr'><strong>pertinemus</strong></span> <span class='ocrx_word' id='word_1_871' title='bbox 3136 5276 3202 5330; x_wconf 90' lang='lat' dir='ltr'><strong>ad</strong></span> <span class='ocrx_word' id='word_1_872' title='bbox 3239 5277 3443 5346; x_wconf 69' lang='lat' dir='ltr'><strong>Iacob,</strong></span> <span class='ocrx_word' id='word_1_873' title='bbox 3477 5286 3521 5339; x_wconf 88' lang='lat' dir='ltr'><strong>si</strong></span> 
     </span>
    </p>
   </div>
   <div class='ocr_carea' id='block_1_115' title="bbox 1952 5355 3517 5442">
    <p class='ocr_par' dir='ltr' id='par_1_115' title="bbox 1952 5355 3517 5442">
     <span class='ocr_line' id='line_1_115' title="bbox 1952 5355 3517 5442; baseline 0.01 -33"><span class='ocrx_word' id='word_1_874' title='bbox 1952 5355 2279 5425; x_wconf 89' lang='lat' dir='ltr'><strong>pertinemus</strong></span> <span class='ocrx_word' id='word_1_875' title='bbox 2305 5357 2369 5411; x_wconf 90' lang='lat' dir='ltr'><strong>ad</strong></span> <span class='ocrx_word' id='word_1_876' title='bbox 2399 5372 2579 5413; x_wconf 89' lang='lat' dir='ltr'><strong>semen</strong></span> <span class='ocrx_word' id='word_1_877' title='bbox 2610 5360 2857 5417; x_wconf 79' lang='lat' dir='ltr'><strong>Abrahte.</strong></span> <span class='ocrx_word' id='word_1_878' title='bbox 2910 5363 3018 5417; x_wconf 91' lang='lat' dir='ltr'><strong>Hoc</strong></span> <span class='ocrx_word' id='word_1_879' title='bbox 3042 5365 3183 5418; x_wconf 90' lang='lat' dir='ltr'><strong>enim</strong></span> <span class='ocrx_word' id='word_1_880' title='bbox 3215 5367 3349 5424; x_wconf 89' lang='lat' dir='ltr'><strong>dicit</strong></span> <span class='ocrx_word' id='word_1_881' title='bbox 3378 5373 3517 5442; x_wconf 85' lang='lat' dir='ltr'><strong>Apo.</strong></span> 
     </span>
    </p>
   </div>
   <div class='ocr_carea' id='block_1_116' title="bbox 1951 5447 3523 5525">
    <p class='ocr_par' dir='ltr' id='par_1_116' title="bbox 1951 5447 3523 5525">
     <span class='ocr_line' id='line_1_116' title="bbox 1951 5447 3523 5525; baseline 0.011 -22"><span class='ocrx_word' id='word_1_882' title='bbox 1951 5447 2119 5503; x_wconf 88' lang='lat' dir='ltr'><strong>stolus</strong></span> <span class='ocrx_word' id='word_1_883' title='bbox 2149 5467 2163 5503; x_wconf 88' lang='lat'>:</span> <span class='ocrx_word' id='word_1_884' title='bbox 2196 5447 2261 5501; x_wconf 87' lang='lat' dir='ltr'><strong>In</strong></span> <span class='ocrx_word' id='word_1_885' title='bbox 2295 5447 2447 5502; x_wconf 87' lang='lat' dir='ltr'><strong>Isaac</strong></span> <span class='ocrx_word' id='word_1_886' title='bbox 2491 5451 2743 5505; x_wconf 82' lang='lat' dir='ltr'><strong>vocabitur</strong></span> <span class='ocrx_word' id='word_1_887' title='bbox 2771 5454 2857 5506; x_wconf 86' lang='lat' dir='ltr'><strong>tibi</strong></span> <span class='ocrx_word' id='word_1_888' title='bbox 2899 5471 3100 5519; x_wconf 84' lang='lat' dir='ltr'><strong>semen;</strong></span> <span class='ocrx_word' id='word_1_889' title='bbox 3122 5457 3175 5510; x_wconf 90' lang='lat' dir='ltr'><strong>id</strong></span> <span class='ocrx_word' id='word_1_890' title='bbox 3199 5470 3271 5513; x_wconf 83' lang='lat' dir='ltr'><strong>est</strong></span> <span class='ocrx_word' id='word_1_891' title='bbox 3291 5501 3307 5525; x_wconf 95' lang='lat'><strong>,</strong></span> <span class='ocrx_word' id='word_1_892' title='bbox 3341 5480 3440 5519; x_wconf 88' lang='lat' dir='ltr'><strong>non</strong></span> <span class='ocrx_word' id='word_1_893' title='bbox 3469 5469 3523 5521; x_wconf 84' lang='lat' dir='ltr'><strong>hi</strong></span> 
     </span>
    </p>
   </div>
   <div class='ocr_carea' id='block_1_117' title="bbox 1948 5532 3522 5616">
    <p class='ocr_par' dir='ltr' id='par_1_117' title="bbox 1948 5532 3522 5616">
     <span class='ocr_line' id='line_1_117' title="bbox 1948 5532 3522 5616; baseline 0.012 -23"><span class='ocrx_word' id='word_1_894' title='bbox 1948 5540 2033 5610; x_wconf 86' lang='lat' dir='ltr'><strong>qui</strong></span> <span class='ocrx_word' id='word_1_895' title='bbox 2058 5538 2154 5608; x_wconf 87' lang='lat' dir='ltr'><strong>ﬁlii</strong></span> <span class='ocrx_word' id='word_1_896' title='bbox 2180 5532 2377 5604; x_wconf 85' lang='lat' dir='ltr'><strong>carnis,</strong></span> <span class='ocrx_word' id='word_1_897' title='bbox 2418 5540 2469 5592; x_wconf 86' lang='lat' dir='ltr'><strong>hi</strong></span> <span class='ocrx_word' id='word_1_898' title='bbox 2511 5542 2607 5608; x_wconf 86' lang='lat' dir='ltr'><strong>ﬁlii</strong></span> <span class='ocrx_word' id='word_1_899' title='bbox 2633 5540 2731 5595; x_wconf 85' lang='lat' dir='ltr'><strong>Dei</strong></span> <span class='ocrx_word' id='word_1_900' title='bbox 2753 5581 2768 5606; x_wconf 93' lang='lat'><strong>,</strong></span> <span class='ocrx_word' id='word_1_901' title='bbox 2799 5544 2887 5596; x_wconf 80' lang='lat' dir='ltr'><strong>sed</strong></span> <span class='ocrx_word' id='word_1_902' title='bbox 2914 5545 3009 5613; x_wconf 83' lang='lat' dir='ltr'><strong>ﬁlii</strong></span> <span class='ocrx_word' id='word_1_903' title='bbox 3048 5551 3395 5616; x_wconf 83' lang='lat' dir='ltr'><strong>promissionis</strong></span> <span class='ocrx_word' id='word_1_904' title='bbox 3435 5559 3522 5612; x_wconf 83' lang='lat' dir='ltr'><strong>de-</strong></span> 
     </span>
    </p>
   </div>
   <div class='ocr_carea' id='block_1_118' title="bbox 2013 5650 3447 5731">
    <p class='ocr_par' dir='ltr' id='par_1_118' title="bbox 2013 5650 3447 5731">
     <span class='ocr_line' id='line_1_118' title="bbox 2013 5650 3447 5731; baseline 0.015 -33"><span class='ocrx_word' id='word_1_905' title='bbox 2013 5654 2032 5731; x_wconf 63' lang='lat'><strong>:</strong></span> <span class='ocrx_word' id='word_1_906' title='bbox 2064 5652 2137 5731; x_wconf 71' lang='lat' dir='ltr'><strong>sic</strong></span> <span class='ocrx_word' id='word_1_907' title='bbox 2155 5650 2338 5731; x_wconf 68' lang='lat' dir='ltr'><strong>aliquot</strong></span> <span class='ocrx_word' id='word_1_908' title='bbox 2355 5658 2462 5731; x_wconf 55' lang='lat' dir='ltr'><strong>bss.</strong></span> <span class='ocrx_word' id='word_1_909' title='bbox 2485 5653 2570 5731; x_wconf 56' lang='lat' dir='ltr'><strong>Alii</strong></span> <span class='ocrx_word' id='word_1_910' title='bbox 2583 5668 2700 5731; x_wconf 67' lang='lat' dir='ltr'><strong>cum</strong></span> <span class='ocrx_word' id='word_1_911' title='bbox 2720 5656 3102 5731; x_wconf 9' lang='lat' dir='ltr'><strong>Edd.,_rreritatns</strong></span> <span class='ocrx_word' id='word_1_912' title='bbox 3121 5668 3447 5731; x_wconf 76' lang='lat' dir='ltr'><strong>est_Psalntus,</strong></span> 
     </span>
    </p>
   </div>
   <div class='ocr_carea' id='block_1_119' title="bbox 2010 5716 3520 5794">
    <p class='ocr_par' dir='ltr' id='par_1_119' title="bbox 2010 5716 3520 5794">
     <span class='ocr_line' id='line_1_119' title="bbox 2010 5716 3520 5794; baseline -0.02 17"><span class='ocrx_word' id='word_1_913' title='bbox 2010 5717 2032 5746; x_wconf 85' lang='grc'>²</span> <span class='ocrx_word' id='word_1_914' title='bbox 2067 5721 2131 5794; x_wconf 61' lang='lat' dir='ltr'><strong>‘P‘</strong></span> <span class='ocrx_word' id='word_1_915' title='bbox 2154 5716 2202 5763; x_wconf 74' lang='grc' dir='ltr'><strong>ίη</strong></span> <span class='ocrx_word' id='word_1_916' title='bbox 2223 5721 2411 5794; x_wconf 55' lang='lat' dir='ltr'><strong>“tsi-3‘</strong></span> <span class='ocrx_word' id='word_1_917' title='bbox 2434 5717 2484 5794; x_wconf 62' lang='grc' dir='ltr'><strong>ίιξ</strong></span> <span class='ocrx_word' id='word_1_918' title='bbox 2504 5717 2811 5794; x_wconf 44' lang='lat' dir='ltr'><strong>Eds-ames</strong></span> <span class='ocrx_word' id='word_1_919' title='bbox 2834 5716 2923 5794; x_wconf 65' lang='grc' dir='ltr'><strong>ρεί</strong></span> <span class='ocrx_word' id='word_1_920' title='bbox 2940 5731 3060 5794; x_wconf 64' lang='grc' dir='ltr'><strong>ενςιι.</strong></span> <span class='ocrx_word' id='word_1_921' title='bbox 3082 5716 3286 5794; x_wconf 59' lang='grc' dir='ltr'><em>ομμαατθι</em></span> <span class='ocrx_word' id='word_1_922' title='bbox 3309 5716 3520 5794; x_wconf 49' lang='lat' dir='ltr'><strong>ergata</strong></span> 
     </span>
    </p>
   </div>
   <div class='ocr_carea' id='block_1_120' title="bbox 1948 5773 3522 5889">
    <p class='ocr_par' dir='ltr' id='par_1_120' title="bbox 1948 5773 3522 5889">
     <span class='ocr_line' id='line_1_120' title="bbox 1948 5773 3522 5889; baseline 0.015 -67"><span class='ocrx_word' id='word_1_923' title='bbox 1948 5775 2150 5889; x_wconf 52' lang='lat' dir='ltr'><strong>mlas</strong></span> <span class='ocrx_word' id='word_1_924' title='bbox 2173 5773 2436 5887; x_wconf 44' lang='grc' dir='ltr'><strong>ξιὲἰιάωιὲηηι</strong></span> <span class='ocrx_word' id='word_1_925' title='bbox 2457 5784 2526 5828; x_wconf 86' lang='lat' dir='ltr'><strong>est</strong></span> <span class='ocrx_word' id='word_1_926' title='bbox 2555 5775 2893 5835; x_wconf 67' lang='lat' dir='ltr'><strong>Teatamentttht</strong></span> <span class='ocrx_word' id='word_1_927' title='bbox 2921 5773 3522 5854; x_wconf 58' lang='grc' dir='ltr'><strong>ικριηδ,“1ἰᾷἷιῖἇὸαῖῗξᾶἷιί</strong></span> 
     </span>
     <span class='ocr_line' id='line_1_121' title="bbox 1950 5846 3477 5888; baseline 0.016 -4"><span class='ocrx_word' id='word_1_928' title='bbox 1950 5854 1969 5888; x_wconf 75' lang='lat'><strong><em>1</em></strong></span> <span class='ocrx_word' id='word_1_929' title='bbox 2078 5850 2156 5887; x_wconf 84' lang='lat' dir='ltr'><strong>nm</strong></span> <span class='ocrx_word' id='word_1_930' title='bbox 2179 5846 2217 5887; x_wconf 63' lang='grc' dir='ltr'><strong>λ’</strong></span> <span class='ocrx_word' id='word_1_931' title='bbox 2262 5851 2271 5867; x_wconf 70' lang='grc'><strong>⁸</strong></span> <span class='ocrx_word' id='word_1_932' title='bbox 2354 5874 2366 5888; x_wconf 90' lang='grc'><strong>.</strong></span> <span class='ocrx_word' id='word_1_933' title='bbox 3467 5872 3477 5885; x_wconf 82' lang='grc'><strong>⁸</strong></span> 
     </span>
    </p>
   </div>
   <div class='ocr_carea' id='block_1_121' title="bbox 1950 5846 3477 5888">
    <p class='ocr_par' dir='ltr' id='par_1_121' title="bbox 1950 5846 3477 5888">
     <span class='ocr_line' id='line_1_122' title="bbox 1950 5846 3477 5888; baseline 0.007 0"><span class='ocrx_word' id='word_1_934' title='bbox 1950 5846 2156 5888; x_wconf 82' lang='lat' dir='ltr'><strong>mentum</strong></span> <span class='ocrx_word' id='word_1_935' title='bbox 2179 5846 2366 5888; x_wconf 75' lang='lat' dir='ltr'><strong>Novum.</strong></span> <span class='ocrx_word' id='word_1_936' title='bbox 3063 5846 3069 5849; x_wconf 81' lang='lat'>&#39;</span> <span class='ocrx_word' id='word_1_937' title='bbox 3103 5846 3114 5854; x_wconf 87' lang='lat'>&#39;</span> <span class='ocrx_word' id='word_1_938' title='bbox 3139 5846 3160 5853; x_wconf 79' lang='lat'><strong><em>&#39;</em></strong></span> <span class='ocrx_word' id='word_1_939' title='bbox 3467 5872 3477 5885; x_wconf 75' lang='grc' dir='ltr'>ι</span> 
     </span>
    </p>
   </div>
  </div>
