4024 6210
511 353 528 406 l
540 349 634 406 07.!

509 477 746 535 [tam
768 450 1014 522 insemen
1033 464 1216 537 (Rom.
1239 478 1326 529 Ix,
1352 464 1414 528 7,
1443 463 1534 532 8).
1563 462 1618 516 Si
1645 461 1734 516 lilii
1761 461 2067 530 promissio-

505 561 589 616 nis
605 562 671 616 ein
697 575 880 617 semen
902 559 1237 628 deputantur,
1260 555 1576 612 oﬁentlendo
1599 556 1760 610 Deum
1786 554 1952 610 Judaei
1975 555 2068 610 de-

509 658 890 721 generaverunt
923 667 938 716 ;
979 665 1074 704 nos
1118 649 1469 719 promerendo
1500 648 1662 704 Deum
1696 689 1712 715 ,
1766 647 1833 703 de
1874 662 2067 718 genere

508 744 730 798 Alit-aha.-
753 741 874 796 iacti
904 754 1114 801 sumus,
1143 754 1247 794 non
1275 738 1596 809 pertinentes
1622 739 1686 793 ad
1713 753 1948 804 carnem,
1973 739 2064 794 sed

505 835 828 904 pertinentes
867 831 934 887 ad
975 831 1154 887 ﬁdem.
1194 831 1382 886 lmitati
1413 831 1552 886 enim
1587 830 1743 884 iidem
1771 872 1786 896 ,
1812 829 1906 885 ﬁlii
1943 829 2065 884 iacti

495 941 684 980 sumus
711 942 726 979 :
778 923 852 978 illi
880 933 1056 978 autem
1084 920 1456 992 degenerando
1479 937 1508 975 a
1548 920 1652 976 ﬁde
1675 962 1690 985 ,
1733 920 2063 976 exhaeredari

501 1025 821 1073 meruerunt.
845 1014 975 1069 Nam
994 1056 1009 1079 ,
1041 1023 1096 1069 ut
1127 1013 1380 1067 noveritis
1401 1014 1522 1082 quia
1545 1011 1884 1082 perdiderunt
1910 1011 2058 1078 illud,

497 1110 633 1179 quod
663 1109 768 1163 nati
798 1115 951 1162 erant
976 1106 1044 1161 de
1063 1105 1330 1161 Abraham
1350 1145 1366 1170 ,
1393 1119 1515 1159 cum
1557 1119 1616 1160 se
1641 1112 1951 1174 arroganter
1980 1103 2062 1174 ja-

496 1211 704 1259 ctarent
731 1201 976 1256 audiente
1000 1199 1226 1254 Domino
1249 1197 1375 1253 Jesu
1397 1195 1611 1252 Christo
1631 1237 1645 1261 ,
1673 1195 1962 1266 gloriantes
1989 1194 2060 1251 de

497 1295 753 1364 sanguine
781 1301 835 1348 et
876 1308 980 1347 non
1006 1291 1074 1346 de
1099 1292 1201 1344 vita
1229 1329 1245 1357 ,
1289 1298 1343 1344 et
1381 1288 1619 1343 dicerent
1656 1287 1914 1350 Domino,
1948 1287 2060 1342 Nos

495 1396 684 1456 patrem
711 1383 946 1439 habemus
965 1381 1257 1445 Abraham;
1285 1380 1360 1434 ait
1387 1380 1490 1435 illis
1519 1378 1771 1434 Dominus
1809 1387 2055 1447 utinquam

495 1475 973 1542 degenerantibus:
1004 1473 1063 1528 Si
1100 1473 1194 1540 filii
1221 1472 1436 1526 Abralue
1477 1471 1623 1535 estis,
1670 1470 1805 1538 facta
1844 1469 2057 1523 Abralue

497 1569 642 1640 facite
673 1565 860 1637 (Joan.
882 1582 1000 1630 vni,
1031 1565 1152 1634 59).
1180 1563 1232 1619 Si
1263 1578 1388 1634 ergo
1415 1561 1485 1618 illi
1512 1570 1787 1632 propterea
1813 1561 1920 1632 jam
1949 1577 2053 1617 non

496 1658 607 1724 filii,
637 1657 758 1727 quia
790 1672 893 1710 non
923 1655 1182 1710 faciebant
1209 1653 1340 1708 facta
1365 1651 1626 1714 Abrahm;
1657 1667 1753 1706 nos
1776 1661 2053 1722 propterea

493 1748 616 1812 ﬁlii,
664 1748 785 1817 quia
835 1745 1056 1800 facimus
1101 1744 1239 1799 facta
1283 1743 1531 1798 Abrahzn.
1578 1742 1708 1811 Quae
1749 1753 1872 1797 sunt
1917 1743 2051 1798 facta

490 1837 718 1892 Abrahae
744 1829 861 1906 quae
887 1835 1150 1890 facimus?
1175 1834 1409 1890 Credidit
1428 1843 1605 1888 autem
1633 1832 1896 1887 Abraham
1921 1833 2048 1898 Deo,

489 1929 868 1996 ctdeputatutn
913 1935 996 1981 est
1038 1926 1111 1980 illi
1154 1924 1219 1979 ad
1261 1924 1521 1996 justitiam
1564 1923 1582 1994 (
1606 1922 1730 1977 Gen.
1769 1939 1868 1986 xv,
1903 1925 1972 1990 6,
2005 1935 2052 1978 et

493 2020 660 2074 Colat.
696 2035 750 2073 ut
783 2060 798 2085 ,
829 2017 917 2088 6).
963 2017 1104 2088 Ergo
1146 2031 1329 2071 omnes
1367 2015 1433 2069 ad
1475 2015 1638 2071 Jacob
1687 2016 2046 2084 pertinemus,

487 2113 752 2166 imitantes
781 2110 1004 2165 Abrahae
1034 2109 1188 2164 ﬁdem
1208 2151 1223 2176 ,
1252 2111 1339 2180 qui
1371 2108 1594 2164 credidit
1620 2107 1764 2172 Deo,
1803 2115 1857 2162 et
1884 2107 2048 2177 depu-

487 2212 649 2257 tatum
671 2210 754 2257 est
773 2203 846 2256 illi
874 2205 937 2255 ad
959 2201 1237 2270 justitiam.
1256 2201 1383 2267 Qum
1406 2211 1483 2256 est
1511 2215 1639 2271 ergo
1663 2200 1751 2254 illa
1772 2201 2048 2270 captivitas

485 2296 625 2351 unde
650 2310 746 2350 nos
769 2295 1008 2350 volumus
1035 2294 1289 2348 liberari?
1315 2302 1442 2364 puto
1465 2295 1605 2348 enim
1635 2293 1901 2349 neminem
1951 2308 2044 2348 no-

483 2395 650 2440 strum
678 2385 835 2440 modo
861 2399 981 2440 esse
1008 2384 1145 2455 apud
1168 2385 1445 2448 Barbaros,
1467 2399 1563 2440 nec
1587 2385 1811 2456 aliquam
1832 2395 2044 2456 gentem

484 2478 700 2532 irruisse
722 2485 975 2530 armatam
996 2517 1011 2540 ,
1034 2487 1088 2530 et
1113 2476 1349 2544 captivos
1372 2477 1587 2530 duxisse
1610 2490 1727 2530 nos.
1753 2475 1859 2532 Sed
1883 2476 2043 2532 modo

481 2566 703 2623 ostendo
722 2566 1005 2636 quamdam
1029 2567 1386 2634 captivitatem
1412 2606 1425 2628 ,
1447 2566 1509 2619 ‘in
1543 2581 1644 2634 qua
1668 2567 1926 2636 gemimus
1946 2608 1961 2633 ,
1989 2575 2045 2623 et

483 2659 620 2714 unde
645 2673 743 2713 nos
771 2656 985 2712 liberari
1017 2657 1282 2726 cupimus.
1311 2652 1503 2711 Paulus
1542 2658 1812 2728 apostolus
1853 2673 2038 2729 proce-

480 2750 606 2816 dat,
639 2749 753 2819 ipse
779 2748 920 2803 illam
943 2747 1115 2810 dicat;
1148 2747 1217 2800 sit
1240 2748 1352 2816 ipse
1372 2749 1644 2817 speculum
1669 2758 1928 2815 nostrum,
1953 2749 2042 2805 ille

480 2842 742 2912 loquatur,
766 2847 820 2894 et
838 2853 934 2892 nos
956 2839 1024 2893 ibi
1045 2837 1348 2892 videamus:
1378 2854 1534 2893 nemo
1553 2848 1635 2894 est
1653 2840 1793 2894 enim
1820 2841 1907 2911 qui
1933 2855 2041 2896 non

478 2931 564 2985 hic
591 2943 650 2984 se
675 2937 946 2999 agnoscat.
991 2929 1078 2982 Ait
1102 2943 1228 2997 ergo
1251 2928 1338 2982 ille
1365 2928 1552 2983 beatus
1575 2930 1845 2998 apostolus
1862 2973 1876 2994 ,
1901 2929 2038 2986 Con-

476 3023 693 3076 delector
719 3021 851 3075 enim
877 3019 974 3090 tegi
997 3017 1091 3072 Dei
1113 3019 1386 3072 secundum
1430 3020 1715 3076 interiorem
1741 3021 1991 3076 hominem
2015 3037 2038 3086 ,°

476 3114 618 3168 intus
660 3111 890 3166 delectat
918 3125 1004 3165 me
1028 3110 1111 3164 lex
1148 3109 1278 3163 Dei:
1324 3109 1465 3163 video
1505 3120 1672 3164 autem
1700 3112 1853 3165 aliam
1877 3113 2035 3183 legem

475 3208 526 3260 in
553 3203 784 3260 membris
809 3204 930 3260 meis
949 3243 964 3268 ,
1007 3213 1365 3273 repugnantem
1391 3203 1489 3273 legi
1529 3204 1710 3260 mentis
1748 3220 1888 3260 mete.
1915 3205 2032 3260 Jam

473 3295 666 3350 audisti
690 3295 888 3364 legem,
920 3292 1110 3348 audisti
1137 3307 1392 3360 pugnam;
1417 3292 1771 3362 captivitatem
1799 3294 2031 3351 nondum

475 3386 734 3447 audieras,
756 3384 876 3439 audi
897 3399 1016 3453 quze
1043 3392 1367 3452 sequuntur:
1396 3383 1809 3455 Repugnantem,
1835 3387 2030 3457 inquit,

475 3480 569 3549 legi
592 3476 766 3531 mentis
786 3490 908 3530 mea:
923 3517 936 3538 ,
963 3484 1010 3528 et
1040 3475 1288 3545 captivum
1312 3491 1392 3530 me
1417 3476 1675 3531 ducentem
1697 3477 1752 3530 in
1780 3477 1886 3549 lege
1912 3495 2030 3549 pec-

467 3569 586 3634 cati,
607 3582 718 3638 quat
734 3576 807 3620 est
826 3566 880 3620 in
899 3563 1132 3620 membris
1143 3565 1283 3620 meis.
1301 3567 1627 3636 Agnovimus
1641 3568 1995 3636 captivitatem
2013 3588 2026 3624 :

467 3658 585 3729 quis
613 3664 851 3712 nostrum
873 3663 958 3712 est
980 3655 1070 3725 qui
1099 3656 1230 3711 nolit
1253 3670 1312 3710 se
1331 3655 1398 3711 de
1428 3656 1525 3710 ista
1554 3657 1856 3727 captivitate
1892 3659 2027 3716 libe-

467 3748 572 3806 rari
589 3751 611 3802 ?
633 3747 699 3803 Et
725 3747 866 3803 unde
890 3745 1242 3802 liberabitur?
1263 3745 1521 3814 Quoniam
1543 3747 1646 3804 hoc
1663 3751 1894 3806 cantavit
1915 3751 2028 3822 ipse

465 3841 704 3897 Psalmus
749 3840 980 3895 futurum
1021 3856 1036 3892 :
1077 3839 1314 3894 Auertisti
1352 3840 1686 3910 captivitatem
1709 3840 1890 3898 Iacob.
1931 3842 2026 3899 Cui

463 3933 630 3991 dixit?
649 3931 880 3998 Christo,
911 3938 1128 4002 propter
1148 3927 1215 3983 In
1244 3931 1427 3998 finem,
1455 3940 1672 4002 propter
1697 3932 1836 3989 ﬁlios
1859 3934 2024 3992 σοι-ετ

463 4025 552 4081 ille
579 4024 719 4080 enim
749 4023 941 4079 avertit
984 4022 1342 4094 captivitatem
1383 4021 1568 4079 Jacob.
1598 4025 1734 4081 Audi
1773 4036 1828 4082 et
1855 4027 2024 4097 ipsum

443 4117 678 4176 Paulum
702 4116 1061 4172 conﬁtentem.
1083 4113 1212 4170 Cum
1239 4115 1440 4172 diceret
1463 4130 1522 4170 se
1547 4116 1682 4171 trahi
1710 4121 1976 4188 captivum
1996 4137 2026 4176 a

460 4211 578 4282 lege
600 4211 653 4265 in
676 4209 927 4264 membris
955 4208 1067 4263 suis
1092 4215 1418 4278 repugnante
1444 4207 1544 4279 legi
1567 4210 1758 4266 mentis
1783 4226 1916 4280 suae,
1934 4229 2026 4269 ex-

459 4300 704 4356 clamavit
723 4298 822 4352 suh
849 4297 936 4354 illa
964 4297 1265 4367 captivitate
1282 4339 1298 4365 ,
1319 4305 1373 4353 et
1390 4296 1466 4353 ait
1489 4313 1509 4352 :
1527 4296 1721 4372 Infelix
1743 4318 1832 4373 ego
1853 4303 2020 4372 homo,

441 4391 571 4462 quis
611 4404 688 4442 me
715 4387 942 4442 liberabit
977 4388 1040 4443 de
1065 4404 1275 4460 corpore
1318 4389 1491 4447 mortis
1528 4390 1679 4462 hujus
1698 4392 1725 4446 ?
1773 4393 2026 4470 Quaesivit

456 4481 572 4549 quis
596 4488 740 4536 esset
757 4519 772 4541 ,
795 4487 850 4534 et
867 4480 1043 4538 statim
1069 4481 1141 4536 illi
1161 4481 1409 4544 occurrit,
1430 4481 1605 4537 Gratia
1626 4483 1725 4539 Dei
1747 4502 1832 4552 per
1845 4485 2023 4542 Iesum

455 4570 708 4626 Christum
746 4569 1018 4626 Dominum
1064 4558 1290 4627 nostrum
1322 4574 1340 4643 (
1369 4573 1518 4628 Rom.
1557 4591 1624 4630 vn
1646 4618 1660 4642 ,
1693 4576 1917 4650 22-25).
1949 4580 2022 4636 De

456 4650 742 4734 hac'gratia
762 4663 852 4718 Dei
875 4663 1133 4734 Propheta
1154 4665 1282 4721 dicit
1305 4667 1425 4721 huic
1447 4667 1673 4722 Domino
1695 4679 1875 4727 nostro
1895 4672 2019 4728 Jesu

453 4755 698 4822 Christo,
727 4755 959 4811 Aoertisti
983 4758 1316 4829 captivitatem
1335 4757 1513 4814 Iacob.
1555 4760 1827 4818 Attendite
1850 4765 2018 4835 capti-

458 4851 674 4905 vitatem
711 4847 898 4915 Iacob,
926 4849 1183 4906 attendite
1218 4851 1337 4921 quia
1365 4851 1466 4906 hoc
1494 4863 1613 4919 est,
1637 4854 1888 4911 Avertistl
1925 4871 2018 4912 ea-

460 4940 758 5011 ptivitatem
785 4948 1022 4995 nostram
1051 4959 1064 4995 :
1084 4955 1189 4996 non
1208 4941 1482 4998 liberanda
1510 4958 1608 4999 nos
1628 4960 1660 4999 a
1676 4943 1942 5011 Barbaris,
1966 4948 2018 5004 in

455 5048 590 5104 quos
615 5047 718 5087 non
753 5032 1100 5096 incurrimus;
1141 5033 1234 5088 sed
1260 5035 1535 5092 liberanda
1556 5052 1652 5092 nos
1676 5038 1744 5093 ab
1767 5039 2019 5110 aperibus

457 5127 610 5182 malis
629 5166 644 5190 ,
675 5141 704 5180 a
733 5127 960 5194 peccatis
987 5126 1210 5190 nostris,
1242 5141 1337 5197 per
1369 5143 1489 5198 qute
1514 5130 1666 5186 nobis
1691 5141 1902 5188 satanas
1921 5135 2018 5188 do-

459 5219 774 5274 minabatur.
800 5217 854 5271 Si
894 5217 1012 5288 quis
1048 5219 1188 5272 eniin
1232 5221 1483 5276 liberatus
1527 5222 1685 5277 fuerit
1718 5239 1749 5278 a
1790 5214 2017 5294 peccatis

454 5308 565 5362 suis
590 5353 604 5374 ,
642 5325 748 5364 non
771 5309 928 5365 habet
969 5308 1110 5364 unde
1139 5311 1212 5366 illi
1233 5311 1534 5368 dominetur
1560 5315 1807 5387 princeps
1833 5332 2017 5387 pecea-

457 5408 650 5452 torum.

525 5488 577 5540 5.
600 5485 766 5559 [oers.
790 5491 842 5556 3,
866 5491 919 5546 4.
940 5489 959 5564 J
979 5490 1256 5558 Quomodo
1283 5494 1421 5549 enim
1448 5498 1636 5552 avertit
1659 5500 2016 5569 captivitatem

457 5578 655 5634 Jacobi
678 5579 868 5637 Videte
893 5585 1013 5652 quia
1042 5586 1138 5639 ista
1168 5587 1406 5643 liberatio
1431 5591 1714 5660 spiritualis
1737 5603 1836 5659 est,
1869 5595 2018 5650 vide-

459 5681 510 5724 te
539 5671 658 5738 quia
707 5669 844 5724 intus
887 5673 1098 5740 agitur:
1145 5677 1634 5751 Remisisti,-inquit
1664 5724 1678 5744 ,
1709 5684 2016 5753 iniquitatem

454 5760 614 5830 plebis
642 5771 776 5830 tute;
803 5762 1040 5833 aperuisti
1071 5768 1243 5820 omnia
1265 5780 1466 5839 peccata
1495 5789 1683 5830 eorum.
1713 5775 1849 5832 Ecce
1876 5776 2014 5834 unde

1687 344 1742 399 s.
1785 317 2148 399 AUCUSTINI
2190 343 2486 401 muscum

3612 363 3739 418 i072

2174 461 2364 514 avertit
2392 463 2749 531 captivitatem
2773 507 2788 531 ,
2839 468 2960 537 quia
2990 470 3192 524 remisit
3235 473 3565 543 iniquitatem
3592 495 3603 531 :
3638 479 3732 532 ini-

2173 553 2346 621 quitas
2375 555 2586 610 tenebat
2613 560 2892 626 captivum,
2925 563 3142 616 remissa
3175 562 3448 634 iniquitate
3480 567 3734 626 liberaris.

2173 640 2440 699 Confitere
2467 659 2595 716 ergo
2641 656 2693 702 te
2735 663 2853 704 esse
2883 651 2934 704 in
2967 653 3268 722 captivitate
3291 697 3305 721 ,
3337 665 3396 709 ut
3435 656 3625 728 dignus
3669 662 3736 715 sis

2173 731 2383 788 liberari
2413 751 2426 788 :
2461 751 2578 790 nam
2605 739 2696 808 qui
2722 737 2925 795 hostem
2956 755 3109 796 suum
3142 758 3244 798 non
3275 744 3576 814 intellexit,
3608 765 3736 819 quo-

2170 824 2330 880 modo
2359 825 2569 882 invocat
2607 827 2979 885 liberatorem?
3023 829 3277 902 Operuisti
3319 839 3487 906 omnia
3536 850 3734 907 peccata

2169 934 2357 973 eorum.
2372 918 2507 986 Quid
2519 931 2622 988 est,
2639 923 2913 993 aperuisti?
2928 923 3111 982 υιιιοη
3123 927 3210 980 illa
3232 926 3458 984 videres.
3476 929 3611 997 Quid
3629 942 3728 997 est,

2168 1020 2227 1064 ut
2259 1024 2362 1065 non
2383 1011 2470 1066 illa
2485 1012 2730 1070 videres?
2753 1013 2820 1070 Ut
2842 1030 2947 1071 non
2972 1016 3024 1071 in
3050 1017 3137 1072 illa
3168 1018 3480 1076 vindicares.
3511 1021 3728 1078 Noluisti

2168 1099 2346 1157 videre
2371 1111 2583 1172 peccata
2613 1113 2826 1169 nostra;
2857 1116 2912 1161 et
2937 1106 3057 1162 ideo
3085 1122 3191 1162 non
3219 1109 3457 1171 vidisti‘.
3475 1112 3594 1182 quia
3619 1112 3728 1183 ipsa

2166 1190 2343 1246 videre
2365 1193 2596 1250 noluisti:
2620 1193 2876 1267 Operuisti
2893 1199 3062 1252 omnia
3101 1211 3302 1269 peccata
3317 1218 3510 1256 eorum.
3528 1203 3729 1260 Sedasti

2163 1301 2358 1339 omnem
2379 1287 2508 1340 iram
2535 1298 2708 1354 tuam;
2735 1291 2952 1353 avertisti
2976 1290 3038 1344 ab
3066 1292 3143 1345 ira
3170 1293 3530 1364 indignationis
3554 1307 3674 1352 tuae.

2232 1374 2285 1430 6.
2315 1371 2477 1447 [vers.
2502 1375 2597 1450 5.]
2625 1378 2694 1432 Et
2717 1380 2966 1449 quoniam
3007 1380 3074 1436 de
3102 1380 3279 1436 futuro
3322 1383 3420 1439 ista
3445 1384 3720 1455 dicuntur,

2159 1466 2400 1534 quamvis
2429 1467 2582 1523 verba
2609 1470 2876 1539 praeterita
2913 1480 3134 1537 sonent;
3162 1473 3400 1543 sequitur
3420 1517 3435 1542 ,
3477 1485 3532 1532 et
3556 1476 3682 1532 dicit
3708 1496 3722 1533 :

2160 1556 2396 1611 Converte
2420 1576 2549 1624 nos,
2601 1559 2813 1615 Domine
2841 1571 2861 1600 ³
2903 1563 3175 1616 sanitatum
3223 1575 3529 1620 nostrarum.
3575 1567 3722 1636 Quod

2160 1648 2317 1704 modo
2345 1651 2592 1706 narrabat
2617 1652 2764 1721 quasi
2797 1653 2988 1708 factum
3020 1663 3198 1720 esset,
3234 1656 3501 1726 quomodo
3527 1669 3644 1713 orat
3671 1667 3720 1714 ut

2158 1740 2286 1806 ﬁat;
2318 1741 2415 1796 nisi
2443 1743 2564 1811 quia
2594 1743 2757 1797 voluit
2786 1743 3067 1798 ostendere
3092 1747 3356 1813 praeterita
3384 1747 3543 1802 verba
3580 1765 3639 1803 se
3670 1751 3720 1804 in

2157 1829 2433 1899 praphetia
2460 1831 2700 1886 dixisse?
2738 1831 2980 1886 Nondum
3007 1844 3184 1889 autem
3212 1833 3404 1889 factum
3432 1851 3549 1891 esse
3579 1843 3717 1904 quod

2154 1921 2361 1976 dicebat
2385 1922 2495 1990 jam
2523 1921 2716 1977 factum
2739 1963 2754 1981 .
2785 1924 2907 1978 hinc
2931 1923 3185 1988 ostendit,
3215 1926 3336 1994 quia
3366 1936 3483 1980 orat
3511 1937 3567 1980 ut
3588 1927 3679 1982 ﬁat
3703 1947 3715 1982 :

2159 2029 2178 2062 ι
2215 2011 2479 2067 Converte
2531 2026 2660 2080 nos,
2704 2013 2928 2068 Domine
2973 2014 3254 2069 sanitatum
3295 2027 3622 2082 nostrarum;
3667 2029 3719 2073 et

2152 2103 2666 2158 avertciracundiam
2684 2114 2825 2159 tuam
2852 2120 2882 2159 a
2908 2105 3080 2161 nobis.
3111 2105 3260 2160 sNon
3299 2107 3606 2176 jamdudum
3641 2109 3719 2164 di-

2100 2226 2108 2234 -
2151 2193 2328 2258 cebas,
2361 2212 2377 2244 ι
2405 2195 2652 2249 Αγρτιὶειὶ
2681 2197 3033 2264 captivitatem
3050 2196 3511 2268 Jacob;0peruisti
3541 2199 3716 2273 omnia

2151 2293 2364 2352 peccata
2403 2299 2625 2340 eorum:
2658 2287 2855 2340 sedasti
2895 2302 3106 2342 omnem
3137 2288 3266 2341 iram
3298 2297 3471 2352 tuam;
3498 2304 3718 2345 aversus

2149 2389 2207 2429 es
2223 2374 2291 2429 ab
2319 2375 2394 2430 ira
2422 2375 2792 2447 indignationis
2811 2380 2946 2434 tute?
2967 2379 3269 2449 sQnomodo
3292 2380 3394 2447 hic,
3408 2400 3426 2434 ι
3449 2383 3515 2436 Et
3539 2393 3718 2438 averte

2149 2469 2472 2526 iracundiam
2501 2480 2641 2526 tuam
2662 2487 2691 2526 a
2715 2473 2904 2528 nobis?
2927 2493 2947 2526 ι
2971 2473 3279 2544 Respondet
3298 2474 3390 2531 tibi
3413 2474 3675 2554 Propheta
3699 2495 3713 2530 :

2148 2562 2238 2617 illa
2267 2563 2387 2618 dico
2415 2565 2563 2633 quasi
2602 2563 2774 2631 facta,
2820 2566 2940 2637 quia
2981 2565 3138 2622 video
3178 2566 3386 2633 futura;
3429 2571 3549 2637 quia
3586 2585 3715 2623 vero

2146 2654 2379 2709 nondum
2407 2655 2542 2710 facta
2573 2667 2698 2712 sunt
2720 2699 2736 2723 ,
2763 2673 2860 2714 oro
2887 2668 2943 2713 ut
2981 2661 3194 2715 veniant
3219 2701 3235 2727 ,
3286 2675 3403 2730 quae
3426 2660 3536 2732 jam
3578 2662 3707 2717 vidi.

2144 2745 2319 2800 Aoerte
2344 2747 2659 2802 iracundiam
2685 2759 2822 2802 tuam
2845 2767 2877 2804 a
2905 2751 3063 2804 nobis.

2216 2836 2265 2888 7.
2295 2834 2458 2908 [vers.
2479 2837 2530 2892 6.
2552 2837 2570 2910 ]
2603 2837 2724 2892 Non
2750 2841 2804 2893 in
2831 2851 3069 2895 teternum
3092 2843 3325 2897 irascaris
3350 2845 3510 2898 nobis.
3535 2843 3612 2900 De
3633 2846 3712 2900 ira

2143 2924 2236 2980 Dei
2264 2927 2408 2981 enim
2439 2929 2689 2984 mortales
2716 2945 2900 2986 sumus
2921 2973 2935 2998 ,
2965 2942 3017 2988 et
3041 2933 3109 2988 de
3135 2935 3211 2988 ira
3239 2936 3329 2990 Dei
3362 2937 3412 2990 in
3443 2937 3538 2992 ista
3567 2947 3710 2993 terra

2141 3015 2192 3068 in
2222 3025 2456 3086 egestate
2480 3027 2533 3073 et
2571 3019 2752 3076 labore
2779 3021 2953 3076 vultus
2986 3024 3152 3079 nostri
3199 3026 3578 3082 manducamus
3614 3044 3676 3097 pa

2138 3123 2281 3162 nem.
2310 3108 2422 3164 Hoc
2449 3110 2590 3166 enim
2612 3111 2812 3167 audivit
2831 3113 3020 3181 Adam,
3051 3115 3264 3187 quando
3290 3119 3527 3187 peccavit
3551 3119 3683 3183 (Gen

2137 3212 2229 3264 tu,
2261 3197 2392 3268 l9);
2435 3210 2488 3255 et
2533 3201 2701 3257 Adam
2740 3204 2826 3259 ille
2857 3219 3043 3262 omnes
3082 3222 3180 3262 nos
3222 3223 3465 3277 eramus,
3504 3211 3621 3280 quia
3649 3212 3699 3267 in

2134 3288 2303 3344 Adam
2327 3305 2513 3347 omnes
2546 3293 2873 3348 moriuntur:
2899 3297 3040 3366 quod
3082 3298 3171 3354 ille
3195 3298 3428 3364 audivit,
3457 3311 3695 3358 secutum

2135 3387 2216 3433 est
2240 3387 2294 3434 et
2317 3394 2434 3435 nos.
2460 3380 2574 3436 Non
2599 3383 2741 3438 enim
2767 3399 2978 3441 eramus
3000 3387 3109 3456 jam
3135 3404 3263 3453 nos,
3297 3391 3389 3444 sed
3412 3407 3622 3448 eramus
3646 3394 3700 3448 in

2133 3468 2301 3524 Adam
2327 3488 2340 3523 :
2371 3470 2491 3526 ideo
2521 3473 2772 3544 quidquid
2799 3478 2972 3530 evenit
2999 3478 3095 3546 ipsi
3123 3477 3324 3544 Adam,
3359 3491 3597 3536 secutum
3620 3492 3700 3539 est

2132 3571 2187 3618 et
2216 3577 2344 3629 nos,
2374 3573 2430 3618 ut
2467 3579 2832 3633 moreremur;
2861 3583 3045 3624 omnes
3066 3570 3260 3640 quippe
3289 3572 3340 3625 in
3370 3573 3458 3626 illo
3484 3574 3696 3630 fuimus.

2132 3652 2207 3708 Ea
2234 3654 2374 3709 enim
2419 3665 2633 3724 peccata
2679 3668 2955 3727 parentum
2986 3674 3090 3715 non
3122 3661 3390 3730 pertinent
3418 3663 3484 3716 ad
3513 3665 3653 3719 ﬁlios
3680 3707 3699 3735 _.

2135 3758 2252 3814 quae
2275 3743 2474 3806 faciunt
2498 3755 2740 3816 parentes
2761 3747 2870 3818 jam
2901 3750 3037 3803 natis
3076 3747 3199 3804 ﬁliis
3233 3766 3248 3804 :
3283 3750 3393 3822 jam
3415 3752 3554 3806 enim
3586 3756 3700 3811 nati

2129 3835 2224 3906 ﬁlii
2261 3835 2327 3892 ad
2363 3851 2422 3893 se
2458 3839 2767 3906 pertinent,
2811 3848 2865 3896 et
2903 3849 3146 3910 parentes
3187 3841 3253 3898 ad
3295 3858 3355 3899 se
3410 3846 3696 3914 pertinent.

2134 3925 2312 3996 Itaque
2340 3926 2413 3981 illi
2439 3929 2527 3997 qui
2559 3928 2667 3982 nati
2695 3936 2849 3996 sunt,
2895 3930 2939 3985 si
2971 3931 3234 3986 tenuerint
3269 3935 3382 3988 vias
3420 3946 3696 4004 parentum

2133 4033 2349 4076 suorum
2377 4020 2560 4086 malas,
2587 4036 2804 4078 necesse
2824 4031 2906 4078 est
2924 4032 3134 4092 portent
3157 4034 3210 4081 et
3233 4027 3420 4082 merita
3441 4027 3693 4097 ipsorum:

2129 4114 2175 4168 si
2201 4123 2376 4170 autem
2401 4116 2723 4171 mutaverint
2748 4130 2828 4180 se,
2849 4126 2904 4171 et
2931 4133 3034 4172 non
3064 4117 3258 4174 fuerint
3283 4119 3466 4174 imitati
3497 4134 3693 4189 pareo-

2131 4212 2211 4260 tes
2237 4205 2437 4270 malos,
2465 4205 2719 4276 incipiunt
2745 4207 2940 4262 habere
2966 4210 3211 4264 meritum
3241 4223 3414 4276 suum,
3444 4225 3546 4265 non
3579 4225 3693 4265 me-

2130 4297 2288 4352 ritum
2315 4307 2592 4366 parentum
2618 4313 2858 4354 suorum.
2892 4298 3070 4369 Usque
3097 4300 3229 4356 adeo
3257 4313 3431 4380 autem
3461 4319 3565 4358 non
3599 4305 3690 4360 tibi

2127 4390 2576 4455 obestpeccatum
2603 4389 2763 4457 patris
2795 4389 2905 4453 tui,
2950 4391 2994 4444 si
3040 4400 3091 4445 te
3135 4393 3457 4460 mutaveris,
3515 4407 3570 4450 ut
3597 4411 3688 4452 nec

2127 4475 2226 4546 ipsi
2255 4477 2387 4547 patri
2428 4486 2516 4531 tuo
2559 4479 2734 4544 obsit,
2767 4480 2811 4534 si
2854 4494 2912 4536 se
2937 4482 3233 4536 mutaverit.
3267 4481 3374 4538 Sed
3411 4484 3520 4552 jam
3552 4486 3688 4556 quod

2126 4568 2328 4637 accepit
2355 4567 2421 4622 ad
2453 4569 2823 4626 mortalitatem
2851 4571 3002 4627 istam
3034 4573 3182 4628 radix
3209 4585 3388 4630 nostra
3413 4619 3428 4642 ,
3457 4577 3607 4634 duxit
3625 4580 3689 4636 de

2127 4657 2316 4712 Adam.
2358 4657 2492 4725 Quid
2532 4659 2718 4715 duxit?
2764 4661 2921 4717 Istam
2965 4661 3300 4733 fragilitatem
3345 4667 3556 4730 carnis,
3592 4669 3690 4726 hoc

2126 4756 2444 4803 tormentum
2467 4748 2746 4815 dolorum,
2793 4750 2926 4807 hanc
2963 4752 3178 4808 donmm
3207 4757 3557 4825 paupertatis,
3588 4757 3690 4813 hoc

2125 4838 2391 4894 vinculum
2415 4841 2598 4896 mortis
2621 4881 2637 4904 ,
2669 4851 2723 4896 et
2748 4841 2963 4911 laqueos
2995 4846 3339 4901 tentationum
3373 4864 3386 4901 :
3415 4857 3688 4915 portamus

2122 4931 2297 4985 omnia
2327 4930 2424 4985 ista
2453 4931 2507 4984 in
2530 4945 2687 4987 Carne
2713 4931 2838 4998 hac;
2866 4943 2919 4988 et
2944 4935 3020 4989 ira
3041 4934 3135 4991 Dei
3162 4945 3243 4992 est
3271 4938 3367 5003 ista
3384 4979 3399 5003 ,
3431 4937 3552 5004 quia
3574 4939 3691 4994 vin-

2122 5020 2262 5076 dicta
2289 5021 2380 5076 Dei
2411 5031 2509 5077 est.
2546 5022 2650 5078 Sed
2679 5025 2797 5094 quia
2829 5023 3059 5080 futurum
3099 5036 3215 5082 erat
3242 5037 3300 5082 ut
3339 5042 3688 5098 regenerare-

2125 5127 2262 5178 mur,
2289 5121 2343 5166 et
2364 5112 2628 5168 credendo
2649 5115 2768 5170 novi
2788 5115 3138 5184 efﬁceremur,
3164 5128 3321 5189 atque
3361 5120 3413 5175 iu
3451 5137 3688 5179 resurre-

2122 5206 2300 5261 ctione
2329 5206 2501 5260 omnis
2527 5207 2613 5261 illa
2640 5210 2933 5265 mortalitas
2961 5211 3351 5280 absumeretur,
3381 5226 3435 5271 et
3476 5219 3688 5274 novitas

2123 5296 2281 5350 totius
2311 5295 2536 5350 hominis
2560 5308 2926 5367 repararetur;
2954 5301 3090 5356 sicut
3113 5303 3254 5359 enim
3285 5306 3338 5360 in
3368 5305 3531 5360 Adam
3565 5323 3684 5362 om-

2123 5402 2218 5442 nes
2245 5387 2540 5442 moriuntur
2561 5429 2575 5454 ,
2614 5390 2692 5452 sic
2719 5399 2772 5446 et
2801 5392 2851 5446 in
2877 5391 3092 5450 Christo
3121 5411 3306 5452 omnes
3334 5397 3680 5454 viviﬁcabun-

2123 5490 2206 5532 tur
2227 5479 2281 5548 (Ι
2312 5479 2426 5533 Cor.
2455 5495 2540 5544 xv,
2565 5479 2670 5550 2?.)
2696 5499 2708 5534 :
2739 5482 2839 5538 hoc
2865 5484 3048 5541 videns
3073 5487 3332 5557 Propheta
3357 5487 3463 5554 ait,
3489 5487 3611 5544 Non
3633 5493 3686 5545 in

2121 5579 2362 5623 a’ternum
2393 5571 2628 5623 irascaris
2655 5574 2796 5628 nobis
2819 5616 2834 5641 ,
2866 5575 2943 5628 vel
2969 5577 3206 5631 extendas
3231 5577 3358 5629 iram
3383 5586 3517 5631 tuam
3543 5597 3574 5633 a
3593 5598 3683 5652 ge-

2183 5725 2201 5794 ξ
2235 5724 2451 5794 Optima;
2472 5731 2596 5774 uota:
2616 5731 2723 5775 Mss.
2745 5736 2856 5794 Reg.
2882 5731 3039 5790 Corb.,
3064 5737 3180 5790 etc.,
3204 5735 3248 5780 et
3269 5723 3379 5780 ideo
3399 5744 3482 5782 nos
3506 5730 3676 5784 ddisti.

2184 5788 2204 5818 ²
2237 5783 2418 5851 Aliquot
2439 5793 2726 5850 Mss.,Deas.
2808 5783 2838 5794 “’
3025 5783 3035 5790 ’
3165 5783 3177 5790 ’
