4024 6210
322 363 455 420 Π)ῗὸ

318 475 569 530 mmiiotte
592 471 646 527 in
676 472 1059 544 generationem.
1089 470 1209 527 Fuit
1237 471 1403 542 prima
1435 468 1706 541 generatio
1733 482 1874 523 mor-

321 566 438 619 talis
462 564 529 617 de
570 564 645 615 ira
677 574 792 626 tua;
838 564 941 617 erit
974 563 1137 617 altera
1168 561 1447 634 generatio
1483 559 1796 615 immortalis
1821 558 1887 613 de

322 657 677 713 misericordia
710 666 815 711 tua.

384 750 435 804 8.
465 747 633 821 [vers.
670 746 749 820 7.]
778 747 910 816 Quid
953 748 1118 818 ergo?
1170 749 1269 803 hoc
1299 747 1388 802 tibi
1420 756 1471 801 tu
1504 746 1812 816 prtestitisti,
1852 762 1885 801 ο

318 840 509 907 homo,
558 850 617 895 ut
660 841 781 910 quia
820 856 1108 895 conversus
1147 855 1205 895 es
1249 841 1315 894 ad
1358 841 1557 907 Deum,
1604 840 1885 895 merereris

313 932 729 985 misericordiam
761 931 961 1000 ipsius;
992 933 1077 1000 qui
1108 939 1281 986 autem
1312 930 1553 986 conversi
1584 946 1688 985 non
1719 938 1879 997 sunt,

314 1038 412 1075 non
440 1033 564 1076 sunt
587 1022 763 1091 adepti
790 1022 1231 1089 misericordiam,
1258 1023 1348 1078 sed
1378 1023 1691 1078 invenerunt
1712 1022 1884 1075 iram?

312 1113 442 1180 Quid
472 1123 673 1179 autem,
704 1122 762 1166 ut
783 1115 1195 1180 convertereris,
1228 1129 1428 1184 posses,
1447 1114 1547 1168 nisi
1578 1111 1884 1167 vocareris?

311 1202 492 1258 Nonne
534 1204 623 1258 ille
646 1204 735 1274 qui
767 1213 820 1258 te
847 1205 1054 1259 vocavit
1097 1220 1340 1259 aversum
1366 1246 1381 1270 ,
1414 1206 1525 1274 ipse
1554 1205 1799 1274 praestitit
1828 1213 1884 1257 ut

290 1273 866 1366 iconvertereris?Noli
889 1295 980 1350 tibi
1008 1311 1134 1366 ergo
1161 1310 1406 1365 arrogare
1436 1311 1536 1351 nec
1562 1296 1729 1366 ipsam
1755 1309 1883 1350 con-

303 1386 611 1457 {versionem
638 1405 652 1450 ;
681 1388 800 1458 quia
828 1388 928 1442 nisi
960 1396 1010 1443 te
1043 1388 1135 1442 ille
1162 1397 1371 1442 vocaret
1403 1386 1690 1457 fugientem
1713 1427 1728 1450 ,
1776 1400 1879 1440 non

313 1491 489 1546 posses
533 1479 795 1533 converti.
825 1478 1105 1548 Propterea
1130 1486 1186 1533 et
1214 1477 1376 1548 ipsius
1399 1476 1761 1532 conversionis
1786 1477 1881 1532 be-

321 1569 560 1624 neficium
594 1569 706 1624 Deo
735 1568 971 1625 tribuens
994 1569 1257 1640 Propheta
1276 1610 1292 1636 ,
1320 1568 1424 1624 hoc
1452 1577 1569 1624 orat
1591 1610 1607 1637 ,
1634 1577 1688 1624 et
1715 1568 1839 1623 dicit
1865 1587 1878 1623 :

315 1659 470 1726 Dens,
503 1671 560 1713 tu
586 1670 879 1717 convertens
921 1662 1193 1731 uiviﬁcabis
1226 1678 1336 1716 nos.
1365 1661 1433 1715 Et
1472 1675 1575 1715 non
1606 1661 1756 1732 quasi
1784 1674 1881 1715 nos

316 1750 405 1819 ipsi
432 1760 614 1805 nostra
640 1759 831 1821 sponte
858 1753 975 1807 sine
997 1751 1358 1807 misericordia
1395 1760 1481 1806 tua
1522 1753 1881 1807 convertimur

313 1839 371 1893 ad
398 1849 481 1905 te,
511 1851 568 1896 et
598 1852 657 1895 tu
682 1841 972 1898 vivificabis
1001 1856 1135 1898 nos:
1167 1843 1260 1899 sed
1279 1884 1293 1907 ,
1345 1853 1401 1898 tu
1437 1853 1723 1899 convertens
1758 1843 1880 1898 vivi-

312 1933 477 1999 ﬁcabis
501 1950 596 1989 nos
612 1951 634 2000 ;
662 1942 720 1988 ut
747 1949 849 1989 non
893 1936 1065 1990 solum
1104 1934 1382 1991 vivificatio
1426 1945 1606 1991 nostra
1630 1951 1658 1990 a
1686 1945 1739 1991 te
1763 1936 1831 1992 sit
1860 1977 1875 2004 ,

312 2023 399 2078 sed
424 2027 582 2079 etiam
616 2027 729 2095 ipsa
757 2028 1031 2082 conversio
1057 2036 1113 2082 ut
1140 2028 1483 2083 vivifieemur.
1514 2029 1652 2084 Deus
1683 2039 1736 2083 tu
1755 2045 1879 2085 con-

311 2128 493 2172 vertens
518 2119 790 2187 vioiﬁcabis
813 2136 940 2183 nos;
964 2129 1009 2174 et
1024 2120 1160 2189 plebs
1182 2132 1269 2175 tua
1292 2121 1541 2175 [celabitur
1566 2122 1617 2175 in
1646 2130 1710 2175 te.
1732 2122 1870 2178 Malo

310 2224 402 2264 suo
430 2209 695 2265 laetabitur
721 2214 770 2265 in
796 2227 886 2275 se;
919 2211 1057 2266 bono
1083 2227 1179 2266 suo
1208 2211 1470 2266 lambitur
1495 2212 1545 2266 in
1571 2220 1642 2267 te.
1658 2211 1879 2281 Quando

309 2301 443 2355 enim
473 2302 642 2356 voluit
665 2301 860 2357 habere
881 2302 1072 2371 gaudia
1101 2302 1169 2357 de
1196 2317 1283 2366 se,
1308 2303 1503 2357 invenit
1533 2303 1799 2373 planctum
1822 2304 1876 2358 in

310 2408 363 2449 se
386 2412 399 2448 :
427 2408 573 2451 nunc
595 2408 724 2449 vero
748 2394 869 2464 quia
889 2402 1054 2449 totum
1076 2394 1319 2464 gaudium
1347 2402 1583 2449 nostrum
1606 2394 1745 2449 Deus
1767 2401 1868 2459 est,

309 2485 389 2552 qui
417 2485 528 2550 vult
551 2499 771 2540 securus
792 2485 1049 2556 gaudere,
1069 2485 1119 2539 in
1147 2485 1237 2539 illo
1259 2485 1503 2556 gaudeat,
1531 2486 1618 2556 qui
1649 2501 1752 2540 non
1779 2500 1876 2555 po-

311 2587 406 2631 test
430 2578 772 2647 perire.Quid
800 2578 939 2635 enim
957 2619 972 2647 ,
1000 2577 1191 2633 fratres
1218 2579 1354 2645 mei,
1381 2578 1610 2650 gaudere
1630 2579 1792 2634 vultis
1821 2579 1874 2634 in

309 2670 558 2739 argento?
583 2671 688 2724 Aut
716 2678 991 2738 argentum
1036 2669 1205 2740 perit,
1235 2677 1324 2723 aut
1368 2678 1454 2734 tu;
1500 2678 1554 2725 et
1580 2685 1737 2725 nemo
1777 2670 1878 2725 scit

308 2760 423 2829 quid
454 2761 602 2830 prius
631 2778 645 2814 :
671 2770 1032 2816 verumtamen
1058 2760 1185 2816 illud
1209 2759 1568 2830 constat,quia
1597 2768 1875 2830 utrumque

309 2854 592 2921 periturum
641 2861 753 2917 est;
783 2852 907 2923 quid
955 2855 1098 2923 prius
1120 2895 1135 2919 ,
1182 2853 1441 2909 incertum
1473 2860 1571 2908 est.
1604 2851 1736 2907 Nam
1778 2867 1876 2908 nec

307 2944 461 2999 homo
489 2946 574 3000 hic
599 2954 771 3014 potest
799 2960 1013 3000 manere
1041 2959 1282 3014 semper,
1322 2959 1420 2999 nec
1458 2951 1730 3014 argentum
1785 2943 1871 2999 hic

312 3047 478 3107 potest
523 3053 738 3092 manere
786 3052 1035 3107 semper;
1066 3038 1143 3091 sic
1185 3052 1371 3091 aurum
1397 3078 1412 3101 ,
1444 3038 1522 3092 sic
1570 3036 1764 3102 vestis,
1798 3037 1875 3092 sic

308 3130 493 3183 domus
517 3172 530 3195 ,
574 3130 650 3184 sic
694 3130 912 3199 pecunia
934 3171 948 3194 ,
997 3129 1074 3183 sic
1104 3129 1205 3183 lata
1233 3128 1460 3199 praedia,
1503 3130 1580 3184 sic
1606 3139 1874 3200 postremo

308 3220 388 3273 lux
421 3222 537 3275 ista.
567 3220 682 3275 Noli
710 3236 836 3291 ergo
864 3220 995 3276 velle
1021 3220 1249 3290 gaudere
1289 3221 1340 3275 in
1390 3220 1503 3275 istis
1529 3240 1541 3275 :
1571 3222 1662 3276 sed
1705 3222 1874 3293 gaude

309 3311 355 3365 in
385 3313 467 3365 illa
517 3312 635 3367 luce
661 3328 779 3381 qua:
820 3327 925 3367 non
958 3313 1112 3368 habet
1160 3327 1444 3376 occasum;
1482 3312 1648 3383 gaude
1688 3313 1738 3367 in
1784 3313 1871 3368 illa

308 3403 415 3458 luce
440 3420 597 3473 quam
626 3419 731 3459 non
758 3404 1009 3474 prtecedit
1034 3405 1309 3461 hesternus
1330 3405 1578 3473 dies,ncc
1605 3405 1864 3475 sequitur,

306 3496 584 3548 crastinus.
611 3494 745 3564 Quid
787 3504 869 3551 est
911 3496 1009 3550 ista
1047 3496 1175 3549 lux?
1203 3496 1312 3567 Ego
1343 3513 1481 3563 sum,
1532 3495 1739 3565 inquit,
1785 3497 1873 3550 tua:

306 3587 473 3638 ntundi
504 3584 697 3654 (Joan.
726 3583 1000 3658 vnt,12).
1035 3584 1133 3653 Qui
1165 3585 1257 3641 tibi
1295 3585 1461 3655 dicit,
1489 3585 1599 3658 Ego
1634 3603 1745 3641 sum
1782 3586 1873 3641 tua:

306 3676 507 3741 mundi,
539 3685 694 3731 vocat
720 3685 771 3731 te
796 3675 861 3731 ad
905 3690 983 3732 se.
1027 3676 1159 3732 Cum
1185 3687 1338 3732 vocat
1360 3688 1409 3732 te
1434 3719 1447 3741 ,
1499 3677 1763 3732 convertit
1788 3687 1867 3743 te;

306 3779 421 3820 cum
449 3766 710 3821 convertit
731 3776 811 3835 te,
839 3775 989 3822 sanat
1013 3776 1064 3822 te
1089 3785 1102 3832 ;
1133 3782 1251 3823 cum
1279 3768 1547 3822 sanaverit
1574 3776 1647 3833 te,
1671 3767 1870 3822 videbis

304 3871 669 3913 conversorem
698 3865 842 3913 tuum
863 3897 876 3924 ,
906 3857 988 3913 cui
1015 3857 1227 3927 dicitur,
1264 3857 1326 3911 Et
1353 3857 1488 3928 plebs
1513 3866 1596 3911 tua
1622 3856 1872 3911 lwtabitur

304 3948 359 3999 in
392 3958 457 4001 te.

378 4040 428 4095 9.
467 4038 629 4110 laets.
657 4039 759 4113 8.]
814 4039 1030 4095 Ostende
1069 4040 1253 4106 nobis,
1294 4037 1545 4104 Domine,
1594 4038 1871 4093 misericor-

300 4131 435 4184 diam
466 4142 621 4185 tuam.
654 4132 767 4187 lloc
793 4143 873 4186 est
900 4131 1041 4202 quod
1064 4130 1392 4187 cantavimus
1423 4131 1461 4195 ¹,
1505 4138 1558 4183 et
1594 4129 1701 4199 jam
1746 4129 1871 4186 hinc

302 4221 548 4275 diximus.
619 4221 838 4276 Ostende
911 4223 1051 4276 nobis
1079 4264 1092 4288 ,
1162 4222 1410 4287 Domine,
1478 4220 1869 4274 misericordiam

304 4322 476 4377 tuam;
508 4323 554 4366 et
573 4313 798 4367 salutare
822 4321 960 4367 tuum
987 4314 1052 4366 da
1074 4312 1214 4367 nobis
1236 4329 1253 4367 :
1279 4314 1497 4367 salutare
1522 4321 1657 4365 tuum
1678 4353 1691 4374 ,
1717 4311 1871 4365 Chri-

300 4415 440 4457 stum
471 4414 637 4459 tuum.
670 4403 818 4459 Felix
847 4414 927 4459 est
966 4405 1053 4459 cui
1098 4404 1328 4459 ostendit
1375 4403 1516 4458 Deus
1562 4403 1866 4457 misericor-

302 4492 442 4548 diam
465 4510 636 4549 suam.
671 4494 787 4564 ipse
830 4502 909 4550 est
950 4496 1039 4567 qui
1081 4494 1353 4565 superbire
1395 4510 1499 4547 non
1546 4501 1757 4562 poteSt,
1785 4494 1867 4548 cui

299 4583 441 4637 Deus
463 4583 696 4639 ostendit
724 4583 1138 4639 misericordiam
1167 4599 1338 4639 suam.
1364 4581 1704 4639 Ostendendo
1727 4584 1867 4638 enim

298 4677 377 4731 illi
408 4676 822 4732 misericordiam
852 4692 1000 4732 suam
1029 4719 1043 4742 ,
1064 4674 1348 4746 persuadet
1375 4676 1446 4730 illi
1473 4676 1593 4746 quia
1617 4675 1867 4745 quidquid

296 4768 419 4823 boni
450 4768 611 4823 habet
641 4769 753 4839 ipse
796 4768 956 4823 immo
981 4810 995 4831 ,
1044 4783 1148 4822 non
1190 4769 1349 4824 habet
1391 4767 1491 4822 nisi
1538 4766 1605 4820 ab
1650 4766 1741 4822 illo
1781 4766 1870 4836 qui

294 4876 456 4915 omne
484 4860 687 4915 bonum
715 4869 948 4915 nostrum
975 4870 1076 4915 est.
1100 4858 1310 4914 Etcum
1331 4859 1521 4914 viderit
1538 4857 1697 4914 homo
1721 4856 1871 4928 quid-

296 4953 419 5022 quid
452 4951 577 5007 boni
613 4952 775 5006 habet
803 4967 906 5006 non
935 4967 994 5007 se
1023 4952 1216 5006 habere
1235 4966 1264 5004 a
1291 4965 1348 5005 se
1372 4992 1386 5016 ,
1419 4950 1510 5005 sed
1541 4965 1570 5005 a
1596 4950 1708 5005 Deo
1733 4962 1869 5016 suo;

291 5044 436 5098 videt
464 5044 585 5114 quia
618 5052 789 5098 totum
813 5042 953 5113 quod
978 5042 1029 5096 in
1062 5042 1151 5095 illo
1174 5041 1413 5095 laudatur
1440 5082 1455 5107 ,
1487 5040 1555 5095 de
1580 5039 1873 5096 misericor-

290 5134 379 5188 dia
409 5135 508 5189 Dei
531 5142 615 5188 est
637 5174 651 5193 .
680 5147 784 5187 non
813 5131 881 5188 de
908 5131 1112 5187 meritis
1155 5131 1317 5200 ipsius
1350 5148 1364 5186 :
1408 5139 1462 5186 et
1507 5130 1735 5186 videndo
1771 5130 1869 5184 ista

287 5243 398 5280 non
429 5226 711 5295 superbit,
742 5240 846 5278 non
886 5220 1238 5292 superbiendo
1282 5236 1385 5275 non
1424 5220 1695 5277 extollitur
1717 5262 1733 5288 ,
1764 5234 1869 5274 non

287 5331 349 5369 se
381 5314 695 5370 extollendo
737 5328 843 5368 non
880 5312 1058 5379 cadit,
1095 5328 1198 5366 non
1240 5311 1478 5365 cadendo
1513 5320 1655 5374 stat,
1681 5310 1871 5366 stando

288 5406 562 5471 inhmret,
612 5402 920 5459 inbaarendo
969 5410 1182 5469 manet,
1231 5400 1493 5456 manendo
1540 5399 1865 5470 perfruitur,

283 5505 343 5549 et
378 5496 592 5548 hetatur
616 5494 669 5548 in
700 5494 920 5548 Domino
947 5493 1053 5549 Deo
1081 5507 1195 5547 suo.
1231 5492 1397 5546 Erunt
1424 5491 1496 5546 illi
1527 5490 1730 5546 deliciae
1755 5490 1869 5561 ipse

283 5588 387 5656 qui
420 5586 545 5641 fecit
571 5587 755 5651 illum;
799 5595 854 5641 et
894 5584 1107 5639 delicias
1150 5585 1290 5654 ipsas
1333 5598 1488 5639 nemo
1538 5583 1863 5654 corrumpit,

286 5693 462 5734 nemo
491 5678 824 5749 interpellat,
855 5691 1012 5732 nemo
1036 5676 1225 5732 aufert.
1256 5675 1386 5743 Quis
1413 5684 1600 5748 potens
1639 5676 1865 5742 minabi-

354 5812 376 5845 ¹
414 5808 632 5861 nonnulli
653 5818 777 5873 ηδε..
795 5809 1100 5861 cantabimus.

1342 355 1737 413 ENARRATIO
1776 354 1840 409 IN
1880 352 2193 409 PSALMUM
2237 354 2518 411 LXXXIV.

3432 368 3568 427 1074

2002 478 2086 522 tur
2122 468 2376 525 auferre?
2418 473 2536 540 quis
2579 473 2781 529 vicinus
2822 476 3030 547 malus,
3076 480 3195 551 quis
3237 481 3410 555 latro,
3449 480 3567 557 quis

1996 559 2272 614 insidiator
2294 561 2384 614 tibi
2410 563 2543 617 tollit
2565 563 2767 618 Deum?
2791 566 2855 620 Et
2882 577 3052 636 potest
3073 570 3163 625 tibi
3190 573 3380 630 tollere
3401 585 3562 633 totum

1995 653 2134 718 quod
2165 651 2400 719 possides
2452 668 2712 722 corpore,
2766 672 2867 710 non
2914 657 3003 711 tibi
3057 661 3191 716 tollit
3234 679 3356 721 eum
3406 683 3562 738 quem

1995 740 2238 809 possides
2267 742 2447 797 corde.
2477 743 2592 813 Ipsa
2622 747 2637 777 ¹
2688 756 2769 800 est
2814 748 3173 805 misericordia
3200 793 3217 818 ,
3255 772 3410 825 quam
3462 762 3559 814 uti-

1993 846 2113 886 nam
2144 833 2281 889 Deus
2320 836 2562 891 ostendat
2604 838 2753 893 nobis
2777 879 2792 902 ,
2841 838 3058 895 Ostende
3092 845 3266 912 nobis,
3310 849 3555 918 Domine,

1993 923 2382 979 misericordiam
2410 936 2587 993 luam;
2622 940 2667 983 et
2699 931 2917 985 salutare
2936 942 3075 986 tuum
3101 935 3167 987 da
3193 937 3330 993 nobis
3358 956 3377 993 :
3403 941 3560 998 Chri-

1994 1022 2131 1070 stum
2160 1025 2305 1071 tuum
2334 1017 2397 1072 da
2430 1019 2623 1074 nobis:
2668 1022 2718 1075 in
2769 1023 2859 1077 illo
2901 1034 2982 1078 est
3019 1029 3158 1081 enim
3201 1030 3558 1094 misericordia

1992 1114 2102 1159 tua.
2136 1108 2379 1163 Dicamus
2409 1109 2483 1163 illi
2511 1120 2566 1166 et
2593 1127 2691 1166 nos
2720 1130 2732 1166 :
2766 1113 2838 1166 Da
2885 1115 3037 1169 nobis
3078 1116 3342 1173 Christum
3389 1132 3554 1178 tuum.

1989 1194 2105 1250 Jam
2134 1198 2345 1266 quidem
2375 1198 2521 1255 dedit
2549 1202 2701 1256 nobis
2726 1201 2993 1259 Christum
3025 1222 3178 1262 suum
3212 1226 3225 1262 :
3271 1212 3442 1267 adhuc
3483 1214 3554 1269 illi

1990 1295 2166 1342 tamen
2191 1288 2429 1345 dicamus
2452 1331 2468 1356 ,
2498 1292 2571 1345 Da
2602 1294 2751 1348 nobis
2777 1294 3041 1350 Christum
3068 1306 3213 1353 tuum
3239 1316 3252 1366 ;
3283 1302 3400 1370 quia
3428 1304 3556 1359 dicic

1989 1394 2106 1433 mus
2134 1380 2204 1434 illi
2230 1421 2245 1446 ,
2274 1379 2468 1438 Panem
2494 1395 2717 1440 nostrum
2757 1390 3103 1458 quotidianum
3131 1392 3199 1445 da
3234 1395 3375 1449 nobis
3412 1397 3558 1453 hodie

1992 1470 2011 1539 (
2037 1470 2223 1529 Matth.
2255 1490 2305 1528 vt
2331 1515 2345 1540 ,
2374 1477 2433 1531 ll
2461 1476 2503 1545 ).
2536 1477 2605 1532 Et
2628 1479 2745 1548 quis
2772 1488 2855 1535 est
2884 1482 3034 1550 panis
3063 1494 3243 1541 noster
3266 1528 3282 1553 ,
3302 1488 3411 1543 nisi
3442 1490 3553 1560 ipse

1986 1563 2074 1629 qui
2101 1562 2233 1619 dixit
2256 1606 2273 1631 ,
2303 1565 2413 1637 Ego
2436 1584 2549 1621 sum
2578 1570 2886 1637 panis-vivus
2904 1614 2919 1640 ,
2962 1574 3048 1643 qui
3084 1575 3147 1628 de
3175 1578 3297 1631 mlo
3321 1579 3550 1635 descendi

1987 1652 2185 1723 (Joan.
2225 1672 2313 1724 vt,
2353 1659 2414 1713 41
2444 1659 2490 1730 )?
2527 1661 2771 1717 Dicamus
2810 1663 2884 1718 illi
2928 1682 2942 1719 :
2984 1665 3057 1720 Da
3096 1668 3248 1723 nobis
3284 1668 3551 1727 Christum

1986 1755 2153 1802 tuum.
2195 1748 2347 1805 Dedit
2384 1753 2523 1807 enim
2562 1752 2716 1809 nobis
2751 1754 3019 1812 Christum
3045 1800 3060 1825 ,
3100 1760 3193 1815 sed
3232 1760 3499 1820 hominem
3535 1786 3549 1822 :

1986 1854 2143 1909 quem
2174 1841 2325 1896 nobis
2343 1845 2363 1875 ³
2394 1843 2539 1899 dedit
2560 1844 2827 1903 hominem
2852 1888 2867 1913 ,
2889 1865 3009 1905 eum
3035 1852 3205 1921 ipsum
3231 1855 3383 1911 nobis
3401 1856 3552 1913 datu-

1984 1945 2074 1984 rus
2096 1941 2177 1986 est
2202 1932 2389 1988 Deum.
2424 1935 2738 1995 Hominibus
2757 1941 2896 1996 enim
2924 1942 3195 2001 hominem
3220 1946 3402 2015 dedit;
3429 1952 3549 2019 quia

1985 2020 2142 2111 talem
2170 2022 2315 2078 illum
2353 2024 2502 2082 dedit
2546 2028 2845 2087 hominibus
2886 2034 3058 2104 qualis
3104 2047 3283 2106 posset
3327 2041 3443 2111 capi
3482 2044 3549 2098 ab

1984 2110 2326 2170 hominibus:
2360 2117 2527 2173 Deum
2555 2122 2695 2176 enim
2739 2121 3007 2180 Christum
3057 2128 3232 2185 nullus
3275 2129 3545 2188 hominum

1982 2217 2170 2273 capere
2201 2216 2422 2274 poterat.
2450 2210 2641 2267 Factus
2664 2223 2745 2269 est
2766 2215 3067 2274 hominibus
3092 2218 3251 2276 homo
3274 2265 3290 2291 ,
3320 2228 3548 2283 servavit

1982 2308 2041 2349 se
2070 2294 2234 2350 Deum
2259 2297 2381 2353 diis.
2405 2301 2484 2353 An
2513 2300 2647 2357 forte
2671 2317 2978 2374 arroganter
2997 2309 3103 2364 dixi
3125 2311 3149 2363 ?
3171 2312 3369 2369 Revera
3399 2332 3547 2371 arro-

1979 2394 2203 2454 ganter,
2248 2387 2347 2442 nisi
2387 2388 2499 2458 ipse
2543 2391 2805 2448 dixisset:
2848 2394 2959 2467 Ego
2987 2399 3128 2466 dixi,
3174 2401 3260 2455 Dii
3304 2406 3454 2473 estis,
3498 2415 3545 2460 et

1980 2477 2077 2543 lilii
2116 2477 2355 2533 ditissimi
2390 2496 2561 2537 omnes
2606 2482 2802 2556 (Psal.
2843 2502 3001 2543 Lxxxt
3026 2529 3041 2553 ,
3084 2489 3154 2556 6;
3195 2500 3243 2545 et
3272 2492 3427 2547 Joan.
3467 2511 3497 2549 x
3527 2537 3543 2560 ,

1979 2568 2050 2624 54
2071 2569 2113 2640 ).
2140 2569 2221 2625 Ad
2249 2573 2413 2642 ipsam
2443 2575 2778 2645 adoptionem
2807 2594 3125 2636 renovamur
3149 2582 3191 2647 ³,
3241 2593 3299 2639 ιιι
3340 2584 3541 2641 efficia-

1981 2675 2100 2715 mur
2129 2660 2221 2717 lilii
2253 2663 2365 2719 Dei.
2405 2664 2522 2719 Jam
2560 2667 2771 2736 quidem
2809 2684 2992 2725 sumus
3019 2713 3034 2737 ,
3076 2672 3167 2728 sed
3208 2688 3303 2743 per
3338 2676 3494 2730 fidem
3526 2696 3538 2730 :

1979 2766 2162 2808 sumus
2190 2753 2400 2824 quidem
2433 2756 2483 2810 in
2513 2773 2607 2827 spe
2635 2800 2649 2823 ,
2682 2759 2911 2814 nondum
2954 2775 3135 2817 sumus
3177 2764 3228 2818 in
3274 2779 3352 2820 re.
3384 2784 3403 2817 ι
3434 2767 3540 2836 Spe

1976 2842 2119 2896 enim
2176 2843 2308 2897 salvi
2365 2844 2485 2899 facti
2543 2846 2761 2912 sumus,
2796 2866 2814 2900 ι
2869 2849 3006 2904 sicut
3059 2850 3185 2907 dicit
3230 2854 3536 2923 Apostolus.

1983 2954 2003 2987 ι
2036 2935 2169 3005 Spes
2209 2945 2383 2992 autem
2410 2952 2527 3008 quas
2553 2939 2781 3007 videtur,
2806 2958 2907 2996 non
2937 2952 3018 2997 est
3046 2959 3167 3015 spes
3195 2962 3210 2998 :
3240 2946 3378 3017 quod
3399 2950 3537 3004 enim

1976 3027 2117 3083 videt
2163 3029 2316 3098 quis,
2363 3030 2485 3100 quid
2532 3033 2743 3100 sperat?
2770 3032 2822 3089 Si
2863 3043 3037 3089 autem
3075 3036 3213 3106 quod
3253 3052 3356 3093 non
3394 3040 3539 3096 vidc—

1976 3133 2093 3172 mus
2166 3134 2483 3189 speramus,
2571 3138 2665 3192 per
2731 3124 3033 3194 patientiam
3106 3138 3475 3199 exspectamus
3510 3149 3530 3183 ι

1977 3206 2172 3280 (Rom.
2242 3226 2372 3275 vm,
2432 3211 2540 3277 94,
2599 3213 2669 3269 25
2698 3213 2738 3282 ).
2798 3215 2933 3284 Quid
2995 3217 3133 3273 enim
3200 3231 3539 3292 exspectamus

1976 3316 2065 3371 per
2102 3302 2390 3371 patientiam
2414 3343 2431 3369 ,
2491 3304 2591 3359 nisi
2630 3304 2809 3361 videre
2845 3308 2984 3377 quod
3021 3308 3327 3366 credimus?
3382 3312 3537 3371 Modo

1974 3391 2115 3446 enim
2144 3392 2409 3448 credimus
2445 3394 2583 3463 quod
2624 3411 2727 3452 non
2765 3397 3003 3455 videmus
3036 3418 3050 3454 :
3092 3403 3445 3470 permanendo
3482 3406 3534 3460 in

1975 3497 2040 3537 eo
2067 3482 2204 3552 quod
2231 3483 2511 3539 credentes
2538 3500 2641 3540 non
2681 3487 2920 3543 videmus
2945 3531 2960 3556 ,
3001 3492 3325 3547 merebimur
3359 3494 3538 3549 videre

1975 3574 2112 3644 quod
2163 3575 2449 3630 credimus.
2492 3577 2774 3648 Propterea
2812 3579 3042 3637 Joannes
3081 3583 3133 3637 in
3173 3584 3405 3654 Epistula
3443 3601 3534 3640 sua

1974 3665 2098 3733 quid
2135 3665 2252 3720 ait?
2287 3665 2615 3723 Dilectissimi
2639 3710 2652 3735 ,
2695 3671 2791 3737 ﬁlii
2825 3670 2924 3725 Dei
2959 3689 3131 3727 sumus
3153 3715 3167 3739 ,
3222 3684 3269 3728 et
3318 3678 3536 3732 nondum

1972 3760 2209 3829 apparuit
2245 3761 2366 3831 quid
2400 3763 2607 3815 erimus.
2654 3761 2781 3829 Quis
2817 3778 2921 3818 non
2961 3764 3226 3832 exsultet,
3282 3767 3326 3821 si
3363 3768 3535 3822 subito

1972 3851 2153 3905 nescio
2190 3851 2273 3905 cui
2313 3853 2667 3922 peregrinanti
2710 3862 2763 3909 et
2798 3854 3056 3924 ignoranti
3112 3870 3279 3925 genus
3338 3872 3489 3913 suum
3517 3901 3532 3924 ,

1971 3942 2187 4012 patienti
2213 3943 2438 4012 aliquam
2467 3952 2755 4014 egestatem
2786 3986 2801 4012 ,
2832 3954 2887 3999 et
2928 3946 2980 3999 in
3011 3962 3243 4002 :erumna
3272 3957 3327 4004 et
3355 3948 3535 4004 labore

1970 4032 2254 4088 constituto
2278 4033 2543 4090 diceretur
2570 4053 2583 4087 :
2626 4035 2786 4091 Filius
2814 4038 3072 4093 senatoris
3099 4053 3158 4094 es
3183 4054 3198 4104 ;
3240 4049 3387 4109 pater
3415 4048 3535 4095 tuus

1970 4123 2145 4195 amplo
2171 4122 2489 4194 patrimonio
2514 4124 2708 4195 gaudet
2734 4125 2785 4180 in
2810 4141 2868 4181 re
2890 4137 3064 4182 vestra
3088 4145 3104 4194 ;
3143 4142 3335 4184 revoco
3373 4138 3425 4183 te
3466 4130 3533 4182 ad

1971 4224 2174 4285 patrem
2208 4216 2399 4271 tuum?
2436 4217 2576 4287 quali
2613 4217 2803 4289 gaudio
2838 4219 3123 4274 exsultaret
3149 4262 3165 4284 ,
3205 4221 3248 4274 si
3288 4221 3389 4276 hoc
3427 4235 3531 4276 non

1973 4306 2128 4360 fallax
2156 4307 2451 4378 promissor
2476 4307 2721 4364 diceret?
2750 4308 2905 4363 Venit
2930 4324 3056 4381 ergo
3084 4325 3189 4365 non
3221 4310 3377 4366 fallax
3406 4320 3535 4380 apo-

1971 4399 2137 4454 stolus
2162 4399 2357 4454 Christi
2382 4442 2397 4467 ,
2429 4408 2484 4456 et
2506 4401 2582 4456 ait
2606 4420 2619 4455 :
2649 4401 2781 4469 Quid
2807 4411 2889 4459 est
2911 4402 3051 4473 quod
3078 4403 3146 4459 de
3169 4404 3317 4461 vobis
3344 4404 3532 4476 despe.

1972 4492 2141 4547 ratis?
2164 4491 2289 4563 quid
2317 4501 2400 4548 est
2425 4492 2566 4565 quod
2592 4508 2688 4548 vos
2714 4492 2942 4565 afﬂigitis
2961 4535 2975 4560 ,
3003 4502 3057 4550 et
3093 4511 3322 4552 maerore
3352 4507 3530 4553 conte-

1971 4586 2014 4639 ri
2023 4586 2085 4639 tis
2104 4586 2128 4639 ?
2152 4586 2275 4655 quid
2304 4594 2387 4642 est
2400 4586 2539 4657 quod
2555 4587 3007 4657 concupiscentias
3023 4596 3224 4643 vestras
3238 4590 3531 4659 sequendo,

1974 4676 2035 4730 in'
2055 4684 2290 4747 egestate
2313 4676 2531 4731 istarum
2556 4676 2880 4747 voluptatum
2905 4678 3105 4733 conteri
3133 4678 3333 4733 vultis?
3360 4679 3532 4736 Habe‘

1973 4769 2040 4822 tis
2065 4778 2300 4838 patrem,
2340 4767 2545 4823 habetis
2590 4768 2811 4838 patriam
2834 4809 2850 4831 .
2892 4767 3098 4824 habetis
3132 4770 3527 4839 patrimonium.

1971 4857 2099 4925 Quis
2125 4868 2207 4914 est
2232 4859 2333 4914 iste
2352 4858 2549 4929 pater?
2583 4877 2601 4911 ι
2631 4859 2963 4916 Dilectissimi
2983 4900 2999 4927 ,
3030 4860 3118 4915 lilii
3148 4860 3238 4916 Dei
3270 4874 3470 4916 sumus.
3505 4881 3525 4914 ι

1970 4950 2147 5017 Quare
2169 4964 2298 5020 ergo
2322 4948 2555 5005 nondum
2581 4950 2818 5008 videmus
2853 4959 3052 5021 patrem
3092 4950 3375 5006 nostrum?
3399 4949 3529 5017 Quia

1978 5058 1997 5092 s
2031 5040 2261 5095 nondum
2302 5041 2548 5111 apparuit
2586 5040 2711 5111 quid
2746 5038 2962 5095 erimus.
2995 5058 3015 5094 ι
3043 5039 3161 5095 Jam
3185 5055 3368 5094 smnus
3390 5080 3406 5105 ,
3437 5039 3530 5093 sed

1972 5130 2022 5184 in
2048 5146 2143 5200 spe
2172 5148 2185 5185 :
2228 5146 2349 5185 nam
2388 5149 2406 5183 ι
2434 5130 2559 5200 quid
2586 5130 2783 5187 erimus
2805 5170 2821 5195 ,
2848 5129 3077 5185 nondum
3105 5128 3365 5199 apparuit.
3400 5148 3436 5184 »ι
3465 5128 3535 5189 Et.
3580 5198 3587 5199 ί

1971 5220 2095 5290 quid
2119 5220 2361 5275 erimus?
2393 5239 2412 5274 ‹
2438 5220 2644 5276 Scimus
2666 5232 2732 5287 ,‘s
2765 5219 2970 5290 inquit,
3018 5236 3037 5271 ι
3065 5218 3185 5290 quia
3214 5232 3334 5273 cum
3363 5233 3529 5289 appa~

1971 5311 2171 5378 ruerit,
2218 5312 2417 5367 similes
2455 5311 2502 5365 ei
2532 5312 2728 5365 erimus
2750 5351 2767 5378 ,
2810 5311 3053 5379 quoniam
3081 5309 3377 5369 videbimus
3409 5326 3527 5367 eum

1972 5406 2122 5460 sicuti
2173 5416 2257 5460 est
2289 5425 2307 5458 ι
2363 5405 2421 5477 (l
2463 5404 2618 5459 Joan.
2668 5421 2761 5471 ιιι,
2803 5405 2902 5473 2).
2948 5404 3053 5460 Sed
3102 5404 3204 5461 hoc
3265 5406 3331 5461 de
3376 5406 3532 5463 Patre

1970 5496 2137 5559 dixit,
2168 5496 2234 5551 de
2254 5496 2388 5550 Filio
2407 5504 2579 5550 autem
2603 5496 2826 5550 Domino
2849 5494 2971 5549 Jesu
2993 5493 3204 5551 Christo
3229 5512 3332 5551 non
3351 5495 3490 5552 dixit
3515 5514 3529 5551 :

2030 5679 2052 5772 ζ
2396 5742 2500 5804 atas.
2519 5733 2599 5804 Alii
2616 5746 2725 5804 eum
2747 5732 2879 5804 ξω,
2892 5745 3029 5804 quem
3044 5733 3256 5804 novimus
3267 5731 3417 5790 dedit,
3434 5737 3527 5804 etc.

2034 5804 2054 5835 ³
2086 5807 2151 5851 ιω
2168 5796 2272 5851 im.
2297 5806 2350 5847 At.
2372 5796 2498 5845 add;
2528 5799 2597 5845 λιι
2615 5796 2735 5847 hanc
2756 5796 2909 5860 ipsum
2920 5796 3218 5860 adoptionem
3240 5802 3525 5845 TW.
