4038 6208
318 456 319 463 η
403 414 535 472 1075

400 544 452 585 et
470 532 604 583 forte
623 522 849 579 videndo
866 521 1075 575 Patrem
1096 556 1110 580 ,
1137 525 1241 566 non
1265 508 1456 564 Filium
1482 545 1497 569 ,
1521 505 1536 534 ί
1564 501 1760 555 erimus
1781 490 1956 548 beati?

405 580 724 689 Ipsumaudi
745 612 1007 668 Christum
1034 623 1046 658 :
1094 603 1193 671 Qui
1219 617 1295 655 me
1322 597 1444 650 vidit
1470 634 1485 660 ,
1516 591 1639 645 vidit
1663 598 1708 642 et
1733 580 1958 638 Patrem.

402 712 536 763 tium
559 707 700 761 enim
727 717 860 758 uitus
884 700 1020 752 Deus
1046 694 1254 748 videtur
1278 732 1294 757 ,
1323 685 1557 741 Trinitas
1581 679 1789 734 videtur
1810 715 1826 741 ,
1858 673 1961 727 Pa-

406 810 487 853 ter
514 807 567 854 et
580 796 754 866 Filius
781 801 833 846 et
856 789 1080 859 Spiritus
1104 790 1337 839 sanctus.
1362 776 1496 832 Audi
1521 769 1820 843 expressius
1844 763 1967 833 quia

407 861 715 958 ipsius‘Filii
747 882 877 935 visio
896 855 1102 933 tribuet
1133 872 1284 942 nobis
1313 864 1689 924 beatitudinem
1713 901 1729 925 ,
1756 866 1811 913 et
1839 855 1968 910 nihil

410 983 626 1035 interest
656 976 793 1030 inter
820 972 1074 1025 visionem
1101 966 1266 1035 ipsius
1286 971 1340 1017 et
1362 959 1617 1014 visionem
1644 951 1832 1007 Patris.
1855 948 1972 1014 Ipse

410 1072 483 1123 nit
506 1069 559 1123 in
588 1064 874 1134 Evangelia
902 1079 914 1115 :
948 1060 1047 1125 Qui
1073 1056 1235 1127 diligit
1255 1069 1333 1106 me
1355 1093 1369 1116 ,
1408 1046 1648 1102 mandata
1672 1058 1782 1096 mea
1807 1047 1974 1092 custo-

410 1162 523 1226 dit,
552 1167 599 1212 et
643 1129 986 1227 ego'ditigam
1026 1149 1208 1213 illum,
1249 1153 1295 1198 et
1336 1139 1594 1196 ostendam
1632 1135 1878 1203 meipsum
1900 1129 1977 1182 illi

412 1224 613 1322 (Joan.
652 1224 767 1309 xiv,
796 1245 850 1308 9,
895 1244 956 1297 2]
985 1241 1025 1312 ).
1075 1237 1409 1308 Loquebatur
1437 1232 1595 1295 illis,
1639 1237 1694 1282 et
1738 1224 1975 1286 dicebat,

419 1312 676 1396 ostendam
702 1336 945 1405 meipsum
968 1331 1062 1385 illi.
1095 1324 1313 1394 Quare?
1340 1323 1452 1378 Non
1474 1331 1587 1374 erat
1623 1319 1735 1387 ipse
1770 1314 1857 1383 qui
1898 1312 1979 1365 lo-

421 1429 724 1502 quebatur?
776 1404 891 1482 Sed
927 1436 1138 1478 carnem
1189 1430 1314 1472 caro
1359 1412 1605 1472 videbat;
1657 1404 1980 1461 divinitatem

421 1537 518 1577 cor
542 1524 562 1553 '
591 1535 695 1574 non
729 1516 955 1571 videbat.
988 1511 1069 1566 Ad
1094 1511 1194 1564 hoc
1222 1516 1396 1586 autem
1423 1516 1547 1557 caro
1576 1513 1786 1554 carnem
1817 1494 1981 1557 vidit,

427 1623 487 1666 ut
515 1627 606 1682 per
634 1610 786 1664 fidem
815 1622 906 1661 cor
929 1602 1271 1659 mandaretur
1294 1639 1310 1663 ,
1339 1595 1479 1651 unde
1523 1593 1659 1647 Deus
1699 1588 1984 1642 videretur.

431 1706 635 1759 Dictum
666 1710 747 1756 cst
783 1700 923 1754 enim
962 1696 1029 1751 de
1075 1694 1295 1748 Domino
1318 1731 1333 1756 ,
1378 1686 1507 1740 Fide
1547 1679 1796 1737 mandans
1839 1678 1991 1732 corda

432 1812 600 1851 eorum
628 1795 780 1865 (Act.
810 1806 901 1856 xv,
929 1787 1002 1859 9)
1033 1805 1047 1840 :
1073 1795 1125 1841 et
1153 1783 1292 1838 dixit
1322 1778 1570 1834 Dominus
1596 1817 1610 1839 ,
1640 1773 1779 1827 Beati
1808 1767 1992 1823 ntundo

431 1888 583 1943 corde
603 1930 618 1953 ,
638 1860 759 1956 quia
800 1883 898 1953 ipsi
938 1879 1101 1934 Deum
1140 1877 1369 1930 ridebunt
1395 1870 1414 1944 (
1438 1868 1620 1923 Matth.
1652 1882 1704 1931 v,
1734 1864 1767 1918 8
1791 1864 1833 1932 ).
1858 1860 1995 1930 Ergo

439 1978 591 2033 nobis
618 1949 859 2045 promisit
883 1967 1164 2025 ostendere
1190 1980 1248 2019 se
1273 1960 1441 2017 nobis.
1465 1957 1642 2025 Qualis
1669 1963 1749 2009 est
1780 1949 2000 2021 pulchri.

442 2070 567 2125 tudo
594 2044 707 2139 eius
731 2109 745 2133 ,
778 2065 964 2119 fratres
988 2105 1002 2128 ,
1033 2060 1277 2129 cogitate.
1304 2044 1490 2109 Omnia
1520 2053 1617 2106 ista
1641 2046 1857 2118 pulchra
1882 2058 1999 2113 quae

437 2138 665 2228 videtis,
692 2174 809 2230 quae
829 2155 1016 2211 amatis
1036 2196 1051 2219 ,
1079 2153 1192 2222 ipse
1221 2148 1363 2203 fecit.
1385 2145 1440 2200 Si
1461 2143 1576 2197 haec
1600 2138 1818 2209 pulchra
1840 2144 1960 2189 sunt
1984 2175 1998 2195 ,

440 2253 568 2323 quid
594 2224 677 2307 est
701 2224 855 2319 ipse?
878 2248 921 2302 si
953 2246 1064 2300 haec
1089 2255 1275 2310 magna
1304 2246 1425 2292 sunt
1449 2277 1464 2301 ,
1491 2240 1718 2303 quantus
1744 2237 1825 2282 est
1850 2226 1962 2294 ipse
1979 2224 2004 2276 ’ἒ

443 2345 585 2414 Ergo
609 2357 673 2397 ex
699 2340 813 2395 istis
840 2352 957 2408 qua:
984 2336 1068 2389 hic
1087 2343 1323 2388 amamus
1342 2369 1357 2392 ,
1381 2327 1522 2381 illum
1550 2320 1715 2403 magis
1737 2316 2004 2373 desidere-

445 2392 580 2414 ---ν
614 2392 672 2397 ἡ--
858 2392 870 2408 ,

445 2448 599 2498 mus;
631 2442 684 2486 et
711 2434 1106 2485 contemnentes
1134 2424 1230 2476 ista
1255 2461 1270 2487 ,
1302 2419 1444 2473 illum
1474 2392 1790 2483 diligamus:
1822 2418 1879 2462 ut
1898 2408 2009 2474 ipsa

447 2524 734 2580 dilectione
754 2536 850 2590 per
884 2518 1039 2573 ﬁdem
1083 2530 1174 2568 cor
1211 2510 1526 2566 mundemus
1549 2547 1565 2570 ,
1608 2512 1663 2558 et
1703 2500 2009 2556 mundatum

452 2631 546 2670 cor
574 2627 811 2668 nosuvum
841 2608 1074 2664 inveniat
1100 2610 1343 2673 aspectus
1369 2599 1524 2653 illius.
1557 2595 1668 2649 Lux
1704 2606 1822 2662 quae
1863 2589 2013 2642 nobis

451 2705 757 2761 ostendetur
780 2713 987 2772 ,tsanos
1016 2710 1111 2750 nos
1131 2693 1288 2749 debet
1306 2688 1542 2744 invenire
1568 2704 1582 2740 :
1606 2685 1707 2739 hoc
1733 2683 1838 2752 agit
1859 2679 2016 2734 modo

456 2797 609 2853 fides.
639 2795 751 2849 Hoc
775 2770 901 2862 ergo
928 2790 1011 2844 hic
1035 2787 1281 2843 diximus.
1312 2780 1377 2834 Et
1403 2778 1620 2833 salutare
1654 2784 1793 2827 tuum
1831 2770 1897 2823 da
1922 2786 2014 2822 no-

458 2892 533 2945 bis
560 2906 578 2945 :
603 2889 671 2944 da
701 2886 853 2941 nobis
878 2883 1147 2939 Christum
1187 2887 1331 2931 tuum
1357 2915 1370 2937 ,
1407 2869 1709 2937 noverimus
1748 2864 2022 2918 Christum

459 2999 607 3037 lllllm
629 3023 644 3047 ,
675 2979 944 3035 videamus
963 2974 1227 3029 Christum
1251 2979 1395 3023 tuum
1419 2982 1439 3046 ξ
1457 2977 1560 3017 non
1583 2957 1847 3031 quomodo
1874 2955 2018 3008 illum

458 3076 701 3130 viderunt
726 3069 893 3126 Judaei
918 3110 931 3134 ,
961 3079 1016 3121 et
1034 3061 1407 3119 cruciﬁxerunt
1431 3045 1444 3120 ,
1473 3051 1566 3108 sed
1586 3047 1850 3121 quomodo
1876 3045 2019 3099 illum

461 3166 641 3220 vident
669 3160 853 3230 Angeli
881 3202 895 3226 ,
924 3166 978 3213 et
1006 3153 1253 3226 gaudent.

534 3258 621 3313 10.
661 3254 683 3328 [
707 3226 832 3313 vers.
861 3258 914 3308 9.
942 3249 963 3322 ]
1000 3245 1213 3301 Audiam
1239 3240 1360 3312 quid
1384 3240 1610 3307 loquetur
1638 3234 1689 3285 in
1728 3246 1805 3283 me
1846 3226 2024 3280 Domi-

464 3366 561 3403 nus
584 3316 740 3401 Deus.
775 3316 1035 3410 Propheta
1061 3336 1209 3391 dixit.
1234 3329 1565 3400 Loquebatur
1593 3326 1643 3377 in
1671 3322 1760 3375 illo
1782 3320 1918 3373 Deus
1944 3316 2027 3369 in-

471 3455 558 3496 tus
585 3483 600 3503 ,
630 3449 687 3496 et
708 3435 934 3493 mundus
959 3428 1183 3487 faciebat
1207 3426 1279 3480 illi
1301 3422 1573 3490 strepitum
1596 3415 1741 3470 foris.
1763 3410 2029 3467 Cohibens

467 3547 597 3602 ergo
623 3530 945 3599 aliquantum
975 3522 1042 3575 ab
1066 3517 1282 3587 strepitu
1303 3510 1480 3567 mundi
1506 3551 1520 3574 ,
1545 3516 1599 3562 et
1618 3513 1861 3559 avertens
1884 3515 1942 3555 se
1965 3497 2030 3551 ad

469 3642 527 3679 se
550 3667 565 3690 ,
596 3631 650 3678 et
675 3637 704 3674 a
733 3634 792 3675 se
820 3618 873 3671 in
906 3616 1050 3668 illum
1078 3609 1228 3679 cujus
1266 3618 1447 3659 vocem
1494 3596 1736 3653 audiebat
1773 3590 2030 3651 interius;

471 3714 620 3785 quasi
642 3712 896 3767 obturaus
915 3718 1092 3759 aurem
1114 3707 1296 3755 contra
1320 3691 1718 3749 tumultuantem
1741 3684 1861 3736 vita:
1882 3679 2035 3748 hujus

477 3801 887 3876 inquietudinem
911 3839 927 3864 ,
956 3804 1010 3849 et
1036 3801 1215 3849 contra
1247 3788 1475 3841 animam
1503 3792 1723 3848 corpore
1748 3772 1885 3844 quod
1913 3786 2034 3825 cor-

475 3897 735 3968 rumpitur
758 3898 1088 3963 aggravatam
1116 3893 1205 3959 ,let
1232 3892 1443 3936 sensum
1474 3884 1680 3930 terrena
1706 3863 2039 3922 inhabitatio-

477 4007 543 4045 ne
589 3953 972 4062 deprimentem
1017 3953 1179 4032 multa
1218 3970 1530 4042 cogitantem
1569 3960 1742 4033 (Sap.
1779 3972 1832 4011 ix
1862 3953 2035 4020 ,15),

477 4085 551 4138 ait
572 4125 585 4145 ,
632 4048 847 4134 A-ttdiam
883 4071 1002 4146 quid
1037 4068 1254 4140 loquitur
1288 4064 1341 4116 in
1388 4075 1464 4113 me
1505 4053 1749 4110 Dominus
1774 4048 1953 4146 Densi
1990 4051 2044 4098 ct

477 4134 711 4237 audivit,
764 4134 932 4239 quidl?
981 4134 1228 4228 Quoniam
1271 4155 1496 4222 loquetur
1540 4158 1710 4218 pacem
1751 4142 1802 4191 in
1855 4134 2043 4205 plebem

479 4283 640 4322 suam.
675 4262 787 4316 Vox
810 4273 936 4327 ergo
964 4251 1162 4309 Christi
1187 4289 1199 4311 ,
1230 4259 1329 4299 vox
1362 4241 1452 4296 Dei
1485 4252 1585 4307 pax
1613 4243 1695 4289 est
1716 4272 1731 4292 ,
1760 4229 1824 4282 ad
1860 4236 2042 4296 pacem

481 4362 653 4410 vocat.
682 4351 782 4405 Eia
807 4390 821 4413 ,
853 4319 1017 4408 dicit,
1046 4339 1360 4411 quicumque
1388 4326 1619 4383 nondum
1649 4321 1776 4377 estis
1801 4319 1850 4372 in
1876 4329 2004 4385 pace
2027 4355 2042 4377 ,

483 4455 655 4502 amate
677 4454 856 4511 pacem
881 4454 894 4489 :
920 4433 1040 4504 quid
1062 4431 1204 4486 enim
1228 4423 1377 4478 vobis
1402 4418 1588 4474 melius
1612 4413 1679 4468 de
1706 4425 1791 4479 me
1809 4405 2048 4462 invenire

487 4498 705 4610 potestis
729 4545 884 4602 quam
912 4498 1136 4598 pacem?
1165 4521 1269 4574 Pax
1296 4512 1419 4585 quid
1440 4514 1522 4566 ἀει
1540 4509 1562 4562 ?
1582 4506 1681 4563 Ubi
1708 4502 1905 4559 nullum
1934 4498 2048 4554 bel-

489 4589 726 4685 iii-Inest.
749 4589 893 4691 ’ρυίά
913 4589 1033 4680 est,
1068 4612 1153 4668 ubi
1185 4608 1382 4664 nullum
1409 4599 1602 4658 bellum
1628 4605 1709 4651 est
1726 4594 1749 4646 ξι
1766 4592 1877 4671 .Ubi
1909 4589 2051 4644 nulla

489 4731 571 4776 cst
596 4684 941 4774 contradictio
969 4751 982 4774 ,
1014 4706 1101 4760 ubi
1149 4699 1279 4756 nihil
1316 4694 1547 4757 resistit,
1598 4687 1726 4743 nihil
1774 4684 2050 4738 adversum

490 4820 589 4864 est.
622 4805 805 4859 Videte
831 4802 874 4856 si
900 4801 1008 4869 jam
1038 4795 1107 4850 ibi
1134 4804 1357 4850 sumus;
1392 4783 1561 4838 videte
1589 4780 1633 4833 si
1672 4777 1777 4844 jam
1827 4787 1929 4825 non
1974 4777 2056 4823 est

491 4899 764 4959 conflictus
787 4909 911 4950 cum
937 4888 1145 4946 diabolo
1168 4926 1183 4950 ,
1210 4882 1383 4936 videte
1407 4880 1450 4933 si
1478 4890 1580 4930 non
1602 4883 1786 4927 omnes
1811 4865 1975 4921 sancti
2002 4870 2057 4917 et

499 4994 683 5050 fideles
706 5003 825 5043 cum
852 4981 1089 5055 principe
1114 4975 1493 5032 daununiorum
1523 4968 1800 5020 luctantur.
1825 4956 1892 5011 Et
1927 4969 2058 5025 quo-

496 5084 656 5143 modo
680 5095 800 5137 cum
830 5047 917 5132 illo
949 5047 1212 5127 luctantur
1235 5108 1250 5131 ,
1281 5078 1436 5132 quem
1465 5074 1567 5113 non
1594 5049 1814 5108 vident?
1840 5047 2059 5101 Luctan-

495 5186 580 5230 tur
626 5186 745 5227 cum
792 5156 1231 5231 concupiscentiis
1273 5153 1420 5215 suis,
1466 5147 1655 5217 quibus
1701 5140 1787 5194 ille
1828 5133 2059 5206 suggerit

499 5259 710 5342 peccata
733 5284 748 5321 :
771 5273 825 5321 et
850 5277 954 5317 non
968 5229 1355 5312 consentiendo
1379 5241 1518 5314 quod
1542 5234 1805 5307 suggerit,
1835 5229 1931 5285 etsi
1955 5241 2057 5281 non

500 5334 775 5418 vincuntur
798 5400 815 5423 ,
843 5364 1017 5409 tamen
1047 5351 1299 5419 pugnant.
1344 5334 1583 5391 Nondum
1631 5335 1712 5383 est
1756 5338 1881 5393 ergo
1918 5335 2018 5390 pax
2042 5360 2057 5383 ,

501 5454 587 5507 ubi
613 5465 783 5521 pugna
801 5413 913 5502 est.
945 5413 1193 5498 Aut-date
1222 5430 1351 5487 mihi
1378 5425 1641 5481 hominem
1672 5416 1759 5486 qui
1788 5413 1914 5469 nihil
1945 5422 2061 5466 ten-

504 5544 713 5599 tationis
740 5539 936 5610 patitur
963 5534 1014 5587 in
1044 5543 1204 5585 carne
1243 5538 1339 5579 sua
1367 5560 1381 5585 ,
1423 5526 1483 5571 ut
1519 5510 1684 5583 possit
1721 5504 1847 5561 mihi
1886 5503 2063 5556 dicere

505 5637 623 5709 quia
649 5591 769 5703 jamr
782 5591 890 5698 pax
922 5632 1019 5678 est.
1048 5618 1185 5675 Nihil
1208 5613 1417 5686 quidem
1446 5598 1745 5661 tentationis
1775 5595 1908 5651 forte
1936 5591 2064 5662 pati-

566 5796 582 5825 ι
617 5788 814 5853 optima:
836 5788 961 5832 uota:
983 5777 1117 5826 norb.
1144 5783 1243 5853 δίς»,
1263 5768 1566 5821 uenenatas.

565 5856 585 5884 ¹
616 5842 694 5902 E'r.
716 5855 767 5898 et
786 5854 926 5906 Ven.,
949 5854 1077 5891 cura.
1158 5842 1215 5883 Μ.

1584 387 1639 440 S.
1682 371 2038 439 AUGlJSTlNl
2082 367 2377 424 Ei‘lSCllPl

2548 245 2572 271 κ

3487 346 3620 406 i076

2069 485 2223 538 turiin
2254 481 2447 536 illicitis
2472 474 2828 547 voluptatibus
2852 518 2863 539 ,
2897 474 3079 527 saltem
3102 468 3462 540 suggestimies
3490 467 3626 533 ipsos

2068 577 2261 645 patitur
2287 591 2300 627 :
2328 572 2409 626 vel
2440 568 2733 639 suggeritur
2761 567 2833 619 illi
2862 563 3002 632 quod
3029 563 3229 631 respuit
3253 602 3267 625 ,
3296 559 3379 612 vel
3404 556 3633 611 delectat

2070 668 2209 723 unde
2233 673 2518 721 contineat.
2545 661 2647 717 Sed
2671 675 2793 715 ecce
2815 659 2922 729 jam
2945 657 3074 711 nihil
3097 654 3325 710 delectat
3351 650 3591 706 illicitum
3620 664 3635 713 ;

2071 760 2154 814 vel
2199 766 2385 812 contra
2429 754 2619 809 famem
2667 761 2722 806 et
2762 738 2903 804 sitim
2950 754 3145 817 pugnat
3189 741 3467 813 quotidie:
3520 739 3639 808 quis

2073 852 2213 906 enim
2237 850 2408 919 justus
2433 847 2555 901 hinc
2583 841 2826 898 alienus?
2849 841 3050 908 Pugnat
3067 851 3196 906 ergo
3216 834 3382 888 fames
3402 841 3456 886 et
3483 830 3596 885 sitis
3622 871 3639 894 ,

2075 951 2271 1013 pugnat
2298 948 2485 1011 contra
2507 950 2603 989 nos
2630 930 2882 988 lassitudo
2910 928 3084 983 carnis
3107 968 3122 993 ,
3150 932 3347 996 pugnat
3366 920 3644 977 delectatio

2079 1032 2290 1099 somni,
2320 1038 2514 1101 pugnat
2540 1026 2833 1098 Oppressio.
2867 1022 3093 1092 Vigilare
3129 1018 3407 1081 volumus;
3447 1013 3645 1068 dormi-

2082 1135 2253 1181 tamus
2296 1140 2312 1176 :
2355 1122 2594 1193 jejunare
2640 1118 2925 1179 volumus;
2975 1113 3238 1169 esurimus
3278 1118 3334 1164 et
3378 1107 3582 1162 sitimus
3630 1123 3644 1159 ε

2082 1230 2224 1273 stare
2242 1216 2482 1271 volumus
2506 1230 2520 1278 ;
2555 1211 2903 1280 defatigamur
2929 1225 2942 1261 :
2970 1204 3252 1274 quaerimus
3276 1200 3461 1256 sedere
3484 1199 3572 1265 ;'si
3597 1207 3647 1252 et

2085 1309 2188 1363 hoc
2211 1307 2298 1362 diu
2325 1305 2545 1359 facimus
2569 1344 2583 1368 ,
2613 1302 2907 1356 deficimus.
2935 1293 3196 1364 Quidquid
3231 1291 3382 1346 nobis
3407 1288 3648 1360 provide-

2086 1398 2252 1454 rimus
2272 1396 2337 1449 ad
2364 1393 2702 1450 refectionem
2722 1432 2736 1455 ,
2762 1390 2868 1444 illic
2886 1401 3071 1442 rursus
3092 1385 3385 1439 invenimus
3406 1379 3653 1435 defectio-

2090 1505 2231 1545 nem.
2262 1488 2447 1542 Esuris
2473 1528 2487 1551 ,
2517 1486 2645 1540 dicit
2670 1484 2761 1538 tibi
2800 1480 3030 1549 aliquis?
3068 1476 3357 1546 respondes
3380 1514 3395 1538 ,
3442 1472 3651 1528 Esurio.

2092 1582 2249 1637 Ponit
2274 1588 2396 1634 ante
2426 1588 2477 1634 te
2504 1577 2716 1639 cibum;
2748 1574 2813 1629 ad
2845 1572 3185 1627 refectionem
3217 1575 3458 1637 posuerat
3485 1584 3498 1617 :
3534 1579 3653 1633 per-

2095 1685 2281 1726 severa
2310 1670 2364 1724 in
2391 1683 2457 1723 eo
2484 1667 2622 1738 quod
2652 1665 2822 1735 posuit
2848 1681 2862 1727 ;
2890 1671 3031 1717 certe
3056 1660 3277 1715 reficere
3317 1668 3367 1711 te
3409 1657 3618 1710 volebas
3641 1695 3656 1718 ,

2099 1762 2201 1816 hoc
2226 1775 2323 1830 age
2345 1770 2595 1827 semper;
2623 1756 2724 1810 hoc
2751 1754 2952 1824 agendo
2975 1794 2990 1817 ,
3019 1753 3070 1804 in
3095 1765 3160 1804 eo
3186 1747 3324 1818 quod
3349 1745 3660 1800 adhibueras

2099 1851 2164 1905 ad
2194 1849 2536 1905 refectionem
2562 1888 2578 1913 ,
2602 1846 2671 1902 ibi
2702 1844 2906 1899 invenis
2927 1839 3310 1896 lassitudinem.
3338 1837 3548 1891 Multum
3573 1848 3661 1887 se-

2103 1942 2279 1998 dendo
2306 1942 2548 2010 fatigatus
2571 1953 2690 1994 eras
2712 1954 2728 2004 ;
2750 1935 2921 2005 surgis
2945 1976 2959 1999 ,
2985 1929 3366 1988 deambulando
3390 1926 3625 1982 reficeris
3649 1944 3662 1977 :

2105 2048 2382 2105 persevera
2417 2035 2467 2085 in
2497 2046 2562 2086 eo
2587 2045 2691 2100 quo
2719 2027 2951 2083 reficeris
2974 2068 2989 2092 ,
3035 2025 3255 2078 multum
3285 2017 3669 2076 deambulando

2105 2124 2356 2186 lassaris;
2388 2124 2574 2177 sedere
2599 2123 2788 2175 iterum
2827 2116 3038 2187 quieris.
3089 2114 3268 2169 Inveni
3308 2112 3433 2166 mihi
3477 2109 3668 2177 aliquid

2109 2216 2246 2271 unde
2274 2225 2326 2270 te
2354 2215 2564 2270 relicias
2588 2255 2603 2277 ,
2636 2212 2725 2267 ubi
2756 2225 2858 2265 non
2883 2251 2897 2274 ,
2932 2210 2975 2262 si
2998 2204 3421 2278 perseveraveris
3443 2244 3458 2268 ,
3485 2202 3670 2255 iterum

2109 2308 2343 2363 delicias.
2373 2306 2552 2372 Qualis
2577 2318 2703 2373 ergo
2728 2311 2810 2357 est
2852 2303 2949 2354 ista
2980 2313 3082 2369 pax
3106 2340 3119 2360 ,
3158 2312 3314 2366 quam
3356 2295 3441 2349 hic
3485 2294 3672 2346 habent

2114 2402 2352 2456 homines
2379 2399 2536 2453 tantis
2560 2395 2925 2452 resistentibus
2957 2391 3210 2446 molestiis
3229 2432 3242 2455 ,
3278 2386 3671 2457 cupiditatibus,

2115 2492 2413 2562 indigentiis
2437 2532 2453 2556 ,
2481 2486 2921 2543 lassitudinibus?
2961 2483 3074 2537 Non
3112 2489 3195 2535 est
3236 2481 3333 2532 ista
3370 2492 3490 2532 vera
3517 2517 3531 2538 ,
3573 2491 3675 2528 non

2116 2596 2198 2642 est
2228 2584 2457 2656 perfecta
2497 2596 2620 2651 pax.
2658 2579 2788 2646 Quae
2831 2576 2933 2630 erit
2972 2573 3198 2643 perfecta
3234 2570 3378 2640 pax?
3415 2588 3435 2620 ‹
3465 2568 3680 2636 Oportet

2117 2673 2452 2745 corruptibile
2501 2672 2601 2724 hoc
2639 2668 2856 2724 induere
2898 2663 3379 2732 incorruptionem,
3435 2668 3488 2713 ct
3539 2673 3681 2710 mor-

2121 2768 2222 2821 tale
2266 2766 2364 2819 hoc
2402 2762 2617 2817 induere
2658 2756 3098 2814 immortalitatem
3139 2770 3151 2804 :
3199 2761 3319 2805 tunc
3377 2748 3466 2804 fiet
3511 2763 3682 2800 sermo

2119 2858 2207 2927 qui
2254 2855 2477 2923 scriptus
2520 2860 2600 2906 est
2628 2892 2640 2916 ,
2690 2850 2948 2915 Absorpta
2989 2856 3071 2898 est
3112 2836 3255 2895 mors
3295 2840 3347 2893 in
3389 2838 3681 2893 victoriam.

2124 2948 2219 3003 Ubi
2267 2955 2383 3009 est,
2433 2958 2577 2997 mors
2602 2984 2615 3003 ,
2654 2940 2865 2995 aculeus
2890 2936 3050 2991 tuus?
3099 2933 3182 2988 ubi
3206 2941 3321 2997 est,
3346 2945 3487 2984 mors
3511 2971 3525 2995 ,
3555 2945 3684 2982 cnn-

2125 3040 2290 3093 tentio
2337 3046 2423 3090 tua
2460 3054 2478 3086 s
2532 3031 2732 3106 (lCor.
2777 3046 2873 3093 xv,
2913 3026 3161 3095 53~55)?
3193 3022 3294 3079 Ubi
3335 3021 3473 3076 enim
3519 3019 3688 3073 adhuc

2128 3127 2481 3189 mortalitas',
2535 3122 2798 3193 quomodo
2851 3128 2934 3175 est
2984 3118 3137 3188 plena
3180 3113 3317 3185 pax?
3373 3111 3574 3166 Etenim
3622 3109 3689 3162 de

2129 3228 2300 3275 morte
2326 3217 2470 3271 venit
2496 3213 2749 3270 lassitudo
2774 3213 2871 3267 ista
2895 3253 2909 3276 ,
2941 3224 3095 3279 quam
3124 3204 3416 3260 invenimus
3443 3203 3493 3256 in
3516 3199 3688 3255 omni-

2132 3310 2230 3364 bus
2261 3305 2630 3361 refectionibus
2659 3302 2872 3357 nostris.
2904 3301 2977 3355 De
3003 3306 3172 3352 morte
3195 3304 3313 3357 est,
3340 3294 3461 3364 quia
3490 3305 3688 3359 corpus

2133 3402 2353 3457 mortale
2377 3408 2683 3469 portamus;
2707 3394 2847 3466 quod
2876 3391 3087 3462 quidem
3115 3397 3379 3442 mortuum
3406 3384 3534 3439 dicit
3554 3388 3668 3451 Apo

2135 3495 2303 3548 stolus
2333 3499 2387 3546 et
2409 3498 2531 3544 ante
2558 3488 2748 3542 anima:
2777 3483 3148 3539 resolutionem
3180 3498 3194 3533 :
3234 3478 3427 3545 Corpus
3459 3474 3655 3543 quidem
3676 3515 3692 3538 ,

2136 3583 2341 3652 inquit,
2369 3588 2616 3633 mortuum
2642 3584 2713 3629 est
2734 3582 2935 3645 propter
2960 3579 3212 3639 peccatum
3234 3566 3411 3631 (Rom.
3436 3579 3525 3617 vui
3548 3605 3562 3626 ,
3583 3563 3696 3628 10).

2137 3673 2267 3728 Nam
2298 3672 2340 3725 si
2372 3665 2792 3739 perseveraveris
2814 3666 2864 3716 in
2886 3676 2949 3714 eo
2973 3673 3077 3728 quo
3102 3667 3152 3712 te
3175 3656 3346 3710 reficis
3371 3697 3387 3723 ,
3409 3654 3564 3708 etiam
3589 3667 3699 3704 rno-

2141 3766 2312 3820 rieris.
2346 3763 2632 3816 Persevera
2657 3758 2710 3810 in
2740 3754 2960 3809 multum
2988 3747 3349 3803 manducando
3372 3763 3387 3812 ;
3409 3746 3521 3815 ipsa
3543 3756 3628 3797 res
3651 3750 3703 3796 te

2142 3854 2464 3913 interficiet:
2524 3860 2801 3919 persevera
2851 3845 2905 3898 in
2946 3842 3162 3896 multum
3203 3836 3526 3907 jejunando;
3582 3832 3705 3887 inde

2144 3946 2386 4002 morieris
2414 3962 2427 3997 :
2461 3941 2587 3996 sede
2615 3951 2824 4006 semper
2848 3975 2862 3999 ,
2911 3942 2969 3987 ut
3010 3931 3144 3985 nolis
3184 3942 3435 3998 surgere;
3467 3923 3706 3978 morieris

2144 4037 2266 4092 inde
2295 4054 2309 4089 :
2340 4033 2547 4089 ambula
2574 4043 2784 4098 semper
2806 4068 2820 4091 ,
2849 4034 2907 4079 ut
2937 4022 3074 4077 nolis
3114 4021 3424 4090 quiescere;
3469 4013 3707 4068 morieris

2148 4126 2271 4181 inde
2314 4143 2329 4178 :
2381 4123 2537 4192 vigila
2582 4132 2830 4187 semper,
2876 4124 2930 4169 ut
2975 4112 3112 4166 nolis
3160 4109 3424 4170 dormire;
3470 4100 3709 4155 morieris

2150 4217 2312 4272 inde:
2360 4212 2531 4267 dormi
2579 4222 2826 4276 semper,
2876 4213 2931 4257 ut
2983 4202 3118 4255 nolis
3167 4197 3417 4267 vigilare;
3470 4192 3712 4247 morieris

2152 4310 2292 4364 inde.
2336 4303 2558 4373 Quando
2604 4314 2731 4369 ergo
2772 4297 3017 4362 absorpta
3060 4298 3217 4344 tuertt
3263 4302 3405 4341 mors
3452 4286 3503 4338 in
3546 4285 3713 4337 victo-

2153 4404 2283 4457 riam
2310 4440 2324 4464 ,
2355 4414 2461 4453 non
2487 4402 2645 4452 erunt
2677 4394 2815 4454 ista;
2855 4398 2909 4444 et
2941 4389 3041 4443 erit
3081 4398 3182 4454 pax
3220 4381 3369 4451 plena
3406 4387 3460 4432 et
3497 4386 3713 4430 aeterna.

2154 4494 2365 4549 Erimus
2387 4489 2440 4543 in
2467 4485 2692 4556 quadam
2715 4482 2929 4537 civitate
2960 4496 2972 4531 :
3002 4475 3191 4530 fratres
3213 4513 3230 4538 ,
3273 4468 3481 4541 quando
3521 4469 3590 4522 de
3630 4466 3717 4520 illa

2154 4586 2340 4655 loquor
2362 4624 2379 4649 ,
2411 4579 2561 4633 linire
2587 4575 2707 4630 nolo
2728 4616 2743 4638 ,
2771 4580 2827 4628 et
2850 4570 3074 4625 maxime
3098 4562 3306 4634 quando
3330 4558 3577 4615 scandala
3603 4571 3721 4611 ere-

2156 4645 2423 4729 brescunt.
2452 4670 2580 4737 Quis
2611 4680 2714 4720 non
2745 4661 3009 4717 desideret
3037 4656 3178 4710 illam
3203 4652 3466 4708 civitatem
3493 4649 3540 4713 ⁸,
3584 4645 3724 4701 unde

2158 4765 2359 4818 amicus
2387 4776 2489 4813 non
2516 4757 2662 4818 exit,
2685 4767 2792 4822 quo
2813 4749 3057 4805 inimicus
3084 4759 3187 4799 non
3216 4744 3375 4796 intrat
3401 4781 3416 4805 ,
3441 4736 3527 4792 ubi
3550 4735 3726 4788 nullus

2160 4864 2391 4910 tentatur
2417 4859 2499 4905 est
2519 4889 2536 4915 ,
2567 4845 2741 4900 nullus
2763 4841 3042 4897 seditiosus
3066 4877 3081 4902 ,
3111 4834 3283 4889 nullus
3308 4829 3544 4885 dividens
3564 4840 3727 4894 pupu-

2162 4947 2269 4999 lum
2300 4943 2395 4997 Dci
2423 4979 2439 5007 ,
2470 4914 2642 4994 nullus
2669 4933 2889 5002 fatigans
2912 4927 3203 4984 Ecclesium
3229 4924 3279 4976 in
3299 4916 3589 4975 ministerio
3613 4914 3723 4968 dia-

2162 5038 2266 5093 boli
2293 5052 2308 5099 ;
2342 5030 2549 5103 quando
2578 5029 2691 5095 ipse
2718 5024 2963 5093 princeps
2982 5018 3215 5086 ipsorum
3240 5012 3461 5067 mittitur
3481 5008 3532 5061 in
3558 5006 3731 5075 ignem

2164 5098 2420 5182 aeternum
2446 5164 2461 5188 ,
2489 5128 2543 5173 et
2569 5118 2619 5171 hi
2645 5129 2762 5171 cum
2795 5112 2886 5166 illo
2913 5108 3231 5179 quicumque
3256 5102 3328 5156 illi
3359 5098 3730 5157 consentiunt,

2164 5230 2219 5276 et
2248 5184 2495 5274 recedere
2524 5211 2590 5265 ab
2618 5223 2682 5262 eo
2712 5201 2938 5260 nolunt?
2968 5199 3080 5254 Erit
3117 5208 3243 5264 ergo
3288 5206 3390 5261 pax
3431 5195 3643 5258 purgata
3680 5184 3733 5238 in

2166 5312 2286 5367 filiis
2306 5308 2421 5375 Dei,
2451 5302 2695 5359 omnibus
2721 5291 3014 5350 amantibus
3038 5303 3117 5355 se,
3145 5283 3444 5340 videntibus
3470 5294 3528 5333 se
3555 5277 3739 5347 plenos

2171 5406 2279 5459 Deo
2297 5414 2442 5467 ,cum
2463 5395 2563 5452 erit
2582 5394 2715 5447 Deus
2730 5386 2904 5443 omnia
2925 5386 2976 5438 in
3009 5378 3253 5435 omnibus
3272 5376 3295 5446 (
3319 5372 3468 5428 lCor.
3490 5384 3584 5434 xv,
3604 5366 3674 5421 28
3694 5365 3738 5437 ).

2170 5496 2457 5551 Commune
2475 5482 2826 5557 Spectaculum
2855 5474 3162 5531 habebimus
3176 5471 3340 5525 Deum
3365 5481 3379 5531 ;
3410 5472 3742 5520 communem

2240 5740 2254 5769 ι
2294 5733 2508 5794 Plerique
2527 5735 2651 5783 Mss,
2668 5736 2811 5794 mors.

2240 5803 2258 5831 ²
2291 5773 2611 5845 sict-tignis;
2634 5773 2804 5836 'Cieteri
2828 5792 2935 5831 cum
2956 5774 3091 5835 ΕΜ..
3118 5773 3249 5827 illam
3274 5777 3457 5833 pacein.
