4024 6210
288 299 412 396 um

287 449 663 520 possessionem
708 449 1012 505 habebimus
1053 449 1257 514 Deum;
1292 459 1622 502 communem
1660 463 1838 516 pacem

289 541 587 596 habebimus
621 541 804 594 Deum.
829 539 1088 609 Quidquid
1115 540 1253 595 enim
1282 549 1363 594 est
1386 539 1523 608 quod
1555 539 1704 592 nobis
1728 553 1843 592 mo-

287 631 354 684 do
379 630 500 694 dat,
534 631 649 698 ipse
675 631 826 684 nobis
853 631 955 683 erit
983 645 1078 697 pro
1106 631 1352 683 omnibus
1380 645 1496 698 quae
1524 628 1613 682 dat
1643 648 1655 682 :
1687 629 1794 696 ipsa
1827 630 1842 659 ¹

288 721 380 774 erit
406 720 634 788 perfecta
665 731 718 773 et
744 720 896 788 plena
929 735 1048 789 pax.
1092 719 1237 772 lianc
1281 720 1508 789 loquitur
1546 719 1596 772 in
1640 718 1845 786 plebem

285 823 463 873 sitam;
503 809 643 864 hanc
684 809 893 864 volebat
935 808 1119 863 audire
1162 809 1249 862 ille
1290 809 1379 878 qui
1421 811 1535 862 ait:
1571 827 1590 859 ‹
1624 807 1845 862 Audiam

286 900 401 969 quid
445 901 689 970 loquetur
739 901 792 955 in
847 917 935 955 me
981 901 1234 955 Dominus
1276 901 1450 965 Deus;
1496 900 1739 970 quoniam
1768 899 1847 953 lo-

286 1002 470 1064 quetur
514 1009 699 1062 pacem
747 993 800 1047 in
863 993 1068 1062 plebem
1118 1007 1264 1046 suam
1291 1034 1304 1056 ,
1345 1001 1396 1044 et
1440 1007 1598 1061 super
1639 999 1848 1046 sanctos

281 1101 402 1140 suos
429 1128 446 1152 ,
504 1096 561 1140 et
617 1088 670 1140 in
716 1100 809 1140 eos
863 1086 952 1156 qui
1007 1093 1316 1139 convertunt
1360 1099 1452 1138 cor
1489 1085 1554 1138 ad
1597 1085 1787 1153 ipsum.
1823 1103 1840 1134 ι

284 1179 369 1234 Eia
393 1221 408 1241 ,
442 1178 634 1232 fratres
656 1220 670 1241 ,
691 1178 850 1232 vultis
871 1188 925 1231 ut
949 1178 1013 1231 ad
1034 1193 1129 1230 vos
1151 1178 1405 1246 pertineat
1431 1177 1528 1229 ista
1562 1191 1664 1245 pax
1692 1192 1847 1244 quam

265 1270 510 1337 loquitur
539 1267 1038 1324 Deus?Convertite
1063 1282 1156 1322 cor
1179 1267 1242 1320 ad
1270 1268 1439 1335 ipsum
1466 1283 1478 1329 ;
1507 1282 1612 1319 non
1634 1265 1696 1318 ad
1724 1281 1808 1320 me
1827 1307 1842 1329 ,

269 1341 365 1414 laut
388 1360 457 1414 ad
483 1360 633 1414 illum
655 1401 669 1426 ,
701 1368 790 1412 aut
815 1358 883 1412 ad
919 1373 1234 1428 quemquam
1283 1352 1869 1424 homincm.'Quisquis°

286 1453 420 1506 enim
447 1452 610 1506 homo
640 1450 866 1505 voluerit
905 1459 1213 1504 convertere
1257 1449 1322 1504 ad
1369 1463 1428 1503 se
1471 1449 1630 1503 corda
1677 1448 1848 1502 homi-

288 1559 402 1597 num
429 1584 444 1605 ,
470 1527 612 1596 cadit
634 1558 751 1597 cum
779 1542 925 1610 ipsis.
953 1541 1086 1607 Quid
1109 1549 1190 1596 est
1218 1539 1407 1595 melius
1431 1583 1445 1606 ,
1469 1549 1526 1595 ut
1545 1540 1702 1594 cadas
1728 1556 1848 1594 cum

289 1635 370 1689 illo
396 1634 463 1688 ad
487 1650 648 1704 quem
670 1634 994 1687 converteris
1018 1673 1032 1696 ,
1055 1649 1120 1686 an
1146 1642 1201 1686 ut
1224 1641 1330 1686 stes
1351 1646 1467 1686 cum
1494 1631 1583 1684 illo
1602 1648 1720 1686 cum
1747 1647 1848 1701 quo

290 1727 648 1781 converteris?
674 1725 930 1781 Gaudium
960 1734 1194 1778 nostrum
1222 1766 1236 1788 ,
1271 1738 1367 1792 pax
1395 1731 1572 1792 nostra
1599 1763 1614 1786 ,
1642 1721 1850 1792 requies

291 1827 498 1883 nostra,
559 1817 680 1870 finis
727 1816 959 1869 omnium
1007 1799 1404 1875 molestiarum,
1457 1791 1562 1866 ιιοῆ
1617 1823 1699 1866 est
1748 1812 1848 1866 nisi

291 1908 424 1961 Deus
452 1926 464 1960 :
494 1908 633 1962 beati
660 1908 743 1976 qui
771 1915 1058 1959 convertunt
1084 1921 1170 1958 cor
1196 1905 1263 1956 ad
1287 1906 1471 1972 ipsum.

352 1999 439 2052 11.
467 1995 615 2068 [rem
645 1994 754 2067 10.]
791 1995 1132 2048 Verumtamen
1158 2010 1312 2065 prope
1336 1996 1555 2048 timentes
1578 2010 1688 2047 eum
1715 1994 1851 2046 salu-

289 2099 386 2143 tare
423 2089 598 2158 ipsius.
634 2088 798 2141 Erant
830 2085 1040 2155 quidam
1074 2087 1162 2154 qui
1197 2085 1306 2154 jam
1350 2083 1606 2138 timebant
1642 2100 1759 2137 eum
1798 2084 1847 2137 in

288 2191 437 2249 gente
472 2180 794 2234 .ludzeorum.
835 2179 936 2232 Per
965 2192 1147 2231 omnes
1177 2185 1344 2230 terras
1375 2176 1562 2244 ubique
1589 2174 1724 2229 idola
1755 2191 1848 2229 co-

288 2273 556 2336 lebantur;
605 2271 863 2325 dmmonia
913 2269 1255 2336 timebantur,
1303 2285 1404 2321 non
1455 2269 1590 2323 Deus
1624 2286 1636 2321 :
1671 2269 1720 2321 in
1764 2269 1849 2322 illa

285 2375 435 2435 gente
464 2363 746 2418 timebatur
775 2362 932 2416 Deus.
975 2359 1078 2416 Sed
1123 2371 1334 2428 propter
1366 2359 1490 2428 quid
1531 2359 1850 2414 timebatur?

287 2455 339 2510 ln
366 2455 543 2511 Veteri
572 2455 911 2509 Testamento
939 2453 1238 2516 timebatur,
1271 2467 1336 2506 ne
1363 2452 1509 2506 daret
1539 2452 1656 2505 illos
1687 2453 1739 2505 in
1766 2467 1853 2506 ca-

287 2547 572 2617 ptivitatem
593 2588 607 2611 ,
640 2561 706 2600 ne
736 2545 944 2599 tolleret
973 2544 1073 2598 illis
1101 2552 1324 2606 terram,
1353 2558 1418 2596 ne
1443 2541 1698 2611 grandine
1725 2556 1852 2597 con-

290 2637 532 2693 tunderet
553 2638 686 2692 vites
713 2637 966 2706 ipsorum,
995 2651 1062 2690 ne
1090 2633 1286 2688 faceret
1310 2633 1517 2688 steriles
1542 2648 1734 2688 uxores
1759 2649 1851 2687 eo-

287 2744 428 2792 rum,
468 2743 538 2783 ne
573 2727 808 2782 auferret
845 2727 912 2780 ab
950 2727 1028 2781 eis
1071 2725 1204 2779 filios
1253 2724 1504 2792 ipsorum.
1548 2723 1670 2776 Haec
1711 2725 1851 2778 enim

287 2822 509 2876 carnalia
539 2821 793 2891 promissa
823 2819 914 2873 Dei
943 2817 1189 2873 tenebant
1213 2815 1383 2869 adhuc
1416 2829 1599 2884 parvas
1624 2814 1848 2880 animas,

285 2922 332 2966 et
359 2920 576 2981 propter
605 2910 718 2965 haec
743 2909 1022 2963 timebatur
1051 2908 1190 2962 Deus
1221 2924 1234 2958 ε
1264 2905 1357 2960 sed
1386 2920 1546 2975 prope
1577 2905 1677 2958 illis
1704 2914 1848 2968 erat,

285 3005 370 3071 qui
395 3003 478 3056 vel
507 3009 724 3071 propter
747 3000 861 3054 lucc
898 3000 1067 3068 ipsum
1097 2999 1366 3052 timebant.
1398 2995 1615 3050 Terram
1646 2995 1854 3063 petebat

287 3093 523 3163 Paganus
553 3107 582 3145 a
612 3092 860 3154 diabolo;
900 3101 1091 3144 terram
1133 3089 1341 3157 petebat
1377 3086 1589 3141 Judzeus
1629 3100 1657 3138 a
1698 3086 1806 3139 Deo
1836 3104 1849 3140 :

285 3199 443 3238 unum
483 3191 598 3237 erat
631 3181 768 3252 quod
799 3180 1076 3250 petebant;
1106 3178 1198 3233 sed
1225 3192 1328 3232 non
1356 3191 1491 3231 unus
1518 3192 1546 3230 a
1578 3191 1683 3246 quo
1711 3184 1854 3245 pete-

287 3273 429 3328 bant.
465 3273 701 3328 Petendo
731 3273 828 3326 iste
862 3270 1000 3340 quod
1039 3271 1276 3339 Paganus
1314 3267 1551 3338 petebat,
1584 3268 1850 3322 discerne-

289 3364 437 3419 batur
461 3374 638 3418 tamen
667 3380 697 3417 a
728 3363 964 3432 Pagano,
993 3363 1112 3430 quia
1141 3361 1206 3415 ab
1235 3361 1324 3414 illo
1364 3363 1458 3415 ista
1493 3363 1733 3428 petebat,
1765 3359 1855 3429 qui

287 3459 460 3512 omnia
491 3458 705 3512 fecerat.
734 3457 795 3510 Et
827 3471 990 3524 prope
1017 3455 1118 3508 illis
1143 3465 1255 3508 erat
1285 3453 1454 3515 Deus,
1481 3454 1570 3522 qui
1601 3451 1854 3507 Gentibus

290 3549 438 3618 longe
463 3557 608 3610 erat;
641 3556 816 3600 tamen
847 3545 1080 3613 reSpexit
1105 3553 1158 3598 et
1186 3559 1278 3597 eos
1303 3543 1392 3612 qui
1422 3543 1575 3611 longe
1601 3552 1771 3608 erant,
1804 3552 1856 3596 et

290 3655 380 3694 eos
403 3641 491 3709 qui
519 3652 681 3706 prope
709 3645 881 3702 erant,
911 3637 1046 3690 sicut
1068 3635 1195 3688 dicit
1223 3633 1506 3701 Apostolus
1530 3651 1541 3684 :
1575 3633 1637 3686 Et
1662 3634 1856 3686 veniens

289 3730 638 3800 erangelisavit
666 3744 837 3796 pacem
861 3726 998 3780 vobis
1021 3726 1102 3794 qui
1129 3725 1280 3803 eratis
1308 3725 1454 3794 longe
1473 3765 1485 3785 ,
1513 3733 1557 3776 et
1589 3741 1757 3791 pacem
1782 3725 1858 3776 his

287 3823 373 3890 qui
405 3838 554 3890 prope
577 3820 788 3891 (Ephes.
816 3835 874 3885 tt,
905 3819 1014 3887 l7).
1043 3818 1184 3884 Quos
1214 3817 1342 3870 dixit
1371 3817 1458 3886 qui
1489 3828 1637 3869 erant
1665 3817 1858 3885 prope?

289 3911 536 3976 Judaeos,
573 3911 696 3981 quia
734 3924 894 3963 unum
935 3908 1098 3962 Deum
1130 3908 1391 3962 colebant.
1425 3905 1570 3972 Quos
1605 3905 1738 3959 dixit
1771 3906 1858 3974 qui

291 4014 449 4058 erant
472 4004 655 4074 longe?
679 4002 896 4068 Gentes,
924 4002 1043 4070 quia
1072 4000 1382 4053 dimiserant
1406 4013 1525 4051 eum
1551 4012 1579 4050 a
1606 4011 1709 4064 quo
1738 3995 1859 4050 facti
1901 4034 1903 4037 ι

288 4104 474 4157 erant,
506 4105 558 4149 et
585 4095 828 4149 colebant
866 4093 949 4146 illa
989 4107 1105 4162 qua:
1145 4091 1244 4159 ipsi
1286 4090 1533 4143 fecerant.
1575 4087 1690 4141 Non
1722 4091 1859 4142 enim

290 4188 596 4256 regionibus
630 4187 786 4256 longe
819 4194 900 4239 est
937 4185 1158 4254 quisque
1185 4197 1213 4235 a
1253 4181 1392 4245 Deo,
1431 4179 1522 4234 sed
1564 4179 1860 4233 affectibus.

289 4285 458 4335 Amas
489 4281 678 4342 Deum,
723 4293 885 4347 prope
922 4291 1013 4341 es;
1041 4275 1197 4329 odisti
1236 4274 1397 4328 Deum
1417 4313 1433 4338 ,
1462 4272 1616 4340 longe
1640 4286 1716 4324 es.
1745 4269 1862 4324 Uno

288 4373 418 4426 loco
452 4382 629 4434 stans,
661 4378 714 4422 et
750 4382 915 4438 prope
943 4382 1026 4428 es,
1059 4375 1113 4420 et
1148 4365 1301 4434 longe
1337 4377 1412 4418 es.
1444 4363 1610 4431 Ergo,
1643 4361 1861 4425 fratres,

289 4463 529 4530 respexit
564 4462 663 4514 ista
707 4459 966 4527 Propheta
1011 4475 1023 4510 :
1059 4471 1357 4526 quanquam
1398 4453 1694 4524 generalem
1737 4452 1867 4505 vidit

287 4551 711 4608 misericordiam
739 4550 833 4605 Dei
863 4564 1020 4617 super
1049 4561 1262 4610 onmes;
1298 4556 1471 4598 tamen
1509 4543 1704 4613 aliquid
1741 4557 1864 4609 spe-

284 4644 433 4698 ciale
466 4652 519 4697 et
561 4641 831 4711 proprium
861 4639 993 4692 vidit
1027 4637 1076 4691 in
1112 4645 1268 4707 gente
1301 4633 1481 4690 Judrea
1502 4674 1516 4697 ,
1547 4641 1600 4686 et
1628 4632 1730 4696 ait,
1770 4630 1865 4684 Ve-

285 4746 592 4787 rumtamen.
618 4733 836 4785 Audiam
860 4729 979 4798 quid
1003 4730 1225 4796 loquetur
1252 4728 1304 4779 in
1328 4742 1404 4777 me
1432 4723 1672 4776 Dominus
1698 4721 1867 4786 Deus;
1897 4784 1906 4794 .

285 4827 531 4897 quoniam
554 4826 782 4894 loquetur
802 4837 971 4891 pacem
990 4821 1041 4873 in
1063 4817 1251 4888 plebem
1270 4832 1414 4869 suam
1432 4832 1450 4868 :
1465 4823 1517 4868 et
1537 4812 1684 4882 plebs
1706 4811 1870 4879 ipsius

287 4936 400 4973 non
425 4919 611 4975 Judma
641 4915 754 4970 sola
780 4915 915 4980 erit,
943 4910 1035 4966 sed
1065 4911 1133 4964 de
1168 4909 1411 4963 omnibus
1447 4905 1690 4976 gentibus
1717 4903 1869 4957 colli-

285 5026 444 5084 getur
464 5030 480 5077 ;
503 5013 622 5081 quia
645 5024 796 5078 super
818 5017 1012 5060 sanctos
1035 5019 1150 5057 suos
1172 5003 1394 5070 loquetur
1420 5014 1610 5068 pacem,
1640 5007 1684 5049 et
1709 4997 1761 5047 in
1788 5010 1870 5047 eos

285 5107 374 5172 qui
404 5109 697 5156 conuertunt
725 5114 812 5151 cor
836 5097 900 5150 ad
936 5097 1130 5164 ipsum,
1163 5101 1216 5146 et
1242 5105 1426 5144 omnes
1449 5087 1538 5157 qui
1567 5085 1869 5141 conversuri

283 5205 419 5249 sunt
443 5209 540 5247 cor
567 5191 635 5245 ad
675 5192 844 5260 ipsum
865 5189 885 5219 '
915 5187 981 5241 de
1019 5185 1160 5238 omni
1187 5181 1317 5236 orbe
1345 5188 1624 5234 terrarum.
1667 5175 1872 5228 Verum-

285 5299 462 5342 tamen
504 5300 662 5356 prape
693 5283 919 5336 timentes
951 5294 1062 5332 eum
1093 5277 1313 5330 salutare
1340 5273 1495 5343 ipsius
1514 5312 1528 5333 ,
1558 5280 1610 5322 ut
1637 5267 1877 5320 inhabitet

284 5381 465 5452 gloria
491 5381 543 5432 in
574 5387 708 5430 terra
733 5383 903 5427 nostra
931 5390 949 5425 :
978 5371 1028 5424 id
1054 5379 1153 5433 est,
1183 5369 1235 5422 in
1261 5382 1322 5421 ea
1353 5376 1487 5420 terra
1519 5365 1568 5418 in
1596 5377 1696 5432 qua
1724 5368 1877 5413 natus

287 5451 418 5525 erat
445 5467 741 5537 PrOpheta,
769 5463 1023 5517 inhabitet
1053 5459 1216 5530 gloria
1246 5456 1448 5525 major;
1476 5454 1595 5524 quia
1626 5451 1746 5505 inde
1771 5463 1880 5504 coe-

363 5650 384 5678 ι
424 5646 496 5694 sic
520 5651 623 5692 uss.
651 5649 706 5690 At
729 5639 856 5698 £dd.,
883 5637 1003 5699 ipse.
1420 5691 1429 5700 .
1726 5686 1735 5700 ς

362 5709 387 5740 ³
427 5691 648 5766 rlerique
801 5691 1042 5757 omiltunt,
1068 5703 1110 5745 et
1155 5708 1310 5744 omnes
1349 5691 1429 5755 qui
1466 5691 1736 5741 conversari
1775 5691 1880 5735 sunt

291 5783 388 5821 cor
417 5769 479 5818 ad
507 5767 676 5827 ipsum.

1310 336 1697 392 ENARlMTlO
1737 335 1804 390 lN
1843 335 2155 395 PSALMUM
2195 343 2471 399 LXXXlV.

3375 360 3508 416 1073

1953 451 2025 518 pit
2055 453 2326 520 praedicari
2349 457 2366 486 ¹
2391 456 2648 514 Christus.
2680 459 2804 515 lnde
2831 461 3071 532 Apostoli
3091 505 3105 530 ,
3134 474 3187 522 et
3212 467 3335 524 illuc
3365 472 3510 540 prius

1950 543 2094 596 missi
2123 559 2134 596 :
2164 544 2282 598 inde
2307 546 2612 616 Prophetze,
2644 549 2713 604 ibi
2741 551 2909 620 primo
2938 556 3220 625 templum,
3247 559 3316 613 ibi
3347 563 3512 622 sacri-

1951 629 2201 686 ficabatur
2230 635 2355 699 Deo,
2387 637 2455 690 ibi
2486 638 2824 707 Patriarchaa,
2859 643 2927 697 ibi
2956 644 3069 714 ipse
3097 649 3254 704 etiam
3281 653 3422 706 venit
3445 652 3514 708 de

1949 723 2154 776 semine
2178 723 2424 793 Abrahae,
2452 728 2523 782 ibi
2550 731 2908 787 manil’estatus
2933 745 3013 789 est
3041 735 3299 805 Christus,
3329 742 3397 796 ibi
3423 759 3509 813 ap-

1952 815 2122 882 paruit
2145 814 2384 874 Christus
2410 837 2424 872 :
2454 820 2577 876 inde
2603 823 2743 877 enim
2771 826 2918 895 virgo
2946 826 3104 881 Maria
3124 869 3139 894 ,
3168 847 3284 899 quae
3312 825 3505 903 peperit

1951 905 2238 960 Christum.
2277 909 2348 963 lbi
2385 911 2671 966 ambulavit
2718 914 2936 983 pedibus
2975 919 3116 983 suis,
3152 921 3222 975 ibi
3257 924 3513 978 mirabilia

1953 996 2093 1051 fecit.
2125 998 2396 1054 Postremo
2428 1010 2627 1057 tantum
2658 1005 2913 1060 honorem
2943 1008 3017 1061 illi
3045 1011 3186 1078 genti
3217 1011 3430 1080 detulit,
3461 1027 3513 1071 ut

1951 1105 2072 1143 cum
2099 1107 2218 1145 eum
2246 1094 2606 1163 interpellaret
2631 1099 2869 1166 quaedam
2899 1101 3086 1156 mulier
3109 1101 3404 1159 Chanantca
3431 1123 3517 1160 sa-

1953 1180 2112 1234 lutem
2139 1198 2380 1251 quaerens
2408 1185 2527 1239 filiae
2555 1201 2661 1241 suae
2681 1229 2693 1251 ,
2722 1187 2914 1244 dixerit
2939 1191 2986 1244 ei
3016 1207 3029 1244 :
3062 1191 3182 1246 Non
3207 1211 3315 1248 sum
3339 1197 3516 1250 missus

1951 1273 2048 1325 nisi
2079 1275 2146 1325 ad
2179 1290 2288 1328 oves
2325 1291 2436 1344 qua:
2475 1279 2726 1345 perierunt
2767 1281 2943 1334 domus
2980 1281 3140 1338 Israel
3169 1283 3391 1355 (Matth.
3423 1304 3512 1356 xv,

1950 1361 2062 1432 24).
2091 1363 2200 1419 Hoc
2225 1380 2349 1450 ergo
2378 1367 2560 1422 videns
2586 1369 2865 1439 Propheta,
2888 1372 2959 1426 ait
2984 1390 2997 1426 :
3030 1372 3376 1429 Verumtamen
3402 1393 3514 1446 pro-

1952 1470 2014 1522 pe
2051 1455 2272 1510 timentes
2307 1473 2419 1510 eum
2455 1459 2672 1513 salutare
2704 1461 2893 1530 ipsius,
2920 1472 2974 1517 ut
3005 1463 3244 1520 inhabitet
3281 1467 3441 1536 gloria
3467 1468 3516 1521 in

1953 1555 2084 1599 terra
2113 1557 2301 1603 ηοδινα.

2023 1636 2107 1690 ‘12.
2133 1634 2279 1708 [vet-3.
2302 1639 2411 1712 ll.]
2434 1640 2780 1698 Misericordia
2799 1655 2846 1698 et
2865 1647 3043 1700 veritas
3063 1659 3383 1702 occurrerunt
3405 1651 3512 1704 sibi.

1953 1725 2160 1782 Veritas
2188 1729 2237 1782 in
2271 1738 2407 1785 terra
2437 1742 2613 1787 nostra
2644 1749 2708 1789 ex
2738 1751 2960 1804 persona
2991 1738 3290 1794 Judatorum
3311 1782 3326 1806 ,
3358 1743 3508 1798 mise-

1952 1816 2171 1871 ricordia
2195 1819 2245 1872 in
2269 1829 2403 1874 terra
2426 1821 2693 1879 Gentium.
2718 1826 2922 1883 Veritas
2946 1831 3084 1884 enim
3109 1831 3233 1885 ubi?
3257 1832 3352 1888 Ubi
3373 1840 3524 1888 erant

1953 1910 2156 1979 eloquia
2185 1912 2299 1966 Dei.
2333 1913 2688 1971 Misericordia
2726 1920 2845 1974 ubi?
2876 1921 2932 1976 In
2970 1923 3072 1976 illis
3099 1924 3187 1993 qui
3215 1924 3524 1980 dimiserant

1955 1999 2116 2054 Deum
2155 2015 2305 2057 suum
2327 2044 2340 2067 ,
2369 2016 2422 2059 et
2459 2019 2826 2064 converterant
2853 2026 2911 2066 se
2942 2012 3008 2067 ad
3047 2013 3325 2068 daemonia.
3359 2015 3523 2070 Num-

1952 2091 2076 2159 quid
2103 2102 2157 2147 et
2186 2094 2328 2164 ipsos
2357 2096 2634 2167 despexit?
2662 2101 2937 2169 Quomodo
2963 2104 3009 2159 si
3034 2105 3232 2163 diceret
3263 2125 3275 2162 :
3302 2107 3444 2162 Voca
3470 2117 3525 2164 et

1953 2181 2081 2238 istos
2119 2184 2272 2255 longe
2310 2187 2551 2258 fugitivos
2569 2232 2586 2259 ,
2615 2193 2704 2261 qui
2741 2194 2960 2250 multum
2985 2210 3016 2250 a
3045 2212 3129 2252 me
3158 2207 3520 2266 recesserunt;

1951 2289 2099 2338 voca,
2133 2275 2397 2332 inveniant
2425 2295 2508 2335 me
2534 2292 2856 2351 quaerentem
2885 2301 2961 2351 se,
2993 2288 3114 2356 quia
3143 2289 3242 2358 ipsi
3269 2290 3518 2345 nolebant

1953 2382 2189 2438 quaerere
2222 2383 2325 2422 me.
2357 2370 2514 2439 Ergo,
2547 2371 2894 2428 Misericordia
2922 2385 2969 2428 et
2996 2377 3176 2430 veritas
3203 2391 3525 2434 occurrerunt

1953 2458 2084 2520 sibi;
2104 2459 2303 2526 justitia
2331 2470 2376 2513 et
2406 2479 2507 2530 pax
2538 2463 2774 2518 osculata:
2797 2474 2915 2518 sunt
2941 2483 3010 2520 se.
3039 2466 3144 2521 Fac
3166 2467 3442 2537 justitiam,
3469 2479 3524 2525 et

1955 2544 2170 2601 habebis
2202 2563 2416 2617 pacem;
2451 2561 2505 2604 ut
2542 2552 2844 2608 osculentur
2879 2570 2938 2608 se
2971 2555 3171 2624 justitia
3213 2566 3265 2611 et
3303 2573 3423 2627 pax.
3465 2541 3550 2614 Si,

1955 2629 2094 2682 enim
2137 2645 2242 2684 non
2286 2634 2542 2688 amaveris
2577 2634 2868 2704 justitiam,
2905 2652 3088 2706 pacem
3124 2655 3227 2694 non
3258 2639 3474 2696 habebis
3507 2659 3518 2691 :

1954 2730 2132 2774 amant
2157 2723 2296 2776 enim
2328 2739 2385 2778 se
2414 2725 2519 2778 duo
2550 2726 2667 2790 ista,
2691 2726 2893 2794 jnstitia
2920 2738 2973 2784 et
2999 2745 3119 2799 pax,
3144 2739 3198 2786 et
3222 2733 3524 2787 osculantur

1954 2827 2044 2876 se;
2073 2821 2130 2866 ut
2157 2814 2244 2881 qui
2272 2812 2453 2868 fecerit
2484 2815 2774 2884 justitiam,
2807 2819 3044 2875 inveniat
3073 2836 3250 2889 pacem
3281 2823 3523 2877 osculan-

1957 2911 2060 2955 tem
2097 2903 2369 2970 justitiam.
2407 2905 2529 2959 Duaa
2568 2909 2751 2962 amica:
2787 2921 2939 2974 sunt;
2972 2921 3025 2965 tu
3056 2911 3191 2965 forte
3219 2928 3376 2966 unam
3408 2916 3518 2976 vis,

1955 3001 2009 3046 et
2031 2993 2247 3046 alteram
2275 3007 2380 3048 non
2408 2993 2532 3049 facis
2561 3013 2573 3048 :
2601 3012 2756 3051 nemo
2780 3007 2861 3052 est
2883 3001 3022 3053 enim
3046 3001 3134 3070 qui
3159 3015 3260 3054 non
3291 3002 3400 3055 vult
3426 3018 3519 3071 pa-

1955 3098 2104 3149 cem;
2133 3084 2226 3139 sed
2252 3100 2356 3139 non
2385 3100 2572 3140 omnes
2597 3087 2778 3141 volunt
2801 3089 3006 3157 operari
3045 3089 3324 3158 justitiam.
3353 3091 3522 3146 Inter-

1957 3189 2080 3244 roga
2122 3189 2309 3230 omnes
2349 3177 2586 3231 homines
2619 3195 2632 3230 :
2669 3178 2757 3232 Vis
2799 3180 3017 3248 pacem?
3045 3177 3162 3236 Uno
3194 3197 3288 3236 ore
3318 3183 3408 3236 tibi
3436 3198 3522 3238 rc-

1957 3267 2179 3336 Spondet
2207 3276 2370 3323 totum
2405 3285 2571 3339 genus
2599 3270 2881 3325 humanum
2915 3290 2925 3324 :
2957 3273 3093 3342 Opto
3114 3315 3127 3340 ,
3153 3275 3340 3344 cupio,
3371 3275 3521 3341 volo,

1928 3417 1930 3420 ,
1957 3372 2097 3412 amo.
2128 3361 2256 3412 Ama
2284 3369 2339 3414 et
2361 3360 2652 3429 justitiam;
2681 3363 2800 3431 quia
2827 3363 2944 3416 duae
2969 3364 3152 3418 amicae
3179 3374 3302 3420 sunt
3324 3367 3524 3436 justitia

1958 3459 2012 3506 et
2033 3465 2130 3520 pax
2149 3465 2166 3516 ;
2188 3453 2315 3521 ipsa:
2341 3466 2398 3506 se
2423 3454 2759 3508 osculantur:
2787 3455 2828 3508 si
2850 3455 3070 3510 amicam
3099 3458 3239 3524 pacis
3261 3472 3363 3510 non
3384 3469 3526 3510 ama-

1958 3543 2117 3606 vcris,
2146 3558 2251 3598 non
2283 3551 2333 3597 te
2359 3544 2553 3599 amabit
2583 3544 2694 3613 ipsa
2727 3561 2843 3613 pax,
2879 3562 2976 3601 nec
3004 3549 3178 3600 veniet
3205 3548 3367 3602 ad'te.
3391 3547 3525 3615 Quid

1959 3635 2100 3690 enim
2139 3650 2384 3706 magnum
2422 3644 2503 3690 cst
2538 3634 2839 3690 desiderare
2882 3638 3100 3705 pacem?
3139 3637 3319 3704 Quivis
3357 3639 3527 3692 malus

1960 3726 2226 3781 desiderat
2262 3740 2461 3796 pacem.
2495 3726 2636 3779 Bona
2664 3727 2805 3780 enim
2832 3741 2916 3780 res
2941 3736 3022 3781 est
3060 3742 3178 3795 pax.
3206 3727 3308 3781 Sed
3335 3727 3416 3782 fac
3438 3728 3527 3796 ju-

1963 3817 2188 3880 stitiam;
2218 3816 2337 3884 quia
2370 3817 2570 3884 justitia
2608 3825 2660 3870 et
2700 3831 2797 3884 pax
2835 3830 2893 3870 se
2929 3819 3258 3881 osculantur,
3290 3833 3391 3872 non
3420 3819 3527 3873 liti-

1962 3914 2107 3973 gant.
2135 3905 2210 3958 'l‘u
2236 3921 2397 3974 quare
2423 3906 2590 3975 litigas
2614 3921 2732 3960 cum
2755 3907 2993 3974 justitia?
3024 3909 3155 3962 Ecce
3180 3910 3376 3978 justitia
3403 3911 3529 3965 dicit

1966 3996 2076 4058 tibi,
2107 3995 2181 4050 Ne
2208 3996 2424 4058 l'ureris;
2453 4006 2506 4049 et
2535 4012 2636 4048 non
2669 3997 2816 4050 audis
2843 4013 2858 4048 :
2888 3997 2963 4052 Ne
2989 3999 3286 4064 adultercs;
3317 4017 3418 4054 non
3451 4001 3530 4055 vis

1965 4087 2146 4141 audire
2170 4103 2181 4138 :
2205 4087 2317 4140 Non
2341 4087 2500 4140 facias
2525 4087 2672 4141 alteri
2693 4088 2831 4157 quod
2859 4098 2910 4142 tu
2939 4090 3042 4158 pati
3069 4106 3170 4142 non
3196 4090 3296 4152 vis,
3325 4105 3426 4144 non
3451 4091 3530 4145 di-

1966 4193 2055 4235 cas
2080 4179 2229 4232 alteri
2257 4179 2394 4248 quod
2423 4187 2477 4232 et
2507 4179 2595 4233 tibi
2617 4179 2718 4234 dici
2751 4196 2852 4234 non
2873 4182 2970 4235 vis.
2999 4181 3244 4236 Inimicus
3268 4161 3325 4238 cs
3349 4185 3532 4237 amica:

1970 4287 2120 4337 meae,
2148 4271 2275 4325 dicit
2300 4270 2390 4324 tibi
2421 4287 2548 4340 pax;
2580 4271 2702 4340 quid
2733 4288 2818 4326 me
2840 4273 3070 4342 qtucris?
3099 4273 3281 4327 Amica
3311 4289 3424 4327 sum
3451 4274 3533 4341 juc

1969 4365 2144 4429 stitiae,
2171 4379 2552 4434 quemcumque
2581 4365 2830 4418 invenero
2859 4365 3123 4419 inimicum
3159 4366 3342 4420 amica:
3381 4380 3534 4431 mere,

1971 4473 2074 4509 non
2103 4455 2168 4508 ad
2197 4454 2337 4508 illum
2369 4454 2582 4508 accedo.
2615 4453 2705 4507 Vis
2733 4469 2859 4524 ergo
2888 4455 3067 4509 venire
3092 4455 3155 4507 ad
3185 4455 3406 4523 pacem?
3434 4454 3538 4509 Fac

1965 4545 2242 4614 justitiam.
2266 4541 2386 4597 ldeo
2406 4543 2539 4596 alius
2561 4545 2791 4610 psalmus
2811 4543 2936 4596 dicit
2956 4543 3045 4597 tibi
3070 4561 3080 4596 :
3105 4543 3312 4597 Declina
3331 4560 3361 4594 a
3381 4543 3534 4607 malo,

1972 4647 2017 4691 et
2048 4640 2126 4707 fac
2164 4637 2345 4690 bonum
2377 4635 2396 4703 (
2414 4636 2512 4688 hoc
2541 4643 2622 4688 est
2650 4651 2827 4690 amare
2851 4633 3176 4705 justitiam);
3207 4644 3261 4690 et
3287 4649 3404 4689 cum
3432 4635 3540 4703 jam

1973 4727 2320 4782 declinaveris
2348 4741 2376 4778 a
2407 4726 2564 4788 tnalo,
2595 4735 2643 4778 et
2670 4724 2859 4779 feceris
2889 4725 3080 4778 bonum
3102 4766 3116 4787 ,
3142 4741 3306 4794 qurere
3332 4741 3502 4793 pacem
3521 4764 3538 4789 ,

1976 4831 2019 4874 et
2042 4834 2332 4890 pct‘sequm'e
2357 4833 2464 4869 eam
2492 4814 2659 4882 (Psal.
2684 4832 2864 4878 xxxnt,
2896 4815 3002 4885 15).
3027 4815 3142 4870 Jam
3167 4816 3304 4870 enim
3330 4831 3430 4868 non
3451 4815 3540 4868 ditt

1977 4913 2116 4966 illam
2143 4924 2348 4980 quaeres
2367 4948 2382 4974 ,
2411 4906 2530 4976 quia
2557 4915 2608 4960 et
2637 4905 2746 4974 ipsa
2774 4917 3014 4960 occurret
3043 4907 3130 4960 tibi
3154 4947 3169 4973 ,
3199 4917 3253 4960 ut
3277 4906 3540 4961 osculetur

1973 5001 2248 5070 justitiam.

2051 5091 2136 5145 15.
2170 5089 2318 5161 [vers.
2351 5086 2461 5158 l1]
2500 5085 2691 5140 Veritas
2715 5087 2776 5140 de
2800 5095 2930 5139 terra
2954 5095 3063 5140 orta
3088 5095 3178 5151 est,
3201 5094 3245 5137 et
3262 5083 3460 5155 jus-tilia
3485 5084 3549 5136 de.

1979 5181 2099 5237 cazlo
2145 5181 2416 5250 prospexit.
2458 5176 2652 5231 Veritas
2689 5178 2750 5230 de
2789 5189 2920 5230 terra
2946 5187 3053 5230 orta
3077 5185 3147 5230 est
3174 5191 3192 5228 :
3216 5175 3454 5229 Christus
3483 5176 3548 5229 dc

1982 5273 2174 5328 femina
2204 5279 2357 5324 natus
2383 5279 2481 5323 est.
2520 5267 2708 5322 Veritas
2734 5274 2796 5321 de
2821 5280 2952 5320 terra
2987 5276 3094 5320 orta
3121 5275 3192 5319 est
3219 5281 3237 5318 :
3267 5264 3427 5319 Filius
3459 5266 3547 5318 Dei

1985 5365 2049 5419 de
2073 5377 2232 5416 carne
2259 5360 2530 5430 processit.
2558 5359 2692 5426 Quid
2717 5367 2799 5412 est
2823 5358 3055 5411 veritas?
3084 5355 3245 5409 Filius
3273 5356 3382 5410 Dei.
3416 5356 3549 5423 Quid

1984 5463 2064 5510 est
2095 5452 2270 5505 terra?
2297 5449 2452 5503 Caro.
2485 5449 2749 5517 Interroga
2791 5448 2926 5502 unde
2967 5455 3117 5500 natus
3156 5455 3238 5502 est
3274 5447 3515 5501 Christus
3538 5490 3549 5509 ,

1987 5555 2041 5602 et
2066 5542 2213 5596 vides
2238 5540 2359 5609 quia
2384 5541 2562 5592 veritas
2588 5537 2649 5591 de
2676 5548 2806 5591 terra
2832 5547 2942 5590 orta
2968 5547 3058 5591 est.
3086 5536 3189 5592 Sed
3223 5533 3346 5592 haec
3363 5539 3553 5594 veritas

2051 5679 2066 5708 ι
2092 5677 2173 5788 ἑῇς
2195 5672 2406 5723 melioris
2429 5677 2553 5720 nota:
2579 5679 2680 5719 uss.
2710 5669 2789 5719 alii
2815 5671 3021 5734 quidam,
3038 5671 3329 5734 prophetari.
3354 5680 3406 5721 at
3425 5670 3556 5727 mliti,

2051 5751 2091 5788 rt:
2130 5751 2274 5788 καῖε.

1988 5751 2274 5801 prrt'atcure.
