4038 6208
428 381 564 438 «ora
943 395 954 406 ο
1119 441 1126 450 δ

425 514 543 566 quae
572 503 684 549 orta
710 500 785 547 esI
815 489 881 544 de
911 497 1069 544 terra.
1100 490 1212 537 erat
1237 488 1360 534 ante
1387 488 1600 541 terram,
1627 482 1681 529 et
1706 489 1802 544 per
1827 471 1992 540 ipsam

428 560 623 644 factum
663 596 746 640 est
782 582 974 638 cmlnm
1014 587 1066 631 et
1093 583 1268 637 terra;
1308 569 1399 625 sed
1439 578 1494 622 ut
1527 566 1726 636 justitia
1763 562 1830 617 de
1863 560 1999 616 caelo

430 682 790 751 proSpiceret,
821 673 872 727 id
903 679 1013 732 est,
1043 677 1099 720 ut
1123 662 1533 737 justiﬁearentur
1558 656 1800 711 homines
1825 652 2000 706 divina

427 773 617 843 gratia,
645 768 836 823 veritas
862 771 980 816 nata
1005 756 1175 813 estde
1200 754 1360 809 Maria
1381 751 1600 820 virgine;
1629 755 1685 801 ut
1708 753 1887 815 posset
1907 757 2001 813 pro

430 839 535 919 illis
562 855 905 933 iustiﬁcandis
931 852 1121 906 offerre
1142 851 1160 880 ί
1185 845 1521 909 sacriﬁcium,
1547 839 1861 897 sacriﬁcium
1888 850 2004 906 pas-

431 930 622 1016 sionis,
645 948 956 1006 sacriﬁcium
985 943 1176 999 crucis.
1203 941 1268 996 Et
1291 937 1428 992 unde
1452 935 1666 990 oﬁ‘erret
1689 930 2002 986 sacriﬁcium

431 1061 528 1117 pro
555 1040 784 1113 peccatis
811 1036 1026 1100 nostris,
1051 1032 1150 1088 nisi
1173 1025 1506 1085 moreretur?
1531 1023 1671 1080 unde
1695 1031 1867 1076 autem
1892 1034 2006 1074 mo-

431 1145 659 1212 reretur,
686 1133 785 1187 nisi
812 1147 841 1185 a
870 1129 1022 1185 nobis
1058 1127 1321 1195 acciperet
1348 1121 1434 1176 ubi
1464 1116 1792 1174 moreretur?
1819 1113 1873 1168 id
1903 1121 2003 1178 est,

434 1203 534 1286 nisi
562 1245 593 1284 a
618 1225 774 1281 nobis
795 1228 1029 1278 sumeret
1054 1232 1266 1273 carnem
1294 1211 1591 1277 mortalem,
1614 1208 1851 1264 Christus
1875 1203 2007 1260 mori

437 1337 540 1376 non
575 1326 783 1388 posset;
811 1313 931 1384 quia
961 1310 1189 1365 Verbum
1231 1321 1333 1360 non
1363 1303 1604 1364 moritur,
1630 1297 1876 1354 divinitas
1903 1310 2007 1348 non

435 1387 690 1472 nmritur,
721 1406 901 1460 Virtus
938 1413 990 1456 et
1024 1398 1288 1469 Sapientia
1334 1394 1426 1450 Dei
1465 1408 1566 1448 non
1596 1390 1834 1445 moritur.
1864 1387 2011 1454 Quo—

436 1501 596 1558 modo
621 1499 836 1553 offerret
859 1491 1174 1549 sacriﬁcium
1198 1487 1463 1542 victimam
1490 1482 1770 1536 salutarem
1791 1520 1806 1546 ,
1829 1477 1882 1532 si
1906 1491 2010 1530 non

437 1588 773 1647 moreretur?
800 1584 1064 1658 quomodo
1099 1589 1272 1636 autem
1311 1584 1606 1632 moreretur
1625 1614 1640 1639 ,
1671 1571 1770 1626 nisi
1799 1582 2011 1623 carnem

441 1683 720 1742 indueret?
750 1678 1014 1752 quomodo
1040 1689 1258 1731 carnem
1293 1671 1532 1726 indueret
1551 1708 1565 1731 ,
1597 1665 1696 1720 uisi
1725 1663 1919 1718 veritas
1945 1659 2014 1714 de

442 1789 582 1834 terra
607 1774 871 1831 oriretur?
906 1769 1098 1824 Veritas
1124 1767 1185 1821 de
1213 1776 1343 1820 terra
1368 1773 1477 1817 orta
1511 1769 1583 1814 est
1600 1798 1616 1825 ,
1647 1767 1698 1813 et
1727 1755 1928 1827 justitia
1954 1753 2016 1806 de

443 1870 567 1926 creto
597 1867 872 1939 prospexit.

517 1938 607 2019 it.
635 1961 922 2016 Possumus
951 1955 1076 2012 hinc
1101 1951 1278 2009 dicere
1306 1951 1527 2005 alterum
1554 1955 1785 2000 sensum.
1825 1938 2020 1992 Veritas

447 2055 509 2110 de
551 2063 684 2107 terra
722 2059 833 2104 orta
871 2057 942 2102 est
970 2062 988 2100 :
1014 2042 1279 2101 confessio
1315 2040 1381 2094 ab
1419 2036 1650 2092 homine.
1683 2033 1853 2087 Homo
1878 2029 2018 2084 enim

448 2153 694 2216 peccator
716 2156 856 2199 eras.
884 2139 927 2196 Ο
956 2149 1094 2194 terra
1114 2177 1128 2202 ,
1159 2135 1244 2206 qui
1273 2130 1484 2204 quando
1514 2125 1737 2199 peccasti
1757 2167 1771 2188 ,
1798 2121 2017 2187 audisti,

449 2237 607 2292 Terra
636 2253 707 2302 es,
739 2244 786 2289 et
810 2234 862 2286 in
890 2243 1073 2288 terram
1102 2228 1195 2283 ibis
1226 2225 1374 2298 (Cen.
1405 2239 1483 2283 ut.
1516 2221 1626 2291 i9),
1655 2220 1856 2274 oriatur
1878 2215 1946 2273 de
1973 2224 2021 2271 te

451 2331 680 2395 veritas,
707 2335 766 2382 ut
801 2324 1051 2395 reSpiciat
1085 2321 1152 2376 de
1187 2320 1322 2375 caelo
1358 2315 1581 2388 justitia.
1613 2310 1888 2382 Quomodo
1915 2324 1944 2363 a
1973 2318 2028 2362 to

451 2422 620 2476 oritur
655 2417 850 2473 veritas
871 2456 886 2482 ,
913 2429 1033 2470 cum
1074 2419 1130 2466 tu
1167 2416 1411 2480 peccator
1445 2406 1518 2460 sis
1537 2445 1555 2471 ,
1585 2417 1704 2459 cum
1733 2411 1788 2455 tu
1819 2399 2025 2469 iniquus

451 2513 562 2568 sis?
589 2509 853 2568 Conﬁtere
878 2514 1090 2578 peccata
1117 2512 1225 2569 tua,
1252 2509 1308 2557 et
1333 2499 1532 2555 orietur
1557 2495 1623 2550 de
1651 2504 1702 2548 te
1727 2491 1941 2547 veritas.
1969 2489 2026 2542 Si

452 2607 595 2661 enim
625 2617 745 2659 cum
772 2601 845 2655 sis
873 2598 1101 2667 iniquus,
1131 2593 1260 2649 dicis
1291 2600 1344 2646 te
1377 2589 1599 2660 justum,
1629 2582 1894 2655 quomodo
1921 2595 1948 2633 a
1977 2589 2028 2634 te

455 2697 651 2751 veritas
679 2690 944 2748 oriretur?
969 2688 1023 2744 Si
1062 2694 1236 2741 autem
1279 2697 1398 2737 cum
1441 2681 1514 2733 sis
1548 2679 1756 2747 iniquus
1775 2717 1788 2742 ,
1817 2674 1949 2729 dicis
1979 2681 2030 2728 te

456 2789 729 2858 iniquum;
757 2783 936 2838 veritas
963 2781 1024 2834 de
1050 2789 1182 2833 terra
1209 2786 1319 2831 orta
1356 2783 1448 2828 est.
1485 2769 1700 2825 Intende
1739 2768 1884 2821 illum
1923 2765 2029 2819 Pu-

459 2854 722 2934 blicanum
759 2875 916 2943 longe
949 2886 977 2925 a
1007 2867 1273 2925 Pharismo
1312 2865 1366 2919 in
1403 2861 1601 2932 templo
1639 2867 1874 2914 orantem
1895 2897 1911 2922 ,
1942 2854 2032 2925 qui

461 2983 630 3040 neque
657 2966 839 3022 oculos
864 2963 928 3018 ad
955 2962 1145 3017 coelum
1173 2957 1403 3012 audebat
1429 2954 1624 3016 levare,
1655 2948 1748 3005 sed
1774 2947 2033 3018 percutie-

461 3036 560 3115 hat
591 3065 775 3129 pectus
800 3069 974 3118 suum,
1006 3051 1215 3113 dicens,
1246 3045 1485 3109 Domine,
1519 3041 1764 3112 propitius
1784 3047 1887 3092 esto
1909 3036 2034 3090 mihi

461 3126 708 3224 peccatori
724 3133 750 3202 ἐ
774 3161 899 3204 ecce
923 3143 1102 3199 veritas
1129 3142 1190 3195 de
1214 3152 1344 3194 terra
1373 3145 1482 3190 orta
1505 3144 1598 3201 est,
1624 3131 1742 3203 quia
1769 3126 2035 3184 confessio

465 3218 798 3314 peccatorum
821 3238 888 3291 ab
911 3234 1126 3290 homine
1153 3231 1283 3285 facta
1313 3238 1415 3283 est.
1444 3224 1582 3293 Quid
1610 3237 1737 3293 ergo
1763 3218 2036 3290 sequitur?

463 3312 621 3388 Amen
648 3331 760 3384 dico
787 3329 921 3383 vobis
939 3368 954 3392 ,
983 3326 1100 3397 quia
1125 3321 1375 3376 descendit
1394 3317 1704 3390 jnstiﬁcatus
1733 3312 2038 3367 Publicanus

463 3427 551 3480 ille
575 3423 732 3493 magis
757 3435 907 3490 quam
934 3418 1020 3471 ille
1046 3414 1338 3469 Pltarisazus
1361 3427 1377 3464 :
1398 3410 1515 3480 quia
1537 3410 1698 3462 omnis
1721 3406 1805 3476 qui
1828 3422 1879 3459 se
1903 3404 2041 3458 exal-

467 3525 571 3579 tat,
603 3509 981 3572 liumitiabitur;
1001 3515 1047 3560 et
1075 3505 1156 3574 qui
1179 3519 1230 3557 se
1259 3500 1486 3556 humiliat
1506 3539 1522 3566 ,
1549 3497 1848 3552 exaltabitur
1879 3493 2037 3566 (Luc.

467 3620 616 3669 xvnl,
647 3603 731 3666 i5,
763 3600 873 3671 ii).
906 3598 1031 3654 Orta
1055 3606 1126 3651 est
1153 3595 1332 3650 veritas
1355 3593 1418 3646 de
1444 3601 1595 3654 terra,
1628 3589 1679 3643 in
1709 3585 2043 3642 confessione

467 3705 838 3769 peccatorum;
864 3701 909 3746 et
926 3689 1126 3763 justitia
1147 3687 1208 3741 de
1230 3687 1351 3741 creto
1378 3683 1649 3758 prospexit,
1678 3689 1737 3735 ut
1757 3677 2046 3735 descende-

468 3767 550 3842 ret
584 3785 898 3856 justiticatus
937 3780 1252 3836 Publicanus
1288 3776 1376 3830 ille
1406 3775 1573 3844 magis
1598 3786 1754 3842 quam
1785 3769 1872 3824 ille
1901 3767 2044 3822 Pha-

469 3879 677 3932 rismus.
727 3873 856 3928 Nam
905 3880 962 3926 ut
1005 3868 1258 3925 noveritis
1306 3865 1427 3936 quia
1469 3863 1664 3918 veritas
1706 3857 1935 3930 pertinet
1979 3856 2044 3910 ad

470 3966 855 4022 confessionem
883 3969 1238 4030 peccatorum,
1259 3955 1334 4011 ait
1353 3954 1582 4010 Joannes
1601 3948 1922 4020 evangelista
1948 3965 1959 4000 :
1985 3945 2046 4001 Si

473 4059 747 4114 dixerimus
771 4056 886 4126 quia
917 4060 1172 4124 peccatum
1201 4065 1301 4103 non
1329 4045 1590 4106 habemus,
1619 4058 1709 4096 nos
1736 4041 1871 4110 ipsos
1895 4036 2046 4092 sedu-

475 4151 652 4215 cimus,
685 4157 730 4201 et
753 4146 934 4202 ueritas
961 4144 1014 4198 in
1042 4142 1183 4197 nobis
1209 4156 1310 4194 non
1333 4147 1424 4192 est.
1454 4131 1730 4202 Quomodo
1758 4145 1883 4200 ergo
1908 4128 2048 4181 veri-

477 4255 557 4298 tas
579 4243 648 4298 de
673 4251 810 4296 terra
837 4238 1026 4300 oritur,
1048 4243 1107 4289 ut
1128 4231 1328 4303 iustitia
1353 4229 1418 4284 de
1442 4226 1578 4282 coelo
1602 4222 1904 4294 prOSpieiat,
1928 4217 2048 4272 andi

478 4337 624 4391 illum
653 4338 960 4402 sequentem
989 4335 1045 4381 et
1068 4324 1328 4379 dicentem
1356 4337 1372 4372 :
1405 4317 1466 4373 Si
1490 4315 1816 4384 conﬁteantur
1851 4317 2052 4382 peccata

480 4433 649 4479 nostra
668 4462 683 4488 ,
710 4420 872 4490 fidelis
900 4426 970 4473 est
999 4426 1043 4470 et
1070 4416 1240 4487 justus
1259 4451 1274 4476 ,
1303 4419 1356 4464 ut
1382 4408 1598 4463 remittat
1637 4403 1778 4459 nobis
1815 4411 2015 4472 peccata
2033 4441 2048 4466 ,

481 4527 526 4570 et
555 4521 728 4584 purget
753 4527 844 4566 nos
875 4509 936 4562 ab
965 4508 1100 4562 omni
1124 4503 1383 4574 iniquitate
1408 4499 1466 4568 (Ι
1491 4499 1646 4552 Joan.
1680 4499 1724 4560 ιζ
1745 4495 1798 4562 8,
1826 4494 1918 4566 9).
1959 4492 2053 4547 Ve-

482 4608 605 4661 ritas
630 4619 754 4675 ergo
779 4603 840 4656 de
864 4611 994 4655 terra
1017 4607 1127 4652 orta
1150 4606 1240 4661 est,
1268 4604 1312 4648 et
1328 4591 1528 4665 justitia
1547 4589 1610 4643 de
1628 4590 1750 4642 cazlo
1777 4585 2050 4656 prospexit.

484 4704 613 4772 Qua:
624 4698 823 4767 justitia
847 4695 908 4750 de
927 4693 1050 4750 cazlo
1077 4688 1370 4764 prospexit?
1389 4687 1660 4754 Tanquam
1682 4682 1772 4735 Dei
1793 4679 2016 4734 dicentis
2038 4695 2051 4730 :

486 4795 773 4851 Parcamus
800 4789 924 4844 huic
952 4785 1186 4849 homini,
1215 4778 1337 4852 quia
1372 4779 1484 4849 ipse
1514 4775 1612 4830 sibi
1651 4788 1754 4828 non
1786 4770 2054 4842 pepercit;

486 4887 840 4955 ignoscamus,
870 4878 988 4948 quia
1020 4877 1131 4945 ipse
1159 4869 1412 4943 agnoscit.
1441 4867 1739 4923 Conversus
1761 4870 1842 4916 est
1866 4859 1931 4914 ad
1961 4874 2058 4928 pu-

489 4971 737 5032 niendum
777 4978 1047 5041 peccatum
1088 4979 1275 5035 suum;
1305 4969 1584 5016 convertar
1610 4964 1666 5010 et
1701 4969 1799 5024 ego
1834 4951 1899 5004 ad
1937 4965 2058 5005 eum

489 5040 840 5122 liberandum.
896 5058 1087 5113 Veritas
1126 5055 1187 5109 de
1233 5063 1366 5107 terra
1401 5059 1512 5104 orta
1546 5056 1647 5110 est,
1685 5055 1730 5100 et
1764 5042 1966 5112 justitia
1999 5040 2062 5093 de

490 5161 613 5215 cutio
641 5155 915 5229 prospexit.

568 5251 654 5305 i5.
683 5247 835 5322 [vers.
860 5242 971 5317 13.]
997 5241 1197 5296 Etenim
1225 5237 1468 5291 Dominus
1494 5233 1631 5286 dabit
1671 5230 1986 5291 suavitatem,
2017 5234 2062 5277 et

409 5355 440 5365 “
497 5353 628 5396 terra
658 5349 831 5397 nostra
869 5336 1007 5390 dabit
1037 5334 1256 5404 fructum
1282 5343 1448 5383 suum.
1479 5323 1626 5380 Unus
1651 5333 1836 5376 versus
1863 5325 2061 5378 restat,

499 5442 620 5502 pcto
643 5433 757 5487 sine
781 5429 938 5484 taedio
966 5427 1035 5482 sit
1061 5422 1200 5495 quod
1227 5421 1461 5475 dicturus
1485 5429 1620 5469 sum.
1654 5411 1923 5467 Attendite
1951 5422 2065 5461 rem

501 5524 882 5584 necessariam,
937 5519 1122 5575 fratres
1163 5515 1260 5568 mei
1288 5530 1300 5573 ;
1330 5508 1610 5570 attendite,
1642 5503 1924 5574 percipite,
1973 5513 2063 5550 ειιιι

501 5615 635 5669 ferte
659 5614 678 5643 ¹
710 5612 977 5663 vobiscum
1000 5649 1015 5675 ,
1041 5619 1093 5662 et
1120 5621 1223 5659 non
1254 5605 1322 5657 sit
1350 5603 1503 5656 inane
1542 5611 1722 5650 semen
1751 5593 1843 5646 Dei
1873 5592 1925 5644 in
1952 5603 2068 5642 cor-

570 5729 582 5758 ι
621 5732 693 5773 sic
714 5730 820 5771 Mss.
842 5727 896 5769 Αι
916 5719 1048 5774 Edd.,
1071 5716 1251 5779 offerri.

508 5853 533 5914 Γ
567 5769 911 5899 Ladd-Irata.
952 5769 1136 5841 Aliqnd't
1170 5785 1299 5837 Mss,
1337 5774 1519 5837 auferte
1545 5784 1561 5819 :
1588 5769 1789 5819 fortasse
1822 5775 1926 5827 pro,
1960 5772 2072 5811 con-

521 5861 574 5901 er
604 5881 638 5900 η

521 5861 638 5901 τηε.

1649 357 1706 412 S.
1749 355 2011 411 AUGUS'I
2025 358 2110 406 i'Ni
2149 354 2443 407 EHSCOPI

3526 361 3548 412 1
3558 357 3658 413 080

2101 469 2256 522 dibus
2281 470 2486 523 vestris.
2526 468 2719 522 Veritas
2738 509 2754 534 ,
2804 470 2990 540 inquit,
3017 471 3080 524 de
3108 480 3239 525 terra
3268 471 3379 526 nrtii
3407 481 3506 532 est,
3537 487 3662 525 con-

2102 561 2260 616 fessio
2286 571 2615 630 precatoruut
2645 561 2711 614 ab
2737 563 2979 626 homine;
3003 573 3049 615 et
3064 563 3266 632 justitia
3294 563 3356 616 de
3391 562 3518 617 ctzlo
3541 579 3660 632 pro-

2102 653 2282 722 spexit,
2317 651 2366 705 id
2395 661 2494 718 est,
2522 667 2551 704 a
2583 651 2799 707 Domino
2828 653 2936 708 Deo
2963 653 3082 707 data
3111 662 3192 707 est
3211 653 3515 722 justiﬁeatio
3538 669 3664 707 con-

2103 746 2305 811 ﬁtenti,
2335 755 2390 798 ut
2431 746 2540 813 ipse
2589 753 2838 815 agnoscat
2867 745 3060 815 impius
3107 746 3249 815 pium
3300 760 3357 799 se
3401 744 3510 799 ﬁeri
3561 760 3664 798 nou

2103 852 2282 908 posse,
2307 838 2405 892 nisi
2431 837 2518 892 ille
2544 837 2727 892 fecerit
2747 839 2830 892 cui
2851 837 3128 892 conﬁtetur
3148 878 3161 901 ,
3189 836 3453 891 credendo
3474 838 3525 890 in
3547 852 3668 891 emn

2105 931 2192 1001 qui
2216 931 2464 1000 justiﬁcat
2483 930 2698 1000 impium
2725 930 2899 998 (Rom.
2930 945 3003 993 Iv,
3034 928 3108 1000 5).
3160 927 3270 982 Tua
3301 943 3428 995 ergo
3454 938 3666 996 peccata

2107 1030 2257 1092 potes
2285 1021 2510 1085 habere;
2538 1021 2764 1075 fructum
2793 1021 2988 1075 bonum
3016 1037 3118 1075 non
3149 1019 3367 1075 habebis
3389 1061 3402 1082 ,
3437 1020 3534 1072 nisi
3579 1019 3668 1073 ille

2107 1112 2315 1168 dederit
2340 1113 2423 1167 cui
2447 1113 2734 1167 conﬁteris.
2787 1111 2910 1167 ideo
2935 1126 3052 1166 cum
3092 1110 3344 1183 dixisset,
3385 1108 3574 1164 Veritas
3609 1110 3672 1163 de

2111 1214 2244 1263 terra
2266 1214 2376 1258 orta
2401 1214 2502 1270 est,
2532 1214 2577 1258 et
2610 1204 2808 1275 iustitia
2840 1202 2904 1256 de
2921 1203 3044 1256 caelo
3088 1203 3347 1272 prospexit
3370 1217 3388 1264 ;
3415 1212 3662 1271 tanquam

2110 1296 2375 1352 diceretur
2415 1295 2461 1350 ei
2483 1337 2498 1361 ,
2529 1294 2663 1362 Quid
2690 1303 2773 1349 est
2799 1294 2938 1364 quod
2967 1293 3178 1359 dixisti,
3209 1291 3419 1347 Iustitia
3447 1293 3510 1345 de
3552 1293 3673 1345 creto

2115 1387 2408 1456 prospexit?
2435 1385 2652 1451 Etenim,
2693 1386 2882 1457 inquit,
2909 1385 3156 1439 Dominus
3181 1384 3318 1438 dabit
3347 1385 3643 1438 suavitatem

2114 1489 2162 1534 et
2184 1491 2314 1533 terra
2339 1491 2509 1533 nostra
2538 1479 2674 1532 dabit
2701 1479 2919 1547 fructum
2945 1494 3110 1532 suum.
3140 1476 3247 1533 Nos
3274 1492 3402 1548 ergo
3430 1476 3678 1546 respicia-

2115 1587 2233 1626 mus
2281 1585 2407 1630 nos:
2459 1571 2581 1625 etsi
2613 1569 2742 1624 nihil
2768 1571 2819 1624 in
2849 1569 3002 1624 nobis
3028 1569 3384 1624 invenerimus
3413 1569 3510 1623 nisi
3559 1582 3677 1637 pee-

2115 1671 2230 1716 cata
2254 1702 2272 1727 ,
2311 1660 2578 1718 oderimus
2608 1670 2852 1731 peccata,
2905 1671 2960 1714 et
2999 1659 3362 1714 desideremus
3398 1659 3679 1728 justitiam.

2117 1752 2248 1807 Cum
2287 1753 2426 1807 enim
2477 1752 2796 1822 coeperimus
2847 1750 3020 1804 odisse
3060 1758 3306 1819 peccata,
3359 1749 3466 1817 jam
3512 1748 3681 1817 ipsum

2119 1845 2296 1901 odium
2341 1855 2673 1914 peccatorum
2724 1842 2923 1898 similes
2965 1856 3068 1896 nos
3119 1841 3299 1911 incipit
3324 1838 3497 1894 facere
3536 1839 3680 1902 Deo;

2119 1935 2239 2006 quia
2261 1935 2362 1990 hoc
2381 1933 2588 1989 odimus
2611 1933 2752 2004 quod
2777 1933 2890 1988 odit
2913 1942 2966 1987 et
2998 1933 3156 1987 Deus.
3188 1930 3319 1986 Cum
3348 1945 3474 2001 ergo
3499 1945 3682 1998 coepe-

2127 2027 2198 2081 ris
2221 2025 2396 2080 odisse
2423 2033 2633 2095 peccata
2660 2033 2714 2078 et
2754 2022 2992 2079 conﬁteri
3039 2023 3180 2088 Deo,
3213 2035 3334 2076 cum
3375 2031 3426 2075 te
3453 2019 3684 2074 delecta-

2123 2119 2296 2175 tiones
2323 2117 2516 2172 illicitae
2545 2117 2754 2183 rapiunt
2780 2125 2834 2171 et
2883 2115 3081 2170 ducunt
3109 2113 3174 2168 ad
3217 2128 3278 2168 ea
3320 2127 3438 2182 quae
3465 2111 3556 2166 tibi
3583 2125 3689 2165 non

2127 2219 2384 2280 prosunt,
2434 2209 2719 2278 ingemisce
2743 2208 2808 2260 ad
2839 2206 3002 2260 Deum
3031 2224 3043 2258 :
3076 2212 3130 2259 et
3156 2203 3414 2259 conﬁtens
3442 2202 3514 2257 illi
3565 2216 3688 2270 pec-

2125 2313 2240 2358 cata
2271 2312 2354 2356 tua
2380 2345 2394 2369 ,
2423 2301 2712 2356 mereberis
2734 2300 2800 2354 ab
2829 2299 2917 2353 illo
2952 2298 3355 2352 delectationem
3376 2337 3392 2361 ,
3435 2304 3488 2350 et
3517 2295 3690 2350 suavi-

2127 2404 2288 2449 tatem
2312 2393 2526 2463 justitize
2556 2390 2809 2446 faciendae
2834 2389 2979 2444 dabit
3007 2389 3130 2454 tibi,
3161 2397 3218 2442 ut
3264 2386 3478 2456 incipiat
3525 2395 3575 2440 te
3597 2384 3692 2439 de-

2098 2497 2100 2500 '
2127 2484 2325 2540 lectare
2367 2482 2569 2554 justitia
2588 2523 2603 2548 ,
2632 2495 2789 2552 quem
2819 2479 2988 2550 primo
3015 2477 3311 2534 delectabat
3332 2477 3605 2547 iniquitas;
3638 2482 3694 2529 ut

2127 2575 2219 2646 qui
2248 2575 2419 2645 primo
2445 2572 2709 2643 gaudebas
2734 2573 2787 2626 in
2810 2571 3064 2626 ebrietate
3085 2611 3099 2634 ,
3149 2569 3378 2639 gaudeas
3409 2569 3459 2622 in
3489 2566 3692 2622 sobrie-

2131 2675 2274 2732 tate;
2296 2673 2351 2720 et
2373 2669 2460 2735 qui
2486 2665 2655 2734 primo
2673 2662 2938 2734 gaudebas
2962 2662 3029 2717 de
3061 2661 3209 2716 furtis
3233 2701 3249 2725 ,
3281 2668 3338 2715 ut
3358 2661 3574 2715 tolleres
3600 2660 3695 2713 ho-

2130 2759 2258 2815 mini
2287 2758 2424 2828 quod
2455 2773 2557 2812 non
2587 2755 2816 2811 habebas
2840 2797 2856 2821 ,
2885 2769 3093 2823 qumras
3120 2754 3320 2808 donare
3347 2768 3452 2807 non
3485 2751 3694 2806 babenti

2132 2851 2273 2921 quod
2300 2848 2563 2911 habebas;
2610 2856 2663 2902 et
2705 2856 2860 2917 quem
2886 2845 3184 2901 delectabat
3216 2859 3403 2914 rapere
3427 2886 3442 2910 ,
3473 2843 3697 2898 delectet

2132 2941 2361 3004 donare;
2393 2953 2549 3008 quem
2589 2937 2880 2992 delectabat
2923 2943 3196 3005 spectare,
3245 2935 3470 2989 deleetrt
3514 2948 3695 2999 Orare;

2135 3051 2292 3108 quem
2319 3033 2648 3090 delectabant
2671 3032 2874 3109 cantica
2893 3030 3162 3101 nugatoria
3185 3036 3239 3084 et
3261 3029 3572 3091 adulterina,
3603 3025 3699 3081 de-

2136 3130 2296 3186 lectet
2323 3128 2573 3199 hymnum
2615 3126 2791 3181 dicere
2837 3125 2982 3189 Deo;
3012 3137 3225 3178 currere
3272 3121 3337 3175 ad
3385 3121 3698 3184 ecclesiam,

2137 3221 2226 3293 qui
2254 3221 2423 3292 primo
2448 3217 2696 3273 currebas
2737 3215 2804 3269 ad
2844 3214 3125 3270 theatrum.
3175 3211 3325 3267 Unde
3351 3222 3470 3265 nata
3495 3219 3576 3266 est
3603 3211 3701 3264 ista

2140 3312 2391 3375 suavitas,
2421 3309 2519 3364 nisi
2547 3309 2667 3376 quia
2697 3307 2941 3360 Dominus
2978 3305 3114 3358 dabit
3150 3304 3464 3366 suavitatem,
3495 3311 3541 3355 et
3569 3309 3702 3354 terra

2141 3413 2312 3458 nostra
2331 3402 2468 3455 dabit
2507 3403 2722 3471 fructum
2745 3397 2926 3452 suum?
2977 3395 3116 3450 Ecce
3156 3396 3297 3449 enim
3349 3393 3521 3447 videte
3565 3390 3704 3460 quod

2142 3497 2260 3552 dico
2291 3513 2303 3546 :
2335 3509 2461 3550 ecce
2491 3492 2648 3547 locuti
2695 3503 2878 3544 sumus
2912 3487 3061 3542 vobis
3087 3486 3302 3541 verbum
3348 3485 3477 3547 Dei,
3522 3493 3704 3536 semen

2143 3591 2432 3662 Sparsimus
2455 3586 2658 3642 devotis
2683 3583 2963 3645 cordibus,
3011 3589 3260 3649 tanquam
3301 3579 3500 3632 sulcata
3551 3577 3707 3629 inve-

2147 3682 2355 3736 nientes
2380 3687 2591 3748 pectora
2616 3684 2789 3730 vestra
2819 3682 2992 3727 aratro
3013 3668 3396 3732 confessionis;
3428 3667 3708 3721 devotione

2145 3785 2202 3830 et
2251 3773 2541 3827 intentione
2570 3766 2878 3836 suscepistis
2902 3779 3118 3829 semen,
3163 3762 3388 3833 cogitate
3431 3759 3498 3814 de
3545 3758 3708 3812 verbo

2147 3865 2284 3936 quod
2307 3862 2556 3928 audistis,
2589 3868 2834 3929 tanquam
2862 3857 3040 3925 glebas
3077 3856 3406 3924 frangentes,
3436 3866 3500 3905 ne
3526 3865 3710 3906 semen

2148 3958 2354 4026 rapiant
2381 3951 2639 4018 volatilia,
2672 3959 2732 4006 ut
2753 3950 2920 4020 possit
2969 3949 3036 4002 ibi
3062 3947 3359 4017 germinare
3387 3943 3526 4015 quod
3548 3943 3709 3999 semi-

2150 4049 2343 4106 natum'
2382 4056 2463 4103 est
2491 4063 2505 4112 ;
2535 4056 2588 4101 et
2617 4045 2718 4100 nisi
2747 4045 2885 4100 Deus
2912 4041 3133 4112 pluerit,
3163 4039 3287 4110 quid
3317 4039 3529 4109 prodest
3571 4035 3711 4106 quod

2151 4141 2475 4200 seminatur?
2515 4140 2625 4194 Hoc
2672 4147 2791 4199 est,
2839 4134 3088 4189 Dominus
3125 4133 3261 4185 dabit
3303 4132 3619 4194 suavitatem,
3666 4136 3712 4180 et

2153 4245 2285 4290 terra
2311 4242 2480 4286 nostra
2517 4230 2652 4283 dabit
2679 4233 2897 4298 fructum
2915 4239 3084 4277 suum.
3115 4223 3204 4276 Ille
3231 4223 3372 4277 enim
3397 4217 3713 4274 visitationi-

2153 4326 2256 4382 bus
2281 4325 2389 4378 suis
2421 4324 2462 4388 ⁸,
2495 4321 2545 4376 in
2571 4319 2679 4374 otio
2703 4360 2718 4384 ,
2747 4318 2798 4371 in
2827 4314 3058 4386 negotio,
3101 4315 3152 4366 in
3174 4313 3354 4378 domo,
3383 4314 3434 4367 in
3461 4313 3595 4366 lecto
3614 4353 3629 4376 ,
3663 4310 3714 4363 in

2154 4418 2428 4480 convivio,
2474 4415 2526 4468 in
2556 4411 2924 4472 cuilocutione,
2979 4407 3030 4461 in
3067 4404 3493 4460 deambulatione
3543 4403 3719 4456 visitet

2156 4508 2316 4563 corda
2340 4514 2512 4560 vestra
2534 4546 2548 4567 ,
2577 4502 2665 4558 ubi
2695 4515 2790 4555 nos
2810 4515 2913 4554 non
2940 4511 3143 4553 sumus.
3178 4496 3362 4550 \‘eniat
3388 4494 3558 4548 imber
3589 4492 3680 4547 Dei
3699 4533 3715 4558 ,

2157 4611 2213 4657 et
2235 4597 2508 4654 fructiﬁcet
2537 4594 2678 4667 quod
2701 4595 2770 4649 ibi
2793 4591 3106 4647 seminatum
3153 4597 3266 4653 est;
3296 4596 3349 4643 et
3370 4588 3455 4642 ubi
3498 4603 3600 4640 non
3633 4600 3719 4640 su-

2159 4706 2278 4748 mus
2324 4705 2448 4754 nos,
2497 4696 2553 4743 et
2599 4685 2766 4742 securi
2797 4683 3150 4754 quiescimus,
3198 4689 3288 4733 aut
3315 4677 3456 4733 aliud
3488 4659 3739 4746 agimus,i

2163 4783 2302 4839 Deus
2327 4781 2414 4835 det
2442 4780 2821 4834 incrementum
2849 4773 3138 4829 seminibus
3178 4786 3296 4841 qum
3316 4770 3603 4840 sparsimus
3622 4809 3637 4833 ,
3667 4753 3743 4820 nt"

2162 4873 2493 4929 attendentes
2523 4879 2701 4940 postea
2729 4867 2898 4921 bonos
2941 4880 3117 4919 mores
3164 4873 3399 4925 vestros,
3449 4864 3606 4913 etiam
3659 4857 3724 4910 de

2164 4967 2333 5023 fructu
2379 4963 2695 5034 gaudeamus
2721 4979 2733 5014 :
2765 4960 3014 5025 Quoniam
3065 4956 3308 5010 Dominus
3338 4952 3472 5006 dabit
3500 4951 3723 5005 suavita-

2164 5068 2281 5122 tem,
2312 5065 2360 5109 et
2385 5066 2521 5109 terra
2541 5062 2709 5107 nostra
2738 5051 2874 5104 dabit
2900 5055 3118 5120 fructum
3137 5062 3303 5101 suum.

2238 5150 2324 5204 16.
2352 5147 2500 5221 [vers.
2532 5144 2642 5216 Νη]
2669 5143 2875 5198 Iustitia
2900 5151 3016 5194 ante
3035 5157 3143 5192 eum
3166 5137 3356 5207 prwibit
3374 5179 3387 5202 ,
3417 5145 3462 5212 et
3507 5142 3652 5204 pcnet
3679 5133 3730 5184 in

2166 5245 2246 5298 via
2275 5256 2471 5314 gressus
2485 5253 2617 5291 suos.
2646 5234 2852 5290 Justitia
2872 5232 2954 5285 illa
2977 5239 3062 5284 est
3081 5243 3196 5298 qnzr
3219 5237 3300 5282 est
3324 5227 3374 5280 in
3402 5207 3733 5280 confessione

2170 5344 2503 5407 peccatorum
2536 5327 2768 5383 :veritas
2797 5324 2937 5379 enim
2971 5323 3078 5390 ipsa
3107 5328 3207 5373 est.
3253 5318 3432 5372 Justus
3458 5316 3598 5370 enim
3642 5312 3738 5368 de-

2173 5429 2265 5482 bes
2286 5439 2402 5478 esse
2429 5425 2477 5476 in
2504 5430 2583 5485 te,
2624 5427 2682 5471 ut
2707 5416 2889 5485 punias
2921 5422 2971 5467 te
2999 5430 3011 5464 :
3043 5415 3153 5481 ipsa
3185 5419 3267 5463 est
3303 5409 3469 5478 prima
3502 5403 3734 5458 hominis

2170 5516 2366 5586 justitia
2391 5554 2405 5576 ,
2452 5521 2508 5565 ut
2535 5510 2718 5578 punias
2747 5518 2797 5560 te
2825 5506 3018 5559 malum
3042 5545 3057 5568 ,
3104 5512 3158 5556 et
3205 5500 3357 5554 faciat
3386 5507 3435 5552 te
3465 5498 3602 5550 Deus
3633 5496 3730 5550 bo-

2177 5623 2319 5663 num.
2345 5605 2474 5670 Quia
2504 5617 2630 5670 ergo
2657 5599 2766 5670 ipsa
2794 5607 2875 5652 cst
2901 5597 3068 5666 primi
3103 5591 3328 5646 hominis
3350 5589 3555 5658 justitia
3578 5629 3594 5653 ,
3624 5587 3737 5656 ipsa

2177 5701 2234 5755 fit
2261 5699 2341 5752 via
2371 5697 2512 5760 Deo,
2544 5705 2598 5748 nt
2619 5693 2792 5747 veniat
2817 5690 2881 5744 ad
2925 5699 2974 5744 te
3007 5689 3144 5742 Deus
3174 5703 3187 5737 :
3221 5681 3292 5737 ibi
3339 5682 3412 5736 illi
3442 5682 3521 5737 [ac
3568 5681 3737 5744 viam',

2241 5814 2258 5846 ι
2293 5808 2480 5872 Aliquot
2499 5816 2624 5870 Mss,
2638 5800 3055 5870 justiﬁcatiouibus
3071 5796 3184 5849 suis.
