4024 6210
315 287 446 343 1081

309 401 363 456 in
385 397 719 455 confessione
739 403 1104 466 peccatorum.
1135 394 1257 450 Ideo
1286 405 1336 450 et
1376 395 1606 450 Joannes
1633 409 1750 449 cum
1776 393 1868 447 ha-

309 492 530 561 ptizaret
552 488 604 542 in
635 502 773 557 aqua
804 485 1128 556 poenitentia:
1152 528 1167 552 ,
1217 494 1272 541 et
1295 486 1452 541 vellet
1477 486 1542 540 ad
1583 501 1640 541 sc
1693 487 1876 539 venire

305 584 623 652 praenitentes
645 578 716 634 de
736 579 845 632 suis
873 577 1135 642 prioribus
1159 576 1328 640 factis,
1363 577 1465 632 hoc
1485 577 1693 632 dicebat
1724 595 1737 630 :
1764 575 1872 628 Pa-

303 686 418 728 rata
431 675 557 726 uiam
580 670 820 736 Domino,
848 679 1011 726 rectas
1035 671 1184 742 facile
1203 672 1403 725 semitas
1425 672 1532 740 ejus
1557 669 1762 739 (Matth.
1795 685 1870 734 tn,

302 767 386 832 5).
414 763 666 818 Placebas
689 763 778 818 tibi
803 763 854 817 in
881 763 1111 831 peccatis
1141 763 1278 828 tuis,
1311 777 1343 815 ο
1368 761 1526 816 homo
1552 779 1566 827 ;
1598 761 1874 830 displiceat

301 860 397 912 libi
421 856 562 927 quod
591 871 744 921 eras,
777 864 834 909 ut
857 855 1030 925 possis
1064 868 1184 909 esse
1208 854 1346 924 quod
1375 870 1476 910 non
1516 869 1654 909 eras.
1686 852 1876 907 Parata

301 951 431 1006 uiam
463 949 721 1006 Domino:
764 948 1025 1018 prmcedat
1055 947 1154 1001 ista
1197 946 1396 1014 justitia
1417 989 1432 1012 ,
1484 956 1540 1001 ut
1571 945 1874 1000 conﬁtearis

299 1051 516 1112 peccata
551 1059 564 1094 :
593 1039 770 1095 veniet
792 1039 878 1094 ille
923 1047 978 1092 et
1003 1037 1236 1092 visitabit
1272 1045 1324 1092 te
1344 1079 1359 1104 ,
1382 1037 1502 1108 quia
1550 1045 1698 1107 ponet
1723 1038 1774 1090 in
1794 1038 1875 1090 via

294 1149 500 1204 gressus
523 1146 675 1195 suos;
714 1134 797 1185 est
822 1129 964 1184 enim
988 1129 1097 1198 jam
1127 1129 1216 1184 ubi
1253 1137 1414 1198 ponat
1451 1142 1667 1198 gressus
1711 1141 1867 1195 suos,

295 1233 379 1278 est
410 1222 498 1276 ubi
537 1221 604 1276 ad
639 1230 693 1276 te
733 1221 929 1274 veniat.
975 1221 1114 1274 Ante
1154 1228 1329 1274 autem
1359 1234 1516 1289 quam
1542 1219 1872 1274 conlitereris

298 1323 513 1384 peccata
533 1355 548 1372 .
582 1314 959 1368 intercluseras
983 1312 1047 1368 ad
1071 1321 1121 1367 te
1147 1313 1284 1367 viam
1327 1309 1454 1376 Dei;
1487 1327 1590 1366 non
1627 1319 1742 1366 erat
1769 1327 1868 1382 qua

297 1406 364 1458 ad
397 1417 447 1460 te
472 1405 702 1459 veniret.
742 1403 1010 1459 Conﬁtere
1057 1403 1251 1468 vitam,
1302 1411 1357 1457 et
1384 1401 1560 1471 aperis
1588 1401 1762 1465 viam;
1817 1410 1870 1455 et

297 1497 472 1550 veniet
499 1496 743 1551 Christus
765 1537 778 1559 ,
813 1504 860 1548 et
888 1504 1035 1565 ponet
1056 1495 1109 1548 in
1134 1494 1212 1547 uia
1235 1509 1434 1564 gressus
1455 1509 1590 1558 suos,
1614 1502 1670 1547 ut
1709 1501 1759 1548 te
1785 1492 1867 1547 in-

301 1589 494 1643 ionnet
518 1585 755 1658 vestigiis
783 1588 915 1642 suis.

656 1799 735 1859 IN
778 1796 1154 1860 PSALMUM
1197 1795 1491 1856 LXXXV

881 1915 1287 1974 ENABRATIO.

931 2049 1100 2091 saeuo
1139 2034 1234 2103 (a).

376 2160 424 2210 l.
458 2156 668 2211 Nullum
699 2152 869 2222 majus
894 2151 1089 2205 donum
1119 2137 1368 2220 praestare
1397 2156 1576 2218 posset
1597 2147 1734 2201 Deus
1762 2145 1864 2200 ho-

307 2251 564 2312 minibus,
596 2262 754 2317 quam
786 2255 838 2298 ut
867 2243 1095 2299 Verbum
1138 2257 1291 2296 suum
1337 2255 1431 2312 per
1466 2240 1605 2312 quod
1630 2239 1864 2300 condidit

303 2343 472 2395 omnia
494 2383 507 2398 .
537 2339 736 2394 faceret
766 2336 868 2391 illis
895 2343 1052 2405 caput
1071 2375 1086 2399 ,
1115 2341 1166 2388 et
1193 2333 1309 2387 illos
1339 2333 1387 2387 ei
1418 2317 1664 2402 tanquam
1687 2345 1858 2386 mem-

299 2435 389 2488 bra
414 2437 719 2500 cooptaret;
753 2436 808 2482 ut
831 2437 972 2481 esset
996 2425 1160 2478 Filius
1206 2423 1294 2478 Dei
1335 2433 1388 2478 et
1425 2422 1561 2476 ﬁlius
1590 2421 1855 2487 hominis,

303 2543 432 2581 unus
466 2526 605 2579 Deus
633 2537 752 2576 cum
795 2521 949 2574 Patre
969 2561 983 2584 ,
1018 2533 1152 2571 unus
1179 2515 1339 2571 homo
1367 2530 1486 2570 cum
1515 2514 1817 2568 hominibus
1841 2531 1853 2566 :

297 2629 426 2673 utet
457 2614 670 2687 quando
699 2612 961 2681 loquimur
1001 2609 1066 2663 ad
1099 2608 1262 2662 Deum
1315 2606 1694 2675 deprecantes,
1749 2621 1857 2660 non

296 2709 408 2763 inde
440 2707 628 2762 Filium
658 2716 992 2774 separemus;
1042 2708 1097 2754 et
1119 2696 1328 2768 quando
1373 2705 1617 2766 precatur
1664 2709 1856 2763 corpus

294 2800 405 2856 Filii
431 2842 444 2864 ,
475 2813 579 2852 non
605 2811 636 2850 a
667 2811 726 2850 se
751 2802 960 2864 separet
979 2798 1137 2860 caput
1159 2803 1310 2844 suum
1335 2804 1350 2852 ;
1378 2787 1549 2856 sitque
1572 2787 1684 2854 ipse
1717 2799 1853 2840 unus

276 2883 526 2946 salvator
549 2887 788 2958 corporis
832 2885 908 2939 sui
939 2883 1192 2938 Dominus
1216 2889 1398 2936 noster
1421 2878 1571 2933 Jesus
1601 2877 1845 2931 Christus

291 2981 451 3037 Filius
475 2979 607 3044 Dei,
661 2977 748 3046 qui
775 2985 828 3030 et
855 2983 964 3028 oret
1009 2987 1103 3042 pro
1129 2971 1310 3034 nobis,
1358 2979 1410 3022 et
1437 2976 1551 3022 oret
1579 2967 1630 3020 in
1657 2965 1846 3038 nobis,

289 3087 336 3128 et
361 3083 542 3128 oretur
573 3088 604 3126 a
635 3068 808 3124 nobis.
834 3067 962 3122 Orat
991 3081 1083 3136 pro
1107 3064 1282 3128 nobis,
1305 3073 1361 3116 ut
1385 3060 1632 3116 sacerdos
1650 3068 1848 3124 noster;

287 3176 399 3220 orat
423 3165 473 3217 in
495 3162 684 3229 nobis,
717 3169 774 3214 ut
802 3166 958 3227 caput
999 3166 1237 3210 nostrum
1262 3195 1278 3220 ,
1307 3162 1487 3207 oratur
1511 3166 1542 3205 τι
1582 3150 1757 3211 nobis,
1791 3158 1847 3202 ut

289 3257 424 3311 Deus
448 3264 648 3310 noster.
699 3253 1062 3321 Agnoscamus
1105 3260 1234 3317 ergo
1284 3253 1337 3300 et
1371 3245 1423 3297 in
1450 3243 1542 3298 illo
1567 3255 1723 3297 voces
1752 3256 1848 3295 no—

287 3360 450 3412 stras,
481 3355 538 3400 et
578 3358 738 3398 voces
759 3341 872 3411 ejus
903 3341 954 3395 in
984 3339 1156 3394 nobis.
1199 3337 1380 3407 Neque
1407 3351 1524 3390 cum
1551 3333 1742 3404 aliquid
1771 3334 1849 3386 (ιι-

285 3441 417 3492 citur
441 3437 507 3492 de
538 3435 759 3490 Domino
778 3433 902 3487 Jcsu
927 3431 1167 3497 Christo,
1196 3429 1423 3483 maxime
1451 3428 1502 3481 in
1527 3426 1804 3496 prophetia
1828 3466 1845 3491 ,

285 3530 420 3599 quod
447 3528 702 3598 pertineat
732 3524 875 3579 velut
901 3522 966 3576 ad
1007 3520 1290 3592 quamdam
1319 3517 1674 3572 humilitatem
1705 3515 1844 3570 indis

285 3636 434 3688 gnam
460 3620 595 3684 Deo,
624 3616 928 3671 dubitemus
953 3628 1068 3668 eam
1099 3612 1172 3665 illi
1203 3610 1434 3664 tribucre
1454 3650 1469 3675 ,
1497 3604 1586 3677 qui
1608 3622 1712 3661 non
1748 3606 1846 3660 du-

284 3709 464 3765 bitavit
489 3725 548 3763 se
569 3707 722 3762 nobis
746 3705 1056 3774 adjungere.
1087 3702 1150 3756 Ei
1170 3703 1362 3772 quippe
1391 3700 1555 3754 servit
1596 3699 1843 3753 universa

282 3810 541 3866 creatura,
563 3798 682 3868 quia
711 3811 807 3868 per
835 3796 1004 3865 ipsum
1027 3793 1165 3848 facta
1192 3799 1275 3847 est
1303 3791 1547 3845 universa
1582 3798 1840 3843 creatura.

283 3891 346 3945 Et
375 3900 682 3960 propterea,
709 3902 830 3942 cum
867 3886 981 3955 ejus
1006 3883 1382 3938 sublimitatem
1411 3879 1844 3946 divinitatemque

284 3983 551 4035 intuemur
574 4022 588 4042 ,
620 3977 830 4048 quando
858 3976 1097 4030 audimus
1120 4015 1135 4039 ,
1187 3972 1254 4026 In
1299 3971 1544 4041 principio
1574 3979 1680 4022 erat
1719 3968 1840 4024 Ver-

281 4077 429 4140 bum,
452 4084 498 4127 et
536 4071 749 4128 Verbum
775 4078 878 4124 erat
900 4068 1038 4148 apud
1062 4066 1254 4127 Deum,
1300 4073 1349 4118 et
1390 4063 1524 4118 Deus
1573 4071 1677 4116 erat
1714 4060 1838 4115 Ver-

283 4168 414 4220 bum.
447 4163 554 4218 Hoc
609 4172 714 4217 erat
745 4162 797 4214 in
839 4159 1084 4230 principio
1122 4156 1260 4229 apud
1309 4155 1488 4208 Deum.
1543 4151 1724 4208 Omnia
1751 4169 1840 4222 per

284 4257 445 4324 ipsum
489 4259 621 4326 facta
650 4263 801 4316 sunt,
845 4261 890 4304 et
917 4251 1024 4304 sine
1050 4251 1159 4318 ipso
1180 4247 1365 4318 factum
1391 4255 1462 4301 est
1503 4245 1629 4298 nihil
1659 4242 1836 4314 (Joan.

283 4346 504 4412 1.1-5);
555 4345 821 4397 intuentes
847 4339 985 4393 hanc
1029 4346 1083 4393 et
1111 4334 1742 4406 supereminentissimam
1787 4341 1840 4388 et

282 4436 616 4488 excedentem
649 4432 824 4486 omnia
857 4438 1216 4484 creaturarum
1241 4425 1483 4481 sublimia
1507 4425 1835 4478 divinitatem

285 4526 400 4579 Filii
426 4525 549 4588 Dei,
595 4523 840 4577 audimus
880 4521 1038 4576 etiam
1069 4519 1118 4572 in
1149 4519 1321 4588 aliqua
1354 4525 1499 4586 parte.
1525 4515 1834 4584 Scriptura-

281 4632 396 4670 rum
421 4616 554 4668 velut
575 4624 902 4684 gementem,
935 4619 1173 4664 orantem
1198 4649 1214 4674 ,
1237 4608 1606 4673 conﬁtentem;
1636 4615 1691 4661 et
1736 4607 1834 4660 du-

283 4708 503 4761 bitamus
527 4707 577 4760 ei
607 4704 837 4758 tribuere
861 4703 1020 4757 verba
1053 4700 1166 4754 hare
1188 4742 1202 4764 ,
1251 4715 1317 4754 ex
1365 4713 1429 4752 eo
1455 4697 1594 4767 quod
1638 4696 1836 4768 cogita-

283 4800 351 4850 tio
377 4807 555 4851 nostra
582 4796 649 4850 de
680 4795 873 4849 recenti
901 4793 1016 4863 ejus
1039 4790 1482 4859 contemplatione
1503 4803 1619 4858 qua:
1640 4797 1755 4842 erat
1784 4789 1832 4841 in

280 4891 569 4952 divinitate,
601 4886 848 4958 pigrescit
873 4883 1196 4939 descendere
1220 4883 1285 4936 ad
1311 4881 1424 4950 ejus
1451 4879 1832 4944 humilitatem;

280 4993 328 5034 et
364 4991 610 5050 tanquam
641 4979 797 5034 faciat
825 4977 895 5031 illi
925 4975 1167 5046 injuriam
1189 5015 1204 5038 ,
1237 4975 1279 5027 si
1306 4973 1421 5043 ejus
1439 4971 1598 5026 verba
1646 4973 1696 5025 in
1737 4973 1834 5025 ho-

282 5074 415 5128 mine
440 5080 722 5143 agnoscat,
754 5069 816 5123 ad
845 5084 999 5137 quem
1027 5066 1185 5120 verba
1206 5065 1467 5133 dirigebat
1509 5079 1627 5117 cum
1673 5063 1834 5117 Deum

276 5164 650 5233 deprecaretur
670 5201 685 5226 ,
735 5161 899 5213 hzcret
929 5157 1233 5228 plerumque
1253 5195 1268 5217 ,
1303 5163 1357 5208 et
1382 5165 1602 5208 conatur
1631 5163 1835 5207 mutare

277 5255 619 5317 mutandam;
647 5260 699 5306 et
721 5265 822 5303 non
841 5250 889 5303 ei
918 5247 1210 5302 occurritin
1235 5243 1528 5313 Scriptura,
1569 5245 1666 5298 nisi
1695 5244 1835 5314 quod

275 5345 336 5397 ad
365 5346 533 5413 ipsum
566 5350 836 5402 recurrat,
866 5347 918 5392 ct
947 5339 1010 5392 ab
1049 5339 1139 5392 illo
1163 5335 1376 5390 deviare
1396 5350 1500 5388 nou
1531 5335 1685 5388 sinat.
1733 5335 1836 5388 Ex-

274 5437 597 5505 pergiscatur
621 5447 780 5502 ergo,
809 5441 862 5485 et
884 5430 1093 5499 evigilat
1132 5429 1182 5482 in
1239 5426 1340 5481 lide
1390 5441 1519 5491 sua;
1565 5437 1619 5480 ct
1663 5426 1836 5482 videat

273 5527 392 5594 quia
433 5525 522 5579 ille
549 5539 706 5594 quem
735 5519 1191 5589 contemplabatur
1217 5518 1373 5588 paulo
1401 5526 1522 5572 ante
1563 5515 1614 5570 in
1666 5516 1835 5570 forma

325 5683 400 5745 (α)
425 5681 485 5730 Ad
501 5679 760 5745 plebemin
784 5663 1036 5745 pervigilio
1056 5673 1390 5734 solemnitatis,
1413 5672 1536 5724 forte
1549 5679 1592 5723 ε.
1608 5673 1839 5736 Cypriani,

268 5753 317 5797 et
499 5737 831 5804 Carthaginem
861 5737 1064 5788 habitus.

1331 280 1722 337 ENARRATIO
1759 281 1825 336 IN
1865 283 2183 344 PSALMUM
2222 226 2482 350 LXXXV.

3411 311 3554 371 ιοςε

1992 399 2119 467 Dei,
2152 401 2372 457 formam
2420 404 2562 461 servi
2607 409 2838 479 accepit,
2890 411 2942 466 in
2982 413 3329 474 similitudine
3371 418 3545 476 homi-

1987 507 2110 546 num
2144 493 2334 558 faetus,
2364 503 2417 549 et
2442 495 2622 554 habitu
2661 501 2900 554 inventus
2931 513 2985 555 ut
3016 503 3200 571 homo,
3249 508 3546 566 humiliavit

1985 598 2043 638 se
2069 586 2234 640 iactus
2254 586 2506 643 obediens
2524 605 2686 659 usque
2703 591 2767 645 ad
2790 603 3010 649 mortem
3034 595 3285 669 (Philipp.
3310 617 3366 668 ιι,
3397 602 3537 671 5‹8);

1984 687 2038 732 ει
2071 679 2230 733 verba
2261 680 2453 734 Psalmi
2480 682 2643 736 voluit
2671 698 2789 740 esse
2815 696 2906 740 sua
2930 728 2944 751 ,
2998 688 3050 741 in
3080 704 3236 744 cruce
3262 693 3495 762 pendens
3518 735 3532 760 ,

1982 780 2034 826 et
2060 771 2240 826 dicens
2267 791 2280 825 :
2313 771 2447 828 Deus
2469 791 2607 828 meus
2625 817 2638 837 ,
2666 774 2803 830 Deus
2823 793 2959 830 meus
2977 819 2991 842 ,
3018 781 3193 849 utquid
3234 799 3311 836 me
3353 783 3537 839 dereli-

1981 864 2129 934 quisti
2149 861 2315 936 (Psal.
2343 881 2452 930 xxi,
2483 865 2538 936 2)
2561 866 2584 919 ?
2607 865 2798 921 Oratur
2825 881 2951 938 ergo
2979 871 3030 923 in
3057 870 3218 923 forma
3252 873 3379 939 Dei,
3423 884 3545 930 orat-

1980 955 2032 1008 in
2059 953 2226 1008 forma
2248 956 2384 1009 servi
2414 973 2430 1008 :
2462 956 2531 1010 ibi
2552 956 2804 1024 Creator,
2837 958 2919 1013 hic
2939 970 3146 1016 creatus
3170 965 3208 1026 ',
3235 973 3533 1019 creaturam

1980 1047 2278 1101 mutandam
2308 1062 2410 1103 non
2455 1057 2686 1104 mutatus
2705 1065 2979 1106 assumens
2997 1093 3011 1119 ,
3057 1061 3110 1108 et
3137 1068 3312 1108 secum
3339 1071 3437 1110 nos
3465 1061 3537 1110 ia-

1977 1139 2121 1193 ciens
2160 1155 2319 1194 unum
2348 1140 2635 1209 hominem,
2667 1152 2824 1213 caput
2849 1153 2902 1198 et
2921 1159 3130 1216 corpus.
3161 1145 3384 1202 Oramus
3405 1163 3546 1219 ergo.

1976 1231 2041 1285 ad
2068 1232 2215 1286 illum
2234 1275 2248 1296 ,
2277 1248 2372 1303 per
2391 1233 2538 1288 illum
2560 1277 2574 1301 ,
2605 1235 2659 1289 in
2687 1236 2779 1290 illo
2809 1255 2822 1289 :
2851 1247 2905 1292 et
2932 1237 3155 1293 dicimus
3183 1255 3300 1294 cum
3330 1240 3418 1295 illo
3438 1283 3452 1305 ,
3477 1250 3536 1296 et-

1975 1319 2102 1376 dicit
2124 1323 2429 1390 uobiscum;
2455 1324 2680 1381 dicimus
2709 1325 2760 1381 in
2791 1327 2881 1382 illo
2900 1369 2914 1395 ,
2945 1327 3070 1384 dicit
3095 1328 3147 1383 in
3171 1331 3322 1384 nobis
3349 1331 3533 1400 psalmi

1975 1413 2132 1484 hujus
2159 1416 2452 1470 orationem
2477 1458 2490 1481 ,
2519 1418 2605 1488 qui
2631 1411 2946 1481 intitulatur,
2982 1418 3160 1474 Oratio
3184 1419 3371 1475 David.
3402 1422 3534 1490 Quia

1975 1506 2228 1562 Dominus
2252 1518 2433 1564 noster
2456 1510 2744 1566 secundum
2772 1526 2983 1566 carnem
3014 1510 3154 1566 ﬁlius
3188 1513 3350 1568 David
3385 1532 3400 1569 :
3442 1529 3532 1570 se—

1971 1599 2199 1654 cundum
2229 1609 2357 1657 vero
2381 1601 2708 1657 divinitatem
2741 1602 2994 1657 Dominus
3019 1603 3180 1658 David
3202 1647 3217 1672 ,
3244 1612 3297 1660 et
3322 1613 3534 1660 creator

1973 1689 2165 1755 David;
2193 1699 2247 1746 et
2271 1706 2372 1746 non
2403 1692 2574 1747 solum
2621 1703 2742 1749 ante
2791 1692 2953 1748 David
2975 1736 2988 1759 ,
3017 1695 3108 1748 sed
3131 1703 3184 1749 et
3210 1705 3332 1751 ante
3366 1695 3534 1751 Abra-

1971 1783 2114 1851 ham,
2137 1800 2201 1840 ει(
2228 1801 2333 1856 quo
2350 1785 2542 1852 David;
2567 1786 2660 1841 sed
2690 1796 2741 1842 et
2769 1796 2892 1842 ante
2921 1787 3110 1855 Adam,
3134 1802 3199 1842 ex
3219 1803 3323 1858 quo
3345 1801 3532 1844 omnes

1969 1874 2250 1943 homines;
2281 1877 2375 1934 sed
2397 1886 2450 1932 et
2478 1886 2600 1934 ante
2620 1878 2811 1934 coelum
2833 1889 2885 1934 et
2911 1889 3125 1946 terram,
3149 1881 3200 1933 in
3229 1895 3334 1950 quo
3360 1882 3536 1936 omnis

1968 1979 2209 2023 creatura
2236 1977 2337 2024 est.
2359 1967 2526 2024 Nemo
2553 1984 2678 2039 ergo
2705 1985 2825 2024 cum
2853 1969 3002 2025 audit
3024 1970 3136 2025 haec
3162 1971 3344 2036 verba,
3367 1970 3527 2036 dicat,

1967 2058 2082 2113 Non
2108 2060 2349 2114 Christus
2377 2060 2538 2125 dicit;
2571 2069 2662 2115 aut
2687 2077 2872 2116 rursus
2901 2061 3070 2129 dicat,
3113 2061 3225 2116 Non
3254 2077 3352 2134 ego
3375 2062 3527 2119 dico:

1967 2149 2074 2204 imo
2095 2150 2139 2203 si
2163 2165 2220 2204 se
2249 2152 2297 2203 in
2327 2149 2523 2205 Christi
2551 2166 2773 2221 corpore
2814 2152 3083 2222 agnoscit,
3134 2161 3415 2225 utrumque
3441 2154 3524 2208 di-

1965 2251 2050 2298 cat
2069 2285 2085 2309 ,
2116 2251 2189 2306 et,
2218 2243 2458 2298 Christus
2477 2243 2632 2310 dicit,
2663 2252 2743 2310 et,
2775 2245 2884 2313 Ego
2911 2243 3049 2299 dico.
3078 2244 3196 2299 Noli
3227 2245 3420 2316 aliquid
3449 2246 3531 2300 di.

1963 2349 2086 2390 cere
2111 2334 2224 2388 sine
2251 2333 2368 2399 illo,
2399 2343 2581 2387 etnon
2631 2332 2757 2387 dicit
2803 2333 3001 2402 aliquid
3039 2334 3152 2388 sine
3183 2344 3232 2388 te
3259 2336 3299 2385 '.
3343 2333 3530 2392 Nonne

1965 2425 2218 2480 habemus
2241 2425 2292 2478 in
2331 2423 2654 2494 Evangelio?
2695 2422 2796 2480 Ubi
2846 2432 2991 2478 certe
3017 2423 3268 2494 scriptum
3297 2434 3379 2479 est
3402 2467 3416 2488 ,
3459 2424 3526 2479 In

1964 2517 2208 2588 principio
2234 2525 2340 2570 erat
2368 2513 2582 2570 Verbum
2605 2557 2620 2581 ,
2665 2525 2712 2569 et
2761 2514 2979 2570 Verbum
3026 2526 3133 2569 erat
3168 2516 3306 2586 apud
3333 2517 3526 2585 Deum,

1961 2619 2008 2663 et
2039 2607 2172 2662 Deus
2196 2617 2303 2661 erat
2336 2605 2567 2661 Verbum.
2599 2606 2782 2660 Omnia
2808 2624 2895 2677 per
2914 2607 3078 2676 ipsum
3101 2607 3235 2676 facta
3258 2618 3408 2672 sunt;
3453 2609 3523 2665 ibi

1959 2707 2104 2754 certe
2129 2697 2425 2762 habemus,
2471 2698 2538 2752 Et
2584 2699 2927 2752 contristatus
2972 2707 3054 2753 est
3102 2697 3261 2753 Jesus
3311 2697 3520 2769 (Matth.

1957 2806 2108 2854 xxvi,
2140 2790 2251 2859 58),
2275 2798 2329 2846 ει
2349 2788 2596 2858 fatigatus
2615 2799 2694 2843 est
2718 2789 2874 2843 Jesus
2896 2787 3074 2859 (Joan.
3114 2805 3184 2848 ιν,
3214 2788 3290 2859 6),
3320 2799 3371 2844 ει
3395 2789 3522 2844 dor-

1956 2883 2106 2937 mivit
2131 2883 2284 2937 Jesus
2317 2881 2523 2954 (Matth.
2552 2898 2664 2946 vni,
2692 2880 2802 2954 24),
2833 2891 2886 2936 ει
2912 2882 3131 2937 esurivit
3165 2881 3271 2954 (Id.
3297 2898 3365 2950 iv,
3388 2883 3443 2953 2)
3469 2894 3520 2938 et

1954 2973 2288 3030 sitivitJesus
2314 2971 2492 3044 (Joan.
2521 2989 2594 3039 ιν,
2622 2974 2653 3026 7
2679 2990 2692 3036 ;
2742 2983 2787 3026 et
2818 2989 2904 3026 xxx
2927 3015 2942 3040 ,
2983 2972 3076 3044 28)
3099 3015 3112 3039 ,
3145 2983 3197 3026 ct
3217 2975 3383 3027 oravit
3403 3015 3417 3039 ,
3467 2984 3519 3030 ct

1954 3066 2279 3138 pernoctavit
2297 3066 2348 3120 in
2375 3065 2576 3119 orando
2601 3065 2774 3120 Jesus.
2802 3063 3158 3129 Pernoctabat,
3194 3066 3379 3135 inquit.
3423 3066 3518 3119 Ja-

1950 3175 2035 3212 sus
2057 3155 2204 3228 (Luc.
2240 3172 2288 3210 vt
2310 3199 2323 3222 ,
2353 3154 2441 3227 1?.)
2463 3197 2478 3221 ,
2511 3164 2556 3208 et
2593 3156 2841 3226 perstabat
2873 3154 2892 3184 ³
2917 3156 2970 3208 in
3021 3155 3249 3218 orando;
3292 3164 3338 3209 et
3385 3156 3520 3226 globi

1949 3251 2205 3322 sanguinis
2225 3248 2545 3303 decurrebant
2563 3265 2650 3320 per
2665 3264 2846 3318 corpus
2871 3250 2977 3318 ejus
2999 3245 3106 3318 (Id.
3141 3263 3266 3310 χχιι,
3290 3249 3377 3311 45,
3400 3248 3514 3318 44).

1952 3342 2084 3410 Quid
2115 3341 2463 3404 ostendebat,
2504 3338 2715 3410 quando
2760 3354 2852 3407 per
2880 3353 3072 3408 corpus
3120 3338 3319 3393 orantis
3370 3338 3514 3406 globi

1951 3432 2221 3502 sanguinis
2257 3431 2632 3496 destinabant,
2688 3429 2786 3483 nisi
2817 3430 2937 3500 quia
2977 3444 3169 3498 corpus
3195 3428 3344 3497 ejus,
3373 3428 3515 3498 quod

1948 3535 2028 3578 cst
2071 3523 2326 3585 Ecclesia,
2355 3529 2642 3592 martyrum
2670 3521 2920 3590 sanguine
2937 3521 3044 3590 jam
3079 3519 3306 3574 ﬂuebat?

2016 3615 2068 3668 2.
2095 3614 2241 3686 [vers
2271 3612 2346 3685 1.]
2375 3611 2595 3676 Inclina,
2623 3611 2855 3688 Domine,
2889 3628 3060 3665 aurem
3085 3621 3242 3678 tuam,
3266 3620 3313 3664 et
3331 3605 3512 3664 exaudi

1947 3723 2042 3760 me.
2066 3705 2159 3760 Ille
2188 3720 2254 3759 ex
2281 3704 2447 3759 forma
2472 3704 2608 3758 servi
2631 3703 2789 3767 dicit;
2823 3712 2896 3766 tu,
2927 3717 3099 3767 serve,
3131 3702 3182 3754 in
3211 3700 3374 3755 forma
3406 3701 3511 3754 Do-

1945 3799 2075 3854 mini
2098 3798 2168 3852 tui
2196 3816 2209 3851 :
2240 3796 2460 3860 Inclina,
2490 3795 2705 3850 Domine
2731 3835 2746 3862 ,
2779 3811 2950 3848 aurem
2976 3804 3131 3846 tuam.
3163 3793 3385 3848 Inclinat
3411 3808 3506 3848 au-

1945 3906 2078 3957 rem,
2105 3891 2149 3943 si
2172 3900 2227 3943 tu
2265 3905 2370 3943 non
2408 3889 2578 3956 erigas
2605 3888 2903 3942 cervicem:
2933 3886 3210 3940 humiliato
3236 3884 3376 3940 enim
3416 3900 3510 3954 ap—

1944 3983 2290 4052 propinquat;
2323 3979 2391 4033 ab
2437 3978 2668 4033 exaltato
2719 3979 2873 4047 longe
2902 3976 3154 4042 discedit,
3201 3975 3300 4030 nisi
3349 3990 3506 4046 quem

1943 4074 2056 4143 ipse
2085 4071 2414 4126 humiliatum
2443 4070 2776 4125 exaltaverit.
2804 4068 3025 4122 Inclinat
3067 4082 3195 4138 ergo
3224 4066 3362 4121 Deus
3409 4082 3506 4120 au-

1941 4180 2053 4220 rem
2088 4178 2235 4218 suam
2275 4161 2340 4216 ad
2371 4176 2489 4216 nos.
2532 4159 2623 4215 llle
2643 4159 2784 4215 enim
2831 4173 3042 4213 sursum
3074 4166 3155 4212 est
3177 4199 3192 4220 ,
3221 4171 3318 4211 nos
3346 4155 3504 4210 deor-

1941 4272 2058 4312 sum
2086 4274 2100 4322 ;
2125 4256 2214 4310 ille
2243 4255 2294 4309 in
2321 4252 2632 4320 altitudine,
2679 4265 2777 4306 nos
2817 4251 2869 4304 in
2891 4249 3212 4316 humilitate,
3264 4247 3356 4303 sed
3397 4261 3501 4302 non

1940 4348 2130 4402 relicti.
2164 4365 2182 4398 ‹
2217 4345 2460 4402 Ostendit
2491 4364 2510 4396 ι
2558 4344 2699 4399 ειιίιιι
2736 4362 2755 4396 ς
2788 4342 3124 4398 dilectionem
3177 4356 3326 4395 suam
3366 4341 3504 4395 Deus

1940 4439 1993 4494 in
2024 4438 2177 4493 nobis
2206 4455 2218 4490 :
2262 4438 2460 4492 etenim
2504 4450 2625 4490 cum
2664 4433 2838 4489 adhuc
2865 4441 3171 4502 peccatores
3217 4446 3463 4487 essemus
3486 4473 3500 4496 ,

1940 4530 2186 4584 Christus
2217 4543 2311 4596 pro
2351 4526 2502 4581 nobis
2547 4532 2788 4579 mortuus
2831 4532 2933 4599 est.
2962 4522 3059 4577 Vix
3107 4523 3248 4578 enim
3284 4540 3303 4573 ι
3337 4521 3501 4590 inquit

1945 4638 1963 4670 ‹
2000 4619 2253 4688 projusto
2280 4618 2398 4687 quis
2423 4617 2685 4679 moritur;
2709 4630 2830 4668 nam
2857 4628 2954 4682 pro
2971 4614 3111 4668 bono
3133 4612 3354 4666 forsitan
3385 4611 3503 4681 quis

1938 4710 2130 4764 audeat
2152 4709 2285 4762 mori
2317 4723 2331 4760 :
2364 4706 2618 4760 Dominus
2643 4713 2818 4759 autem
2845 4712 3023 4758 uoster
3042 4717 3138 4774 pro
3162 4703 3334 4771 impiis
3362 4718 3502 4756 mor-

1941 4809 2060 4853 tuus
2087 4812 2170 4853 εει
2204 4817 2222 4849 ι
2252 4797 2427 4867 (Rom.
2460 4811 2511 4860 v,
2537 4794 2681 4866 6-9).
2711 4793 2891 4864 Neque
2917 4793 3058 4850 enim
3107 4793 3293 4848 merita
3325 4800 3499 4846 nostra

1940 4897 2354 4961 praecesserant,
2383 4902 2480 4957 pro
2508 4887 2695 4957 quibus
2718 4886 2884 4940 Filius
2913 4885 3006 4941 Dei
3038 4894 3364 4948 moreretur;
3406 4882 3499 4936 sed

1940 4985 2105 5055 magis
2132 4983 2252 5052 quia
2281 4980 2418 5034 nulla
2450 4988 2604 5033 erant
2645 4979 2852 5042 merita,
2907 4991 3095 5047 magna
3133 4983 3248 5031 erat
3293 4973 3500 5028 miseri-

1938 5076 2137 5130 cordia.
2168 5073 2334 5139 Quam
2368 5079 2510 5124 certa
2555 5084 2715 5140 ergo,
2763 5085 2919 5137 quam
2952 5069 3099 5122 ﬁrma
3153 5066 3502 5136 promissione

1938 5175 2114 5222 servat
2135 5163 2289 5232 justis
2309 5163 2472 5216 vitam
2502 5176 2649 5214 suam
2675 5202 2691 5224 ,
2721 5161 2808 5231 qui
2852 5160 3064 5214 donavit
3111 5157 3316 5227 injustis
3354 5171 3500 5210 mor-

1941 5267 2046 5312 tem
2070 5253 2261 5309 suum?
2291 5251 2512 5317 lnch'na,
2545 5251 2779 5314 Domine,
2829 5267 2998 5303 aurem
3047 5259 3182 5302 tuam
3206 5289 3220 5312 ,
3254 5257 3298 5301 et
3320 5248 3500 5301 exaudi

1939 5363 2051 5411 me;
2079 5345 2314 5415 quoniam
2341 5360 2520 5414 egenus
2568 5353 2613 5396 et
2642 5343 2785 5408 inops
2813 5358 2902 5412 ego
2939 5357 3066 5393 sum.
3104 5339 3243 5409 Ergo
3282 5355 3384 5394 non
3415 5341 3495 5394 in-

2003 5547 2021 5576 ι
2057 5552 2173 5598 vos,
2198 5548 2404 5606 creatus,
2422 5543 2589 5606 aberat
2610 5552 2638 5588 a
2658 5540 2790 5588 (mh.
2818 5539 3006 5606 optima:
3028 5545 3154 5606 noue
3175 5545 3257 5606 Ms.

2003 5608 2327 5673 !_sic_a1ss._st
2349 5599 2478 5673 md.,
2515 5615 2606 5650 non
2629 5607 2775 5662 potest
2798 5599 2982 5663 aliquid
3006 5599 3169 5653 dicere
3201 5602 3301 5654 sine
3337 5599 3438 5664 illo,
3461 5606 3516 5652 ct-

1945 5666 2058 5720 dit‘it
2081 5665 2262 5723 ahquid
2287 5666 2387 5712 sine
2409 5671 2468 5711 te.

2010 5739 2031 5763 ο
2049 5737 2232 5779 Fct‘t‘ut‘.
2259 5733 2359 5784 Ms,
2377 5723 2774 5788 prostentcbtdur.
