4024 6210
518 284 542 331 1
554 279 659 332 υδὸ

516 394 676 447 clinat
710 408 898 451 aurem
926 392 989 450 ad
1017 390 1231 447 divitem
1260 403 1276 442 :
1306 383 1374 440 ad
1401 383 1613 450 inopem
1644 390 1698 436 et
1730 394 1952 450 egenum
1982 379 2063 433 in-

515 484 682 538 clinat
704 498 885 538 aurem
904 524 919 550 ,
949 482 997 535 id
1023 489 1121 541 est,
1151 474 1223 531 ad
1246 473 1502 530 humilem
1532 480 1583 527 et
1608 470 1673 526 ad
1696 469 2031 525 confitentem
2054 510 2068 534 ,

518 574 585 630 ad
613 575 930 647 indigentem
971 564 1373 647 misericordia:
1426 582 1531 621 non
1573 565 1638 619 ad
1684 573 1973 618 saturatum
2020 570 2075 616 et

525 669 859 725 extollentem
880 681 969 729 se,
991 674 1043 719 et
1063 662 1382 735 iactantem,
1412 659 1562 730 quasi
1591 658 1720 713 nihil
1747 658 1792 712 ei
1819 657 1987 721 desit,
2019 664 2074 712 et

520 759 803 823 dicentem,
837 755 1036 811 Gratias
1060 753 1166 818 tibi,
1190 754 1310 823 quia
1354 768 1455 805 non
1479 766 1593 805 sum
1617 750 1743 803 sicut
1768 748 2074 801 Publicanus

515 850 627 903 istc.
658 848 811 903 Dives
835 847 973 902 enim
999 846 1295 900 Pbarisaaus
1315 843 1544 913 jactabat
1560 842 1741 896 merita
1764 855 1857 895 sua
1882 858 1895 893 :
1923 840 2074 908 inops

516 937 830 993 Publicanus
840 937 1409 1005 conﬁtebaturpeccata
1421 949 1513 988 sua
1530 932 1677 1004 (Luc.
1698 948 1846 996 xvtu,
1868 928 2072 1002 11-15).

588 1031 641 1085 5.
668 1031 777 1086 Nec
804 1030 881 1085 sic
906 1029 1174 1098 accipiatis
1192 1069 1210 1094 ,
1249 1028 1466 1092 fratres,
1495 1024 1633 1095 quod
1660 1025 1791 1092 dixi,
1822 1024 1901 1078 Ad
1929 1024 2069 1078 divi-

519 1127 627 1172 tem
655 1134 760 1174 non
785 1119 1001 1174 inclinat
1028 1132 1209 1172 aurem
1235 1131 1404 1179 suam,
1434 1127 1680 1185 tanquam
1701 1129 1805 1169 non
1830 1114 2075 1170 exaudiat

520 1208 656 1263 Deus
677 1224 769 1265 eos
796 1211 885 1279 qui
913 1209 1106 1263 habent
1132 1222 1314 1263 aurum
1347 1215 1401 1261 et
1427 1216 1722 1277 argentum,
1746 1214 1799 1260 et
1824 1204 2072 1260 familiam

516 1309 574 1354 et
599 1300 783 1354 fundos
808 1318 821 1354 :
844 1301 887 1354 si
913 1302 991 1354 sic
1016 1299 1152 1355 forte
1181 1298 1291 1353 nati
1316 1306 1456 1359 sunt,
1488 1304 1719 1351 anteum
1750 1296 1922 1350 locum
1941 1297 1959 1327 ί
1985 1311 2071 1350 re-

516 1404 634 1443 rum
674 1388 1021 1443 humanarum
1063 1395 1271 1451 tenent;
1321 1395 1520 1440 tantum
1560 1384 1895 1440 meminerint
1934 1383 2073 1454 quod

516 1480 589 1532 ait
616 1478 931 1547 Apostolus,
964 1477 1193 1546 Pracipe
1217 1475 1446 1530 divitibus
1482 1476 1631 1546 hujus
1657 1475 1831 1528 mundi
1856 1491 1955 1528 non
1982 1490 2069 1528 su—

518 1568 666 1639 perbe
689 1584 864 1639 sapere
902 1568 955 1637 (Ι
982 1567 1113 1621 Tim.
1146 1582 1230 1633 v1,
1270 1566 1381 1635 17).
1414 1565 1512 1632 Qui
1537 1565 1673 1620 enim
1705 1579 1810 1618 non
1850 1563 2073 1637 superbe

514 1660 758 1726 sapiunt,
787 1658 837 1711 in
869 1659 978 1712 Deo
1021 1671 1277 1727 pauperes
1303 1664 1454 1720 sunt;
1482 1665 1536 1710 et
1576 1656 1891 1724 pauperibus
1917 1663 2073 1724 atque

514 1748 758 1818 inopibus
784 1758 836 1803 et
860 1749 1040 1818 egenis
1064 1748 1279 1802 inclinat
1304 1760 1487 1801 aurem
1512 1760 1681 1800 suam.
1708 1744 1909 1799 Norunt
1931 1746 2071 1799 enim

519 1851 667 1906 spem
690 1853 835 1892 suam
863 1853 968 1892 non
993 1852 1110 1892 esse
1136 1838 1186 1890 in
1212 1851 1342 1890 auro
1362 1845 1415 1890 et
1438 1845 1676 1906 argento,
1702 1850 1871 1904 neque
1896 1835 1946 1889 in
1970 1835 2072 1889 illis

515 1928 674 1982 rebus
701 1928 887 1999 quibus
908 1929 971 1981 ad
995 1938 1199 1997 tempus
1218 1926 1580 1981 circumfluere
1596 1926 1854 1980 videntur.
1872 1924 2075 1980 Sufficit

520 2029 574 2074 ut
601 2021 794 2075 divitiae
825 2036 924 2075 non
966 2020 1083 2075 illos
1110 2004 1361 2089 perdant;
1407 2028 1464 2072 ut
1503 2033 1607 2073 non
1646 2017 1819 2072 obsint
1846 2025 1927 2071 sat
1953 2026 2072 2073 est:

514 2127 638 2169 nam
667 2099 915 2182 prodesse
942 2112 1070 2166 nihil
1101 2119 1339 2181 possunt.
1382 2110 1546 2165 Plane
1574 2108 1788 2179 prodest
1811 2124 1942 2177 opus
1971 2109 2075 2163 mi—

516 2204 816 2259 sericordia:
841 2205 973 2259 etin
1020 2204 1178 2258 divite
1219 2212 1272 2258 et
1313 2203 1364 2257 iu
1407 2216 1675 2271 paupere:
1708 2202 1761 2255 in
1808 2200 1968 2255 divite
2007 2216 2074 2254 ex

516 2296 786 2351 voluntate
804 2304 856 2350 et
875 2310 1058 2364 opere,
1090 2295 1140 2349 in
1171 2309 1398 2363 paupere
1418 2309 1481 2348 ex
1502 2294 1614 2349 sola
1639 2293 1922 2347 voluntate.
1939 2292 2071 2346 Cum

517 2400 644 2454 ergo
674 2385 790 2439 talis
817 2394 897 2439 est
936 2392 1278 2440 contemnens
1320 2384 1373 2439 in
1418 2399 1476 2439 se
1512 2383 1764 2454 quidquid
1810 2391 1893 2438 est
1935 2382 2074 2438 unde

516 2475 759 2545 superbia
801 2476 936 2531 solet
977 2460 1185 2540 inﬂari,
1235 2489 1432 2544 pauper
1469 2475 1562 2528 Dei
1604 2483 1720 2528 est:
1745 2474 1959 2527 inclinat
2000 2474 2073 2528 illi

515 2579 696 2619 aurem
739 2579 921 2631 suam,
968 2567 1113 2619 novit
1155 2565 1295 2619 enim
1345 2563 1749 2620 contribulatum
1797 2579 1889 2619 cor
1936 2564 2070 2634 ejus.

516 2656 691 2722 Certe,
733 2657 954 2722 fratres,
986 2657 1072 2711 ille
1102 2671 1301 2726 pauper
1329 2665 1449 2709 ante
1484 2654 1696 2724 januam
1726 2654 1900 2709 divitis
1929 2655 2070 2710 ulce-

515 2762 666 2802 rosus
706 2747 795 2816 qui
830 2747 1037 2817 jacebat
1060 2788 1073 2811 ,
1117 2747 1184 2801 ab
1221 2747 1433 2816 Angelis
1466 2746 1669 2800 ablatus
1694 2757 1775 2800 est
1814 2747 1866 2800 in
1901 2746 2073 2800 sinum

514 2838 742 2893 Abrahze
761 2880 775 2903 ,
804 2837 881 2893 sic
906 2837 1162 2908 legimus,
1192 2837 1269 2891 sic
1294 2836 1591 2891 credimus:
1615 2836 1761 2891 dives
1784 2846 1958 2891 autem
1985 2836 2074 2893 ille

514 2929 602 2999 qui
634 2930 949 2985 induebatur
976 2944 1202 3000 purpura
1234 2937 1287 2983 et
1314 2928 1473 2998 bysso
1491 2969 1508 2994 ,
1536 2936 1587 2982 et
1614 2926 1918 2997 epulabatur
1942 2943 2075 2996 quo-

518 3023 645 3078 tidie
680 3021 980 3093 splendide,
1026 3021 1229 3087 ablatus
1272 3028 1354 3076 est
1392 3020 1457 3074 ad
1501 3018 1696 3074 inferos
1719 3018 1784 3073 ad
1815 3027 2072 3075 tormenta

520 3114 666 3183 (Luc.
700 3131 791 3169 xvr
814 3156 830 3181 ,
877 3111 1081 3183 19-26).
1104 3111 1363 3181 Numquid
1387 3126 1512 3165 vere
1538 3110 1625 3164 ille
1664 3125 1860 3180 pauper
1884 3111 2074 3165 merito

514 3206 659 3261 illius
683 3206 872 3275 inopiae
899 3187 1104 3259 ablatus
1131 3211 1211 3257 est
1239 3203 1307 3257 ab
1334 3202 1584 3271 Angelis;
1614 3200 1760 3255 dives
1784 3209 1958 3255 autem
1987 3201 2073 3256 ille

518 3306 735 3364 peccato
763 3294 1059 3349 divitiarum
1096 3307 1309 3346 suarum
1337 3291 1402 3346 ad
1434 3298 1694 3345 tormenta
1723 3291 1913 3346 missus
1951 3291 2074 3346 est?

517 3387 574 3440 lu
607 3386 697 3440 illo
724 3400 950 3456 paupere
980 3383 1247 3437 humilitas
1283 3381 1590 3452 intelligitur
1618 3381 1989 3450 honorificata,
2019 3384 2074 3437 in

519 3479 610 3532 illo
638 3478 795 3532 divite
819 3476 1063 3545 superbia
1087 3474 1352 3542 damnata.
1374 3473 1613 3527 Breviter
1637 3471 1800 3542 probo
1824 3472 1942 3542 quia
1966 3487 2072 3526 non

517 3568 732 3633 divitim,
765 3566 856 3621 sed
883 3565 1123 3635 superbia
1156 3566 1205 3618 in
1236 3565 1323 3617 illo
1350 3563 1509 3618 divite
1536 3562 1884 3617 cruciabatur.
1915 3562 2075 3618 Certe

518 3660 606 3714 ille
635 3675 831 3743 pauper
873 3658 926 3713 in
964 3659 1134 3711 sinum
1174 3656 1401 3711 Abrahae
1447 3655 1681 3709 sublatus
1719 3654 1924 3709 estzde
1961 3656 2074 3724 ipso

517 3750 781 3805 Abraham
819 3750 943 3804 dicit
983 3748 1249 3818 Scriptura
1288 3746 1409 3817 quia
1435 3745 1658 3800 habebat
1683 3744 1768 3800 hic
1796 3744 2072 3813 plurimum

518 3843 631 3898 auri
656 3851 709 3897 et
733 3842 955 3912 argenti,
986 3850 1039 3896 et
1060 3840 1207 3895 dives
1233 3839 1327 3892 fuit
1351 3839 1401 3891 in
1432 3847 1569 3892 terra
1596 3835 1744 3908 (Gen.
1769 3851 1881 3902 xm,
1909 3834 1987 3907 2).
2015 3835 2072 3891 Si

517 3936 606 4006 qui
632 3935 777 3989 dives
805 3944 918 4000 est,
964 3933 1026 3988 ad
1058 3940 1317 3987 tormenta
1357 3930 1587 3999 rapitur;
1615 3927 1878 3998 quomodo
1903 3928 2077 3983 Abra-

518 4025 640 4079 ham
687 4032 1023 4094 praecesserat
1062 4037 1374 4093 pauperem,
1426 4029 1482 4073 ut
1532 4019 1760 4073 ablatum
1808 4019 1858 4072 in
1904 4020 2074 4073 sinum

519 4133 670 4172 suum
700 4115 1029 4186 susciperet?
1057 4114 1161 4187 Sed
1192 4123 1305 4168 erat
1346 4110 1608 4166 Abraham
1649 4110 1700 4163 in
1728 4110 1922 4163 divitiis
1951 4125 2079 4179 pau-

519 4224 631 4278 per,
664 4208 898 4271 humilis,
929 4216 1161 4261 trcmcns
1182 4204 1358 4259 omnia
1383 4210 1663 4273 prmcepta,
1691 4208 1745 4254 et
1767 4199 2073 4254 obaudiens.

520 4297 695 4366 Usque
722 4296 854 4350 adeo
882 4304 1057 4349 autem
1094 4309 1187 4362 pro
1219 4294 1385 4347 nihilo
1417 4291 1640 4345 habebat
1678 4290 1793 4343 illas
1830 4288 2036 4344 divitias
2056 4331 2074 4357 ,

521 4397 579 4442 ut
599 4388 774 4457 jussus
800 4401 828 4439 a
858 4386 1079 4441 Domino
1111 4385 1274 4439 ﬁlium
1301 4399 1453 4438 suum
1481 4380 1774 4436 immolaret
1799 4379 1917 4450 (Id.
1946 4395 2074 4448 xm,

522 4480 646 4549 l0),
692 4480 773 4533 cui
804 4478 1046 4533 servabat
1085 4477 1310 4532 divitias.
1340 4475 1534 4530 Discite
1568 4489 1692 4543 ergo
1727 4488 1846 4528 esse
1891 4473 2078 4542 inopes

521 4585 574 4627 et
603 4585 890 4641 pauperes;
920 4571 1030 4626 sive
1056 4571 1144 4640 qui
1187 4569 1395 4623 habetis
1433 4565 1627 4636 aliquid
1657 4566 1706 4618 in
1732 4565 1834 4619 isto
1858 4566 2073 4634 saeculo,

520 4666 630 4720 sive
656 4666 743 4735 qui
783 4680 887 4718 non
928 4663 1149 4718 habetis.
1190 4662 1320 4717 Nam
1359 4669 1413 4715 et
1458 4660 1721 4713 hominem
1777 4658 2077 4713 mendicum

522 4760 722 4814 invenis
749 4758 1161 4827 superbientem,
1191 4765 1244 4810 et
1270 4755 1538 4809 hominem
1565 4753 1843 4807 habentem
1870 4750 2077 4805 divitias

521 4850 724 4907 invenis
753 4848 1114 4903 conﬁtentem.
1144 4845 1361 4900 Resistit
1392 4844 1532 4897 Deus
1559 4840 1818 4911 superbis,
1847 4849 1901 4893 et
1927 4839 2081 4894 holo-

520 4940 760 4998 sericatis
801 4947 856 4995 et
900 4934 1495 5008 pannosis:humilibus
1540 4942 1716 4986 autem
1744 4929 1833 4984 dat
1858 4929 2076 4999 gratiam

523 5031 723 5102 (Jacobi
766 5045 839 5092 tv,
887 5029 964 5099 6),
1010 5038 1062 5083 et
1106 5024 1419 5081 habentibus
1465 5024 1692 5092 aliquam
1735 5022 2079 5076 substantiam

522 5124 677 5193 hujus
698 5122 874 5177 saeculi
895 5127 950 5176 et
971 5134 1074 5173 non
1102 5116 1438 5172 habentibus.
1467 5115 1687 5169 Interior
1711 5114 1975 5182 inspector
1998 5122 2080 5167 est

523 5215 695 5278 Deus;
725 5213 794 5267 ibi
819 5209 1095 5281 appendit,
1142 5207 1211 5262 ibi
1254 5206 1516 5261 examinat
1542 5221 1554 5257 :
1580 5211 1827 5257 stateram
1855 5203 1947 5257 Dei
1975 5217 2080 5256 non

525 5303 700 5367 vides;
747 5301 992 5372 cogitatio
1038 5309 1124 5352 tua
1168 5297 1218 5350 in
1264 5296 1404 5348 illam
1451 5293 1672 5347 levatur.
1726 5290 1911 5345 Videte
1959 5292 2079 5359 quia

526 5390 770 5443 meritum
813 5386 1162 5445 exauditionis
1188 5399 1295 5439 suae
1314 5425 1327 5448 ,
1361 5382 1411 5436 id
1436 5390 1517 5436 est
1535 5423 1548 5447 ,
1580 5395 1686 5450 quo
1710 5378 2077 5444 exaudiretur,

525 5480 577 5535 in
604 5495 669 5536 eo
697 5482 870 5549 posuit
907 5491 966 5536 ut
1002 5480 1223 5544 diceret,
1263 5475 1512 5543 Quoniam
1540 5488 1721 5545 egenus
1756 5482 1801 5526 et
1824 5473 1968 5541 inops
1993 5486 2081 5541 ego

525 5589 655 5628 sum.
691 5572 923 5627 Observa
957 5589 1024 5628 ne
1059 5587 1162 5626 non
1189 5571 1261 5625 sis
1289 5581 1485 5638 egenus
1508 5575 1562 5621 et
1587 5567 1737 5634 inops
1761 5582 1772 5616 τ
1796 5566 1837 5618 si
1870 5577 1971 5619 non
2001 5562 2081 5616 fu-

585 5709 604 5743 ί
631 5707 703 5759 sic
724 5706 901 5770 aliquot
918 5713 1023 5756 Mss.
1050 5705 1158 5754 Edd.
1188 5716 1318 5762 vero,
1340 5708 1421 5752 aut
1447 5715 1553 5751 cum
1577 5699 1759 5750 lucrum

1729 267 1784 322 s.
1825 262 2185 322 AUGUSTlNl
2224 264 2522 323 EPISCOPl
3171 334 3177 341 Ι

2164 380 2320 445 λρτίε,
2348 394 2454 433 non
2478 377 2791 434 exaudiaris.
2823 378 3083 451 Quidquid
3108 389 3187 435 εει
3214 379 3355 437 circa
3385 389 3435 437 te
3470 380 3556 437 vel
3592 381 3646 436 in
3686 389 3737 437 te

3602 267 3734 325 1084

2178 469 2316 524 unde
2345 470 2513 538 possis
2536 484 2874 540 praesumere,
2902 470 3069 540 abjice
3095 485 3126 524 a
3150 478 3234 536 te;
3261 477 3368 525 tota
3393 473 3740 541 praesumptio

2177 570 2265 613 tua
2298 559 2434 616 Deus
2457 560 2528 615 sit
2555 578 2567 613 ε
2598 561 2740 615 illius
2767 560 3004 631 indigens
3030 572 3168 628 esto,
3213 569 3271 616 ut
3300 562 3413 632 ipso
3443 563 3739 633 implearis.

2177 650 2438 721 Quidquid
2458 652 2599 708 enim
2623 652 2764 707 aliud
2793 652 3039 709 habueris
3064 655 3178 710 sine
3206 653 3341 724 ipso,
3374 652 3531 709 latius
3563 653 3740 710 inanis

2177 758 2255 798 es.

2247 836 2299 889 ι.
2328 834 2475 907 [uers.
2501 835 2582 909 2.]
2610 835 2811 890 Custodi
2835 838 3054 891 animam
3072 852 3253 902 meam,
3276 838 3507 911 quoniam
3532 846 3736 894 sanctus

2175 943 2308 981 sum.
2340 928 2450 982 Hoc
2478 943 2624 995 vero,
2652 929 2886 999 quoniam
2926 938 3125 983 sanctus
3165 946 3294 996 sum,
3338 931 3515 985 nescio
3556 941 3730 984 utrum

2178 1020 2409 1089 potuerit
2431 1018 2565 1075 forte
2595 1020 2728 1075 alius
2751 1018 2930 1075 dicere
2948 1061 2964 1085 ,
2993 1020 3093 1074 nisi
3116 1019 3220 1109 (ille
3256 1019 3344 1091 qui
3373 1021 3487 1075 sine
3518 1029 3736 1089 peccato

2178 1121 2289 1173 erat
2315 1112 2368 1166 in
2397 1110 2497 1166 hoc
2525 1110 2749 1176 mundo;
2798 1118 3128 1180 peccatorum
3172 1111 3408 1164 omnium
3448 1125 3552 1163 non
3590 1124 3735 1164 com-

2178 1204 2387 1269 missor,
2428 1203 2521 1259 sed
2568 1202 2834 1258 dimissor.
2868 1203 3217 1272 Agnoscimus
3255 1217 3442 1257 vocem
3471 1201 3695 1257 dicentis
3718 1243 3735 1270 ,

2181 1294 2427 1360 Quoniam
2450 1304 2653 1349 sanctus
2688 1310 2798 1347 sum
2816 1336 2832 1361 ,
2881 1294 3077 1347 custodi
3105 1295 3322 1347 animum
3350 1309 3508 1346 meam
3525 1309 3545 1346 :
3563 1293 3739 1363 utique

2177 1385 2229 1438 in
2256 1383 2535 1439 illaforma
2557 1384 2716 1449 servi,
2739 1399 2899 1454 quam
2922 1391 3295 1453 assumpserat.
3326 1382 3397 1437 lbi
3425 1386 3562 1436 enim
3591 1397 3736 1449 caro,

2178 1475 2247 1528 ibi
2271 1484 2324 1529 et
2348 1475 2540 1530 anima.
2568 1475 2747 1546 Neque
2774 1477 2914 1530 enim
2939 1517 2953 1540 ,
3002 1484 3061 1529 ut
3088 1474 3323 1529 nonnulli
3364 1475 3609 1529 dixerunt
3641 1476 3735 1544 (α),

2177 1581 2303 1622 caro
2329 1568 2439 1622 sola
2468 1575 2582 1623 erat
2609 1575 2663 1622 et
2690 1567 2947 1633 Verbum;
2981 1566 3074 1621 sed
3104 1575 3157 1621 et
3184 1582 3337 1632 caro,
3367 1576 3422 1620 et
3447 1567 3621 1620 anima
3642 1608 3655 1630 ,
3687 1577 3740 1622 et

2177 1660 2406 1719 Verbum
2432 1680 2445 1714 :
2468 1670 2521 1715 et
2542 1669 2706 1715 totum
2730 1660 2831 1715 hoc
2851 1674 2985 1714 unus
3003 1659 3166 1713 Filius
3182 1641 3298 1722 Dei,
3322 1673 3457 1712 unus
3476 1657 3736 1724 Christus,

2177 1767 2309 1806 unus
2335 1751 2601 1817 Salvator;
2645 1752 2698 1806 in
2726 1751 2893 1806 forma
2922 1752 3013 1807 Dei
3044 1751 3258 1821 aequalis
3284 1749 3456 1816 Patri,
3486 1750 3536 1805 in
3567 1748 3736 1805 forma

2176 1845 2312 1898 servi
2327 1852 2483 1915 caput
2501 1844 2770 1899 Ecclesiae.
2789 1842 2949 1913 Ergo,
2970 1842 3217 1909 Quoniam
3241 1851 3440 1896 sanctus
3460 1858 3589 1908 sum,
3616 1857 3736 1896 cum

2175 1934 2351 2001 audio,
2394 1949 2574 1990 vocem
2616 1934 2729 2002 ejus
2758 1947 3019 2003 agnosco;
3052 1941 3104 1987 et
3146 1931 3230 1986 hic
3274 1946 3460 2001 separo
3490 1947 3658 1985 meam
3684 1933 3740 1986 ‘2'

2176 2024 2332 2080 Certe
2357 2025 2771 2100 inseparabiliter
2796 2039 2827 2078 a
2852 2039 3075 2096 corpore
3101 2039 3197 2078 suo
3222 2024 3477 2093 loquitur,
3511 2040 3632 2079 cum
3660 2025 3739 2081 sic

2177 2115 2426 2186 loquitur.
2450 2116 2518 2171 Et
2537 2115 2742 2171 audebo
2761 2129 2859 2185 ego
2883 2115 3080 2178 dicere,
3100 2114 3350 2181 Quoniam
3370 2125 3571 2169 sanctus
3591 2117 3740 2170 sum?

2178 2208 2232 2262 Si
2273 2217 2484 2264 sanctus
2527 2216 2773 2278 tanquam
2813 2206 3174 2271 sanctificans,
3223 2215 3275 2261 et
3317 2206 3461 2262 nullo
3502 2208 3741 2262 sanctifi-

2177 2308 2329 2354 cante
2372 2298 2644 2368 indigens;
2688 2297 2947 2367 superbus
2972 2305 3027 2352 et
3052 2296 3277 2351 mendax
3302 2314 3314 2348 :
3338 2297 3381 2351 si
3409 2305 3582 2351 autem
3612 2312 3738 2352 san-

2177 2398 2291 2443 ctus
2336 2389 2723 2453 sanctilicatus,
2775 2386 3063 2443 secundum
3111 2386 3162 2440 id
3209 2386 3346 2456 quod
3394 2386 3589 2441 dictum
3636 2397 3737 2455 est,

2180 2480 2359 2535 Sancti
2386 2488 2533 2534 estote
2558 2521 2573 2545 ,
2609 2481 2729 2550 quia
2756 2489 2803 2533 et
2826 2496 2915 2550 ego
2939 2488 3136 2534 sanctus
3160 2496 3269 2533 sum
3302 2477 3479 2550 (Leuit.
3511 2496 3621 2547 χιχ,
3650 2479 3739 2551 2);

2177 2574 2365 2628 audeat
2388 2583 2443 2629 et
2466 2588 2658 2641 corpus
2704 2571 2934 2637 Christi,
2975 2572 3165 2627 audeat
3201 2580 3255 2626 et
3295 2586 3433 2624 unus
3469 2571 3557 2625 ille
3583 2570 3740 2626 homo

2176 2664 2408 2718 clamans
2436 2678 2466 2716 a
2494 2662 2688 2717 finibus
2715 2670 2868 2715 terra)
2891 2660 3058 2732 (Psal.
3083 2677 3168 2727 ιιι,
3187 2660 3265 2729 5),
3288 2677 3406 2714 cum
3429 2662 3598 2730 capite
3622 2677 3739 2729 suo,

2177 2766 2230 2811 et
2256 2756 2352 2810 sub
2377 2755 2549 2825 capite
2574 2769 2671 2809 suo
2694 2754 2889 2817 dicere,
2921 2754 3173 2820 Quoniam
3197 2763 3400 2808 sanctus
3417 2770 3549 2806 sum.
3573 2755 3742 2810 Acce—

2176 2846 2253 2914 pit
2299 2846 2438 2900 enim
2487 2845 2704 2915 gratiam
2752 2844 3075 2906 sanctitatis.
3119 2850 3338 2913 gratiam
3386 2843 3635 2913 Baptismi
3686 2853 3745 2911 et

2177 2936 2503 2992 remissionis
2544 2946 2899 3006 peccatorum.
2952 2934 3014 2988 Et
3054 2934 3159 2988 haec
3205 2935 3403 3004 quidem
3443 2936 3638 3006 fuistis,
3669 2937 3743 2993 ait

2175 3026 2478 3096 Apostolus,
2507 3040 2821 3080 enumerans
2849 3025 3356 3095 multalpeccatapet
3384 3024 3514 3079 levia
3540 3035 3589 3079 et
3616 3040 3741 3095 gra-

2176 3118 2257 3172 via
2278 3159 2292 3183 ,
2335 3126 2391 3173 et
2426 3117 2612 3172 usitata
2653 3124 2708 3171 et
2745 3115 3014 3170 horribilia
3042 3133 3055 3169 :
3083 3114 3151 3168 Et
3179 3117 3284 3169 haec
3308 3112 3503 3184 quidem
3538 3115 3741 3183 fuistis;

2176 3208 2265 3263 sed
2286 3205 2443 3261 abluti
2468 3206 2584 3261 estis
2605 3248 2619 3273 ,
2647 3206 2737 3261 sed
2759 3206 3051 3274 sanctiﬁcati
3079 3206 3192 3258 estis
3222 3203 3262 3270 (Ι
3293 3203 3407 3258 Cor.
3442 3218 3512 3266 v1,
3546 3200 3654 3273 il).
3685 3203 3744 3259 Si

2175 3304 2303 3369 ergo
2318 3297 2667 3354 sanctiﬁcatos
2686 3286 2843 3364 dicit,
2858 3296 2998 3351 dicat
3021 3305 3074 3350 et
3101 3295 3455 3363 unusquisque
3482 3292 3741 3358 fidelium,

2178 3392 2395 3446 Sanctus
2413 3407 2544 3444 sum.
2570 3389 2683 3444 Non
2708 3397 2790 3443 est
2814 3388 2909 3442 ista
2931 3386 3171 3456 superbia
3201 3385 3341 3447 elati,
3366 3383 3458 3438 sed
3479 3385 3744 3438 confessio

2177 3497 2281 3536 non
2324 3481 2531 3549 ingrati.
2574 3479 2630 3535 Si
2671 3480 2811 3534 enim
2849 3477 3044 3532 dixeris
3070 3485 3119 3530 te
3148 3491 3213 3531 ex
3243 3485 3291 3530 te
3316 3490 3434 3530 esse
3462 3486 3699 3529 sanctum
3725 3518 3741 3543 ,

2177 3574 2434 3644 superbus
2455 3588 2514 3627 es
2538 3592 2550 3626 :
2572 3586 2774 3637 rursus,
2805 3570 2972 3625 ﬁdelis
3002 3571 3051 3624 in
3081 3562 3289 3623 Christo
3310 3610 3325 3633 ,
3371 3576 3426 3623 et
3451 3570 3744 3624 membrum

2176 3665 2405 3730 Christi,
2440 3664 2485 3718 si
2514 3673 2564 3717 te
2592 3664 2786 3717 dixeris
2815 3677 2919 3716 non
2946 3676 3063 3717 esse
3092 3668 3329 3714 sanctum
3355 3700 3369 3725 ,
3402 3660 3634 3729 ingratus
3661 3676 3741 3715 es.

2178 3758 2418 3825 Arguens
2456 3755 2597 3810 enim
2636 3752 2932 3822 superbiam
2975 3750 3277 3821 Apostolus,
3329 3764 3432 3803 non
3472 3750 3582 3814 ait,
3625 3749 3743 3804 Non

2180 3846 2373 3909 habes;
2414 3844 2505 3899 sed
2550 3844 2651 3909 ait,
2686 3842 2820 3909 Quid
2858 3841 2989 3894 enim
3024 3840 3171 3893 habes
3204 3839 3340 3908 quod
3381 3854 3477 3891 non
3511 3840 3744 3909 accepisti

2181 3936 2288 4007 (Id.
2330 3951 2405 4001 tv,
2428 3936 2519 4006 7)?
2543 3934 2657 3988 Non
2698 3930 3023 4004 arguebaris,
3051 3930 3168 4000 quia
3211 3928 3422 3983 dicebas
3453 3936 3503 3982 te
3548 3927 3746 3985 habere

2179 4028 2318 4099 quod
2367 4029 2505 4082 non'
2532 4026 2727 4092 habes;
2759 4024 2850 4081 sed
2880 4023 2998 4094 quia
3040 4038 3104 4077 ex
3145 4033 3197 4076 te
3237 4021 3328 4076 tibi
3374 4019 3587 4075 volebas
3624 4035 3744 4076 esse

2179 4098 2320 4190 quod
2346 4118 2526 4172 habes.
2555 4117 2664 4169 lmo
2692 4126 2745 4170 et
2771 4115 2965 4169 habere
2991 4122 3041 4168 te
3066 4098 3323 4182 agnosce,
3364 4119 3417 4166 et
3445 4126 3508 4167 ex
3535 4119 3585 4165 te
3610 4111 3745 4167 nihil

2183 4210 2398 4273 habere,
2427 4217 2482 4262 ut
2526 4222 2624 4260 nec
2651 4205 2907 4274 superbus
2935 4204 3027 4269 sis,
3073 4216 3172 4255 nec
3214 4202 3471 4270 ingratus.
3516 4199 3609 4254 Dic
3638 4200 3744 4256 Deo

2183 4312 2271 4358 tuo
2295 4319 2308 4354 :
2331 4301 2557 4356 Sanctus
2585 4312 2717 4362 sum,
2741 4296 2861 4365 quia
2887 4276 3223 4347 sanctificasti
3250 4306 3367 4355 me;
3396 4292 3516 4360 quia
3542 4291 3739 4362 accepi,

2181 4411 2287 4451 non
2312 4394 2431 4465 quia
2457 4388 2643 4454 habui;
2675 4389 2792 4457 quia
2818 4396 2874 4440 tu
2902 4384 3112 4448 dedisti,
3140 4398 3245 4437 non
3270 4382 3387 4451 quia
3418 4396 3516 4452 ego
3546 4384 3733 4436 merui.
3763 4393 3769 4399 '

2180 4485 2386 4542 Etenim
2417 4498 2485 4538 ex
2511 4481 2613 4536 alio
2642 4480 2807 4534 latere
2837 4476 3021 4545 incipis
3049 4474 3288 4544 injuriam
3319 4472 3491 4527 facere
3514 4471 3610 4542 ipsi
3639 4474 3745 4528 Do-

2182 4581 2325 4635 mino
2349 4585 2531 4632 nostro
2566 4574 2693 4629 Iesu
2717 4570 2951 4626 Christo.
2995 4569 3049 4622 Si
3084 4566 3224 4622 enim
3249 4565 3529 4620 Christiani
3558 4580 3747 4621 omnes

2181 4679 2236 4727 et
2259 4668 2445 4724 fideles
2468 4676 2521 4720 et
2561 4662 2804 4733 baptizati
2844 4661 2897 4714 in
2936 4659 3025 4713 illo
3054 4660 3222 4726 ipsum
3262 4655 3574 4717 induerunt,
3606 4654 3748 4709 sicut

2180 4761 2464 4833 Apostolus
2501 4758 2659 4822 dicit,
2712 4755 2960 4824 Quotquot
2996 4752 3048 4804 in
3088 4749 3284 4805 Christo
3325 4747 3560 4817 baptizati
3590 4748 3742 4813 estis,

2182 4856 2433 4910 Christum
2479 4851 2708 4905 induistis
2749 4846 2939 4918 (Colat.
2987 4860 3075 4909 ut,
3103 4842 3224 4914 27);
3273 4842 3317 4895 si
3346 4836 3585 4895 membra
3621 4849 3748 4896 sunt

2181 4944 2308 4999 facti
2342 4938 2579 5012 corporis
2617 4939 2768 5007 ejus,
2806 4945 2860 4990 et
2900 4934 3083 4988 dicunt
3123 4947 3182 4987 se
3225 4940 3403 4986 sancta
3446 4943 3551 4983 non
3594 4944 3745 4997 esse,

2182 5036 2339 5106 capiti
2380 5034 2478 5104 ipsi
2525 5031 2721 5085 faciunt
2768 5027 3045 5098 injuriam,
3090 5024 3240 5094 cujus
3284 5021 3517 5076 membra
3564 5029 3747 5076 sancta

2183 5143 2288 5183 non
2317 5124 2495 5181 sunt’.
2524 5122 2640 5178 Jam
2670 5120 2786 5175 vide
2815 5119 2901 5173 ubi
2930 5118 3030 5184 sis,
3074 5125 3129 5171 et
3160 5116 3227 5169 de
3254 5113 3425 5182 capite
3455 5122 3545 5167 tuo
3574 5112 3748 5181 digni-

2184 5228 2342 5274 tatem
2370 5229 2518 5284 cape.
2548 5211 2753 5266 Etenim
2779 5224 2898 5264 eras
2926 5208 2979 5261 in
3018 5206 3280 5270 tenebris,
3310 5220 3443 5257 nunc
3466 5214 3627 5256 autem
3659 5200 3751 5255 lux

2185 5310 2237 5364 in
2265 5308 2497 5362 Domino.
2528 5302 2741 5368 Fuistis,
2771 5299 2958 5370 inquit,
2986 5296 3256 5368 aliquando
3290 5294 3499 5349 tenebrat
3526 5290 3748 5363 (Ephes.

2253 5505 2269 5536 ¹
2296 5501 2615 5563 negiusttss,
2649 5506 2909 5563 separante
2922 5491 2981 5542 ab
3002 5490 3097 5563 ea?
3183 5553 3196 5563 _
3345 5557 3399 5563 ,μ
3424 5540 3511 5563 ψ,

2253 5566 2273 5596 ²
2294 5553 2538 5619 ιιειῆἱειιιει,
2561 5553 2671 5619 non.
2686 5553 2825 5607 abest
2846 5568 2875 5604 a
2890 5557 3073 5617 Remig.
3096 5553 3259 5616 probae
3282 5557 3406 5619 noue
3422 5553 3504 5619 bis.

2255 5628 2275 5657 ³
2296 5627 2366 5672 Sic
2390 5629 2461 5669 Er.
2488 5616 2536 5670 et
2552 5618 2780 5669 meliores
2798 5625 2905 5668 MSS.
2929 5624 2984 5668 At
3002 5616 3132 5678 Low,
3158 5618 3319 5664 sancta
3340 5616 3465 5661 sunt.

2252 5688 2324 5748 (η)
2352 5679 2703 5745 Apollinaristte.
3393 5694 3396 5698 λ
