4024 6210
254 325 376 379 1085

250 453 294 490 γ.
327 438 407 500 8);
445 433 536 488 sed
582 433 839 505 numquid
892 434 1116 489 tenebrae
1164 437 1538 489 remansistis?
1583 437 1661 490 Ad
1707 437 1806 491 hoe

250 529 552 582 illuminator
579 528 759 592 venit,
805 535 861 581 ut
890 538 942 581 et
969 526 1198 580 tenebras
1243 529 1588 582 remaneretis
1613 571 1626 592 ,
1659 544 1722 580 an
1753 540 1808 583 ut

249 623 296 674 in
340 621 422 674 illo
459 620 545 673 lux
585 621 824 675 fieretis?
855 622 992 691 Ergo
1017 621 1161 675 dicat
1186 631 1240 675 et
1269 624 1625 691 unusquisque
1667 623 1808 675 chri-

247 711 463 775 stianos,
513 710 622 763 imo
670 710 813 764 dicat
863 721 1030 766 totum
1081 726 1273 780 corpus
1329 712 1562 773 Christi,
1615 713 1808 764 clamet

246 803 426 870 ubique
452 803 660 867 patiens
689 801 1054 855 tribulationes
1079 844 1093 866 ,
1143 801 1385 855 diversas
1415 802 1730 856 tentationes
1757 809 1811 856 et

246 893 479 948 scandala
508 892 944 955 innumerabilia;
964 893 1122 957 dicat,
1152 892 1362 946 Custodi
1386 894 1605 946 animam
1625 909 1805 956 meam,

245 984 470 1052 quoniam
507 992 711 1035 sanctus
759 999 871 1036 sunt
893 999 910 1035 :
931 985 1122 1036 salvum
1149 985 1230 1050 {ac
1259 999 1452 1036 servum
1482 995 1640 1045 tuum,
1676 983 1810 1035 Deus

247 1091 389 1136 meus,
420 1083 704 1142 sperantem
733 1074 785 1126 in
828 1083 891 1126 te.
925 1074 1063 1128 Ecce
1104 1076 1193 1130 ille
1238 1084 1450 1129 sanctus
1475 1090 1579 1127 non
1607 1083 1690 1129 est
1717 1090 1809 1128 su-

248 1164 452 1231 perbus,
484 1163 604 1231 quia
637 1171 815 1232 sperat
839 1164 888 1216 in
921 1164 1160 1218 Domino.
1633 1232 1636 1234 _

306 1253 364 1305 5.
393 1249 539 1323 [vers.
575 1251 653 1322 5.]
686 1251 922 1306 Miserere
950 1256 1064 1317 mei,
1109 1253 1321 1308 Domine
1341 1296 1355 1316 ,
1397 1257 1632 1324 quoniam
1661 1256 1728 1307 ad
1768 1267 1812 1309 te

230 1345 447 1403 ,clamavi
480 1353 583 1396 tota
612 1345 694 1397 die
713 1361 732 1397 :
749 1360 849 1398 non
876 1361 974 1398 una
1001 1345 1107 1400 die.
1133 1346 1257 1400 Tota
1282 1346 1381 1408 die,
1407 1349 1546 1400 omni
1577 1356 1812 1416 tempore

250 1435 472 1503 intellige
497 1454 509 1489 :
534 1451 598 1489 ex
629 1451 735 1505 quo
760 1452 950 1504 corpus
987 1436 1180 1497 Christi
1208 1439 1371 1507 gemit
1411 1439 1462 1491 in
1514 1441 1771 1507 prcssuris
1795 1483 1808 1505 ,

249 1542 404 1596 [ISqlle
430 1527 479 1579 in
506 1525 666 1581 linem
694 1528 871 1581 steculi
899 1544 1002 1596 quo
1027 1538 1295 1583 transeunt
1316 1545 1575 1598 pressurae
1597 1573 1610 1595 ,
1653 1533 1814 1600 gemit

250 1617 337 1670 iste
383 1618 570 1680 homo,
600 1625 655 1670 et
691 1617 884 1670 clamat
926 1619 989 1671 ad
1022 1618 1215 1684 Deum;
1259 1630 1310 1672 et
1336 1621 1690 1689 unusquisque
1721 1636 1814 1676 no-

249 1716 405 1760 struat
434 1707 776 1776 proportione
806 1708 963 1762 habet
999 1709 1282 1763 clamorem
1314 1726 1466 1764 suum
1496 1711 1547 1764 in
1578 1720 1685 1764 toto
1712 1712 1814 1788 isto

250 1813 481 1864 corpore.
512 1798 766 1852 Clamasti
795 1809 848 1851 tu
889 1799 1072 1853 diebus
1102 1801 1230 1865 tuis,
1273 1810 1324 1854 et
1355 1802 1673 1855 transierunt
1700 1802 1814 1856 dies

252 1893 346 1953 tui;
377 1891 627 1944 successit
653 1891 744 1945 tibi
773 1891 925 1957 alius,
949 1903 1001 1946 et
1026 1893 1272 1947 clamavit
1301 1893 1487 1948 diebus
1513 1895 1654 1960 suis;
1685 1903 1738 1949 et
1759 1904 1811 1948 tu

250 1981 350 2043 hic,
382 1981 465 2034 ille
495 1980 585 2045 ibi,
617 1982 708 2042 ille
733 1981 860 2036 alibi
886 2000 898 2035 :
929 1997 1119 2052 corpus
1139 1983 1334 2038 Christi
1361 1993 1465 2039 tota
1489 1985 1574 2039 die
1596 1987 1810 2052 clamat,

249 2071 340 2124 sibi
384 2070 761 2126 decedentibus
802 2082 856 2127 et
898 2073 1304 2129 succedentibus
1348 2075 1618 2128 membris.
1669 2075 1816 2130 Unus

253 2160 398 2212 homo
428 2177 595 2230 usque
623 2163 675 2215 in
706 2162 862 2216 finem
890 2165 1066 2218 saeculi
1090 2165 1422 2219 extenditur:
1443 2165 1624 2220 eadem
1649 2182 1814 2220 mem-

252 2253 333 2304 bra
358 2252 549 2305 Christi
591 2253 854 2319 clamant,
886 2262 940 2308 et
965 2253 1206 2324 qumdam
1235 2255 1470 2308 membra
1494 2257 1603 2324 jam
1633 2256 1684 2309 in
1724 2257 1814 2311 illo

249 2347 597 2412 requiescunt,
627 2345 870 2416 qttzcdam
912 2346 1071 2402 modo
1101 2347 1361 2412 clamant,
1411 2347 1649 2416 quardam
1689 2365 1815 2403 vero

250 2453 359 2488 uini
389 2437 484 2505 ipsi
530 2454 626 2491 nos
656 2439 1068 2506 requieverimus
1109 2437 1446 2504 clamabunt,
1490 2447 1543 2492 et
1579 2449 1694 2506 post
1729 2439 1814 2494 illa

250 2528 341 2580 alia
377 2529 702 2582 clamabunt.
751 2529 932 2583 Totius
972 2531 1208 2599 corporis
1248 2531 1440 2599 Christi
1475 2532 1557 2585 hic
1595 2529 1816 2586 attendit

251 2635 445 2685 vocem,
477 2620 735 2675 dicentis:
756 2621 833 2674 Ad
863 2633 908 2676 te
935 2623 1145 2675 clamavi
1174 2632 1277 2674 tota
1319 2623 1417 2676 die.
1445 2613 1614 2692 Caput
1641 2609 1813 2678 autem

250 2720 479 2764 nostrum
527 2711 594 2764 ad
644 2711 912 2766 dexteram
962 2713 1132 2766 Patris
1181 2713 1479 2782 interpellat
1523 2729 1617 2783 pro
1659 2715 1812 2768 nobis

253 2801 414 2867 (Rom.
446 2818 566 2864 vni,
597 2801 688 2872 54)
714 2821 726 2851 :
751 2804 851 2856 alia
882 2804 1117 2858 membra
1146 2804 1359 2872 recipit,
1406 2804 1505 2857 alia
1544 2803 1805 2874 ﬂagellat,

247 2890 342 2942 alia
376 2892 619 2955 mundat,
659 2893 761 2946 alia
791 2895 1125 2958 consolatur,
1154 2895 1253 2947 alia
1296 2905 1459 2958 creat,
1505 2895 1604 2948 alia
1642 2907 1812 2961 vocat,

246 2982 343 3034 alia
359 2993 592 3046 revocat,
616 2984 718 3037 alia
743 2985 974 3054 corrigit,
997 2985 1097 3038 alia
1117 2986 1457 3056 redintegrat.

311 3073 368 3125 6.
393 3071 543 3143 [verm
583 3073 662 3145 4.]
691 3075 928 3128 Iucunda
957 3078 1176 3128 animam
1214 3079 1338 3130 servi
1365 3079 1466 3142 tui;
1492 3079 1728 3147 quoniam
1751 3080 1818 3132 ad

249 3171 323 3226 te,
359 3162 587 3227 Domine,
613 3167 766 3218 levavi
803 3167 1021 3218 animum
1047 3183 1224 3219 meam.
1251 3167 1486 3222 Jucunda
1516 3185 1629 3222 eam
1649 3211 1664 3235 ,
1697 3171 1817 3241 quia

247 3253 408 3307 levavi
424 3254 489 3308 ad
505 3265 561 3308 te
579 3270 712 3309 eam.
738 3256 790 3308 In
811 3265 946 3310 terra
966 3258 1102 3311 enim
1121 3269 1253 3325 erat,
1273 3268 1326 3313 et
1345 3260 1394 3312 in
1414 3269 1550 3313 terra
1569 3262 1818 3315 amaritu-

247 3346 419 3400 dinem
458 3349 856 3403 sentiebat:ne
905 3351 953 3403 in
996 3352 1345 3406 amaritudine
1388 3353 1810 3418 contabesceret,

247 3455 313 3492 ne
355 3455 563 3496 omnem
607 3450 710 3497 tua:
739 3445 922 3513 gratia:
961 3447 1270 3500 suavitatem
1310 3449 1606 3514 amitteret,
1649 3451 1817 3504 levavi

246 3546 363 3584 eam
390 3532 456 3585 ad
489 3542 568 3597 te;
597 3533 827 3602 jucunda
873 3552 987 3589 ram
1032 3537 1168 3604 apud
1213 3547 1282 3592 te.
1316 3538 1470 3593 Solus
1499 3541 1638 3594 enim
1679 3552 1731 3595 tu
1760 3558 1818 3596 es

244 3623 545 3692 jucunditas
581 3645 593 3679 :
625 3628 975 3683 amaritudine
1017 3630 1201 3698 plenus
1244 3640 1327 3684 est
1368 3630 1611 3686 mundus.
1662 3631 1818 3689 Certe

247 3724 390 3768 recte
416 3714 666 3770 admonet
703 3717 937 3771 membra
973 3734 1064 3772 sua
1103 3728 1157 3772 ut
1199 3734 1406 3773 sursum
1448 3734 1540 3774 cor
1571 3720 1812 3775 habeant.

247 3805 475 3858 Audiam
502 3821 650 3875 ergo,
692 3815 742 3860 et
773 3807 995 3872 faciant;
1042 3810 1212 3863 levent
1241 3810 1304 3862 ad
1335 3810 1480 3863 illum
1512 3811 1651 3880 quod
1682 3813 1816 3867 male

247 3908 330 3951 εει
355 3898 403 3952 in
431 3909 592 3953 terra.
620 3899 692 3953 lbi
721 3901 863 3954 enim
895 3917 998 3954 non
1029 3902 1278 3970 putrescit
1305 3916 1416 3963 cor,
1450 3903 1492 3954 si
1524 3903 1724 3956 levetur
1749 3904 1814 3957 ad

248 3988 409 4043 Deum
434 3992 474 4042 ⁸.
516 3991 858 4045 Frumentum
901 3992 944 4045 si
985 3991 1207 4045 haberes
1249 3993 1300 4044 in
1340 3991 1711 4058 inferioribus,
1751 4010 1818 4049 ne

249 4092 596 4149 putresceret,
627 4086 829 4138 levares
858 4084 922 4138 ad
950 4085 1244 4153 superiora.
1271 4083 1564 4139 Frumento
1585 4095 1818 4142 mutares

249 4171 444 4237 locum,
475 4182 525 4226 et
553 4187 646 4227 eor
671 4175 928 4242 permittis
957 4175 1007 4227 in
1035 4184 1168 4228 terra
1198 4175 1533 4242 putrescere?
1563 4174 1819 4230 Frumen-

249 4271 360 4314 tum
400 4261 610 4316 levarcs
654 4263 706 4316 in
753 4265 1059 4333 superiora;
1104 4279 1196 4317 cor
1239 4265 1352 4318 leva
1405 4266 1456 4317 in
1501 4266 1715 4320 cmlum.
1752 4266 1820 4320 Et

251 4351 409 4415 unde,
442 4353 634 4421 inquis,
660 4353 1027 4421 possum?Qui
1058 4353 1226 4417 funes,
1256 4369 1372 4423 qua:
1401 4354 1677 4421 machinae,
1700 4371 1818 4424 qua:

248 4442 404 4495 scalae
429 4456 564 4510 opus
591 4443 742 4498 sunt?
777 4442 1011 4506 Gradus,
1055 4443 1274 4497 allectus
1309 4452 1462 4507 sunt;
1503 4445 1601 4498 iter
1631 4453 1775 4498 tuum
1799 4487 1815 4511 ,

247 4532 493 4585 voluntas
531 4543 615 4586 tua
645 4542 743 4587 est.
785 4534 1027 4588 Amando
1056 4535 1329 4599 ascendis,
1377 4535 1690 4605 negligendo
1727 4536 1820 4591 de-

245 4624 478 4677 scendis.
509 4623 668 4679 Stans
693 4626 743 4678 in
774 4636 945 4691 terra,
977 4627 1026 4678 in
1053 4626 1188 4680 caelo
1213 4641 1301 4688 es,
1341 4626 1385 4679 si
1413 4626 1598 4696 diligas
1624 4628 1812 4681 Deum.

245 4715 362 4769 Non
391 4716 532 4769 enim
563 4719 639 4771 sic
667 4717 870 4772 levatur
893 4733 986 4771 cor
1007 4760 1022 4784 ,
1068 4718 1333 4786 quomodo
1360 4717 1560 4771 levatur
1587 4734 1776 4788 corpus
1800 4737 1813 4772 :

247 4823 437 4876 corpus
470 4819 524 4861 ut
552 4809 774 4872 levetur,
803 4809 976 4862 locum
1003 4817 1200 4872 mutat;
1240 4823 1335 4862 cor
1360 4816 1414 4861 tit
1439 4809 1640 4862 levetur
1663 4851 1677 4872 ,
1723 4825 1815 4864 vo-

248 4904 501 4957 luntatem
529 4911 719 4956 mutat.
756 4903 1004 4969 Quoniam
1033 4901 1098 4954 ad
1140 4912 1185 4954 te
1204 4944 1217 4968 ,
1251 4900 1484 4966 Domine,
1517 4900 1674 4954 levavi
1703 4903 1816 4955 ani-

250 5013 378 5047 nam
405 5011 593 5046 meam.

313 5088 366 5141 7.
393 5087 544 5159 [vers.
576 5083 654 5156 5.]
679 5085 808 5151 Quia
836 5094 908 5151 tu,
929 5083 1158 5146 Domine,
1187 5084 1349 5136 suavis
1370 5099 1420 5136 es
1441 5097 1502 5136 ac
1522 5084 1671 5135 mitis.
1695 5081 1818 5138 ideo

240 5180 495 5248 jucunda.
554 5178 826 5248 Tanquam
878 5177 1034 5231 tzedio
1085 5177 1302 5231 affectus
1348 5191 1414 5231 ex
1464 5175 1818 5231 amaritudine

243 5284 577 5328 torrenorum
601 5272 855 5327 indulcari
881 5272 1063 5335 voluit,
1097 5279 1150 5324 et
1168 5269 1407 5340 quaesivit
1427 5267 1619 5322 fontem
1643 5268 1819 5323 dulce-

241 5365 420 5430 dinis,
473 5375 527 5420 et
565 5366 616 5418 in
661 5375 798 5418 terra
829 5379 931 5419 non
973 5364 1190 5418 invenit.
1227 5362 1565 5431 Quacumque
1591 5363 1730 5415 enim
1761 5377 1818 5416 se

241 5459 503 5524 vertebat,
533 5457 804 5522 scandala,
834 5457 1070 5521 timores,
1095 5454 1473 5518 tribulationes,
1502 5452 1819 5507 tentationes

243 5549 569 5604 inveniebat.
601 5549 654 5602 ln
681 5565 785 5618 quo
817 5547 1028 5601 homine
1069 5546 1357 5600 securitas?
1385 5545 1451 5599 de
1478 5561 1583 5616 quo
1613 5553 1815 5601 certum

307 5707 325 5735 ι
350 5703 540 5767 Aliqth
563 5710 689 5754 uss;
721 5702 789 5752 Ibi
831 5701 955 5758 enim
988 5699 1212 5764 putrescit
1234 5713 1330 5760 cor,
1356 5703 1400 5750 si
1428 5713 1522 5751 non
1553 5700 1726 5751 levetur
1751 5698 1816 5750 ad

250 5772 406 5817 Deum.

1279 323 1666 377 ENARR.\'l'l0
1707 324 1768 376 lN
1811 324 2123 383 PSALMUM
2165 332 2416 388 LXXXV.

3346 345 3485 401 1086

1920 445 2201 509 gaudium?
2241 449 2348 503 Nec
2377 450 2441 505 de
2469 465 2526 506 se
2555 451 2666 522 ipso
2697 455 2906 524 utique;
2952 466 3146 526 quanto
3182 466 3345 530 magis
3365 463 3381 492 ¹
3411 463 3479 515 de
3509 493 3513 496 ~

1915 535 2058 590 alio?
2080 540 2183 592 Aut
2207 542 2329 594 mali
2359 554 2500 607 sunt,
2533 552 2586 598 et
2623 560 2841 600 necesse
2869 556 2950 600 est
2973 563 3065 602 eos
3090 550 3230 618 pati,
3276 561 3329 605 et
3353 565 3479 620 spe-

1917 641 2035 681 rare
2062 630 2179 696 quia
2208 634 2397 686 mutari
2424 645 2673 702 possunt;
2703 647 2793 691 aut
2833 638 2956 692 boni
2985 650 3136 706 sunt,
3177 651 3232 695 et
3267 643 3344 697 sic
3389 659 3483 698 eos

1917 727 2124 785 oportet
2162 720 2377 789 diligere
2397 764 2411 787 ,
2446 733 2501 777 ut
2529 726 2804 781 timeamus
2833 729 2976 796 (quia
3004 740 3223 798 possunt
3262 734 3480 805 mutari)

1917 824 1984 863 ne
2024 811 2143 864 mali
2185 813 2290 865 sint
2315 832 2326 865 :
2353 814 2420 867 ibi
2465 817 2663 871 malitia
2705 834 2886 872 eorum
2917 820 3042 875 facit
3069 825 3478 880 amaritudinem

1918 900 2136 966 animas;
2169 901 2252 955 hic
2281 903 2576 959 sollicitudo
2607 916 2657 960 et
2690 909 2863 974 timor,
2897 926 2962 964 ne
2991 912 3196 966 labatur
3225 915 3314 983 qui
3344 914 3482 971 bene

1916 992 2167 1045 ambulat.
2201 993 2544 1065 Quocumque
2569 1013 2696 1066 ergo
2725 1016 2782 1053 se
2802 1005 3144 1069 converterit,
3179 1006 3228 1059 in
3258 1009 3484 1064 terrenis

1917 1082 2075 1160 rebus
2125 1086 2527 1141 amaritudinem
2578 1088 2812 1155 invenit;
2872 1093 3008 1146 unde
3061 1093 3325 1152 dulcescat
3375 1113 3484 1152 non

1918 1175 2104 1243 habet,
2133 1180 2233 1234 nisi
2259 1180 2397 1236 levet
2434 1190 2498 1236 se"
2515 1182 2582 1235 ad
2613 1184 2798 1239 Deum.
2830 1185 3076 1252 Quoniam
3112 1199 3163 1240 tu
3185 1232 3198 1255 ,
3239 1189 3484 1258 Domine,

1917 1270 2080 1322 suavis
2127 1281 2172 1323 et
2217 1273 2366 1326 mitis.
2410 1274 2543 1338 Quid
2573 1285 2657 1330 est
2684 1279 3103 1333 mitis?Portaus
3145 1297 3262 1346 me,
3313 1284 3482 1338 donec

1921 1360 2160 1425 perﬁcias
2187 1378 2290 1416 me.
2318 1363 2454 1418 Vere
2481 1367 2640 1429 enim,
2673 1366 2862 1422 fratres
2884 1371 3007 1433 mei,
3036 1371 3203 1424 dicam
3238 1382 3481 1443 tanquam

1919 1449 2078 1504 homo
2100 1452 2148 1504 in
2180 1452 2501 1521 hominibus,
2534 1466 2586 1509 et
2608 1472 2670 1511 ex
2701 1458 3001 1514 hominibus
3027 1479 3037 1513 :
3066 1461 3234 1516 ferat”
3262 1465 3481 1533 quisque

1918 1555 2011 1594 cor
2041 1558 2226 1607 suum,
2269 1554 2320 1596 et
2365 1545 2626 1600 intueatur
2672 1564 2730 1602 se
2773 1550 2885 1603 sine
2931 1551 3264 1620 adulatione,
3292 1563 3345 1608 et
3370 1556 3486 1619 sine

1919 1632 2237 1704 palpatione.
2295 1637 2435 1692 Nihil
2486 1650 2566 1693 est
2631 1643 2770 1695 enim
2825 1644 3036 1698 stultius
3085 1661 3238 1715 quam
3296 1655 3352 1700 ut
3405 1661 3489 1701 se-

1919 1727 2086 1795 ipsum
2110 1729 2327 1797 quisque
2351 1733 2526 1799 palpet
2551 1740 2708 1800 atque
2737 1733 2970 1788 seducat.
2993 1737 3241 1791 Attendat
3282 1753 3407 1807 ergo
3433 1749 3487 1791 et

1917 1817 2094 1872 videat
2123 1829 2312 1888 quanta
2340 1832 2564 1891 aguntur
2601 1823 2651 1877 in
2674 1825 2833 1880 corde
2870 1826 3490 1897 humano;quemadmo—

1918 1907 2040 1960 dum
2079 1909 2202 1976 ipsae
2233 1911 2537 1982 plerumque
2567 1914 2832 1969 orationes
2855 1917 3205 1985 impediantur
3229 1920 3375 1973 vanis
3399 1935 3490 1974 co-

1916 2000 2273 2067 gitationibus,
2302 2003 2371 2055 ita
2392 2012 2448 2057 ut
2470 2005 2551 2058 vix
2575 2015 2678 2060 stet
2702 2021 2794 2060 cor
2813 2008 2876 2062 ad
2906 2009 3069 2062 Deum
3095 2025 3279 2063 suum:
3305 2020 3356 2064 et
3379 2012 3492 2064 vult

1918 2103 1974 2143 se
2007 2100 2184 2146 tenere
2214 2102 2267 2146 ut
2295 2103 2417 2160 stet,
2449 2105 2502 2149 et
2542 2097 2931 2166 quodammodo
2958 2099 3088 2170 fugit
3114 2117 3142 2154 a
3172 2116 3246 2166 se,
3283 2117 3376 2156 nec
3407 2103 3488 2156 in-

1918 2183 2059 2236 venit
2081 2184 2341 2238 cancellos
2366 2187 2553 2255 quibus
2579 2202 2636 2242 se
2657 2188 2905 2254 includat,
2926 2201 3013 2244 aut
3033 2192 3211 2246 obices
3235 2193 3492 2262 quosdam

1918 2274 2108 2342 quibus
2160 2276 2381 2330 retineat
2424 2278 2747 2334 avolationes
2783 2296 2904 2336 snas
2947 2290 3001 2336 et
3040 2298 3198 2351 vagos
3237 2283 3491 2352 quosdam

1921 2377 2114 2432 motus,
2147 2378 2199 2421 et
2227 2378 2328 2422 stet
2347 2366 2626 2437 jucundari
2655 2388 2682 2425 a
2715 2373 2822 2427 Deo
2851 2388 2966 2428 suo.
2998 2375 3092 2428 Vix
3123 2385 3280 2430 estut
3304 2392 3490 2430 occur-

1921 2471 2001 2514 rat
2030 2462 2148 2515 talis
2175 2463 2342 2515 oratio
2373 2464 2509 2518 inter
2539 2465 2732 2519 multas
2762 2467 3046 2521 orationes.
3089 2467 3294 2522 Diceret
3326 2484 3489 2522 unus-

1921 2551 2588 2623 quisquesibieontingere,
2617 2565 2671 2610 et
2698 2557 2848 2610 alteri
2875 2573 2979 2610 non
3019 2559 3340 2629 contingere,
3389 2560 3490 2614 nisi

1921 2643 2274 2701 inveniremus
2308 2645 2361 2699 in
2389 2645 2671 2716 Scripturis
2700 2649 2786 2703 Dei
2810 2650 2973 2704 David
2998 2661 3233 2705 orantem
3263 2653 3490 2722 quodam

1920 2738 1972 2790 in
2021 2739 2156 2802 loco,
2198 2749 2250 2794 et
2286 2740 2548 2796 dicentem
2588 2757 2601 2792 :
2638 2740 2892 2805 Quoniam
2920 2743 3102 2805 inveni,
3133 2741 3365 2809 Domine,
3405 2759 3493 2796 cor

1920 2846 2103 2896 meum,
2137 2841 2188 2882 ut
2231 2848 2425 2885 orarem
2454 2832 2521 2884 ad
2542 2844 2586 2886 te
2629 2831 2696 2903 (Π
2723 2831 2847 2905 Reg.
2891 2849 2976 2896 VII,
3024 2831 3135 2902 27).
3164 2832 3402 2887 Invenire
3433 2848 3493 2888 se

1920 2920 2051 2974 dixit
2079 2937 2170 2975 cor
2199 2939 2373 2988 suum,
2413 2926 2561 2993 quasi
2588 2927 2783 2981 soleret
2807 2927 2874 2980 ab
2903 2943 2966 2980 eo
2985 2924 3183 2998 fugere,
3213 2937 3265 2984 et
3294 2927 3381 2984 ille
3403 2942 3488 2981 se-

1920 3012 2010 3080 qui
2039 3013 2185 3082 quasi
2208 3013 2500 3084 fugitivum,
2532 3026 2585 3070 et
2615 3032 2716 3070 non
2746 3033 2900 3085 posse
2928 3019 3396 3088 comprehendere,
3435 3031 3491 3077 et

1919 3103 2147 3158 clamare
2188 3104 2252 3158 ad
2305 3106 2495 3173 Deum,
2543 3107 2789 3173 Quoniam
2830 3125 2916 3162 cor
2941 3127 3102 3164 meum
3130 3111 3387 3182 dereliquit
3412 3131 3490 3168 me

1926 3194 2092 3265 (Psal.
2123 3214 2301 3262 xxxix,
2331 3198 2440 3270 i5).
2463 3199 2659 3270 Itaque,
2689 3200 2877 3256 fratres
2899 3202 3020 3266 mei,
3043 3204 3319 3259 attendens
3348 3207 3488 3275 quod

1923 3289 2107 3352 hicait,
2127 3290 2308 3344 Suavis
2320 3307 2370 3344 es
2387 3302 2436 3343 tu
2453 3302 2497 3344 et
2515 3293 2644 3346 mitis
2662 3309 2681 3355 ;
2699 3293 2879 3346 videor
2900 3295 3024 3347 mihi
3047 3295 3224 3350 videre
3250 3296 3336 3350 hic
3348 3298 3487 3367 quod

1921 3381 2012 3445 ait,
2040 3383 2190 3435 mitis.
2222 3381 2460 3436 Iucunda
2483 3385 2701 3438 animam
2726 3387 2851 3439 servi
2881 3388 2972 3451 tui,
3000 3390 3232 3454 quoniam
3253 3392 3319 3442 ad
3344 3398 3390 3443 te
3412 3392 3487 3444 le-

1920 3478 2027 3528 vavi
2053 3478 2270 3530 animant
2300 3496 2458 3533 meam
2474 3497 2491 3543 ;
2508 3483 2741 3551 quoniam
2754 3491 2807 3534 tu
2823 3485 2986 3536 suavis
2998 3494 3042 3537 et
3063 3485 3192 3539 milis
3212 3503 3262 3540 es
3277 3502 3295 3539 .'
3309 3486 3490 3541 videor

1921 3568 2047 3621 mihi
2095 3569 2269 3624 videre
2297 3572 2360 3624 ad
2382 3572 2480 3627 hoc
2507 3573 2703 3628 dixisse
2730 3576 2909 3629 mitem
2932 3576 3116 3640 Deum,
3145 3579 3264 3647 quia
3294 3579 3490 3648 patitur

1923 3662 2020 3715 ista
2051 3672 2249 3727 nostra,
2279 3673 2331 3717 et
2359 3673 2629 3734 exSpectat
2653 3673 2826 3720 tamen
2853 3683 2882 3720 a
2909 3668 3060 3722 nobis
3089 3670 3400 3733 orationem,
3435 3678 3490 3723 ut

1923 3752 2160 3821 perficiat
2186 3770 2312 3820 nos;
2341 3765 2394 3810 et
2439 3757 2648 3824 quando
2686 3757 2758 3810 illi
2784 3773 2899 3812 eam
2941 3759 3264 3825 dederimus,
3299 3761 3490 3829 accipit

1928 3852 2096 3912 grate,
2125 3855 2176 3898 et
2197 3844 2439 3911 exaudit;
2470 3863 2566 3902 nec
2593 3850 2829 3902 tueminit
2854 3858 3025 3902 tantas
3056 3866 3184 3919 quas
3221 3853 3489 3908 incondite

1922 3933 2206 3999 fundimus,
2235 3945 2286 3989 et
2311 3938 2499 4004 accipit
2530 3954 2682 3991 unam
2713 3932 2867 4005 quam
2899 3941 2983 3994 vix
3013 3941 3330 3997 invenimus.
3359 3945 3490 4012 Quis

1921 4024 2060 4078 enim
2085 4035 2184 4088 est,
2222 4025 2410 4080 fratres
2436 4028 2561 4091 mei,
2589 4028 2765 4094 homo,
2790 4046 2908 4084 cum
2931 4046 3035 4100 quo
3051 4033 3094 4087 si
3114 4037 3334 4103 cmperit
3357 4041 3490 4090 arni-

1921 4131 2013 4171 cus
2039 4115 2153 4185 ejus
2178 4116 2424 4186 colloqui,
2449 4127 2502 4172 et
2526 4119 2784 4174 voluerit8
2806 4123 2893 4176 ille
2920 4127 3240 4192 respondere
3260 4128 3490 4182 collocu-

1923 4209 2047 4262 tioni
2079 4208 2212 4277 ejus,
2239 4218 2291 4263 et
2313 4209 2498 4266 viderit
2517 4226 2636 4266 eum
2663 4215 2826 4267 averti
2853 4230 2880 4266 a
2899 4231 2977 4277 se,
3009 4226 3060 4271 et
3088 4218 3228 4272 aliud
3255 4219 3392 4289 loqui
3421 4221 3488 4274 ad

1921 4300 2102 4364 alium,
2128 4301 2214 4370 qui
2245 4301 2345 4356 hoc
2373 4302 2549 4357 ferat?
2571 4306 2674 4357 Aut
2694 4306 2737 4358 si
2761 4307 2893 4359 forte
2913 4307 3485 4378 interpellesjudicem,

1921 4400 1973 4444 et
1998 4393 2290 4445 conStituas
2320 4408 2439 4446 eum
2469 4394 2584 4447 loco
2615 4404 2670 4448 ut
2697 4406 2745 4449 te
2771 4397 2968 4462 audiat,
2996 4405 3049 4450 et
3075 4399 3247 4452 subito
3277 4415 3393 4454 cum
3421 4402 3488 4455 ad

1922 4498 2040 4537 eum
2071 4483 2322 4552 loqueris,
2353 4483 2587 4538 dimittas
2615 4501 2756 4549 cum,
2798 4495 2850 4541 et
2881 4488 3098 4556 incipias
3120 4489 3341 4545 fabulari
3370 4507 3488 4546 cum

1920 4574 2092 4628 amico
2135 4583 2256 4640 tuo;
2303 4575 2513 4644 quando
2559 4585 2608 4630 te
2636 4577 2859 4630 tolerat?
2910 4578 2974 4631 Et
3005 4579 3193 4634 tolerat
3242 4581 3378 4635 Dens
3415 4591 3492 4637 tot

1919 4664 2081 4720 corda
2111 4667 2456 4734 precantium,
2478 4675 2532 4722 et
2549 4665 2782 4720 diversas
2804 4683 2886 4721 res
2906 4669 3244 4740 cogitantium
3271 4689 3284 4724 :
3306 4672 3490 4725 omitto

1919 4758 2097 4813 dicere
2122 4767 2174 4812 et
2194 4760 2397 4824 noxias,
2424 4761 2606 4813 omitto
2636 4759 2813 4813 dicere
2834 4759 3113 4830 aliquando
3137 4776 3414 4830 perversae
3438 4771 3484 4816 et

1922 4851 2159 4906 inimicas
2194 4851 2338 4916 Deo;
2381 4850 2522 4919 ipsas
2567 4850 2858 4920 superﬂuas
2904 4852 3134 4922 cogitare
3171 4853 3375 4922 injuria
3407 4861 3490 4907 est

1909 4933 2054 5010 ejus,
2077 4957 2318 5010 cumquo
2345 4942 2486 5010 loqui
2511 4955 2764 5010 coeperas.
2792 4942 2971 4996 Oratio
2996 4952 3080 4998 tua
3108 4945 3302 4999 locutio
3323 4944 3486 5000 estad

1922 5035 2125 5089 Deum:
2155 5033 2366 5103 quando
2411 5034 2566 5102 legis,
2617 5035 2756 5089 Deus
2808 5036 2899 5090 tibi
2966 5037 3228 5106 loquitur;
3271 5034 3484 5104 quando

1920 5141 2060 5191 oras,
2094 5126 2204 5180 Deo
2241 5125 2490 5196 loqueris.
2538 5126 2639 5182 Sed
2679 5127 2802 5196 quid
2827 5129 2849 5181 ?
2870 5127 3251 5197 desperandum
3283 5136 3365 5181 est
3409 5127 3478 5182 de

1918 5233 2108 5288 genere
2161 5217 2410 5282 humano,
2456 5226 2510 5272 et
2543 5217 2816 5272 dicendum
2848 5218 2955 5286 jam
2987 5217 3051 5270 ad
3094 5217 3482 5272 damnationem

1920 5308 2183 5380 pertinere
2206 5323 2414 5362 omnem
2438 5307 2702 5362 hominem
2734 5309 2816 5361 cui
2843 5307 3165 5375 subrepserit
3187 5303 3364 5375 aliqua
3388 5323 3482 5362 co-

1919 5400 2099 5470 gitatio
2143 5400 2334 5464 oranti,
2380 5408 2433 5453 et
2482 5399 2819 5468 interruperit
2857 5399 3144 5452 orationem
3179 5399 3383 5469 ipsius?
3423 5402 3481 5457 Si

1921 5496 2019 5546 hoc
2047 5490 2353 5555 dixerimus,
2381 5489 2585 5555 fratres,
2609 5504 2724 5558 quae
2749 5503 2866 5558 spes
2893 5499 3159 5545 remaneat
3179 5506 3282 5548 non
3313 5492 3480 5549 video.

1983 5633 1999 5665 ¹
2027 5639 2151 5680 Unus
2175 5637 2290 5690 Reg.
2312 5635 2414 5687 his,
2441 5628 2612 5677 minus.

1983 5697 2001 5725 ²
2024 5695 2202 5741 G-itian.
2221 5698 2324 5749 his,
2349 5695 2550 5752 quwrat.

1998 5758 2016 5789 ³
2037 5757 2105 5806 sic
2130 5763 2230 5805 uss.
2257 5763 2310 5803 At
2334 5751 2463 5813 add,
2481 5751 2699 5803 noluerit.
