4024 6210
516 285 652 341 1087

512 400 679 455 Porro
707 400 827 471 quia
870 410 952 458 est
976 400 1144 473 aliqua
1172 415 1296 470 spes
1319 399 1382 455 ad
1409 399 1595 465 Deum,
1626 400 1746 468 quia
1773 412 1957 468 magna
1993 408 2075 455 est

511 489 628 559 ejus
656 491 1035 558 misericordia,
1064 492 1299 565 dicamus
1323 491 1370 546 ei
1400 507 1414 548 :
1441 490 1678 545 Iucunda
1706 491 1927 544 animum
1949 494 2077 547 servi

515 563 607 646 tui,
643 576 879 647 quoniam
919 584 988 634 ad
1027 592 1091 642 te,
1120 580 1351 647 Domine,
1380 580 1534 635 levavi
1558 582 1777 635 animam
1800 599 1978 636 meam.
2008 583 2077 639 Et

510 671 776 741 quomodo
800 686 914 726 eam
944 671 1147 726 levavi?
1187 672 1461 738 Quomodo
1507 673 1672 743 potui,
1713 676 1978 742 quomodo
2021 684 2075 730 tu

510 762 649 816 vires
684 761 894 829 dedisti,
922 763 1187 837 quomodo
1219 780 1334 820 eam
1364 761 1647 835 fugientem
1674 763 2075 834 apprehendere

512 852 697 905 valui‘.
728 853 794 907 Et
834 853 1026 909 excidit
1056 855 1168 919 tibi,
1209 856 1329 926 quia
1354 855 1787 925 quotiescumque
1828 864 1950 909 ante
1986 870 2073 910 me

507 941 699 997 stetisti
744 941 890 1015 (puta
919 944 1083 1000 Deum
1127 945 1346 1017 dicere),
1390 954 1531 1000 tanta
1570 961 1701 999 vana
1729 953 1783 1001 et
1806 944 2072 1015 superﬂua

507 1032 766 1101 cogitasti,
796 1043 849 1089 et
874 1035 958 1090 vix
980 1037 1107 1090 mihi
1138 1036 1292 1091 ﬁxam
1316 1046 1370 1091 et
1392 1036 1633 1093 stabilem
1663 1037 1955 1092 orationem
1983 1036 2069 1091 fu-

506 1122 627 1177 disti
660 1141 674 1178 :
707 1126 839 1193 Quia
865 1136 917 1181 tu
943 1129 1108 1182 suavis
1132 1146 1204 1196 es,
1246 1126 1477 1196 Domine,
1511 1145 1571 1182 ac
1596 1128 1730 1182 mitis
1752 1146 1772 1182 :
1799 1128 1940 1184 mitis
1987 1143 2065 1195 es,

506 1214 738 1271 tolerans
765 1231 868 1272 me.
901 1217 979 1274 Ex
1009 1219 1319 1290 aegritudine
1340 1220 1550 1285 deﬂuo;
1591 1236 1738 1288 cura,
1777 1229 1832 1277 et
1878 1220 2065 1276 stabo:

503 1305 782 1374 conﬁrma,
812 1318 866 1363 et
895 1310 1078 1363 tirmus
1103 1326 1215 1365 ero.
1244 1311 1423 1367 Donec
1446 1321 1620 1367 autem
1648 1312 1828 1381 facias,
1871 1311 2067 1368 toleras

502 1410 588 1450 me
618 1414 631 1450 :
663 1395 793 1461 Quia
817 1407 870 1451 tu
888 1400 1054 1454 suavis
1075 1416 1146 1467 es,
1166 1399 1400 1469 Domine,
1428 1410 1476 1456 et
1501 1401 1652 1456 mitis.

572 1487 628 1543 8.
667 1488 734 1542 Et
761 1491 973 1545 multum
1001 1493 1297 1549 misericors.
1328 1493 1442 1550 Non
1480 1495 1619 1551 enim
1649 1495 1817 1550 solum
1854 1494 2064 1550 miseri-

501 1593 641 1646 cors,
674 1579 766 1635 sed
806 1583 1019 1636 multum
1040 1584 1321 1640 misericors
1351 1600 1371 1641 :
1400 1584 1630 1642 abundat
1655 1586 1793 1641 enim
1817 1586 2062 1656 iniquitas

486 1662 701 1737 nostra,
729 1670 962 1727 abundat
981 1680 1035 1728 et
1059 1673 1420 1729 misericordia
1442 1683 1547 1729 tua.
1575 1672 1646 1729 Et
1672 1674 1879 1729 multum
1909 1676 2060 1730 mise-

497 1761 654 1816 ricors
674 1778 725 1817 es
748 1762 974 1819 omnibus
999 1765 1340 1828 invocantibus
1375 1776 1439 1821 te.
1471 1766 1537 1821 Et
1557 1767 1681 1837 quid
1705 1774 1785 1822 est
1812 1765 1952 1837 quod
1980 1766 2062 1822 di-

497 1851 570 1905 cit
598 1851 776 1907 multis
798 1853 928 1910 locis
952 1853 1243 1926 Scriptura,
1269 1858 1392 1927 quia
1417 1856 1735 1926 invocabant,
1760 1867 1807 1911 et
1846 1874 1949 1913 non
1971 1874 2059 1913 ex—

494 1943 700 1998 audiam
729 1962 813 2000 eos
839 1944 1019 2017 (Prov.
1044 1964 1079 2014 ι,
1110 1948 1200 2019 ‘28)
1234 1949 1398 2022 (certe
1420 1949 1700 2005 misericors
1728 1950 1955 2005 omnibus
1979 1951 2058 2004 in-

495 2039 781 2092 rotantibus
801 2040 870 2109 te)
895 2057 909 2105 ;
929 2041 1027 2097 nisi
1054 2042 1175 2113 quia
1191 2042 1402 2113 quidam
1420 2042 1745 2110 invocantes,
1766 2059 1868 2097 non
1888 2044 2055 2113 ipsum

499 2129 784 2185 invocant?
829 2131 896 2186 de
924 2132 1115 2203 quibus
1151 2133 1363 2203 dicitur,
1392 2130 1557 2189 Deum
1581 2151 1683 2189 non
1709 2134 2057 2189 invocaverunt

498 2218 665 2291 (Psnl.
694 2238 780 2286 ut,
810 2218 885 2294 6)’.
917 2223 1183 2293 invocant,
1211 2224 1304 2281 sed
1334 2241 1439 2282 non
1462 2226 1647 2283 Deum.
1672 2226 1886 2281 invocas
1905 2225 2057 2296 quid-

495 2310 617 2378 quid
661 2326 840 2374 amas;
884 2314 1097 2370 invocas
1144 2314 1399 2387 quidquid
1444 2316 1495 2371 in
1547 2325 1601 2372 te
1639 2330 1816 2383 vocas,
1843 2319 2055 2372 invocas

491 2401 741 2472 quidquid
770 2402 848 2457 vis
874 2413 931 2459 ut
950 2406 1121 2461 veniat
1143 2405 1206 2461 ad
1239 2416 1308 2462 te.
1341 2406 1525 2472 Porro,
1552 2407 1595 2461 si
1625 2406 1791 2463 Deum
1815 2415 2057 2477 propter-

491 2508 553 2545 ea
612 2493 845 2561 invocas,
891 2505 949 2550 ut
981 2497 1159 2552 veniat
1195 2497 1261 2552 ad
1309 2505 1361 2553 te
1406 2498 1647 2569 pecunia,
1698 2505 1752 2552 ut
1783 2498 1962 2553 veniat
1986 2496 2051 2552 ad

492 2591 543 2634 te
571 2581 872 2648 luereditas,
903 2595 960 2640 ut
982 2587 1158 2642 veniat
1181 2586 1246 2641 ad
1277 2596 1328 2642 te
1368 2587 1634 2643 smeularis
1656 2587 1915 2655 dignitas;
1963 2588 2051 2643 illa

491 2674 707 2730 invocas
731 2692 847 2747 qua:
877 2678 953 2732 vis
982 2686 1038 2734 ut
1074 2680 1284 2735 veniant
1304 2679 1370 2735 ad
1399 2689 1449 2735 te
1477 2698 1490 2733 :
1518 2680 1610 2735 sed
1637 2680 1798 2736 Deum
1845 2680 1936 2736 tibi
1959 2681 2052 2734 ad-

490 2763 713 2835 iutorem
741 2769 893 2838 ponis
914 2770 1255 2839 cupiditatum
1278 2812 1292 2835 ,
1324 2782 1427 2826 non
1456 2772 1816 2827 exauditorem
1839 2771 2051 2827 deside-

491 2856 708 2912 riorum.
742 2860 882 2915 Deus
919 2860 1110 2928 bonus,
1148 2862 1193 2916 si
1238 2861 1328 2917 det
1362 2862 1502 2932 quod
1541 2865 1641 2919 vis.
1668 2861 1824 2931 Quid,
1847 2863 1892 2919 si
1913 2863 2051 2919 male

490 2946 591 3010 vis,
621 2960 796 3004 nonne
825 2949 927 3004 erit
951 2950 1118 3022 magis
1162 2967 1264 3005 non
1293 2951 1467 3007 dando
1497 2952 1838 3009 misericors?
1863 2953 2048 3022 Porro,

488 3038 531 3093 si
585 3053 688 3092 non
740 3038 963 3107 dederit,
1006 3034 1116 3111 jani
1160 3041 1291 3096 nihil
1320 3041 1413 3096 tibi
1461 3042 1598 3098 Deus
1640 3050 1755 3109 est;
1803 3050 1856 3098 et
1880 3042 2048 3097 dicis:

489 3130 752 3199 Quantum
782 3134 981 3203 rogavi,
1010 3149 1167 3205 quam
1196 3150 1336 3203 saepe
1366 3135 1564 3205 rogavi,
1594 3141 1649 3189 et
1685 3149 1789 3189 non
1818 3148 1934 3188 sum
1960 3150 2053 3190 cx-

491 3222 731 3277 auditus!
765 3224 898 3292 Quid
926 3224 1066 3280 enim
1106 3226 1318 3295 petebas
1341 3227 1367 3279 ?
1395 3224 1553 3281 Forte
1599 3233 1825 3280 mortem
1854 3226 2051 3280 inimici

491 3315 585 3367 tui.
615 3313 770 3381 Quid,
794 3316 837 3369 si
866 3324 916 3370 et
944 3316 1033 3370 ille
1061 3316 1273 3387 petebat
1300 3316 1480 3371 tuam?
1504 3315 1602 3384 Qui
1629 3324 1679 3372 te
1698 3316 1917 3381 ereavit,
1939 3316 2053 3387 ipse

490 3416 548 3461 et
563 3406 708 3461 illum
730 3424 744 3471 ;
769 3406 927 3461 homo
948 3421 1025 3473 es,
1049 3406 1207 3462 homo
1227 3416 1309 3463 est
1330 3415 1379 3462 et
1397 3406 1488 3463 ille
1513 3425 1525 3461 :
1545 3407 1684 3463 Deus
1701 3415 1873 3463 autem
1889 3406 2052 3478 judex

490 3506 603 3561 est;
633 3497 779 3552 audit
801 3498 1005 3563 ambos,
1036 3506 1090 3554 et
1127 3513 1230 3553 non
1277 3498 1491 3553 exaudit
1526 3498 1732 3555 ambos.
1757 3498 1946 3555 Tristis
1970 3496 2046 3566 es,

490 3590 609 3658 quia
638 3603 740 3643 non
765 3604 823 3644 es
845 3588 1120 3645 exauditus
1144 3597 1326 3645 contra
1351 3589 1497 3644 illum
1523 3605 1537 3653 ;
1564 3589 1755 3660 gaude,
1784 3591 1904 3661 quia
1944 3605 2051 3646 non

490 3688 575 3735 est
602 3679 876 3735 exauditus
913 3690 1097 3736 contra
1140 3690 1210 3737 te.
1241 3680 1373 3752 Ego,
1400 3680 1593 3751 inquis,
1620 3696 1724 3736 non
1766 3682 1867 3737 hoc
1901 3691 2052 3751 pete-

490 3769 645 3836 bam;
674 3787 778 3827 uon
806 3772 1007 3839 mimici
1038 3773 1142 3829 mei
1182 3774 1427 3845 petebam
1479 3781 1722 3840 mortem,
1765 3773 1858 3829 sed
1888 3774 2051 3830 vitam

492 3862 731 3934 petebam
786 3862 878 3919 filii
926 3865 1029 3921 mei
1064 3882 1077 3919 :
1107 3864 1232 3935 quid
1262 3865 1385 3919 mali
1431 3862 1716 3935 petebam?
1760 3857 1900 3920 Nihil
1929 3866 2051 3920 mali

491 3955 722 4024 petebas,
753 3957 888 4011 sicut
924 3965 980 4011 tu
1005 3958 1287 4013 sentiebas.
1319 3956 1448 4013 Nam
1488 3956 1634 4028 quid,
1677 3957 1720 4012 si
1760 3957 1850 4013 ille
1876 3966 2054 4028 raptus

491 4056 589 4112 est,
622 4062 687 4103 ne
725 4048 920 4104 malitia
951 4058 1175 4105 mutaret
1214 4049 1531 4105 intellectum
1582 4048 1720 4104 illius
1772 4047 1925 4121 (Sap.
1978 4060 2053 4118 tv,

493 4139 618 4212 ll)?
646 4139 750 4196 Sed
779 4149 1040 4210 peccator,
1065 4141 1256 4211 inquis,
1283 4150 1427 4204 erat;
1454 4150 1506 4193 et
1529 4139 1647 4194 ideo
1670 4140 1907 4194 volebam
1932 4154 2052 4195 eum

493 4234 692 4300 vivere,
734 4244 790 4287 ut
833 4234 1206 4303 eorrigcretur.
1257 4233 1338 4288 Tu
1377 4232 1593 4287 volebas
1631 4247 1750 4287 eum
1773 4233 1969 4297 vivere,
1999 4240 2056 4286 ut

493 4326 682 4380 melior
706 4334 845 4380 esset
880 4342 892 4378 :
926 4323 1049 4394 quid
1081 4325 1124 4378 si
1153 4324 1289 4378 Deus
1318 4331 1555 4389 noverat,
1579 4323 1622 4378 si
1652 4323 1871 4386 viveret,
1904 4320 2054 4393 pejo-

496 4433 607 4472 rem
649 4416 918 4472 futurum?
962 4415 1113 4473 Unde
1139 4431 1264 4487 ergo
1295 4416 1429 4471 nosti
1468 4415 1591 4487 quid
1640 4416 1712 4472 illi
1761 4415 2053 4486 prodesset,

496 4507 629 4561 mori
659 4523 723 4560 an
754 4507 970 4561 vivere?
995 4506 1048 4562 Si
1078 4521 1203 4578 ergo
1222 4520 1325 4561 non
1348 4506 1507 4570 nosti,
1539 4505 1654 4561 redi
1680 4506 1742 4560 ad
1764 4520 1858 4561 cor
1887 4514 2053 4569 tuum,

497 4596 700 4652 dimitte
744 4595 851 4651 Deo
878 4595 1152 4652 consilium
1191 4610 1365 4651 suum.
1399 4594 1533 4663 Quid
1580 4610 1725 4666 ergo,
1754 4594 1947 4666 inquis,
1975 4594 2057 4650 fa-

501 4686 669 4740 ciam?
697 4685 819 4757 quid
840 4700 985 4742 orem
1002 4684 1029 4740 ?
1054 4685 1188 4753 Quid
1213 4686 1375 4742 ores?
1402 4684 1552 4755 Quod
1578 4694 1629 4741 te
1665 4684 1843 4739 docuit
1878 4685 2057 4739 Domi-

505 4790 623 4842 nus,
652 4775 790 4846 quod
816 4785 867 4832 te
896 4777 1073 4832 docuit
1110 4776 1340 4833 cmlcstis
1370 4777 1636 4847 magister.
1663 4775 1849 4831 lnvoca
1891 4775 2058 4832 Deum

500 4878 745 4939 tanquam
775 4867 961 4933 Deum,
984 4882 1098 4922 ama
1129 4868 1295 4923 Deum
1318 4876 1565 4938 tanquam
1593 4866 1758 4922 Deum
1791 4886 1804 4921 :
1836 4867 1925 4920 illo
1949 4881 2062 4923 me-

500 4961 599 5014 lius
641 4957 770 5014 nihil
819 4968 929 5025 est;
974 4959 1145 5028 ipsum
1197 4957 1459 5022 desidera,
1509 4957 1677 5027 ipsum
1726 4956 2057 5026 concupisce.

502 5048 633 5107 Vide
659 5051 986 5106 invocantem
1025 5046 1191 5104 Deum
1214 5049 1266 5103 in
1292 5048 1397 5103 alio
1425 5048 1628 5118 psalmo
1652 5065 1665 5101 :
1700 5045 1865 5103 Unam
1893 5048 2011 5117 petii
2029 5062 2062 5099 a

506 5145 720 5199 Domino
748 5144 876 5196 hanc
899 5142 1169 5212 requiram.
1195 5139 1330 5209 Quid
1354 5148 1437 5194 est
1458 5138 1599 5209 quod
1631 5139 1798 5210 petit?
1824 5136 2060 5227 U’tinha:

503 5237 647 5291 bilem
674 5235 887 5310 inanimo
909 5230 1115 5286 Domini
1134 5247 1220 5302 per
1242 5245 1410 5284 omnes
1434 5228 1541 5282 dies
1567 5229 1678 5283 vita:
1700 5242 1840 5282 mena.
1860 5225 2063 5298 'thuid

506 5327 641 5383 hoc?
671 5328 735 5383 Ut
759 5322 1059 5393 contempter
1086 5322 1461 5377 delectationem
1484 5318 1691 5374 Domini
1716 5317 1880 5388 (Psal.
1913 5333 2061 5385 xxvn,

506 5416 584 5490 4).
622 5417 678 5472 Si
727 5433 852 5488 ergo
902 5424 1105 5469 amator
1133 5413 1228 5469 Dei
1264 5425 1385 5467 esse
1410 5411 1509 5476 vis,
1540 5408 1907 5465 sineerlssimis
1947 5420 2061 5462 me-

509 5509 667 5565 dullis
694 5514 952 5580 castisque
993 5507 1231 5580 suspiriis
1269 5507 1443 5579 ipsum
1484 5505 1661 5576 dilige,
1717 5505 1886 5575 ipsum
1920 5515 2060 5567 ama,

506 5598 586 5658 illi
612 5598 794 5671 ﬂagra,
833 5603 906 5657 illi
946 5602 1085 5656 inbia
1117 5615 1221 5672 quo
1244 5598 1527 5670 jucundius
1556 5596 1683 5653 nihil
1711 5595 1934 5664 invenis,
1960 5605 2064 5662 quo

579 5739 596 5773 ί
621 5735 703 5787 Sic
714 5744 819 5786 Mss.
845 5690 1010 5796 ,δίει-η
1032 5734 1341 5796 υαιηα.ων.,
1365 5732 1568 5785 valuisti.

1737 286 1795 341 S.
1835 283 2196 343 AUGUSTINI
2232 286 2529 346 EPISCUPI

3608 325 3748 381 1088

2185 400 2393 501 melius,
2439 419 2544 474 quo
2586 405 2779 478 laetius,
2810 427 2916 483 quo
2939 414 3251 483 diuturnius.
3281 426 3416 496 Quid
3447 436 3585 493 enim
3636 452 3744 501 tam

2181 488 2505 562 diuturnum,
2530 512 2686 568 quam
2717 501 2767 556 id
2800 506 2937 575 quod
2962 519 3044 565 est
3067 488 3743 587 sempiternumﬂdbn

2179 597 2292 692 trues
2319 600 2385 641 ne
2411 587 2691 692 aliquando
2715 610 2744 649 a
2772 606 2823 652 te
2851 612 3048 669 pereat,
3075 610 3163 677 qui
3200 610 3324 667 facit
3359 632 3426 672 ne
3454 628 3508 675 tu
3530 639 3740 692 pereas.

2177 669 2234 727 Si
2270 688 2396 745 ergo
2448 689 2499 733 tu
2531 680 2740 740 invocas
2792 688 2955 747 Deum
2997 703 3241 768 tanquam
3280 704 3467 777 Deum,
3518 669 3744 777 srecurt:

2177 773 2308 867 esto.
2341 771 2638 839 exaudiris;
2663 779 2893 845 pertines
2915 785 2979 839 ad
3008 787 3162 846 istum
3181 809 3411 861 versum.
3437 771 3505 857 Et
3523 771 3739 868 multum

2177 855 2453 914 misericors
2477 866 2703 922 omnibus
2729 871 3070 934 invocantibus
3098 892 3162 937 te.

2245 946 2296 1002 9.
2325 948 2589 1053 idoli-ergo
2610 957 2785 1015 dicere
2816 980 2828 1014 :
2861 963 2989 1022 lllud
3020 972 3147 1028 mihi
3189 992 3294 1033 non
3314 980 3479 1040 dedit.
3508 988 3641 1047 Redi
3669 996 3737 1052 ad

2174 1044 2550 1149 ‘c‘onseien‘tiam
2575 1056 2749 1117 tuam;
2782 1054 2935 1125 libra,
2964 1062 3245 1138 interroga,
3273 1086 3490 1142 parcere
3513 1044 3737 1149 illi—noli:

2173 1127 2226 1184 Si
2241 1146 2376 1246 'vere
2399 1134 2560 1192 Deum
2589 1148 2867 1246 invocasti,
2890 1162 3064 1209 certus
3083 1127 3198 1215 esto
3221 1127 3340 1231 qdia
3362 1166 3414 1222 id

2171 1219 2383 1328 volebas
2427 1234 2804 1328 tem—paraliter,
2837 1240 2956 1298 ideo
2987 1260 3092 1302 non
3128 1219 3293 1320 dedit,
3340 1219 3733 1328 quiavnovtt‘libi

2171 1314 2437 1422 proderat.
2486 1320 2796 1422 fEditicetur
2841 1333 2892 1388 in
2942 1336 3044 1394 hoc
3091 1356 3185 1399 eor
3222 1314 3475 1422 vestr-um,

2169 1415 2290 1512 for.
2319 1407 2701 1481 christianum,
2754 1436 2847 1475 cor
2893 1425 3088 1497 ﬁdele;
3131 1449 3198 1490 ne
3248 1407 3506 1512 incipiatis

2277 1493 2311 1561 i,
2340 1498 2496 1555 veluti
2519 1501 2740 1612 fraudati
2765 1510 3041 1576 desideriis
3073 1493 3289 1595 vestris,

2168 1582 2359 1692 tionem
2387 1602 2567 1649 contra
2612 1597 2815 1658 Deum:
2848 1611 3041 1666 etenim
3089 1630 3193 1672 non
3222 1582 3437 1692 expedit
3476 1582 3729 1692 adt-2:53

2164 1673 2432 1781 stimulum
2484 1685 2762 1748 calcitrare
2792 1694 2923 1766 (Act.
2962 1716 3036 1771 lx,
3059 1704 3138 1775 5).
3181 1673 3459 1774 Recurri’te

2165 1771 2362 1881 pturas.
2388 1771 2679 1881 Exauditur
2698 1780 2956 1854 diabolus,
2984 1801 3039 1847 et
3065 1771 3170 1850 non
3194 1771 3474 1863 exauditur
3488 1771 3727 1881 @356.

2163 1855 2247 1964 ips
2293 1876 2308 1915 :
2349 1864 2474 1964 quid
2506 1868 2691 1964 _vo_bis
2755 1876 2995 1936 videtur?
3056 1855 3728 1964 gnomon—55.33;;

2162 1946 2473 2055 damonis-sl?
2505 1958 2776 2021 Petierunt
2816 1985 2875 2025 se
2905 1971 2983 2029 ire
3023 1975 3074 2030 in
3096 1993 3305 2051 porcos,
3337 1996 3392 2042 et
3413 1946 3723 2055 concess-uuln

2161 2040 2714 2145 est'eis(1ifatth.uvnt,
2757 2057 2845 2121 5t,
2881 2060 2994 2136 '52).
3025 2040 3726 2145 Quomodo

2161 2126 2401 2246 diabolus
2421 2136 2629 2246 iul’cit‘iit
2643 2144 2749 2246 {ob
2792 2126 3118 2227 tentandum,
3140 2172 3192 2217 et
3215 2126 3606 2244 i1
3632 2126 3720 2246 ἦ

2160 2220 2322 2337 12:?
2348 2242 2406 2337 ll,
2436 2229 2487 2291 5,
2518 2232 2590 2303 6).
2625 2235 2913 2337 Quomodo
2954 2263 3060 2303 non
3086 2220 3475 2318 exauditus

2159 2311 2241 2366 lus
2261 2314 2332 2418 ?“t
2366 2316 2421 2372 lu
2448 2325 2842 2418 -magnitudine,
2874 2354 2893 2387 ι
2943 2338 3129 2411 inquit,
3163 2363 3182 2396 ι
3226 2311 3599 2413 Γενειειὶίοηιιῖη
3654 2378 3723 2418 ne

2157 2405 2399 2477 extollar,
2430 2410 2584 2470 datus
2603 2429 2680 2472 est
2707 2422 2834 2477 mihi
2865 2405 3299 2495 stimulus-carnis
3324 2458 3478 2517 meae,
3504 2405 3723 2519 angeli;

2157 2507 2212 2547 sa
2221 2503 2353 2597 tona:
2380 2501 2466 2570 qui
2493 2518 2578 2597 me
2598 2508 2892 2580 colaphizet
2917 2535 2930 2569 :
2955 2529 3169 2592 propter
3185 2530 3324 2597 quod
3345 2501 3424 2588 ter

2118 2638 2133 2649 ί
2158 2589 2334 2690 rogavi
2382 2603 2439 2647 ut
2483 2596 2712 2656 auferret
2737 2619 2856 2661 eum
2887 2623 2915 2663 a
2938 2589 3067 2679 me;
3089 2626 3144 2672 et
3168 2589 3301 2677 dixit
3325 2625 3454 2681 mihi

2158 2677 2443 2790 [gratia
2485 2705 2783 2790 mea-nam
2829 2701 2994 2758 virtus
3034 2677 3088 2762 in
3118 2710 3425 2775 infirmitate
3452 2677 3719 2790 perﬁcitur

2160 2768 2225 2883 gn
2255 2771 2371 2827 Cor.
2403 2793 2494 2843 xu,
2542 2781 2683 2856 7-9).
2736 2788 3013 2850 Exaudivit
3040 2814 3162 2856 eum
3206 2768 3713 2883 (ιιιεηῖἆίξῖοἶιξιξξ

2155 2859 2430 2965 damnare,
2457 2884 2510 2925 et
2533 2888 2635 2929 non
2658 2882 2921 2940 exaudivit
2948 2903 3069 2944 eum
3098 2859 3253 2962 quem
3275 2859 3710 2965 volebatrsauare.

2154 2953 2285 3009 Nam
2312 2968 2364 3012 et
2391 2976 2532 3056 aeger
2555 2970 2684 3035 petit
2710 2974 2870 3030 multa
2892 2992 2921 3031 a
2947 2953 3172 3053 medico,
3200 3004 3306 3045 non
3333 2991 3421 3049 dat
3447 2997 3681 3056 medicus

2157 3062 2263 3149 non
2285 3054 2497 3149 exaudit
2520 3059 2585 3114 ad
2610 3063 2950 3137 voluntatem,
2980 3086 3037 3128 ut
3063 3080 3308 3137 exaudiat
3331 3085 3397 3142 ad
3418 3054 3707 3149 sanitatem

2160 3137 2302 3212 Ergo
2339 3145 2602 3242 medicum
2647 3163 2794 3213 tuum
2838 3137 3558 3242 pone,Deum;peteabwillo

2157 3238 2287 3300 tem,
2318 3243 2372 3289 et
2395 3238 2540 3329 salus
2564 3249 2649 3299 tua
2680 3245 2792 3316 ipse
2806 3251 2908 3306 erit
2932 3270 2945 3304 :
2969 3270 3073 3311 non
3102 3238 3256 3329 quasi
3284 3265 3504 3323 salutem
3526 3273 3707 3327 extrin

2154 3335 2328 3417 secus,
2368 3328 2461 3383 sed
2509 3339 2566 3387 ut
2599 3335 2741 3392 salus
2789 3339 2902 3410 ipse
2937 3345 3040 3409 sit;
3078 3363 3145 3404 ne
3179 3366 3360 3409 rursus
3387 3371 3533 3413 ames
3558 3361 3716 3417 aliam

2155 3411 2377 3519 salutem
2404 3432 2596 3487 praeter
2617 3424 2807 3519 ipsum,
2835 3432 2928 3487 sed
2955 3439 3219 3505 quomodo
3240 3442 3400 3501 habes
3419 3411 3715 3519 in

2153 3498 2254 3614 Dic
2272 3506 2462 3614 lanijma:
2501 3528 2642 3580 mere,
2670 3516 2824 3573 Salus
2852 3530 2939 3576 tua
2961 3540 3052 3594 ego
3079 3544 3189 3582 sum
3216 3530 3384 3600 (Psal.
3435 3498 3613 3606 κίειν,
3637 3498 3716 3614 5):

2155 3591 2290 3687 Quid
2314 3597 2377 3652 ad
2397 3607 2466 3665 te,
2491 3604 2616 3673 quid
2640 3606 2727 3663 tibi
2749 3608 2906 3679 dicat,
2941 3591 3009 3669 ut—
3022 3631 3081 3671 se
3102 3618 3192 3673 tibi
3209 3591 3335 3677 det?
3357 3624 3445 3679 Vis
3466 3591 3718 3687 utdet's’e
3809 3617 3833 3626 ’

2156 3683 2289 3740 tibi?
2308 3687 2443 3789 Quid
2469 3693 2516 3789 si
2692 3698 2769 3753 vis
2791 3700 3003 3769 habere,
3026 3722 3129 3761 non
3151 3711 3261 3765 vult
3284 3713 3394 3783 ipse
3421 3724 3476 3769 ut
3496 3683 3715 3789 habeas,

2155 3784 2213 3829 ut
2236 3792 2295 3832 se
2328 3780 2418 3834 tibi
2450 3783 2576 3838 det?
2599 3784 2974 3857 Impedimenta
3005 3810 3259 3866 removet,
3283 3780 3340 3856 ut
3364 3805 3520 3862 intret
3547 3809 3612 3863 ad
3643 3780 3713 3867 te:

2156 3868 2300 3926 Bona
2326 3874 2551 3944 cogitate
2592 3887 2647 3934 et
2680 3883 3030 3953 considerate,
3062 3887 3272 3957 fratres,
3302 3911 3420 3965 quae
3447 3897 3537 3953 dat
3580 3901 3718 3960 Deus

2157 3966 2559 4035 peccatoribus;
2604 3981 2659 4027 et
2706 3974 2829 4030 hinc
2866 3977 3143 4051 intelligite
3179 3986 3302 4054 quid
3327 3998 3503 4044 servet
3550 3993 3719 4048 servis

2157 4055 2286 4151 suis.
2320 4057 2694 4119 Peccatoribus
2722 4066 3204 4139 blasphemantibus
3232 4094 3352 4134 eum
3378 4082 3607 4151 quotidie
3628 4084 3721 4140 dat

2157 4148 2348 4202 malum
2378 4159 2431 4205 et
2465 4162 2679 4222 terram,
2707 4158 2797 4212 dat
2819 4160 3007 4227 fontes,
3036 4164 3259 4234 fructus,
3281 4148 3520 4237 salutem,
3560 4171 3713 4238 filios,

2157 4242 2354 4311 copias,
2374 4242 2664 4303 ubertatem
2694 4266 2707 4301 :
2735 4249 2850 4305 haec
2874 4256 3047 4308 omnia
3065 4256 3200 4332 bona
3226 4274 3330 4314 non
3345 4261 3545 4317 datnisi
3562 4263 3717 4319 Deus.

2158 4330 2258 4397 Qui
2309 4333 2427 4388 talia
2467 4338 2831 4403 peccatoribus
2866 4341 2974 4406 dat,
3014 4330 3138 4414 quid
3166 4362 3285 4401 eum
3317 4358 3472 4419 putas
3504 4366 3722 4411 servare

2160 4421 2402 4480 ﬁdelibus
2427 4427 2576 4481 suis?
2619 4428 2850 4487 Hoccine
2877 4432 2944 4489 de
2979 4434 3071 4489 illo
3108 4438 3443 4494 sentiendum
3472 4451 3573 4505 est,
3599 4445 3722 4514 quia

2159 4517 2250 4586 qui
2276 4517 2396 4571 talia
2420 4519 2573 4574 malis
2591 4520 2700 4589 dat,
2732 4522 2860 4578 nihil
2889 4535 3064 4581 servat
3090 4527 3277 4584 bonis?
3300 4529 3408 4586 lmo
3449 4548 3576 4589 vero
3607 4549 3723 4590 scr-

2160 4617 2268 4677 vat,
2300 4625 2403 4665 non
2446 4620 2660 4679 terram,
2690 4614 2786 4671 sed
2811 4617 3021 4672 cadum.
3050 4618 3216 4675 Vilius
3246 4622 3377 4677 forte
3417 4624 3612 4697 aliquid
3641 4625 3726 4681 di-

2161 4716 2246 4768 co,
2273 4717 2393 4757 eum
2419 4702 2538 4759 dico
2562 4705 2788 4773 caelum;
2819 4707 2910 4762 sed
2950 4711 3201 4779 seipsum,
3227 4713 3316 4782 qui
3346 4713 3470 4769 fecit
3505 4715 3724 4771 caelum.

2163 4791 2445 4849 Pulchrum
2491 4803 2575 4849 est
2618 4797 2832 4864 caelum,
2876 4797 2971 4854 sed
3013 4800 3281 4879 pulchrior
3320 4813 3403 4859 est
3443 4804 3726 4861 fabricator

2163 4887 2307 4943 etuti:
2333 4887 2436 4944 Sed
2474 4889 2627 4946 video
2673 4892 2888 4958 caelum,
2923 4902 2978 4949 et
3000 4895 3143 4950 illum
3175 4912 3279 4952 non
3304 4898 3476 4953 video.
3532 4897 3728 4956 Oculos

2164 4977 2305 5032 enim
2335 4978 2497 5035 babes
2521 4982 2587 5037 ad
2617 4983 2899 5039 videndum
2921 4986 3148 5054 caelum;
3179 5003 3271 5043 cor
3298 4989 3532 5045 nondum
3563 4990 3726 5049 habes

2164 5068 2233 5123 ad
2259 5067 2541 5127 videndum
2587 5072 2956 5131 fabricatorem
2998 5077 3118 5133 caeli
3151 5094 3165 5129 :
3194 5077 3310 5133 ideo
3335 5080 3479 5134 venit
3501 5080 3567 5134 de
3590 5082 3727 5136 coelo

2167 5160 2221 5214 in
2252 5169 2467 5227 terram,
2493 5171 2551 5239 ut
2574 5163 2793 5220 mundet
2815 5179 2928 5233 cor,
2955 5182 3061 5235 quo
3088 5167 3326 5222 videatur
3357 5170 3445 5238 qui
3470 5169 3593 5225 fecit
3620 5184 3730 5226 εω-
3802 5222 3807 5229 .

2167 5251 2275 5306 lum
2301 5260 2356 5306 et
2399 5260 2611 5309 terram.
2649 5252 2754 5310 Sed
2794 5255 2948 5325 plane
2969 5270 3089 5312 cum
3115 5257 3362 5327 patientia
3390 5258 3612 5315 salutem
3637 5275 3731 5314 ex-

2167 5351 2366 5412 specta.
2412 5343 2612 5410 Quibus
2642 5352 2694 5398 te
2734 5344 3135 5401 medicamentis
3177 5356 3360 5411 curet,
3404 5347 3493 5402 ille
3545 5348 3726 5415 novit;

2167 5437 2357 5506 quibus
2380 5435 2720 5504 sectionibus,
2748 5437 2937 5506 quibus
2974 5440 3285 5506 ustiouibus,
3330 5438 3417 5493 ille
3458 5439 3622 5493 novit.
3649 5438 3729 5495 'l‘u

2170 5527 2262 5582 tibi
2290 5528 2648 5598 aegritudinem
2673 5530 2987 5599 comparasti
3013 5529 3276 5600 peccando
3303 5546 3318 5583 :
3350 5528 3436 5583 ille
3454 5529 3599 5585 venit
3624 5545 3730 5587 non

2172 5618 2340 5671 solum
2357 5616 2559 5681 fovere.
2586 5620 2678 5674 sed
2706 5630 2758 5674 et
2773 5635 2954 5676 secare
2977 5631 3031 5676 et
3051 5637 3218 5677 urere.
3242 5619 3355 5675 Non
3375 5610 3524 5676 vides
3534 5633 3727 5692 quanta

2174 5709 2414 5769 homines
2434 5711 2699 5782 patiantur
2722 5711 2822 5767 sub
2845 5713 3164 5769 medicorum
3190 5710 3452 5779 omnibus,
3472 5722 3619 5783 spem
3646 5713 3729 5768 in-
