4024 6210
240 368 372 426 1089

235 495 426 542 certam
445 480 668 535 homine
689 470 1062 546 promittente?
1081 467 1379 528 Sanaberis,
1399 465 1525 519 dicit
1541 464 1805 525 medicus;

235 574 521 635 sanaberis,
550 570 597 624 si
623 580 865 623 secucro.
890 563 954 617 Et
973 562 1131 615 homo
1156 558 1303 621 dicit,
1334 565 1388 610 et
1412 554 1611 609 homini
1641 553 1766 607 dicit
1794 568 1809 615 ;

238 682 337 723 nec
366 666 451 736 qui
479 662 609 717 dicit
636 666 815 713 certus
849 662 949 717 est,
980 666 1080 706 nec
1105 649 1195 721 qui
1219 648 1385 713 audit,
1412 647 1533 716 quia
1562 644 1652 736 ille
1686 642 1813 736 dicit

239 733 459 821 homini,
489 752 582 824 qui
612 766 718 805 non
748 747 871 803 fecit
899 743 1188 807 hominem,
1219 748 1275 795 et
1313 753 1420 792 non
1458 734 1689 805 perfecte
1714 733 1814 824 scit

241 849 358 921 quid
384 822 575 916 agatur
602 843 659 897 in
697 839 910 893 homine
941 842 1032 889 :et
1058 843 1233 888 tamen
1272 828 1339 883 ad
1379 828 1562 921 verba
1587 822 1815 921 hominis

242 917 358 1013 plus
397 936 686 994 nescientis
725 930 851 1001 quid
877 935 1061 999 agatur
1101 926 1154 979 in
1182 922 1395 977 homine
1422 919 1592 976 credit
1633 917 1814 981 homo,

244 1009 415 1088 subdit
440 1027 703 1091 membra,
726 1021 875 1091 ligari
897 1035 955 1075 sc
975 1018 1190 1090 patitur,
1224 1023 1313 1069 aut
1332 1013 1639 1083 plerumque
1659 1009 1816 1063 etiam

248 1140 347 1179 non
374 1124 570 1192 ligatus
591 1126 801 1174 secatur
825 1123 915 1168 aut
929 1114 1127 1175 uritur;
1157 1119 1211 1164 et
1237 1106 1419 1175 accipit
1440 1103 1575 1159 forte
1594 1102 1817 1157 salutem

248 1228 533 1286 paucorum
587 1209 823 1271 dierum,
878 1205 987 1274 jam
1035 1209 1249 1255 sanatus
1305 1195 1516 1267 quando
1567 1192 1821 1248 moriatur

252 1282 531 1376 ignorans;
564 1309 618 1355 et
644 1298 888 1360 fortasse,
918 1294 1041 1349 dum
1069 1301 1303 1357 curatur,
1336 1286 1589 1347 moritur;
1618 1292 1673 1338 et
1716 1282 1815 1337 for-

250 1375 383 1453 tasse
411 1394 585 1451 curari
610 1408 713 1446 non
741 1389 955 1460 poterit.
984 1385 1077 1440 Cui
1103 1392 1276 1438 autem
1306 1378 1700 1452 promisitDeus
1726 1375 1822 1429 ali-

256 1490 389 1561 quid,
414 1497 471 1541 et
500 1485 726 1541 fefellit?

322 1581 407 1635 10.
452 1577 604 1652 [vers.
649 1574 728 1647 6.]
782 1572 998 1627 Auribus
1037 1569 1209 1639 inﬁgo,
1264 1564 1491 1629 Domine,
1546 1560 1824 1652 orationem

259 1687 428 1725 mn.
454 1650 677 1738 Magnus
702 1664 900 1719 orantis
924 1660 1161 1716 ali'ectus.
1191 1656 1407 1710 Auribus
1439 1654 1613 1724 inﬁge,
1639 1650 1820 1704 Domi-

263 1777 338 1827 ne,
364 1759 644 1813 orationem
661 1771 820 1810 meam
850 1769 869 1808 :
899 1752 950 1806 id
973 1759 1071 1811 est,
1100 1764 1203 1804 non
1231 1754 1385 1802 exeat
1402 1744 1469 1799 de
1493 1742 1708 1798 auribus
1726 1741 1827 1795 tuis

267 1851 423 1905 oratio
467 1862 609 1912 mea,
638 1845 740 1915 fige
784 1843 926 1896 illam
952 1841 1024 1895 ibi
1065 1841 1117 1893 in
1148 1837 1361 1891 auribus
1389 1834 1512 1889 tuis.
1552 1832 1828 1901 Quomodo

267 1940 560 2012 parturivit,
591 1948 653 2009 ut
675 1937 858 2007 figeret
879 1934 1169 1987 orationem
1209 1943 1357 1984 suam
1379 1928 1431 1981 in
1454 1927 1664 1980 auribus
1694 1924 1828 1978 Dei?

267 2031 593 2102 Respondeat
619 2030 775 2093 Deus,
801 2035 855 2082 et
875 2025 1014 2080 dicat
1041 2022 1191 2077 nobis
1211 2039 1222 2074 :
1245 2020 1339 2076 Vis
1363 2019 1515 2089 figam
1538 2016 1828 2073 orationem

269 2135 399 2178 tuam
428 2123 478 2176 in
510 2120 726 2175 auribus
746 2116 917 2171 meis?
943 2113 1068 2185 Fige
1093 2113 1144 2166 in
1166 2110 1325 2165 corde
1342 2119 1431 2162 tuo
1448 2108 1615 2177 legem
1636 2121 1826 2160 meam.

267 2214 475 2266 Auribus
499 2211 674 2280 inﬁge,
722 2207 955 2272 Domine,
1005 2203 1277 2259 orationem
1309 2215 1501 2264 meam;
1540 2208 1588 2253 et
1633 2197 1833 2252 intende

269 2306 367 2358 voci
380 2303 625 2357 orationis
649 2316 790 2354 mete.

335 2398 420 2450 11.
449 2394 601 2466 [vers.
628 2390 704 2464 7.]
737 2390 799 2444 In
819 2390 900 2444 die
927 2386 1260 2443 tribulationis
1284 2400 1407 2440 mete
1432 2384 1643 2439 clamavi
1670 2383 1738 2437 ad
1763 2392 1829 2450 te,

271 2487 495 2556 quidam
542 2483 794 2539 exaudisti
838 2498 932 2535 me.
969 2480 1137 2535 Causa
1177 2487 1232 2532 ut
1259 2476 1538 2532 exaudircs
1566 2490 1671 2543 me,
1710 2475 1832 2545 quia

270 2582 318 2633 in
345 2578 425 2631 die
451 2576 789 2631 tribulationis
810 2589 931 2627 mea:
954 2558 1165 2626 clamavi
1190 2570 1256 2623 ad
1280 2578 1344 2624 te.
1373 2570 1534 2624 Paulo
1554 2578 1675 2623 ante
1694 2568 1835 2623 dixe-

273 2680 346 2724 rat
373 2686 387 2722 :
416 2667 550 2722 Tota
574 2668 657 2721 die
683 2666 913 2732 clamavi,
942 2673 1049 2719 tota
1074 2662 1160 2718 die
1184 2663 1463 2716 tribulatus
1487 2676 1622 2715 sum.
1652 2659 1835 2713 Nullus

272 2774 393 2829 ergo
418 2758 738 2814 christianos
767 2756 905 2811 dicat
925 2769 1043 2809 esse
1063 2754 1201 2808 diem
1230 2752 1283 2805 in
1310 2765 1414 2820 quo
1438 2766 1543 2804 non
1574 2751 1640 2803 sit
1668 2750 1834 2803 tribu-

272 2852 422 2905 latus.
448 2850 638 2905 Totam
663 2848 824 2911 diem,
854 2854 1020 2901 totum
1051 2853 1257 2912 tempus
1299 2840 1651 2896 intelleximus
1682 2856 1695 2892 :
1728 2847 1835 2892 tota

270 2944 350 2999 die
378 2942 680 2999 tribulatur.
727 2937 863 3007 Quid
889 2952 1054 3007 ergo,
1099 2932 1362 2989 tribulatio
1405 2940 1488 2986 est
1526 2939 1580 2986 et
1624 2930 1835 2999 quando

272 3034 402 3089 bene
444 3032 562 3088 est?
604 3030 799 3100 Utique
842 3026 1126 3083 tribulatio.
1168 3024 1318 3080 Unde
1356 3020 1666 3077 tribulatio?
1704 3019 1834 3086 Quia

271 3126 517 3197 quamdiu
557 3126 610 3179 in
639 3138 859 3194 corpore
888 3133 1069 3175 sumus
1093 3158 1108 3184 ,
1137 3116 1532 3185 peregrinamur
1558 3127 1586 3166 a
1616 3112 1837 3166 Domino

275 3217 335 3288 (ll
360 3215 478 3270 Cor.
507 3231 561 3281 v,
588 3210 665 3285 6).
698 3210 978 3279 Quodlibet
1009 3207 1092 3261 hic
1116 3204 1363 3267 abundet,
1398 3201 1629 3256 nondum
1657 3214 1837 3254 sumus

275 3309 323 3362 in
352 3308 436 3362 illa
463 3306 630 3376 patria
662 3320 768 3374 quo
796 3300 968 3355 redire
997 3296 1323 3353 festinamus.
1356 3292 1449 3347 Cui
1489 3288 1839 3360 peregrinatio

276 3397 437 3453 dulcis
462 3406 582 3460 est,
625 3408 730 3448 non
767 3398 911 3445 amat
952 3388 1172 3459 patriam
1204 3404 1218 3439 :
1246 3384 1291 3440 si
1320 3383 1487 3439 dulcis
1512 3390 1594 3436 est
1633 3380 1797 3449 patria
1821 3420 1835 3442 ,

276 3505 447 3545 amara
478 3496 561 3543 est
587 3483 977 3558 peregrinatio;
1016 3480 1061 3535 si
1097 3492 1278 3533 amara
1306 3475 1686 3547 peregrinatio,
1732 3483 1839 3526 tota

276 3584 358 3638 die
391 3581 679 3636 tribulatio.
708 3576 930 3647 Quando
957 3588 1064 3628 non
1093 3579 1175 3628 est
1202 3567 1512 3625 tribulatio?
1536 3563 1759 3634 Quando
1787 3565 1839 3619 in

277 3673 438 3743 patria
467 3670 769 3726 delectatio.
804 3665 1166 3721 Delectationes
1189 3662 1241 3715 in
1269 3660 1473 3714 dextera
1499 3668 1585 3711 tua
1609 3672 1762 3726 usque
1787 3657 1842 3711 in

281 3762 443 3827 ﬁnem.
473 3759 716 3830 Implebis
739 3774 816 3811 me
852 3755 1024 3821 ltetitia
1047 3794 1062 3820 ,
1088 3751 1203 3818 ait,
1230 3768 1343 3805 cum
1384 3750 1524 3805 vultu
1552 3759 1636 3802 tuo
1666 3746 1839 3817 (Psal.

281 3867 384 3920 xv;
416 3854 541 3923 ii);
584 3861 639 3905 ut
677 3849 979 3919 contempler
1020 3845 1394 3901 delectationem
1442 3842 1643 3897 Domini
1672 3839 1839 3911 (Psal.

282 3960 417 4009 xm,
444 3945 525 4014 4).
552 3943 628 3998 ibi
651 3942 870 3997 transiet
891 3939 1039 3994 labor
1058 3946 1113 3994 et
1130 3937 1353 4008 gemitus
1381 3951 1395 3988 :
1424 3933 1496 3990 ibi
1522 3947 1625 3987 non
1651 3932 1840 3998 oratio,

282 4036 371 4091 sed
401 4034 667 4097 laudatio;
702 4032 773 4087 ibi
802 4029 1023 4087 Alleluia
1049 4069 1064 4094 ,
1105 4029 1275 4082 Amen
1310 4024 1420 4091 ibi,
1469 4036 1569 4078 vox
1611 4036 1844 4077 consona

279 4142 391 4182 cum
418 4126 633 4197 Angelis
655 4141 670 4190 ;
694 4124 766 4180 ibi
786 4123 918 4179 visio
938 4122 1053 4180 sine
1070 4117 1299 4181 defectu,
1322 4124 1376 4171 et
1397 4129 1546 4169 amor
1566 4113 1677 4169 sine
1702 4114 1845 4168 fasti-

280 4217 384 4270 dio.
409 4214 673 4288 Quamdiu
698 4228 824 4284 ergo
850 4226 957 4268 non
982 4212 1073 4273 ibi,
1105 4206 1293 4263 videtis
1316 4206 1437 4277 quia
1467 4219 1571 4260 non
1602 4206 1655 4259 in
1682 4204 1842 4259 bono.

280 4307 385 4365 Sed
422 4306 694 4375 abundant
720 4303 933 4359 omnia?
972 4299 1256 4357 Abundent
1294 4297 1469 4353 omnia
1490 4339 1505 4362 ,
1539 4295 1658 4351 vide
1686 4295 1730 4351 si
1754 4310 1843 4350 sc-

285 4412 440 4452 curus
458 4412 517 4453 es
543 4395 667 4468 quia
694 4411 797 4449 non
822 4401 1042 4463 pereunt
1057 4391 1253 4445 omnia.
1278 4387 1383 4444 Sed
1400 4386 1570 4443 habeo
1586 4386 1722 4457 quod
1739 4401 1844 4441 non

285 4490 537 4546 habebam
563 4506 579 4555 ;
611 4487 837 4544 accessit
864 4483 1084 4555 pecunia
1113 4497 1230 4553 quae
1264 4495 1368 4535 non
1397 4486 1529 4534 erat.
1572 4478 1731 4533 Forte
1758 4493 1846 4534 ac-

282 4584 442 4640 cessit
466 4592 519 4637 et
545 4583 704 4637 timor
719 4578 807 4650 qui
827 4592 930 4633 non
948 4584 1061 4631 erat
1085 4591 1099 4639 ;
1127 4574 1260 4628 forte
1286 4580 1431 4626 tanto
1450 4570 1687 4625 securior
1704 4583 1842 4637 eras,

281 4683 481 4746 quanto
520 4672 825 4744 pauperior.
874 4669 1147 4723 Postremo
1189 4665 1296 4719 sint
1335 4662 1502 4732 copim
1528 4704 1541 4726 ,
1589 4660 1847 4717 redundet

280 4766 554 4822 afﬂuentia
581 4764 736 4833 hujus
759 4760 958 4826 szeculi,
982 4757 1138 4813 detur
1162 4754 1419 4810 securitas
1436 4752 1577 4824 quod
1598 4768 1702 4808 non
1728 4767 1846 4822 per-

280 4868 404 4913 eant
434 4875 451 4913 :
481 4857 624 4912 dicat
672 4855 810 4909 Deus
849 4851 1115 4921 desuper,
1162 4846 1415 4902 Eternus
1455 4846 1511 4899 in
1572 4844 1655 4900 his
1701 4845 1843 4912 eris,

282 4962 477 5005 veterna
505 4958 681 5003 tecum
710 4953 861 4999 erunt
886 4944 1005 5007 ista,
1039 4940 1133 4997 sed
1160 4953 1333 4994 meam
1361 4936 1548 4993 faciem
1575 4951 1678 4992 non
1704 4936 1848 4993 vide-

283 5040 384 5096 bis.
426 5040 597 5096 Nemo
630 5052 842 5092 carnem
867 5035 1141 5098 consulat;
1171 5032 1410 5102 spiritum
1434 5031 1689 5086 consulite
1718 5047 1729 5081 :
1758 5045 1846 5085 re-

282 5131 540 5200 spondeat
569 5129 719 5184 vobis
747 5143 838 5181 cor
866 5135 1132 5189 vestrum;
1173 5122 1489 5192 respondeat
1522 5136 1662 5191 spes,
1694 5120 1843 5189 fides,

280 5224 513 5277 cbaritas
532 5264 549 5288 ,
590 5235 706 5291 quae
731 5220 785 5274 in
810 5218 959 5274 vobis
986 5231 1103 5272 esse
1127 5216 1306 5284 ccepit.
1338 5213 1545 5283 Ergone
1567 5212 1611 5267 si
1637 5212 1844 5280 accipe-

281 5329 459 5368 remus
484 5312 823 5367 securitatem
862 5324 959 5364 nos
999 5309 1050 5363 in
1078 5306 1344 5362 afﬂuentia
1387 5305 1643 5360 bonorum
1682 5318 1847 5359 saecu-

282 5405 473 5459 larium
501 5419 715 5473 semper
735 5404 951 5466 futuros,
980 5409 1033 5455 et
1056 5399 1254 5455 diceret
1273 5396 1426 5452 nobis
1448 5397 1607 5463 Deus,
1635 5394 1847 5451 Faciem

281 5513 456 5551 meam
490 5512 595 5552 non
626 5495 866 5551 videbitis
884 5536 899 5559 ,
928 5492 1275 5563 gauderemus
1303 5491 1355 5545 in
1392 5490 1497 5544 illis
1524 5488 1707 5543 bonis?
1732 5488 1846 5544 Eli-

280 5600 433 5661 geret
458 5590 593 5645 forte
616 5588 806 5658 aliquis
826 5586 1069 5657 gaudere,
1096 5593 1150 5639 et
1174 5584 1351 5638 dicere
1380 5601 1393 5635 :
1418 5580 1700 5636 Abundant
1722 5581 1848 5635 mihi

286 5684 387 5736 ista
410 5724 425 5749 ,
456 5681 593 5737 bene
632 5680 761 5734 mihi
800 5686 917 5744 est,
960 5675 1091 5730 nihil
1130 5674 1353 5744 amplius
1378 5688 1574 5742 quaero.
1606 5671 1847 5726 Nondum

284 5775 450 5845 capit
477 5787 595 5832 esse
623 5781 826 5828 amator
850 5768 975 5835 Dei;
1007 5765 1237 5823 nondum
1260 5767 1420 5837 capit
1443 5764 1708 5831 suspirare
1735 5770 1851 5818 tan-

1290 347 1680 404 ENARRATIO
1719 346 1782 401 iN
1824 344 2136 402 PSALMUM
2175 347 2437 403 LXXXV.

3322 340 3461 399 1090

1918 476 2073 530 quam
2106 463 2431 532 peregrinus.
2471 460 2650 524 Absit,
2678 460 2813 514 absit
2846 478 2858 512 :
2888 460 3136 514 recedant
3171 460 3345 514 omnia
3386 474 3477 515 se—

1916 555 2187 620 ductoria,
2233 557 2478 611 recedant
2516 555 2866 609 blandimenta
2916 554 3079 620 falsa;
3124 555 3369 610 recedant
3414 570 3479 610 ea

1915 662 2032 715 quae
2062 647 2213 701 nobis
2238 646 2469 715 quotidie
2488 645 2687 711 dicunt,
2711 644 2810 700 Ubi
2840 655 2922 701 est
2948 646 3084 699 Deus
3114 646 3273 700 tuus?
3298 646 3481 701 Efi‘un‘

1916 738 2103 793 damus
2129 752 2286 808 super
2308 752 2403 792 nos
2426 738 2653 790 animam
2676 746 2929 803 nostram,
2953 735 3295 791 confiteamur
3318 737 3371 791 in
3400 738 3483 790 la-

1919 829 2137 899 crymis,
2160 844 2431 898 gemamus
2456 829 2505 882 in
2528 828 2964 895 confessionibus,
2993 828 3043 881 in
3066 829 3290 891 miseriis
3308 829 3483 899 suspi-

1922 933 2099 973 remus
2127 917 2297 987 (Psal.
2326 935 2408 972 xu
2432 960 2446 983 ,
2493 920 2554 972 11
2585 960 2599 983 ,
2626 920 2694 983 4,
2722 920 2801 988 5).
2839 919 3097 987 Quidquid
3140 919 3291 974 nobis
3332 920 3486 974 adest

1922 1021 2112 1081 praeter
2132 1011 2294 1065 Deum
2321 1020 2579 1075 nostrum,
2605 1026 2707 1064 non
2729 1020 2809 1065 est
2830 1012 2983 1065 dulce
3007 1029 3018 1062 :
3046 1011 3285 1066 nolumus
3306 1012 3485 1065 omnia

1922 1116 2039 1170 qua:
2065 1100 2242 1165 dedit,
2280 1101 2325 1155 si
2365 1116 2469 1155 non
2500 1101 2589 1155 dat
2616 1102 2845 1170 seipsum
2874 1102 2963 1170 qui
2992 1102 3165 1154 omnia
3192 1102 3354 1155 dedit.
3382 1102 3486 1154 Au-

1922 1192 2058 1245 ribus
2083 1192 2252 1262 inﬁge,
2284 1190 2525 1258 Domine,
2563 1193 2834 1244 orationem
2865 1208 3051 1254 meam,
3087 1202 3131 1243 et
3156 1191 3354 1245 intende
3382 1192 3488 1245 voci

1924 1283 2163 1335 orationis
2189 1298 2327 1336 mete.
2358 1281 2427 1335 In
2462 1282 2541 1335 die
2568 1282 2900 1336 tribulationis
2930 1297 3052 1334 mea:
3080 1281 3289 1335 clamavi
3315 1281 3380 1334 ad
3405 1291 3483 1347 te,

1923 1375 2158 1443 quoniam
2189 1375 2437 1429 exaudistt'
2463 1391 2560 1429 me.

1998 1466 2087 1521 12.
2133 1465 2279 1539 [vers.
2308 1466 2385 1538 8.]
2417 1466 2538 1521 Non
2566 1477 2637 1521 est
2664 1466 2841 1521 similis
2888 1466 2973 1519 tibi
3001 1468 3051 1520 in
3081 1466 3176 1519 diis
3196 1508 3209 1531 ,
3256 1467 3485 1523 Domine.

1927 1558 1994 1613 Et
2034 1558 2157 1629 quid
2195 1558 2368 1613 dixit?
2410 1558 2529 1613 Non
2559 1569 2627 1613 est
2653 1559 2831 1613 similis
2860 1558 2947 1611 tibi
2983 1560 3036 1612 in
3079 1559 3210 1623 diis,
3256 1556 3493 1613 Domine.

1930 1649 2156 1719 Fingant
2181 1650 2280 1704 sibi
2314 1650 2443 1705 deos
2473 1664 2603 1719 quos
2632 1649 2814 1703 volunt
2856 1649 3048 1718 Pagani
3074 1665 3087 1712 ;
3119 1648 3379 1703 adducant
3420 1647 3499 1702 fa-

1930 1738 2055 1793 bros
2094 1728 2438 1810 argentarios,
2480 1740 2724 1793 aurifices
2748 1780 2763 1804 ,
2792 1738 3131 1808 expolitores.
3177 1739 3492 1808 sculptorcs,

1931 1830 2125 1885 faciant
2148 1832 2296 1887 deos.
2343 1832 2537 1899 Quales
2566 1831 2737 1886 deos?
2766 1830 2957 1887 Oculos
2984 1831 3238 1886 habentes
3258 1874 3273 1897 ,
3302 1840 3356 1886 et
3392 1846 3497 1885 non

1934 1921 2363 1993 videntes(Psal.
2390 1938 2533 1983 cxtu,
2567 1922 2657 1990 5);
2713 1931 2766 1976 et
2813 1930 2999 1976 caetera
3041 1936 3158 1991 qua:
3199 1921 3325 1975 dicit
3368 1922 3501 1991 psal-

1935 2027 2051 2065 mus
2077 2021 2480 2082 consequenter.
2520 2011 2625 2067 Sed
2669 2012 2766 2065 ista
2807 2027 2911 2065 non
2950 2011 3191 2075 colimus,
3236 2011 3339 2075 ait;
3392 2026 3496 2066 non

1932 2105 2189 2169 colimus,
2248 2104 2361 2159 haee
2408 2104 2555 2173 signa
2607 2113 2746 2158 sunt.
2800 2103 2868 2156 Et
2911 2104 3033 2173 quid
3079 2104 3288 2159 colitis?
3343 2104 3498 2158 Aliud

1934 2193 2125 2263 aliquid
2158 2192 2304 2263 pejus
2336 2210 2349 2245 :
2386 2193 2635 2259 Quoniam
2679 2193 2750 2245 dii
2794 2191 3025 2247 Gentium
3061 2192 3497 2261 dtemonia(Psal.

1934 2297 2054 2351 xcv,
2093 2282 2169 2354 5).
2218 2283 2284 2336 Et
2327 2283 2493 2352 quid?
2521 2283 2627 2336 Nec
2673 2282 2967 2345 daemonia,
3026 2283 3310 2351 inquiunt,
3364 2284 3497 2337 coli-

1935 2388 2073 2428 mus.
2114 2374 2274 2429 Plane
2300 2373 2428 2427 nihil
2465 2373 2606 2427 aliud
2632 2372 2835 2428 habetis
2856 2374 2908 2426 in
2931 2372 3161 2441 templis,
3204 2373 3331 2426 nihil
3357 2373 3501 2427 aliud

1936 2467 2120 2538 implet
2165 2474 2312 2521 vates
2371 2474 2578 2521 vestros
2624 2479 2781 2535 quam
2820 2464 3167 2519 daemonium.
3217 2464 3322 2519 Sed
3379 2465 3503 2534 quid

1934 2558 2145 2613 dicitis?
2164 2558 2396 2627 Angelos
2418 2556 2663 2620 colimus,
2685 2555 2912 2625 Angelos
2934 2555 3189 2610 habemus
3209 2556 3363 2611 deos.
3384 2556 3500 2611 Non

1937 2649 2087 2716 plane
2129 2648 2296 2702 nostis
2325 2646 2575 2716 Angelos.
2622 2645 2808 2715 Angeli
2849 2645 2989 2699 enim
3028 2661 3190 2699 unum
3223 2646 3386 2699 Deum
3415 2662 3506 2700 co-

1937 2740 2070 2804 lunt,
2098 2754 2198 2794 nec
2222 2738 2397 2794 favent
2425 2737 2723 2801 hominibus
2743 2737 2833 2806 qui
2852 2736 3035 2791 volunt
3057 2737 3233 2791 colere
3251 2738 3503 2808 Angelos,

1936 2838 1990 2885 et
2025 2845 2129 2884 non
2177 2832 2359 2884 Deum.
2409 2830 2541 2884 Nam
2586 2832 2878 2884 invenimus
2918 2828 3201 2883 honoratos
3244 2831 3499 2899 Angelos,

1939 2922 2281 2993 prohibentes
2323 2922 2568 2975 homines
2619 2936 2685 2975 ne
2726 2935 2785 2975 se
2829 2920 3146 2985 adorarent,
3189 2922 3282 2975 sed
3324 2937 3508 2975 verum

1940 3014 2105 3068 Deum
2134 3011 2315 3082 (Apoc.
2346 3026 2460 3071 xxx,
2491 3009 2599 3081 10).
2630 3010 2735 3064 Sed
2763 3010 2995 3079 Angelos
3022 3010 3229 3076 dicant,
3267 3011 3510 3066 homines

1939 3104 2135 3169 dicant,
2164 3103 2287 3172 quia
2311 3101 2506 3156 dictum
2531 3110 2647 3167 est,
2677 3100 2788 3172 Ego
2811 3101 2936 3167 dixi,
2964 3100 3049 3154 Dii
3076 3103 3211 3165 estis,
3236 3113 3282 3155 et
3306 3103 3399 3170 ﬁlii
3427 3102 3508 3155 Αι-

1939 3197 2116 3251 tissimi
2136 3212 2306 3249 omnes
2337 3193 2501 3265 (Psal.
2534 3210 2716 3261 Lxxn,
2749 3193 2807 3263 6)
2836 3211 2850 3247 :
2882 3193 3003 3248 Non
3032 3204 3100 3248 est
3127 3194 3301 3248 similis
3330 3194 3416 3246 tibi
3454 3196 3507 3246 in

1941 3290 2058 3353 diis,
2092 3284 2318 3343 Domine.
2346 3286 2631 3353 Quodlibet
2653 3286 2794 3341 aliud
2833 3287 3027 3356 cogitet
3060 3286 3250 3352 homo,
3291 3302 3392 3342 non
3425 3296 3509 3341 cst

1941 3381 2112 3435 simile
2148 3379 2289 3449 quod
2320 3380 2513 3434 factum
2553 3387 2634 3433 est
2672 3378 2741 3433 illi
2771 3379 2860 3448 qui
2900 3377 3042 3433 fecit.
3092 3378 3323 3446 Excepto
3365 3381 3505 3445 Deo,

1942 3470 2193 3541 quidquid
2216 3468 2358 3523 aliud
2378 3477 2460 3524 est
2488 3472 2539 3523 in
2568 3478 2751 3525 natura
2773 3483 2971 3534 rerum,
3000 3467 3193 3523 factum
3220 3476 3301 3523 est
3322 3482 3351 3522 a
3376 3467 3505 3523 Deo.

1943 3562 2203 3631 Quantum
2232 3560 2453 3615 interest
2480 3561 2618 3616 inter
2654 3575 2776 3616 eum
2802 3560 2891 3631 qui
2917 3560 3077 3626 fecit,
3118 3569 3172 3615 et
3201 3559 3326 3615 illud
3366 3558 3509 3629 quod

1944 3654 2137 3707 factum
2165 3660 2287 3719 est,
2313 3651 2610 3722 quis~digne
2635 3652 2865 3723 cogitet?
2890 3651 2991 3705 Iste
3020 3666 3146 3721 ergo
3168 3650 3303 3705 dixit
3327 3693 3340 3715 ,
3387 3650 3509 3704 Non

1944 3752 2013 3797 est
2035 3743 2211 3797 similis
2248 3744 2334 3798 tibi
2372 3744 2427 3796 in
2462 3744 2559 3796 diis
2582 3783 2597 3807 ,
2641 3742 2853 3796 Domine
2879 3757 2897 3794 :
2920 3753 3171 3811 quantum
3220 3750 3395 3795 autem
3439 3741 3510 3796 sit

1943 3835 2214 3891 dissimilis
2236 3838 2390 3905 Deus,
2418 3851 2524 3891 non
2544 3836 2696 3903 dixit,
2718 3836 2838 3906 quia
2859 3835 2963 3890 dici
2989 3851 3092 3890 non
3115 3845 3307 3905 potest.
3334 3837 3508 3891 lutcu-

1944 3926 2039 3982 dat
2062 3927 2301 3983 Charitas
2323 3936 2499 3981 vestra
2530 3944 2544 3981 :
2576 3926 2714 3981 Deus
2742 3925 3021 3981 ineffabilis
3043 3935 3159 3991 est;
3189 3924 3396 3981 facilius
3420 3927 3526 3982 di-t

1944 4020 2114 4074 cimus
2142 4018 2265 4089 quid
2291 4033 2399 4071 non
2423 4019 2526 4083 sit,
2552 4033 2708 4087 quam
2738 4017 2863 4087 quid
2894 4018 2982 4071 sit.
3011 4017 3228 4073 Terram
3269 4019 3502 4089 cogitas;

1946 4124 2051 4165 non
2074 4117 2157 4164 est
2182 4108 2281 4164 hoc
2304 4108 2446 4163 Deus
2474 4125 2487 4161 :
2516 4123 2661 4164 mare
2688 4109 2914 4179 cogitas;
2942 4125 3047 4164 non
3081 4118 3162 4165 est
3189 4110 3289 4165 hoc
3324 4111 3458 4166 Deus
3490 4132 3505 4166 :

1947 4198 2123 4252 omnia
2149 4213 2264 4268 quae
2287 4206 2409 4254 sunt
2434 4198 2488 4253 in
2526 4206 2665 4253 terra
2688 4241 2703 4266 ,
2747 4197 2987 4254 homines
3007 4207 3063 4254 et
3084 4200 3360 4266 animalia;
3400 4217 3507 4257 non

1946 4301 2027 4346 est
2056 4290 2157 4345 hoc
2186 4291 2325 4346 Deus
2354 4308 2367 4344 :
2399 4290 2577 4345 omnia
2604 4306 2724 4360 qua:
2759 4302 2882 4346 sunt
2907 4292 2961 4346 in
2986 4292 3153 4355 mari,
3184 4307 3302 4362 qua:
3326 4293 3509 4349 volant

1946 4398 2042 4454 per
2080 4397 2291 4447 aerem;
2338 4397 2442 4439 non
2484 4372 2568 4438 est
2610 4382 2711 4438 hoc
2761 4383 2900 4439 Deus
2928 4402 2941 4438 :
2974 4383 3225 4453 quidquid
3269 4386 3410 4441 lucet
3454 4388 3506 4441 iu

1946 4474 2081 4530 atrio
2104 4516 2119 4541 ,
2151 4474 2316 4529 stellte
2335 4516 2350 4540 ,
2376 4475 2457 4529 sol
2481 4482 2535 4530 et
2559 4474 2680 4529 luna
2705 4492 2719 4541 ;
2747 4490 2851 4529 non
2880 4484 2961 4531 est
2986 4475 3087 4531 hoc
3125 4476 3262 4531 Deus
3293 4496 3309 4531 :
3340 4480 3509 4548 ipsum

1947 4566 2176 4630 ctelum;
2207 4580 2310 4620 nou
2338 4575 2418 4621 est
2442 4565 2541 4620 hoc
2568 4567 2703 4621 Deus
2735 4584 2748 4619 :
2778 4568 3009 4637 Angelos
3036 4569 3227 4637 cogita,
3252 4570 3507 4639 Virtutes,

1946 4655 2259 4721 Potestates,
2301 4656 2696 4729 Archangelos,
2726 4657 2988 4725 Thronos,
3027 4659 3214 4727 Sedes,
3255 4662 3508 4718 Domina-

1949 4747 2153 4812 tiones;
2183 4762 2290 4801 non
2328 4757 2408 4802 est
2448 4747 2548 4802 hoc
2575 4747 2731 4803 Deus.
2767 4747 2832 4801 Et
2870 4749 2993 4818 quid
3021 4752 3139 4806 est?
3184 4751 3294 4806 Hoc
3334 4755 3506 4809 solum

1949 4841 2095 4911 potui
2132 4840 2309 4895 dicere
2333 4880 2348 4906 ,
2391 4839 2514 4910 quid
2553 4855 2656 4894 non
2687 4840 2773 4895 sit.
2799 4840 3003 4908 Quaeris
3046 4843 3169 4914 quid
3210 4845 3316 4899 sit?
3353 4845 3508 4913 Quod

1948 4932 2135 4985 oculus
2159 4945 2262 4985 non
2291 4930 2439 4995 vidit,
2467 4945 2563 4985 nec
2586 4932 2727 4985 auris
2750 4932 2968 4999 audivit,
3001 4949 3099 4989 nec
3131 4935 3182 4989 in
3209 4950 3302 4990 cor
3331 4936 3505 4990 homi-

1949 5022 2032 5076 nis
2058 5020 2295 5075 ascendit
2319 5019 2359 5091 (l
2384 5018 2501 5075 Cor.
2527 5037 2582 5086 ιι,
2609 5020 2683 5092 9).
2715 5021 2847 5089 Quid
2873 5025 3065 5093 quaeris
3092 5034 3148 5079 ut
3173 5025 3424 5081 ascendat
3451 5026 3506 5080 in

1951 5112 2180 5182 linguam
2205 5152 2221 5177 ,
2251 5111 2392 5180 quod
2421 5112 2471 5165 in
2503 5127 2594 5166 cor
2637 5128 2741 5169 non
2783 5116 3063 5171 ascendit?
3095 5116 3212 5170 Non
3237 5128 3309 5172 est
3331 5118 3507 5176 similis

1951 5203 2037 5257 tibi
2060 5203 2112 5256 in
2144 5202 2269 5271 diis,
2297 5201 2541 5267 Domine;
2568 5214 2613 5258 et
2641 5221 2740 5258 non
2767 5218 2838 5260 est
2865 5208 3137 5261 secundum
3160 5224 3312 5277 opera
3338 5218 3450 5263 tua.

2020 5294 2106 5348 15.
2139 5291 2287 5366 [vers.
2323 5293 2400 5367 9.]
2433 5294 2616 5350 Omnes
2637 5306 2799 5367 gentes
2823 5307 3058 5369 quotquot
3081 5298 3268 5367 fecisti,
3292 5301 3507 5368 venient,

1951 5396 1996 5441 et
2019 5386 2299 5441 adorabunt
2326 5405 2493 5442 coram
2519 5398 2567 5443 te
2587 5430 2601 5450 ,
2635 5388 2860 5442 Domine.
2890 5389 3235 5444 Aununtiavit
3271 5391 3285 5422 ¹
3328 5393 3507 5448 lict-le-

1951 5477 2104 5543 siam,
2141 5478 2326 5532 Omnes
2352 5488 2516 5548 gentes
2544 5486 2775 5546 quotquot
2803 5477 2978 5547 fecisti.
3006 5477 3063 5532 Si
3087 5488 3168 5535 est
3193 5495 3324 5550 gens
3347 5497 3505 5553 quam

1952 5584 2057 5623 non
2098 5567 2221 5622 fecit
2246 5568 2411 5632 Deus,
2444 5583 2547 5621 non
2577 5567 2816 5622 adorabit
2854 5582 2975 5624 eum
3009 5588 3022 5624 :
3052 5570 3194 5627 nulla
3220 5582 3300 5627 est
3327 5585 3507 5631 autem

1951 5672 2079 5729 gcns
2102 5671 2257 5727 quam
2280 5670 2384 5710 non
2414 5655 2534 5710 fecit
2558 5656 2729 5720 Deus;
2756 5658 2875 5726 quia
2907 5659 3101 5720 fontem
3127 5666 3360 5723 omnium
3381 5681 3510 5739 gen.

2018 5770 2035 5803 ι
2060 5769 2131 5821 sic
2150 5774 2260 5820 Mss.
2283 5768 2393 5819 laid.
2420 5781 2558 5825 vero,
2594 5767 2887 5825 amantium.
