4038 6208
522 352 649 411 1091

438 526 448 536 .
517 481 649 532 tium
678 472 845 529 Adam
880 477 930 524 et
960 468 1121 523 Evam
1150 461 1272 517 fecit
1297 461 1454 523 Deus,
1482 456 1603 513 inde
1627 466 1928 527 propagatte
1955 462 2078 509 sunt

441 595 447 604 -
511 582 704 623 omnes
727 572 929 636 gentes.
957 561 1154 614 Omnes
1177 568 1303 624 ergo
1326 561 1511 622 gentes
1536 550 1676 604 Deus
1696 547 1826 613 fecit
1850 566 1864 602 :
1893 547 2076 600 Omnes

515 673 645 729 ergo
662 664 826 726 gentes
843 657 1081 722 quotquot
1107 645 1285 715 fecisti,
1314 642 1523 706 venient,
1547 648 1593 693 et
1613 638 1891 693 adorabunt
1910 654 2078 691 coram

518 760 595 817 te,
639 746 870 800 Domine.
909 737 1131 808 Quando
1167 735 1368 791 dictum
1395 732 1513 788 est?
1538 730 1757 799 Quando
1796 743 1973 783 coram
2014 743 2079 781 eo

516 848 623 896 non
638 836 926 891 adorahant
943 832 1040 886 nisi
1061 828 1210 900 pauci
1232 826 1397 881 sancti
1421 826 1472 878 in
1492 838 1597 878 uno
1617 821 1810 892 populo
1830 820 2078 875 Hebraeo-

513 945 654 993 rum,
686 936 812 981 tunc
840 924 1037 978 dictum
1063 919 1301 982 esthoc;
1328 925 1383 971 et
1409 914 1566 969 modo
1591 912 1799 966 videtur
1824 910 1966 981 quod
1995 910 2077 964 di-

511 1031 654 1074 ctum
684 1026 806 1072 est:
839 1014 1020 1067 Omnes
1046 1020 1212 1081 gentes
1252 1012 1491 1076 quotquot
1526 1002 1725 1073 fecisti,
1764 1001 1956 1054 uenient
1980 1039 1992 1063 ,
2033 1008 2080 1052 et

511 1109 795 1165 adorabunt
818 1122 986 1159 coram
1008 1114 1072 1168 te,
1104 1099 1335 1155 Domine.
1372 1094 1593 1163 Quando
1612 1093 1922 1148 dicebantur
1942 1090 2076 1157 haec,

510 1220 618 1258 non
648 1200 962 1254 videbantur
986 1237 1001 1258 ,
1031 1204 1086 1249 et
1120 1190 1505 1261 credebantur;
1544 1184 1755 1255 quando
1791 1182 2038 1237 videntur
2060 1225 2075 1247 ,

512 1307 677 1364 quare
718 1285 1014 1358 negantur?
1060 1284 1243 1337 Omnes
1280 1289 1447 1351 gentes
1490 1285 1727 1347 quotquot
1770 1274 1951 1346 fecisti,
1994 1289 2080 1326 re-

515 1386 671 1448 nicnt,
703 1392 748 1437 et
776 1380 1055 1434 adorabunt
1081 1390 1249 1429 coram
1275 1382 1321 1425 te
1342 1413 1355 1436 ,
1386 1368 1617 1434 Domine,
1657 1376 1704 1421 et
1730 1365 2081 1437 glorificabunt

513 1492 693 1530 nomen
721 1486 880 1528 tuum.

586 1567 669 1620 M.
701 1563 851 1636 [vers.
875 1560 987 1633 10.]
1017 1559 1265 1625 Quoniam
1293 1570 1503 1625 magnus
1527 1570 1579 1607 es
1600 1562 1676 1619 tu,
1701 1561 1748 1605 et
1768 1548 1958 1621 faciens
1985 1550 2082 1602 mi-

514 1658 726 1719 rabilia;
756 1665 808 1708 tu
839 1670 891 1707 es
923 1652 1056 1705 Deus
1093 1649 1228 1702 solus
1254 1662 1484 1716 magnus.
1516 1643 1681 1698 Nemo
1708 1657 1769 1697 se
1790 1641 1931 1696 dicat
1964 1654 2081 1694 ma-

515 1764 696 1819 gnum.
727 1745 908 1801 Futuri
947 1751 1098 1797 erant
1124 1740 1213 1810 qui
1245 1753 1303 1792 se
1341 1737 1579 1792 dicerent
1607 1747 1824 1803 magnos
1856 1750 1871 1786 :
1898 1740 2081 1787 contra

516 1843 615 1896 hos
638 1841 851 1904 dicitur,
883 1836 963 1890 Tu
994 1851 1044 1889 es
1070 1832 1208 1887 Deus
1232 1832 1367 1885 solus
1391 1844 1621 1900 magnus.
1648 1825 1779 1879 Nam
1805 1823 1931 1894 quid
1967 1838 2079 1877 ma-

516 1947 676 2003 gnum
704 1929 896 1985 dicitur
924 1928 1052 1989 Deo,
1081 1922 1201 1993 quia
1229 1923 1340 1990 ipse
1368 1929 1449 1975 est
1487 1918 1632 1973 solus
1663 1917 1799 1970 Deus
1826 1914 2082 1984 magnus?

518 2025 648 2091 Quis
670 2023 772 2076 hoc
798 2020 983 2081 nescit,
1010 2016 1132 2086 quia
1154 2016 1266 2084 ipse
1291 2023 1373 2067 est
1398 2014 1537 2066 Deus
1560 2008 1811 2079 magnus?
1837 2006 1940 2064 Sed
1961 2006 2083 2075 quia

515 2113 675 2169 futuri
702 2121 873 2177 erant,
902 2110 989 2180 qui
1028 2122 1086 2162 se
1116 2106 1354 2160 dicerent
1381 2115 1619 2172 magnos,
1658 2108 1712 2155 ct
1738 2100 1901 2153 Deum
1939 2098 2080 2153 face:

516 2214 637 2259 rent
663 2217 914 2272 parvum;
954 2207 1140 2253 contra
1181 2196 1304 2251 illos
1341 2194 1533 2247 dicitur
1556 2234 1570 2258 ,
1612 2202 1663 2244 tu
1690 2208 1742 2246 es
1769 2190 1906 2244 solus
1945 2188 2082 2243 Deus

512 2311 742 2365 ntagnus.
767 2292 973 2347 Etenim
994 2287 1135 2358 quod
1165 2297 1218 2340 tu
1244 2286 1396 2347 dicis,
1422 2284 1689 2352 impletur,
1714 2298 1817 2336 non
1845 2280 1985 2351 quod
2011 2280 2101 2333 illi‘

516 2388 694 2440 dicunt
721 2426 736 2445 ,
766 2383 855 2454 qui
881 2396 940 2436 se
964 2381 1143 2434 dicunt
1186 2392 1424 2446 magnos.
1461 2374 1596 2441 Quid
1637 2373 1770 2427 dixit
1812 2372 1950 2426 Deus
1989 2386 2083 2440 per

514 2478 764 2547 Spiritum
786 2473 982 2530 suum?
1004 2471 1186 2525 Omnes
1210 2480 1380 2540 gentes
1406 2475 1642 2538 quotquot
1669 2464 1849 2535 fecisti,
1868 2464 2081 2530 venient,

512 2579 558 2621 et
586 2567 866 2621 adorabunt
884 2579 1053 2617 coram
1076 2572 1141 2624 te,
1167 2559 1402 2613 Domine.
1429 2557 1562 2625 Quid
1589 2556 1715 2611 dicit
1739 2556 1918 2611 nescio
1939 2556 2077 2624 quis,

512 2662 605 2732 qui
634 2675 692 2715 se
728 2658 857 2713 dicit
893 2652 1184 2725 magnum?
1212 2650 1366 2706 Absit
1396 2667 1409 2703 :
1441 2663 1545 2703 non
1569 2646 1821 2702 aduratur
1851 2646 1989 2701 Deus
2029 2645 2081 2698 in

510 2750 762 2806 omnibus
780 2746 1053 2826 gentibqs;
1069 2743 1339 2815 perierunt
1352 2755 1536 2795 omnes
1546 2747 1751 2809 gentes,
1774 2737 1886 2791 sola
1909 2735 2082 2791 Africa

513 2842 784 2917 remansit.
810 2839 921 2894 Hoc
942 2848 996 2891 tn
1014 2835 1167 2900 dicis,
1180 2833 1269 2904 qui
1282 2842 1337 2911 te
1350 2831 1482 2915 dicis
1502 2845 1778 2900 magnum;
1800 2826 1941 2881 aliud
1957 2826 2085 2881 dicit

511 2936 599 3006 qui
616 2944 697 2990 est
711 2933 854 2988 solus
873 2932 1011 2985 Deus
1031 2940 1270 2997 magnus.
1289 2923 1425 2993 Quid
1441 2921 1663 2991 dicitqui
1684 2929 1765 2975 est
1780 2918 1924 2974 solus
1944 2918 2084 2973 Deus

511 3025 755 3098 magnus?
779 3024 964 3079 Omnes
979 3027 1147 3092 gentes
1160 3025 1393 3088 quotquot
1410 3013 1590 3084 fecisti,
1611 3011 1823 3076 venient,
1842 3020 1889 3064 et
1907 3008 2087 3063 adora»

510 3121 631 3174 bunt
653 3131 823 3171 coram
842 3125 907 3179 te,
928 3110 1161 3166 Domine.
1176 3106 1344 3163 Video
1363 3104 1501 3175 quod
1518 3103 1649 3159 dixit
1662 3101 1808 3157 solus
1826 3101 1963 3155 Deus
1979 3114 2084 3153 ma-

510 3224 674 3280 gnus;
700 3214 871 3260 taceat
896 3202 1055 3257 homo
1081 3199 1215 3253 falso
1243 3209 1491 3265 magnus;
1524 3192 1644 3247 ideo
1683 3190 1943 3244 fallaciter
1970 3204 2083 3243 ma-

509 3279 664 3371 gnus,
687 3295 807 3367 quia
820 3294 1132 3364 dedignatur
1150 3303 1269 3344 esse
1290 3299 1501 3357 parvus.
1518 3283 1647 3351 Quis
1661 3294 1853 3352 parvus
1863 3294 1981 3335 esse
1998 3279 2083 3335 de-

509 3389 791 3463 dignatur?
815 3388 919 3443 lste
936 3386 1025 3456 qui
1048 3383 1151 3439 hoc
1170 3380 1317 3435 dicit.
1350 3377 1658 3463 Quicumque
1692 3373 1798 3427 vult
1834 3373 1964 3463 inter
1996 3387 2082 3426 vos

509 3456 675 3552 ntujor
698 3496 832 3542 esse,
875 3476 1007 3531 dixit
1034 3472 1287 3529 Dominus
1309 3509 1325 3533 ,
1360 3456 1455 3522 erit
1488 3475 1645 3520 vester
1667 3479 1837 3517 servus
1869 3461 2076 3533 (Matth.

512 3590 582 3628 xx
609 3615 626 3637 ,
656 3570 771 3640 9.6).
802 3568 895 3622 llle
920 3567 964 3620 si
991 3577 1178 3619 servus
1204 3560 1364 3615 vellet
1399 3571 1520 3612 esse
1556 3556 1778 3609 fratrum
1820 3568 2035 3607 suorum
2060 3595 2075 3618 ,

513 3680 615 3718 non
660 3675 754 3716 eos
790 3642 1062 3728 separaret
1098 3668 1129 3707 a
1172 3659 1339 3706 matre
1380 3648 1614 3716 ipsorum
1644 3664 1658 3698 :
1684 3643 1778 3699 sed
1812 3658 1933 3697 cum
1968 3642 2081 3695 vult

512 3771 631 3811 esse
668 3765 892 3822 magnus
914 3789 929 3815 ,
967 3757 1022 3802 et
1063 3760 1167 3800 non
1212 3740 1491 3824 vult'esse
1526 3736 1811 3793 salubriter
1846 3748 2076 3804 parvus;

512 3849 654 3902 Deus
685 3843 778 3913 qui
805 3839 1049 3911 superbis
1079 3834 1296 3900 resistit,
1330 3830 1613 3886 humilibus
1638 3836 1816 3883 autem
1841 3827 1933 3881 dat
1958 3840 2079 3896 gra—

510 3941 636 3993 tiam
666 3934 865 4006 (Jacobi
901 3948 952 3986 tv
975 3972 990 3997 ,
1015 3930 1108 4000 6),
1148 3926 1267 3997 quia
1305 3924 1450 3981 solus
1475 3931 1557 3977 est
1595 3934 1815 3991 magnus
1836 3959 1852 3983 ,
1897 3917 2080 3986 implet

512 4027 692 4082 omnia
732 4040 849 4094 quin
878 4020 1153 4092 praedixit,
1194 4026 1248 4073 et
1281 4012 1595 4071 contradicit
1620 4008 2075 4067 maledicentibus.

512 4119 726 4175 Christo
759 4115 899 4171 enim
931 4113 1061 4167 tales
1098 4107 1450 4169 maledicunt,
1479 4104 1572 4174 qui
1598 4103 1779 4158 dicunt
1806 4100 1929 4169 quia
1958 4113 2079 4168 per-

512 4211 572 4266 iit
617 4207 857 4264 Ecclesia
886 4204 955 4259 de
984 4211 1095 4258 toto
1135 4201 1265 4255 orbe
1301 4208 1563 4252 terrarum
1587 4233 1603 4259 ,
1646 4201 1703 4246 et
1734 4190 1991 4245 remansit
2022 4189 2077 4243 in

513 4302 625 4357 sola
650 4299 845 4354 Africa.
871 4296 929 4351 Si
947 4295 1151 4349 diceres
1175 4291 1273 4355 illi,
1299 4286 1497 4343 Perdes
1520 4284 1695 4338 villam
1726 4290 1870 4337 tuam
1894 4298 1910 4345 ;
1941 4279 2079 4336 forte

514 4406 623 4446 non
650 4404 681 4443 a
710 4397 762 4442 te
792 4391 1110 4453 temperaret
1137 4393 1348 4434 manum
1382 4393 1395 4428 :
1423 4384 1477 4430 et
1504 4374 1633 4429 dicit
1654 4371 1925 4428 Christum
1954 4386 2075 4442 per-

514 4482 715 4539 didisse
741 4477 1103 4533 haereditatem
1131 4487 1279 4527 suam
1313 4470 1636 4538 redemptam
1664 4467 1918 4539 sanguine
1943 4467 2075 4521 suo!

515 4575 683 4642 Quam
710 4580 884 4624 autem
911 4567 1067 4621 faciat
1086 4566 1329 4634 iniuriam
1357 4561 1550 4626 videte,
1575 4558 1781 4613 fratres.
1810 4558 2075 4626 Scriptura

514 4663 645 4719 dicit
672 4678 687 4714 :
721 4659 786 4713 In
810 4660 911 4713 lata
936 4665 1078 4729 gente
1096 4653 1259 4725 gloria
1280 4652 1445 4721 regis;
1470 4651 1525 4704 in
1551 4648 1877 4703 diminutione
1906 4646 2080 4716 pepuli

512 4752 747 4807 contritio
768 4749 1007 4820 principis
1026 4745 1207 4819 (Prov.
1224 4758 1335 4807 xxv,
1360 4741 1475 4812 28).
1504 4741 1643 4810 Ergo
1669 4740 1805 4793 hanc
1832 4738 2077 4807 iniuriam

514 4842 645 4900 facis
672 4840 905 4906 Christo,
937 4847 994 4892 ut
1016 4837 1163 4892 dicas
1182 4833 1434 4905 populum
1463 4830 1579 4902 eius
1605 4829 1673 4884 ad
1700 4829 1852 4885 istam
1879 4828 2080 4898 exigui-

515 4946 677 4991 tatem
707 4932 1042 4989 diminutum.
1075 4928 1198 4983 ldeo
1222 4934 1377 4981 natus
1404 4938 1484 4990 es,
1511 4923 1631 4978 ideo
1654 4919 1999 4976 christianum
2025 4928 2078 4975 te

508 5029 669 5095 dicis,
700 5038 757 5081 ut
783 5023 1021 5079 invideas
1045 5019 1227 5091 gloria:
1261 5017 1495 5081 Christi,
1521 4998 1672 5083 cuius
1698 5013 1914 5084 signum
1932 5020 1984 5066 te
2024 5012 2079 5066 in

510 5123 689 5177 fronte
718 5126 929 5188 portare
957 5112 1170 5173 asseris,
1200 5120 1253 5165 et
1277 5108 1346 5163 de
1364 5108 1525 5163 corde
1546 5103 1859 5175 perdidisti?
1885 5101 1953 5157 In
1976 5103 2080 5157 tata

515 5225 659 5285 gente
682 5212 843 5284 gloria
866 5209 996 5279 regis
1026 5223 1044 5260 :
1069 5219 1297 5276 agnosce
1330 5217 1509 5273 regem
1538 5211 1721 5264 tuum;
1748 5200 1813 5254 da
1853 5198 1928 5252 illi
1965 5199 2080 5267 glo-

516 5304 676 5367 riam,
694 5302 761 5358 da
784 5299 860 5355 illi
880 5300 1036 5353 latam
1055 5298 1286 5367 g’eutem.
1308 5293 1477 5360 Quam
1501 5291 1661 5344 latam
1686 5299 1896 5359 gentem
1915 5287 2076 5355 dabo,

515 5399 730 5469 inquis?
758 5396 875 5452 Noli
913 5411 977 5451 ex
1006 5402 1098 5447 tuo
1123 5389 1282 5445 corde
1308 5388 1456 5449 dare,
1478 5393 1533 5441 et
1554 5392 1702 5443 recte
1725 5382 1897 5439 dabis.
1926 5380 2078 5437 Unde

514 5492 587 5545 do
610 5531 625 5553 .
664 5489 910 5559 inquies?
935 5490 1070 5544 Ecce
1111 5484 1235 5538 hinc
1275 5482 1342 5537 da
1373 5499 1388 5535 :
1421 5479 1606 5534 Omnes
1633 5485 1800 5548 gentes
1841 5480 2080 5544 quotquot

450 5643 463 5651 ν
518 5580 679 5650 fecisti
702 5620 717 5644 ,
741 5580 933 5632 venient
957 5619 971 5642 ,
1014 5586 1061 5631 et
1089 5573 1365 5628 adorabunt
1395 5585 1565 5624 coram
1591 5577 1637 5621 te
1657 5606 1675 5633 ,
1713 5564 1946 5619 Domine.
1984 5561 2079 5616 Dic

519 5674 622 5731 hoc
643 5713 657 5737 ,
699 5669 950 5725 conﬁtere
979 5669 1079 5723 hoc
1100 5708 1116 5734 ,
1153 5675 1209 5720 et
1242 5663 1435 5720 dedisti
1474 5663 1633 5715 latam
1675 5667 1929 5737 gentem:
1956 5653 2077 5723 quia

520 5776 707 5823 omnes
725 5768 907 5831 gentes
931 5759 986 5814 in
1012 5771 1117 5813 uno
1142 5771 1281 5823 una;
1323 5756 1437 5826 ipsa
1474 5760 1557 5809 est
1582 5750 1774 5806 unitas.
1801 5735 2076 5816 Quomodo

1725 341 1788 396 Β.
1830 339 2186 396 AUGUSTINI
2229 339 2523 397 EPISCOPI

3619 328 3757 397 una

2185 456 2326 509 enim
2355 454 2588 509 Ecclesia
2628 464 2683 509 et
2725 454 2979 509 Ecclesiae
3004 495 3019 520 ,
3058 453 3159 509 illa:
3201 452 3453 508 Ecclesiae
3498 467 3615 521 qua:
3654 454 3756 507 Ec-

2184 545 2378 611 clesia;
2426 548 2503 600 sic
2548 544 2633 599 illa
2682 560 2815 616 gens
2860 560 2979 615 quae
3026 552 3212 615 gentes
3261 563 3274 596 :
3321 553 3474 597 antea
3520 552 3707 612 gentes
3734 586 3750 606 ,

2184 638 2362 692 multa:
2394 645 2621 706 gentes;
2660 637 2818 690 modo
2867 652 2970 690 una
3008 650 3156 706 gens.
3217 635 3394 699 Quare
3434 649 3536 687 una
3576 636 3755 702 gens?

2184 730 2316 799 Quia
2341 744 2443 785 una
2474 729 2606 785 ﬁdes
2630 772 2645 793 ,
2689 730 2808 799 quia
2853 745 2954 783 una
3000 744 3123 798 spes
3146 769 3160 792 ,
3192 729 3312 797 quia
3340 743 3444 781 una
3473 727 3709 780 charitas
3735 767 3752 792 ,

2184 825 2306 894 quia
2331 839 2435 878 una
2459 824 2800 892 exspectatio.
2832 823 3110 877 Postremo
3137 834 3304 893 quare
3332 836 3437 874 non
3465 835 3569 874 una
3596 834 3753 890 gens,

2185 917 2229 970 si
2257 932 2359 970 una
2381 914 2579 991 patria?
2608 914 2780 968 Patria
2808 913 3041 970 ctelesﬁs
3068 920 3152 967 est
3178 914 3231 995 ξ,
3262 911 3429 979 patria
3454 910 3752 965 Jerusalem

2186 1017 2268 1061 est
2297 1025 2310 1059 :
2341 1007 2738 1078 quisquisinde
2765 1008 2897 1061 civis
2939 1022 3043 1062 non
3090 1014 3206 1070 est,
3248 1003 3315 1059 ad
3360 1005 3516 1059 istam
3541 1014 3754 1072 gentem

2187 1114 2290 1153 non
2321 1100 2579 1168 pertinet;
2611 1099 2848 1169 quisquis
2888 1107 3060 1153 autem
3102 1096 3225 1151 inde
3260 1096 3391 1151 civis
3417 1104 3501 1150 est
3521 1137 3536 1161 ,
3565 1096 3618 1169 in
3649 1109 3755 1148 una

2185 1197 2343 1258 gente
2369 1190 2459 1243 Dei
2488 1200 2588 1245 est.
2614 1190 2681 1244 Et
2705 1189 2818 1243 haec
2841 1203 2971 1258 gens
2995 1188 3062 1241 ab
3088 1185 3294 1241 oriente
3322 1186 3373 1240 in
3398 1184 3767 1246 occidentem.

2186 1280 2254 1333 ab
2280 1280 2525 1349 aquilone
2566 1289 2621 1334 et
2659 1280 2794 1334 mari
2820 1278 3134 1333 distenditur
3175 1292 3269 1346 per
3308 1285 3533 1346 quatuor
3573 1285 3754 1344 partes

2156 1396 2159 1399 -
2188 1369 2348 1423 totius
2370 1370 2534 1425 orbis.
2556 1371 2668 1425 Hoc
2692 1370 2831 1425 Deus
2849 1369 2977 1425 dicit
3004 1388 3017 1422 :
3045 1369 3126 1423 Ab
3151 1369 3355 1423 oriente
3377 1377 3431 1422 et
3451 1366 3751 1429 occidente,

2186 1462 2254 1515 ab
2277 1461 2523 1529 aquilone
2548 1471 2603 1517 et
2628 1461 2761 1515 mari
2786 1461 2908 1515 date
2931 1460 3150 1529 gloriam
3180 1459 3306 1513 Deo.
3339 1457 3451 1521 Hoc
3487 1456 3751 1525 prmdixit,

2188 1552 2289 1607 huc
2306 1552 2574 1622 implevit,
2604 1553 2693 1623 qui
2720 1554 2865 1608 solus
2888 1562 2970 1608 est
2989 1566 3230 1623 magnus.
3258 1551 3472 1605 Desinat
3499 1564 3629 1620 ergo
3655 1548 3755 1603 hoc

2187 1643 2366 1699 dicere
2390 1653 2573 1699 contra
2600 1644 2775 1699 solum
2818 1660 3065 1714 magnum
3090 1684 3105 1707 ,
3137 1643 3226 1712 qui
3262 1642 3431 1696 noluit
3475 1655 3595 1695 esse
3634 1655 3755 1710 par—

2186 1751 2283 1790 vus
2315 1755 2330 1791 :
2359 1738 2479 1807 quia
2507 1752 2611 1791 non
2640 1745 2861 1807 possunt
2884 1750 3001 1791 esse
3025 1736 3132 1790 duo
3160 1734 3355 1803 magni,
3387 1734 3527 1790 Deus
3566 1741 3621 1788 et
3648 1732 3754 1786 Do-

2187 1838 2359 1884 natus.

2258 1922 2345 1977 15.
2391 1921 2539 1994 [νινε.
2587 1922 2697 1994 Η.]
2728 1921 2903 1976 Deduc
2933 1938 3041 1986 me,
3068 1920 3284 1973 Domine
3305 1963 3319 1982 ,
3359 1920 3412 1972 in
3447 1919 3528 1973 aia
3552 1926 3639 1970 tua
3658 1956 3677 1981 ,
3703 1925 3755 1971 et

2187 2015 2450 2070 ambulabo
2481 2017 2534 2068 in
2559 2016 2761 2069 veritate
2787 2025 2894 2071 tua.
2928 2015 3021 2068 Via
3052 2021 3138 2068 tua
3159 2055 3173 2077 ,
3212 2014 3407 2068 veritas
3440 2021 3528 2065 tua
3554 2051 3569 2074 ,
3598 2010 3703 2063 vita
3729 2011 3750 2040 ¹

2190 2115 2275 2159 tua
2295 2148 2311 2171 ,
2339 2105 2596 2161 Christus.
2629 2106 2772 2176 Ergo
2806 2121 2999 2175 corpus
3038 2105 3103 2159 ad
3147 2105 3292 2159 illum
3316 2145 3331 2169 ,
3378 2112 3432 2158 et
3468 2117 3662 2172 corpus
3688 2101 3754 2157 de

2188 2196 2301 2251 illo.
2330 2196 2440 2269 Ego
2466 2215 2579 2252 sum
2601 2200 2681 2251 uia
2704 2239 2718 2261 ,
2768 2208 2815 2252 et
2852 2198 3030 2251 veritus
3049 2239 3061 2259 ,
3095 2206 3142 2249 et
3165 2198 3264 2250 vita
3304 2195 3481 2265 (Joan.
3515 2208 3607 2247 xw
3627 2234 3643 2259 ,
3674 2191 3751 2264 6).

2187 2284 2361 2341 Deduc
2386 2304 2482 2354 me,
2515 2287 2747 2352 Domine,
2777 2289 2828 2341 in
2855 2290 2935 2342 via
2962 2299 3065 2341 tua.
3109 2287 3166 2340 ln
3197 2302 3299 2356 qua
3326 2286 3456 2340 via?
3480 2283 3544 2339 Et
3570 2285 3751 2338 ambu-

2187 2378 2302 2431 tabo
2347 2379 2399 2431 in
2426 2380 2648 2433 ueritate
2685 2388 2790 2432 tua.
2835 2379 2992 2433 Aliud
3035 2387 3146 2442 est,
3191 2387 3247 2431 ut
3287 2377 3446 2432 ducat
3472 2377 3538 2431 ad
3576 2376 3750 2441 viam;

2186 2468 2348 2532 aliud,
2377 2477 2432 2522 ut
2456 2468 2684 2524 deducat
2719 2470 2773 2524 in
2796 2470 2901 2524 via.
2933 2469 3061 2523 Vide
3086 2469 3354 2523 hominem
3384 2468 3583 2537 ubique
3612 2483 3749 2537 pau-

2186 2576 2367 2631 perem
2391 2604 2406 2628 ,
2438 2562 2631 2632 ubique
2657 2561 2920 2631 adiutorio
2952 2572 3218 2633 egentem.
3252 2561 3351 2628 Qui
3382 2570 3575 2631 praeter
3612 2561 3751 2615 viam

2187 2662 2330 2716 sunt,
2358 2652 2634 2708 christiani
2656 2669 2760 2708 non
2785 2661 2928 2717 sunt,
2950 2663 3042 2708 aut
3070 2652 3312 2709 catholici
3339 2651 3571 2706 nondum
3594 2660 3717 2706 sunt
3733 2694 3749 2715 ,

2186 2745 2514 2802 deducantur
2553 2745 2620 2799 ad
2662 2747 2797 2800 viam
2831 2746 2961 2801 :sed
3003 2761 3123 2800 cum
3170 2744 3407 2815 perducti
3453 2744 3645 2799 fuerint
3683 2742 3752 2796 ad

2185 2838 2326 2891 viam
2352 2879 2367 2904 ,
2404 2845 2460 2893 et
2493 2837 2736 2892 catholici
2768 2839 2820 2891 in
2866 2836 3079 2892 Christo
3116 2835 3240 2890 facti
3269 2835 3498 2897 fuerint;
3540 2833 3606 2887 ab
3634 2833 3752 2904 ipso

2185 2928 2513 2984 deducantur
2542 2930 2593 2983 in
2620 2930 2732 2997 ipsa
2769 2928 2872 2993 via,
2900 2944 2968 2983 ne
2997 2926 3209 2982 cadant.
3248 2926 3403 2980 Certe
3424 2925 3533 2994 iam
3561 2898 3749 2978 ambu-

2186 3021 2296 3076 lant
2324 3021 2376 3075 in
2405 3020 2508 3074 via.
2534 3019 2711 3074 Deduc
2734 3035 2831 3083 me,
2854 3018 3101 3082 Domine,
3129 3018 3183 3071 in
3209 3017 3290 3071 via
3315 3026 3403 3069 tua
3429 3032 3448 3069 :
3474 3023 3621 3069 certe
3641 3012 3752 3082 iam

2186 3113 2238 3166 in
2265 3112 2349 3167 via
2377 3119 2462 3166 tua
2491 3125 2629 3177 sum,
2655 3110 2825 3165 deduc
2848 3125 2934 3164 me
2959 3110 3051 3163 ibi.
3086 3107 3153 3162 Et
3179 3106 3444 3161 ambulabo
3472 3106 3524 3158 in
3549 3105 3754 3158 veritate

2185 3211 2271 3256 tua
2302 3217 2321 3255 :
2346 3210 2397 3257 te
2419 3200 2735 3266 deducente,
2764 3214 2869 3254 non
2897 3199 3120 3258 errabo;
3147 3198 3190 3253 si
3220 3196 3505 3258 dimiseris,
3538 3195 3747 3249 errabo.

2183 3290 2289 3345 Ora
2317 3306 2444 3361 ergo
2473 3302 2528 3345 ut
2566 3307 2670 3345 non
2706 3290 2970 3357 dimittat,
2999 3288 3091 3344 sed
3120 3304 3286 3356 usque
3315 3289 3365 3342 in
3397 3288 3553 3342 finem
3582 3285 3748 3341 dedu-

2185 3388 2288 3434 cat.
2337 3380 2612 3448 Quomodo
2649 3380 2903 3436 deducit?
2942 3362 3163 3449 Semper
3207 3379 3494 3446 monendo,
3540 3392 3751 3446 semper

2183 3471 2359 3527 dando
2390 3473 2479 3526 tibi
2521 3487 2736 3527 manum
2765 3486 2933 3526 suam.
2980 3470 3048 3524 Et
3090 3470 3366 3537 brachium
3412 3470 3621 3524 Domini
3663 3469 3747 3523 cui

2184 3564 2470 3619 revelatum
2497 3571 2580 3619 est
2616 3563 2771 3634 (Isai.
2798 3578 2885 3618 un
2909 3604 2924 3629 ,
2954 3562 3043 3632 ην
3076 3562 3258 3617 Danda
3298 3562 3437 3616 enim
3478 3560 3746 3616 Christum

2183 3671 2357 3723 suum,
2388 3657 2478 3711 dat
2502 3671 2715 3711 manum
2743 3669 2923 3721 suam;
2949 3654 3125 3710 dando
3148 3669 3360 3710 manum
3380 3668 3528 3709 suam
3547 3695 3560 3719 ,
3591 3652 3749 3708 Chri-

2183 3757 2323 3802 stum
2350 3762 2503 3802 suum
2532 3747 2638 3801 dat.
2673 3746 2755 3802 Ad
2777 3747 2914 3801 viam
2944 3745 3117 3811 ducit,
3140 3744 3477 3815 perducendo
3502 3743 3568 3798 ad
3595 3742 3751 3798 Chri-

2181 3849 2324 3894 stum
2350 3853 2503 3894 suum
2524 3855 2540 3904 ;
2559 3839 2610 3892 in
2630 3838 2715 3892 via
2729 3837 2959 3903 deducit,
2981 3833 3288 3891 deducendo
3302 3835 3355 3889 in
3372 3834 3582 3889 Christo
3606 3848 3705 3888 suo
3730 3852 3744 3886 :

2180 3928 2422 3985 Christus
2449 3938 2623 3984 autem
2659 3929 2873 3984 veritas.
2914 3926 3092 3981 Deduc
3118 3942 3196 3980 me
3218 3938 3346 3996 ergo
3364 3965 3380 3990 ,
3408 3922 3624 3978 Domine
3649 3966 3665 3991 ,
3695 3926 3748 3978 in

2180 4027 2261 4080 via
2291 4035 2379 4077 tua
2398 4066 2413 4090 ,
2441 4032 2488 4077 et
2511 4022 2774 4077 ambulabo
2798 4022 2851 4075 in
2875 4021 3080 4079 veritate
3105 4029 3191 4073 tua
3219 4034 3237 4073 :
3261 4018 3315 4073 in
3339 4017 3432 4073 illo
3459 4016 3636 4086 utique
3659 4018 3747 4087 qui

2181 4119 2275 4183 ait,
2306 4116 2418 4188 Ego
2442 4133 2553 4171 sum
2575 4117 2674 4181 via,
2704 4125 2751 4169 et
2777 4115 2976 4179 veritas,
3004 4122 3049 4165 et
3075 4113 3196 4166 vita.
3223 4110 3355 4166 Nam
3384 4110 3475 4181 qui
3505 4110 3555 4163 in
3583 4108 3664 4162 via
3694 4118 3749 4163 et

2181 4210 2403 4264 veritate
2427 4207 2664 4269 deducis,
2690 4220 2796 4275 quo
2818 4205 2919 4259 nisi
2943 4203 3007 4258 ad
3029 4203 3189 4257 vitam
3213 4201 3494 4272 perducis?
3525 4199 3748 4255 Deducis

2181 4317 2308 4373 ergo
2332 4302 2383 4354 in
2410 4301 2521 4367 illo,
2548 4298 2613 4352 ad
2642 4297 2807 4351 illum.
2840 4278 3009 4349 Deduc
3037 4311 3135 4359 me,
3178 4292 3411 4359 Do‘mine,
3441 4294 3495 4347 in
3522 4293 3603 4347 via
3624 4301 3744 4361 tua,

2185 4403 2231 4447 et
2259 4390 2521 4445 ambulaba
2544 4392 2597 4442 in
2623 4388 2826 4442 veritate
2844 4394 2949 4438 tua.

2257 4485 2343 4540 16.
2381 4482 2701 4538 Jucnndetur
2744 4495 2829 4533 cor
2856 4493 3037 4539 meum,
3090 4486 3144 4529 ut
3173 4476 3344 4529 timeat
3372 4488 3553 4527 nomen
3585 4483 3745 4528 tuum.

2185 4580 2323 4647 Ergo
2346 4579 2500 4630 timor
2515 4576 2567 4629 iu
2585 4573 2912 4645 iucunditate
2934 4579 3032 4625 est.
3057 4571 3124 4624 Et
3142 4566 3408 4638 quomodo
3424 4566 3745 4636 iucunditas,
3764 4577 3777 4593 '

2182 4670 2226 4723 si
2249 4666 2446 4721 timor?
2475 4664 2661 4719 Nonne
2688 4663 2844 4716 timor
2882 4675 3095 4714 amarus
3141 4660 3275 4713 solet
3302 4658 3465 4712 esse?
3511 4657 3623 4711 Erit
3645 4656 3749 4710 ali-

2184 4758 2393 4829 quando
2414 4754 2716 4827 iucunditas
2741 4753 2857 4806 sine
2883 4752 3091 4814 timore,
3118 4749 3279 4803 modo
3300 4747 3600 4818 iucunditas
3625 4762 3774 4801 cum»

2183 4850 2411 4905 timore:
2444 4846 2677 4902 nondum
2716 4853 2796 4900 est
2834 4844 2973 4898 enim
3002 4843 3154 4911 plena
3186 4842 3456 4905 securitas,
3503 4854 3599 4892 nec
3629 4854 3754 4907 per-

2185 4938 2661 5009 fectaiucunditas.
2705 4937 2763 4991 Si
2805 4934 2948 4990 nulla
2982 4932 3302 5004 iucunditas,
3342 4930 3659 4993 deficimus;
3704 4932 3751 4984 si

2185 5036 2338 5105 plena
2359 5033 2635 5095 securitas,
2664 5029 2804 5083 male
2827 5027 3170 5082 exsultamus.
3214 5025 3350 5093 Ergo
3375 5032 3430 5077 et
3452 5021 3752 5091 incundita-

2184 5136 2290 5182 tem
2320 5131 2582 5194 aspergat,
2624 5130 2680 5175 et
2708 5120 2952 5173 timorem
2994 5117 3232 5181 incutiat,
3277 5123 3335 5169 ut
3376 5114 3445 5168 de
3469 5113 3753 5168 dulcedine

2180 5213 2523 5286 iucunditatis
2572 5209 2829 5280 perducat
2891 5222 2988 5261 nos
3048 5206 3113 5259 ad
3172 5204 3353 5259 sedem
3406 5203 3750 5259 securitatis:

2184 5306 2360 5363 dando
2388 5307 2653 5367 timorem,
2682 5317 2788 5356 non
2812 5314 2912 5355 nos
2933 5298 3089 5353 faciat
3107 5297 3245 5352 male
3270 5298 3558 5362 exsultare,
3590 5306 3642 5350 et
3668 5310 3753 5350 re-

2183 5398 2375 5455 cedere
2402 5395 2471 5451 de
2494 5396 2596 5447 via.
2648 5392 2770 5446 Ideo
2791 5391 2919 5445 dicit
2946 5389 3201 5459 psalmus,
3235 5387 3427 5443 Servite
3450 5386 3667 5439 Domino
3695 5385 3753 5438 in
3780 5396 3785 5401 '

2185 5493 2380 5554 timore,
2424 5495 2471 5542 et
2489 5486 2734 5541 exsultate
2773 5484 2818 5537 ei
2845 5499 2959 5536 cum
2986 5492 3198 5536 tremore
3221 5478 3389 5551 (Psal.
3418 5492 3475 5546 Il,
3508 5476 3597 5550 Η)
3627 5494 3642 5533 :
3675 5476 3754 5532 sic

2248 5692 2266 5721 ι
2289 5696 2405 5750 Reg.
2427 5693 2532 5754 tis,
2557 5686 2602 5737 si
2639 5698 2732 5736 una
2754 5683 2926 5754 putria:
2949 5679 3150 5734 deleatis
3172 5678 3277 5731 est?

2248 5754 2269 5785 ³
2292 5750 2444 5801 Nostri
2462 5761 2636 5811 omnes
2652 5755 2785 5815 μᾶς..
