4024 6210
303 323 432 378 1093

302 447 344 488 cl
367 437 635 504 apostolus
665 437 858 493 Paulus
903 439 1047 505 dicit,
1087 441 1214 497 Cum
1242 445 1415 500 timore
1449 459 1495 500 et
1533 458 1746 504 tremore
1778 465 1859 504 ve.

300 537 450 581 stram
467 527 693 595 ipsorum
722 532 934 585 salutem
969 537 1245 602 aperamini
1265 553 1284 599 ;
1330 537 1466 592 Deus
1505 541 1634 593 enim
1678 553 1749 595 est
1773 543 1859 610 qui

300 629 528 684 operatur
555 621 610 672 in
646 622 784 675 vobis
825 621 1076 696 (Philipp.
1107 643 1162 691 tt,
1190 627 1277 695 12,
1305 630 1416 700 15).
1445 630 1704 702 Quidquid
1731 649 1856 703 ergo

301 725 603 778 prosperum
628 712 790 778 venit,
817 713 1024 781 fratres,
1044 717 1209 786 magis
1229 721 1567 774 metuendum
1585 731 1667 777 est
1693 739 1706 774 ε
1735 739 1855 793 qum

297 802 481 868 putatis
503 817 778 873 prospera,
807 806 973 876 magis
999 809 1313 864 tentationes
1337 820 1478 865 sunt.
1507 813 1662 868 Venit
1684 813 1855 870 haere-

292 890 443 955 ditas,
499 894 644 948 venit
698 895 848 964 copia
901 912 1114 964 rerum,
1163 899 1395 954 abundat
1437 902 1852 960 circumﬂuentia

293 982 467 1036 nescio
497 984 648 1052 cujus
670 969 966 1041 felicitatis:
1002 992 1315 1045 tentationes
1345 1002 1468 1045 sunt
1491 994 1639 1060 istte;
1671 1005 1852 1052 cavete

290 1090 355 1128 ne
397 1090 488 1128 vos
518 1076 619 1129 ista
647 1090 1007 1148 corrumpant.
1054 1080 1313 1152 Quidquid
1341 1085 1496 1138 etiam
1541 1101 1848 1157 prosperum

287 1175 363 1218 est
415 1167 704 1222 secundum
755 1167 1020 1224 Christum
1073 1181 1124 1225 et
1189 1189 1488 1242 germanam
1540 1177 1847 1234 charitatem

285 1255 476 1311 Christi
505 1275 519 1309 :
572 1260 616 1313 si
664 1259 799 1316 forte
840 1261 1069 1317 lucratus
1093 1279 1153 1319 es
1191 1282 1406 1321 uxorem
1439 1277 1578 1324 tuam
1610 1287 1725 1340 quae
1755 1273 1849 1327 fuit

195 1377 198 1384 -
285 1348 334 1401 in
383 1357 528 1416 parte
581 1351 807 1416 Donati;
864 1354 908 1408 si
950 1355 1083 1408 forte
1120 1356 1456 1413 crediderunt
1502 1362 1608 1414 lilii”
1643 1364 1716 1417 tui
1759 1366 1846 1434 qui

285 1437 494 1492 luerunt
524 1441 713 1508 pagani
738 1457 752 1505 ;
781 1443 825 1496 si
855 1441 990 1498 forte
1017 1445 1247 1500 lucratus
1268 1462 1326 1502 es
1347 1449 1570 1504 amicum
1592 1461 1736 1506 tuum
1757 1457 1845 1523 qui

286 1541 335 1584 te
365 1531 573 1584 volebat
600 1533 886 1602 scducere‘
919 1536 983 1589 ad
1007 1535 1230 1602 theatra,
1257 1547 1311 1594 et
1337 1551 1388 1592 tu
1417 1555 1536 1595 eum
1563 1542 1754 1598 duxisti
1779 1546 1845 1599 ad

284 1623 554 1676 ecclesiam
583 1641 598 1688 ;
631 1626 674 1678 si
700 1625 832 1680 forte
855 1627 1210 1682 contradictor
1239 1632 1417 1686 nescio
1456 1635 1572 1700 quis
1603 1635 1845 1692 inimicus

284 1724 399 1765 tuus
431 1724 482 1768 et
519 1714 704 1769 rabide
729 1717 973 1784 saeviens,
1019 1718 1254 1787 deposita
1283 1721 1368 1776 illa
1401 1723 1548 1778 rabie
1574 1725 1740 1782 factus
1764 1740 1846 1784 est

284 1806 437 1868 mitis,
460 1815 514 1858 et
535 1806 752 1875 agnovit
774 1808 961 1873 Deum,
993 1825 1088 1864 nec
1115 1811 1339 1866 oblatrat
1366 1814 1621 1871 adversus
1646 1825 1716 1885 te,
1750 1820 1842 1874 sed

279 1898 461 1949 clamat
511 1907 688 1951 tecum
737 1898 991 1953 adversus
1021 1901 1216 1954 malum
1249 1920 1260 1954 :
1312 1903 1410 1958 ista
1435 1905 1664 1974 jucunda
1695 1919 1839 1963 sunt.

279 1985 420 2039 Unde
448 1987 591 2040 enim
620 1987 928 2059 gaudemus,
961 1990 1001 2042 si
1028 1989 1095 2044 de
1125 1990 1206 2043 his
1245 2006 1349 2045 non
1374 1994 1706 2062 gaudemus?
1752 2009 1842 2053 aut

276 2094 384 2143 quae
433 2087 559 2132 sunt
615 2080 716 2133 alia
766 2081 952 2150 gaudia
1005 2092 1206 2147 nostra,
1248 2083 1352 2136 nisi
1401 2085 1543 2138 ista?
1587 2085 1691 2142 Sed
1716 2089 1838 2159 quia

274 2169 539 2222 abundant
581 2179 633 2223 ct
675 2171 1059 2236 tribulationes,
1105 2179 1158 2227 et
1185 2173 1520 2239 tentationes,
1550 2185 1603 2231 et
1630 2178 1838 2235 dissen-

272 2261 457 2323 siones,
497 2270 549 2313 et
574 2260 878 2328 schismata,
907 2271 957 2314 et
981 2271 1168 2316 cetera
1199 2264 1352 2328 mala,
1383 2266 1496 2320 sine
1523 2268 1711 2336 quibus
1733 2285 1836 2324 non

272 2363 432 2417 mtest
464 2368 584 2406 esse
611 2353 860 2407 smeulum
908 2355 1027 2417 hoc,
1073 2353 1243 2410 donec
1283 2365 1514 2410 transeat
1560 2359 1831 2429 iniquitas;

270 2443 549 2496 exsultatio
593 2443 679 2495 illa
713 2458 816 2496 non
843 2459 938 2497 nos
962 2445 1117 2497 faciat
1143 2459 1379 2511 securos,
1429 2447 1520 2501 sed
1553 2449 1621 2502 ita
1641 2449 1833 2517 jucun-

268 2536 409 2588 detur
456 2551 554 2590 cor
612 2548 866 2601 noswum,
920 2546 975 2590 ut
1016 2536 1198 2592 timeat
1241 2553 1434 2593 nomen
1488 2541 1714 2608 Domini,
1766 2559 1834 2598 ne

265 2627 470 2682 aliunde
493 2627 836 2695 jucundetur,
862 2628 1072 2683 aliunde
1101 2629 1333 2684 feriatur.
1357 2630 1702 2688 Securitatem
1727 2650 1830 2688 non

265 2720 576 2786 exspectetis
607 2719 658 2771 in
690 2717 1109 2788 peregrinatione
1142 2737 1154 2772 :
1200 2720 1409 2790 quando
1436 2722 1574 2776 illam
1609 2724 1693 2779 hic
1732 2741 1828 2778 vo-

266 2809 534 2874 luerimus,
565 2807 765 2862 viscum
796 2809 896 2863 erit
924 2810 1220 2879 corporis’,
1251 2825 1358 2864 non
1381 2812 1638 2866 securitas
1662 2813 1832 2868 homi-

266 2899 363 2952 nis.
403 2897 726 2953 Jucundetur
750 2917 837 2954 cor
861 2916 1045 2967 meum,
1067 2911 1120 2953 ut
1141 2901 1308 2954 timeat
1330 2917 1507 2955 nomen
1529 2912 1687 2956 tuum.

325 2993 412 3045 i7.
467 2990 620 3065 [vera
664 2991 751 3053 l2,
805 2989 914 3064 15.]
959 2989 1242 3060 Conﬁtebor
1283 2992 1388 3058 tibi,
1438 2992 1653 3049 Domine
1694 2994 1830 3048 Deus

263 3100 418 3149 meas,
447 3087 501 3136 in
541 3094 644 3138 toto
675 3084 821 3137 corde
852 3101 989 3150 meo,
1017 3095 1063 3138 et
1087 3085 1376 3153 gloriﬁcabo
1414 3103 1592 3140 nomen
1615 3097 1752 3140 tuam
1777 3090 1829 3142 in

259 3188 532 3238 «sternam;
577 3177 814 3246 quoniam
860 3176 1200 3229 misericordia
1243 3186 1328 3229 tua
1366 3193 1549 3246 magna
1577 3188 1649 3252 est
1681 3189 1829 3242 super

259 3287 352 3332 me,
384 3278 427 3321 et
457 3268 632 3321 eruisti
649 3267 870 3320 animam
893 3283 1051 3319 meam
1076 3285 1137 3320 ea:
1160 3269 1356 3338 inferno
1389 3269 1640 3336 inferiore.
1678 3273 1827 3337 Quod

257 3360 514 3423 dicimus,
560 3357 771 3423 fratres,
825 3358 926 3410 hoc
969 3358 1011 3411 si
1051 3372 1155 3410 non
1203 3358 1350 3412 vobis
1378 3369 1621 3428 tanquam
1651 3359 1828 3416 certus

256 3466 570 3522 exposuero,
618 3466 684 3505 ne
738 3449 1111 3504 succenseatis.
1161 3449 1332 3504 Homo
1379 3465 1494 3504 sum
1540 3452 1719 3517 enim,
1777 3464 1828 3507 et

255 3553 507 3612 quantum
547 3540 858 3596 conceditur
910 3538 975 3594 de
1014 3539 1302 3608 Scripturis
1353 3541 1571 3607 sanctis,
1626 3551 1826 3596 tantum

254 3634 421 3687 audeo
446 3633 626 3687 dicere
655 3648 669 3683 :
701 3631 828 3685 nihil
857 3646 918 3684 ex
944 3646 1046 3684 me.
1084 3629 1346 3684 lnfernum
1379 3647 1477 3686 nec
1508 3647 1608 3702 ego
1634 3649 1824 3702 exper-

255 3736 334 3780 tus
364 3740 479 3779 sum
508 3724 700 3786 adhuc,
729 3737 828 3777 nec
853 3738 948 3778 vos
973 3739 985 3774 :
1023 3733 1078 3776 et
1116 3721 1357 3777 fortassis
1382 3725 1482 3778 alia
1516 3725 1598 3778 via
1624 3726 1742 3789 erit,
1773 3736 1827 3780 et

255 3792 355 3873 non
386 3834 482 3888 per
513 3817 774 3870 infernum
799 3815 918 3870 erit.
951 3815 1154 3869 Incerta
1178 3815 1451 3869 sunthaec.
1483 3815 1676 3869 Verum
1704 3817 1824 3883 quia

253 3909 376 3962 dicit
398 3907 693 3976 Scriptura,
721 3906 800 3961 cui
827 3905 1116 3959 contradici
1141 3921 1244 3959 non
1274 3913 1467 3974 potest,
1499 3904 1690 3957 Eruisti
1709 3907 1824 3958 ani-

255 4018 382 4052 mam
404 4013 571 4052 meam
603 4014 664 4052 ea:
686 3998 883 4067 inferno
911 3997 1186 4067 inferiore;
1206 3994 1541 4064 intelligimus
1581 4004 1824 4065 tanquam

253 4096 354 4144 duo
403 4089 615 4144 inferna
663 4102 802 4153 esse,
847 4085 1112 4155 superius,
1152 4095 1206 4139 et
1235 4083 1496 4138 inferius:
1526 4098 1645 4137 nam
1686 4085 1824 4139 unde

254 4183 518 4237 infernum
547 4179 785 4246 inferius,
835 4178 937 4233 nisi
967 4179 1088 4248 quia
1124 4185 1205 4230 est
1247 4175 1509 4231 infernum
1549 4176 1823 4243 superius?

253 4273 405 4327 Aliud
451 4287 558 4326 non
592 4270 856 4324 diceretur
892 4267 1174 4332 infernum,
1227 4265 1327 4319 nisi
1357 4267 1406 4320 in
1434 4266 1823 4335 comparatione

255 4367 393 4418 illius
429 4363 727 4433 superioris
780 4361 963 4430 partis.
1000 4359 1218 4412 Videtur
1264 4359 1659 4428 ergo,’fratrcs,
1705 4373 1822 4413 esse

251 4458 509 4512 habitatio
537 4453 776 4525 quaedam
805 4451 1036 4507 caelestis
1061 4452 1383 4520 Angelorum
1411 4469 1422 4502 :
1467 4451 1536 4504 ibi
1568 4451 1670 4503 vita
1692 4451 1823 4503 inef-

251 4550 483 4604 fabilinm
521 4547 852 4618 gaudiorum,
897 4545 965 4598 ibi
994 4544 1361 4597 immortalitas
1399 4552 1452 4596 et
1478 4544 1819 4611 incorruptio,

245 4645 316 4696 ibi
337 4643 519 4696 omnia
543 4638 830 4694 secundum
859 4638 947 4690 Dei
971 4637 1167 4690 donum
1191 4645 1244 4690 et
1269 4635 1488 4703 gratiam
1517 4649 1823 4703 permanen-

246 4737 335 4788 tia.
361 4735 453 4788 illa
489 4745 614 4800 pars
644 4744 815 4783 rerum
847 4743 1069 4796 superna
1099 4735 1198 4780 est.
1251 4726 1307 4780 Si
1335 4741 1458 4794 ergo
1489 4725 1572 4778 illa
1597 4741 1820 4794 superna

243 4839 352 4888 est;
400 4827 522 4880 haec
555 4834 783 4886 terrena,
813 4821 898 4875 ubi
927 4834 1050 4874 caro
1079 4828 1132 4886 et
1162 4820 1393 4890 sanguis,
1447 4817 1532 4872 ubi
1557 4821 1818 4888 corrupti-

241 4916 439 4976 isilitas,
477 4914 565 4967 ubi
597 4912 842 4966 nativitas
865 4919 919 4965 et
947 4909 1252 4973 mortalitas,
1296 4908 1380 4962 ubi
1403 4906 1640 4962 decessio
1667 4920 1824 4978 atque

241 5008 538 5070 successio,
589 5005 676 5058 ubi
707 5003 1026 5058 mutabilitas
1052 5010 1106 5056 et
1132 5000 1499 5064 inconstantia,
1555 5000 1640 5054 ubi
1671 5001 1823 5054 timo-

243 5115 348 5160 res,
372 5096 718 5166 cupiditates,
760 5094 1024 5156 horrores,
1067 5091 1263 5144 laetitia:
1289 5090 1522 5152 incertae,
1568 5105 1690 5158 spes
1717 5089 1824 5144 fra-

236 5191 382 5257 gilis,
431 5186 637 5242 caduca
687 5184 1010 5247 substantia;
1055 5189 1184 5252 puto
1229 5180 1347 5250 quia
1378 5180 1549 5234 omnis
1576 5181 1672 5234 ista
1702 5195 1821 5248 pars

238 5299 348 5336 non
380 5289 566 5351 potest
593 5276 885 5346 comparari
912 5275 986 5329 illi
1011 5275 1148 5330 cmlo
1173 5274 1238 5329 de
1261 5289 1365 5344 quo
1390 5274 1640 5344 loquebar
1671 5273 1822 5343 paulo

234 5383 414 5426 ante:
464 5371 513 5424 si
545 5383 674 5438 ergo
719 5367 792 5420 illi
821 5365 952 5435 parti
991 5365 1106 5420 haec
1149 5379 1271 5434 pars
1316 5379 1418 5419 non
1464 5373 1820 5432 comparatur,

236 5463 332 5518 illa
364 5475 600 5530 superna
626 5467 726 5520 est,
780 5457 894 5510 haec
938 5455 1163 5510 inferna.
1220 5456 1285 5509 Et
1318 5465 1437 5524 post
1466 5461 1690 5526 mortem
1717 5468 1823 5524 quo

235 5552 392 5616 hinc,
435 5551 543 5606 nisi
594 5550 663 5604 sit
696 5547 955 5604 infernum
1000 5546 1215 5601 inferius
1239 5545 1342 5600 hoc
1369 5545 1592 5613 inferno,
1636 5545 1688 5599 in
1716 5559 1822 5615 quo

305 5703 334 5768 ξ
357 5703 730 5761 ﬁconulli_stss.,
753 5714 913 5768 secum
936 5700 1128 5750 ducere.

308 5763 334 5792 ²
364 5775 474 5818 [res
495 5773 626 5827 £55.,
652 5763 830 5814 cordis.
997 5770 1008 5780 ‘

1347 319 1734 392 manuario
1773 337 1836 392 1N
1876 339 2191 397 essanun
2230 345 2485 402 Lxxxv.

3392 369 3524 424 109ιί

1964 468 2143 510 sumus
2188 457 2239 510 in
2284 474 2459 526 carne,
2511 473 2562 517 et
2607 465 2701 518 ista
2740 470 3095 528 mortalitate?
3148 475 3343 546 Corpus
3382 483 3526 535 enim

1961 557 2209 600 mortuum
2236 561 2325 616 est,
2379 555 2449 606 ait
2480 557 2772 623 Apostolus,
2827 575 3026 631 propter
3053 580 3309 635 peccatum
3344 573 3522 639 (Rom.

1961 649 2066 700 Vill,
2096 638 2200 706 10).
2235 641 2372 711 Ergo
2413 655 2467 698 ct
2517 646 2600 700 hic
2636 659 2757 702 sunt
2800 656 3028 719 mortui;
3086 669 3141 712 ut
3180 678 3280 716 non
3313 638 3522 720 mireris

1957 723 2076 793 quia
2104 727 2367 786 infernum
2393 733 2605 800 dicitur,
2633 740 2676 791 si
2707 743 2924 796 mortuis
2959 747 3207 802 abundat.
3237 752 3347 806 Non
3377 756 3518 810 enim

1956 808 2053 880 ait,
2074 814 2276 886 Corpus
2307 824 2616 879 moriturum
2647 839 2762 893 est;
2796 832 2908 896 sed,
2939 834 3129 905 Corpus
3152 851 3400 895 mortuum
3425 856 3516 900 est.

1953 904 2140 960 Adhuc
2162 907 2316 964 habet
2335 912 2494 967 vitam
2522 917 2696 986 utique
2717 934 2909 988 corpus
2936 904 3172 981 nostrum
3197 945 3211 993 ;
3253 939 3305 983 et
3341 943 3530 989 tamen

1952 1009 2308 1066 comparatum
2353 998 2560 1073 corpori
2609 1009 2701 1074 illi,
2751 1013 2887 1080 quod
2939 1014 3170 1072 futurum
3221 1031 3303 1075 est
3346 1027 3518 1092 qualia

1953 1098 2072 1142 sunt
2099 1091 2414 1161 Angelorum
2464 1111 2702 1166 corpora,
2754 1104 3014 1160 invenitur
3062 1125 3249 1179 corpus
3290 1091 3517 1170 hominis

1950 1188 2235 1247 mortuum,
2260 1187 2496 1253 quamvis
2519 1189 2686 1245 adhuc
2713 1192 2912 1248 habens
2933 1198 3180 1253 animam.
3205 1203 3308 1257 Sed
3333 1220 3515 1260 rursus

1949 1269 2017 1324 ab
2040 1271 2140 1326 hoc
2167 1273 2392 1342 inferno,
2435 1279 2483 1332 id
2511 1290 2591 1333 cst
2610 1281 2676 1336 ab
2705 1283 2804 1338 hac
2831 1297 2981 1354 parte
3020 1290 3229 1356 inferni,
3263 1305 3344 1348 est
3369 1297 3509 1352 aliud

1949 1359 2188 1430 inferius,
2231 1381 2334 1436 quo
2364 1379 2487 1422 eunt
2529 1374 2720 1426 mortui
2748 1392 2762 1438 ;
2795 1378 2932 1431 unde
2960 1381 3121 1434 voluit
3163 1383 3296 1439 Deus
3325 1401 3512 1449 eruere

1948 1453 2149 1509 animas
2200 1467 2428 1524 nostras,
2460 1463 2635 1516 "etiam
2686 1464 2809 1520 illuc
2850 1470 3062 1524 mittens
3101 1471 3292 1528 Filium
3332 1493 3509 1534 suum.

1952 1541 2175 1609 Etenim,
2210 1547 2413 1614 fratres,
2447 1563 2661 1623 propter
2692 1557 2785 1611 ista
2827 1558 2932 1613 duo
2959 1562 3166 1618 inferna
3215 1569 3406 1624 missus
3430 1581 3512 1627 est

1947 1633 2110 1689 Filius
2132 1637 2246 1702 Dei,
2271 1643 2501 1712 undique
2523 1645 2772 1701 liberans.
2799 1650 2878 1704 Ad
2902 1653 3000 1707 hoc
3029 1654 3286 1712 infernum
3319 1661 3514 1716 missus

1945 1733 2025 1778 est
2050 1729 2334 1799 nascendo,
2369 1732 2432 1786 ad
2460 1734 2584 1788 illud
2607 1739 2900 1794 moriendo.
2947 1743 3231 1812 Propterea
3258 1764 3354 1802 vox
3395 1751 3512 1820 ejus

1945 1826 2026 1868 est
2055 1818 2105 1870 in
2134 1819 2222 1873 illo
2253 1823 2475 1890 psalmo,
2505 1841 2606 1880 non
2631 1845 2891 1898 quoquam
2934 1832 3146 1892 homine
3169 1841 3503 1907 conjiciente,

1943 1905 2036 1958 sed
2064 1909 2318 1976 Apostolo
2345 1924 2659 1982 exponente,
2691 1919 2777 1971 ubi
2809 1922 2918 1974 ait:
2952 1923 3201 1989 Quoniam
3230 1905 3329 1983 non
3359 1931 3502 1985 dere-

1943 1996 2133 2065 linques
2156 2003 2374 2055 animam
2396 2021 2554 2057 meant
2573 2008 2625 2059 in
2647 2009 2842 2079 inferno
2871 2011 3037 2083 (Psal.
3065 2031 3154 2083 xv,
3186 2019 3281 2076 10:
3305 2023 3418 2075 Act.
3444 2040 3504 2088 tt,

1941 2085 2054 2156 Ξῖ).
2083 2089 2231 2165 ⁸Ειῃο
2275 2102 2365 2146 aut
2394 2096 2554 2162 ipsius
2583 2114 2681 2152 vox
2708 2113 2788 2154 est
2816 2111 2871 2158 et
2911 2104 3018 2172 hic,
3062 2108 3253 2162 Eruiin
3283 2115 3503 2168 animam

1941 2195 2102 2232 meam
2127 2198 2192 2235 ea:
2224 2184 2420 2252 inferno
2453 2188 2685 2258 inferiore
2707 2206 2727 2245 :
2751 2201 2844 2245 aut
2867 2203 3046 2250 nostra
3076 2215 3174 2252 vox
3203 2216 3296 2268 per
3334 2205 3502 2271 ipsum

1937 2270 2201 2328 Christum
2232 2275 2507 2331 Dominum
2538 2291 2770 2336 nostrum
2796 2301 2809 2348 ;
2854 2288 2975 2355 quia
3005 2289 3122 2342 ideo
3152 2291 3239 2346 ille
3269 2270 3504 2360 pervenit

1938 2376 2101 2430 usque
2129 2364 2193 2416 ad
2221 2365 2503 2433 infernum,
2553 2387 2618 2423 ne
2648 2388 2744 2425 nos
2779 2389 3169 2432 remaneremus
3193 2381 3242 2432 in
3273 2381 3498 2436 inferno.

2008 2452 2096 2507 18.
2127 2455 2294 2508 Aliam
2323 2457 2480 2511 etiam
2505 2460 2803 2527 opinionem
2833 2463 3022 2519 dicam.
3073 2468 3333 2525 Fortassis
3358 2472 3497 2526 enim

1935 2542 2072 2610 apud
2101 2544 2240 2613 ipsos
2270 2545 2467 2602 inferos
2501 2559 2582 2603 est
2620 2552 2788 2620 aliqua
2818 2570 2937 2622 pars
2976 2556 3209 2621 inferior,
3253 2577 3357 2630 quo
3385 2571 3499 2616 tru-

1935 2633 2130 2690 duntur
2154 2638 2297 2708 impii
2321 2641 2408 2708 qui
2436 2641 2715 2709 plurimum
2743 2659 3108 2712 peccaverunt.
3133 2651 3336 2708 Etenim
3361 2658 3500 2724 apud

1935 2725 2132 2782 inferos
2175 2740 2347 2784 utrum
2380 2733 2430 2785 in
2460 2732 2590 2787 locis
2619 2736 2929 2804 quibusdam
2979 2755 3079 2793 non
3123 2741 3500 2800 fuisset'Abra-

1933 2815 2112 2882 ham‘,
2161 2835 2263 2873 non
2312 2823 2437 2875 satis
2480 2839 2756 2892 possumus
2794 2827 3032 2884 delinire.
3073 2830 3312 2886 Nondum
3356 2837 3497 2890 enim

1933 2905 2186 2962 Dominus
2240 2922 2454 2966 venerat
2507 2915 2571 2968 ad
2623 2916 2916 2984 infernum,
2995 2930 3050 2974 ut
3115 2935 3324 2981 erueret
3376 2927 3499 2984 inde

1931 2997 2166 3050 omnium
2195 3008 2492 3054 sanctorum
2519 3005 2926 3072 praecedentium
2973 3011 3192 3076 animas,
3243 3023 3296 3068 et
3321 3023 3496 3072 tamen

1930 3086 2192 3142 Abraham
2223 3090 2274 3143 in
2299 3092 2474 3158 requie
2497 3094 2564 3147 ibi
2592 3105 2726 3148 erat.
2757 3097 2819 3150 Et
2845 3098 3052 3164 quidam
3078 3101 3224 3156 dives
3249 3119 3365 3158 cum
3389 3114 3498 3160 tor-

1929 3188 2178 3247 queretur
2203 3180 2338 3248 apud
2367 3181 2582 3248 inferos,
2610 3200 2729 3238 cum
2755 3187 2957 3241 videret
2984 3189 3270 3258 Abraham,
3303 3193 3494 3249 levavit

1929 3271 2125 3325 oculos.
2160 3272 2270 3326 Non
2301 3290 2419 3328 eum
2448 3287 2625 3345 posset
2653 3279 2836 3333 levatis
2863 3283 3028 3336 oculis
3059 3285 3254 3352 videre,
3281 3287 3380 3341 nisi
3405 3289 3494 3343 ille

1929 3372 2069 3417 esset
2119 3366 2378 3434 superius,
2425 3367 2510 3421 ille
2563 3367 2794 3424 inferius.
2855 3373 2918 3426 Et
2961 3374 3083 3442 quid
3133 3376 3181 3430 ei
3224 3379 3496 3447 respondit

1928 3451 2212 3516 Abraham,
2265 3469 2384 3508 cum
2415 3455 2634 3522 diceret,
2686 3460 2872 3515 «Pater
2898 3462 3180 3529 Abraham,
3212 3467 3359 3520 mitte
3386 3467 3494 3521 La-

1929 3556 2127 3608 zarum,
2157 3545 2483 3615 utintinguat
2502 3547 2718 3617 digitum
2738 3565 2910 3615 suum,
2939 3561 2990 3606 et
3007 3554 3165 3607 stillet
3191 3556 3240 3607 in
3260 3555 3488 3625 linguam

1928 3648 2119 3700 meant,
2172 3636 2416 3705 quoniam
2445 3640 2652 3692 crucior
2690 3641 2740 3693 in
2769 3641 2868 3696 hac
2895 3642 3103 3698 ﬂamma
3125 3645 3148 3697 ?
3174 3645 3301 3711 Fili,
3341 3666 3359 3698 ι
3393 3650 3486 3710 ait,

1933 3741 1952 3774 ‹
1986 3735 2250 3780 memento
2279 3728 2397 3796 quia
2422 3731 2663 3798 recepisti
2693 3731 2828 3785 bona
2853 3734 2906 3786 in
2949 3737 3050 3788 vita
3095 3744 3214 3801 tua;
3261 3737 3491 3794 Lazarus

1926 3823 2100 3869 autem
2129 3817 2264 3870 mala
2295 3835 2309 3870 :
2342 3834 2481 3873 nunc
2507 3829 2679 3874 autem
2709 3821 2794 3876 hic
2822 3827 3119 3894 requiescit,
3149 3837 3204 3880 tu
3233 3844 3358 3883 vero
3385 3839 3492 3885 tor-

1925 3905 2118 3969 queris.
2148 3905 2211 3957 Et
2226 3920 2384 3973 super
2412 3907 2542 3972 haec,
2570 3927 2590 3960 ι
2609 3911 2700 3974 ait,
2726 3929 2744 3960 ε
2771 3912 2907 3966 inter
2933 3929 3028 3970 nos
3053 3925 3106 3969 et
3124 3931 3213 3971 vos
3242 3933 3488 3988 magnum

1924 3991 2087 4047 chaos
2114 3994 2374 4048 ﬁrmatum
2417 4005 2533 4062 est;
2585 4008 2640 4052 ut
2671 4015 2767 4054 nec
2793 4003 2890 4057 nos
2927 4006 3190 4072 possimus
3216 4011 3397 4065 venire
3420 4012 3488 4065 ad

1923 4098 2037 4148 vos,
2056 4099 2154 4139 nec
2177 4085 2296 4140 inde
2317 4087 2504 4156 aliquis
2522 4090 2705 4145 venire
2724 4092 2788 4145 ad
2815 4108 2910 4147 nos
2934 4114 2953 4146 ι
2980 4095 3125 4166 (Luc.
3149 4114 3253 4165 xvr,
3273 4101 3488 4172 22-26).

1927 4174 2065 4245 Ergo
2092 4176 2230 4232 inter
2254 4179 2352 4232 ista
2381 4179 2486 4233 duo
2523 4179 2746 4237 fortasse
2775 4183 2995 4253 inferna,
3052 4203 3273 4256 quorum
3301 4192 3352 4246 in
3380 4209 3486 4246 uno

1925 4267 2234 4334 quieverunt
2257 4271 2744 4340 animaajustorum,
2774 4275 2824 4328 in
2851 4278 3018 4334 altero
3040 4289 3345 4350 torquentur
3369 4287 3488 4337 ani-

1924 4373 2024 4410 ma:
2055 4358 2354 4428 impiorum,
2406 4364 2683 4417 attendens
2704 4365 2914 4434 quidam
2941 4384 3096 4424 orans
3121 4370 3224 4434 hic,
3265 4373 3372 4442 jam
3404 4374 3490 4428 hic

1926 4447 1977 4500 in
2003 4463 2222 4516 corpore
2249 4451 2440 4505 Christi
2472 4455 2692 4520 positus,
2739 4464 2792 4508 et
2832 4472 2990 4511 orans
3021 4459 3071 4512 in
3112 4476 3240 4515 voce
3270 4461 3488 4532 Christi,

1924 4537 2123 4592 eruisse
2180 4541 2341 4595 Deum
2395 4544 2622 4596 animam
2671 4559 2816 4599 suam
2865 4548 2932 4602 ab
2985 4549 3188 4604 inferno
3242 4553 3489 4611 inferiore

1923 4628 2070 4691 dixit,
2128 4630 2252 4698 quia
2293 4631 2530 4685 liberavit
2577 4631 2652 4688 se'
2682 4649 2710 4688 a
2753 4636 2944 4691 talibus
2979 4641 3206 4706 peccatis
3251 4656 3344 4709 per
3371 4651 3488 4712 quas

1926 4716 2103 4787 posset
2118 4720 2306 4774 deduci
2325 4721 2391 4774 ad
2414 4730 2673 4777 tormenta
2700 4725 2887 4779 inferni
2918 4727 3198 4782 inferioris.
3223 4729 3489 4794 Quemad-

1925 4812 2136 4866 modum
2169 4813 2212 4866 si
2241 4811 2474 4867 medicus
2497 4814 2672 4868 videat
2697 4816 2790 4870 tibi
2830 4818 3190 4874 imminentem
3220 4823 3488 4892 aegritudi-

1925 4918 2044 4957 nem
2071 4904 2204 4958 forte
2229 4918 2294 4957 ex
2321 4903 2500 4972 aliquo
2526 4904 2736 4971 labore,
2768 4916 2822 4960 et
2849 4907 3022 4974 dicat,
3051 4910 3216 4966 Parce
3244 4912 3368 4974 tibi,
3413 4913 3490 4967 sic

1924 5001 1976 5048 te
2003 5003 2183 5059 tracta,
2211 4993 2502 5063 requiesce,
2528 4994 2611 5049 his
2629 4997 2758 5050 cibis
2787 5001 2966 5063 ntere;
2997 5016 3115 5054 nam
3145 5002 3187 5054 si
3214 5017 3316 5054 non
3346 5001 3492 5054 fece-

1925 5084 2016 5149 ris,
2060 5084 2338 5153 aegrotabis
2367 5100 2381 5136 :
2429 5096 2482 5138 tu
2517 5095 2690 5140 autem
2722 5087 2764 5139 si
2793 5087 2978 5143 feceris
3005 5098 3059 5143 et
3087 5091 3258 5143 salvus
3301 5088 3487 5162 fueris,

1925 5182 2073 5229 recte
2099 5174 2232 5228 dicis
2260 5174 2486 5240 medico,
2515 5175 2772 5231 Liberasti
2799 5194 2884 5233 me
2910 5179 3348 5248 abmgritudine;
3383 5196 3488 5234 non

1926 5269 1976 5321 in
2005 5283 2107 5335 qua
2131 5266 2239 5337 jam
2270 5282 2408 5335 cras,
2441 5269 2532 5324 sed
2556 5269 2607 5323 in
2635 5286 2734 5338 qua
2760 5271 2965 5325 futurus
2990 5287 3126 5324 cras.
3155 5270 3344 5325 Nescio
3368 5272 3489 5343 quis

1928 5359 2124 5412 habens
2151 5373 2360 5413 causam
2401 5361 2696 5424 molestam,
2747 5361 3028 5416 mittendus
3072 5371 3187 5416 erat
3233 5362 3287 5416 in
3312 5378 3494 5420 carce-

1927 5463 2071 5513 rem;
2102 5449 2247 5503 venit
2287 5451 2441 5514 alius,
2472 5450 2704 5526 defendit
2737 5467 2856 5504 eum
2891 5469 2904 5502 :
2944 5451 3138 5518 gratias
3179 5467 3339 5522 agens
3365 5454 3492 5524 quid

1925 5537 2094 5594 dicit?
2119 5540 2312 5592 Eruisti
2339 5541 2567 5593 animam
2597 5555 2766 5593 meam
2796 5540 2862 5593 de
2891 5554 3122 5596 carcere.
3148 5541 3491 5613 Suspeuden-

1972 5696 2010 5805 οι
2038 5696 2109 5804 s’ic
2135 5692 2316 5757 aliquot
2337 5701 2442 5743 Mss.
2463 5699 2517 5743 At
2546 5693 2674 5754 add,
2699 5692 2747 5742 in
2773 5694 2888 5744 locts
2912 5695 3194 5758 quibusdam
3210 5697 3371 5759 fuisset
3378 5699 3490 5760 jam

2003 5769 2056 5805 ra
2075 5769 2184 5804 tam.

1935 5767 2184 5805 Αυναηαηι.
