4024 6210
506 314 642 372 ὶῢῢὸ

501 428 602 484 dus
629 435 743 482 erat
763 424 998 488 debitor;
1026 419 1255 477 solutum
1280 429 1362 475 est
1382 431 1476 490 pro
1501 432 1565 474 eo
1591 435 1604 472 :
1640 418 1896 498 liberatus
1925 416 2058 471 dici-

459 498 474 506 ’
506 530 590 575 tur
617 519 682 575 de
701 515 999 586 suspendio.
1038 514 1093 568 ln
1123 512 1204 567 his
1228 511 1472 567 omnibus
1492 526 1594 569 non
1619 519 1801 573 erant;
1828 508 1920 564 sed
1940 507 2062 580 quia

504 611 696 665 talibus
734 607 934 662 meritis
977 603 1283 674 agebantur,
1330 612 1387 657 ut
1415 603 1512 655 nisi
1543 602 1856 656 tubventum
1897 608 2058 667 esset,

506 702 576 756 ibi
605 707 816 762 essent;
857 695 979 752 inde
1004 711 1060 750 se
1087 703 1230 750 recte
1255 694 1436 748 dicunt
1464 693 1698 753 liberari,
1741 707 1844 761 quo
1872 707 1966 761 per
1995 691 2062 746 li-

506 793 773 845 beratores
800 801 922 842 suos
945 802 1046 840 non
1071 795 1192 839 sunt
1218 784 1452 854 permissi
1487 782 1718 852 perduci.
1767 782 1926 850 Ergo,
1955 779 2061 834 ira-

507 891 632 946 tres,
685 880 797 934 sive
844 877 990 944 illud,
1033 877 1142 931 sive
1171 875 1296 930 illud
1335 875 1436 939 sit;
1486 874 1572 927 hic
1610 889 1692 928 me
1718 880 2062 927 scrutatorem

509 971 651 1026 verbi
679 971 793 1037 Dei,
825 986 928 1026 non
959 968 1292 1024 temerarium
1316 965 1690 1020 afﬁrmatorem
1718 965 1954 1018 teneatis.
1999 960 2064 1014 Et

509 1061 681 1116 eruisti
707 1062 922 1118 animum
948 1075 1106 1112 meam
1129 1074 1192 1112 ea:
1215 1058 1410 1126 inferno
1433 1054 1684 1126 inferiore.

579 1154 666 1208 i9.
709 1151 855 1224 (vers.
885 1148 995 1222 14.]
1022 1148 1178 1213 Deus,
1215 1154 1562 1218 praetereuntes
1598 1143 1753 1214 legem
1777 1142 2065 1198 insurrexe-

505 1255 619 1300 runt
639 1259 787 1313 super
809 1257 904 1295 me.
949 1240 1093 1307 Quos
1128 1239 1255 1292 dicit
1293 1243 1669 1306 praetereuntes
1699 1233 1901 1304 legem?
1948 1232 2063 1290 Non

506 1335 765 1403 Paganos,
787 1331 873 1400 qui
893 1345 998 1384 non
1023 1335 1340 1396 acceperunt
1362 1325 1549 1393 legem.
1577 1322 1741 1378 Nemo
1761 1322 1901 1378 enim
1932 1337 2066 1394 prte-

510 1423 629 1478 terit
654 1421 792 1491 quod
823 1435 926 1474 non
964 1416 1164 1487 accepit
1195 1435 1210 1468 :
1239 1414 1368 1468 dicit
1393 1413 1671 1483 Apostolus
1697 1411 1932 1476 deﬁnite,
1970 1412 2067 1466 Ubi

507 1513 638 1568 enim
658 1512 738 1566 lea:
755 1528 853 1565 non
875 1518 966 1576 est,
989 1525 1076 1563 nec
1100 1506 1439 1577 prwuaricatio
1465 1503 1635 1576 (Rom.
1668 1520 1738 1570 tv,
1777 1505 1888 1572 15).
1920 1504 2065 1558 Prm-

510 1612 773 1676 tereuntes
823 1601 1015 1670 legem,
1071 1598 1496 1667 praevaricatores
1551 1594 1679 1664 legis
1721 1593 1867 1648 dicit.
1923 1593 2066 1661 Quos

506 1708 632 1761 ergo
673 1681 1027 1760 intelligimus,
1075 1687 1305 1744 fratres?
1347 1685 1402 1740 Si
1430 1685 1496 1740 ab
1524 1687 1639 1754 ipso
1664 1684 1884 1739 Domino
1923 1685 2064 1738 acci-

508 1789 711 1854 piamus
731 1785 864 1840 hanc
892 1799 1094 1848 vocem,
1117 1790 1493 1852 praetereuntes
1519 1779 1686 1849 legem
1706 1778 1871 1832 Judaei
1892 1786 2062 1832 erant.

509 1877 890 1931 Insurrexerunt
918 1891 1067 1944 super
1103 1890 1180 1926 me
1206 1882 1551 1942 praetereuntes
1593 1873 1749 1940 legem
1780 1883 1800 1923 .'
1827 1883 1928 1923 non
1954 1883 2066 1924 ser-

507 1978 762 2024 vaverunt
811 1968 1014 2037 legem,
1066 1973 1120 2020 et
1164 1971 1542 2019 accusaverunt
1583 1959 1870 2024 Christum,
1918 1959 2067 2028 quasi

510 2062 622 2130 ipse
650 2060 940 2131 praeteriret
966 2059 1154 2130 legem.
1204 2055 1564 2111 Prtetereuntes
1599 2054 1753 2124 legem
1777 2053 2064 2106 insurrexe-

508 2164 624 2206 runt
653 2169 802 2223 super
827 2168 923 2206 me.
971 2150 1037 2204 Et
1065 2164 1247 2220 passus
1271 2157 1353 2202 est
1376 2147 1627 2216 Dominus
1656 2160 1772 2214 qua:
1804 2144 2063 2204 novimus.

513 2245 672 2299 Putas
692 2243 819 2297 nihil
847 2242 948 2296 tale
970 2242 1164 2310 patitur
1191 2239 1348 2293 modo
1373 2250 1564 2305 corpus
1587 2234 1738 2305 ejus?
1769 2233 1917 2290 Unde
1955 2233 2066 2286 ﬁeri

509 2333 712 2404 potest?
739 2332 800 2388 Si
820 2329 1226 2401 patremfamilias
1241 2326 1508 2382 Beelzebub
1528 2334 1852 2386 vocaverunt;
1881 2331 2066 2392 quanto

508 2426 668 2496 magis
695 2424 982 2498 domesticos
1009 2424 1117 2492 ejus
1140 2422 1164 2474 ?
1191 2420 1241 2474 Ν
1245 2437 1309 2473 on
1333 2429 1403 2473 est
1432 2416 1706 2487 discipulus
1729 2432 1879 2486 super
1907 2415 2069 2485 magi-

507 2523 682 2576 strum,
718 2528 805 2567 nec
830 2527 995 2565 servus
1019 2526 1168 2577 super
1195 2508 1451 2564 dominum
1477 2523 1624 2560 suum
1649 2504 1862 2575 (Matth.
1894 2519 1948 2569 x,
1976 2502 2063 2569 25,

507 2604 620 2675 24).
651 2602 849 2675 Patitur
875 2610 926 2656 et
951 2614 1143 2669 corpus
1170 2607 1543 2668 praetereuntes
1572 2597 1741 2666 legem
1765 2613 1780 2661 ;
1809 2605 1862 2650 et
1888 2596 2065 2650 insur-

507 2673 647 2769 gunt.
663 2673 820 2766 super
858 2709 1046 2763 corpus
1075 2693 1285 2748 Christi.
1315 2680 1721 2746 'Prmtereuntes
1767 2691 1934 2759 legem
1973 2689 2063 2760 qui

507 2787 665 2846 sunt?
711 2786 969 2855 Numquid
1005 2786 1138 2840 forte
1163 2784 1328 2840 σιυάευί
1370 2781 1564 2838 audent
1601 2783 1870 2851 insurgere
1907 2795 2066 2851 super

505 2879 804 2934 Christum?
829 2878 942 2932 Non
971 2893 986 2930 :
1013 2891 1133 2930 nam
1162 2890 1261 2930 nec
1283 2875 1378 2944 ipsi
1409 2873 1560 2928 nobis
1583 2873 1731 2927 valde
1752 2871 1950 2927 faciunt
1971 2874 2065 2927 tri-

506 2971 842 3025 bulationem.
883 2966 1122 3021 Nondum
1151 2967 1292 3020 enim
1321 2963 1674 3028 crediderunt,
1709 2962 1938 3016 nondum
1979 2978 2063 3016 sa-

506 3061 667 3114 lutem
713 3067 1054 3130 agnoverunt.
1095 3057 1376 3124 lnsurguut
1423 3068 1581 3123 super
1633 3069 1823 3123 corpus
1870 3053 2063 3109 ChriSti

505 3150 630 3204 mali
659 3148 955 3210 Christiani,
988 3147 1054 3200 de
1081 3146 1269 3216 quibus
1292 3143 1525 3213 quotidie
1554 3142 1941 3198 tribulationem
1970 3159 2062 3212 pa-

505 3240 632 3295 titur
653 3254 843 3309 corpus
871 3237 1084 3292 Christi.
1115 3235 1300 3291 Omnia
1325 3234 1626 3297 schismata,
1665 3247 1851 3288 omnes
1896 3233 2066 3290 haere-

506 3346 612 3396 ses,
647 3344 832 3384 omnes
879 3329 1018 3382 intus
1073 3328 1299 3396 pessime
1345 3327 1599 3390 viventes,
1649 3336 1702 3380 et
1739 3339 1911 3380 mores
1941 3340 2064 3380 suos

505 3421 642 3476 bene
666 3419 956 3474 viventibus
995 3419 1343 3486 imponentes.
1383 3425 1436 3469 et
1459 3415 1524 3469 ad
1552 3431 1646 3471 sua
1677 3415 1971 3482 trahentes,
2012 3425 2065 3470 et

511 3511 663 3566 malis
686 3509 964 3578 colloquiis
982 3508 1146 3562 bonos
1163 3522 1335 3561 mores
1350 3517 1745 3574 corrumpentes
1771 3507 1809 3577 (l
1829 3506 1943 3560 Cor.
1973 3523 2060 3572 xv,

509 3599 635 3669 35);
684 3597 783 3669 ipsi
805 3607 1151 3668 prietereuntes
1185 3598 1342 3668 legem
1381 3597 1752 3652 insurrexerunt
1788 3614 1936 3666 super
1965 3613 2061 3652 me.

504 3689 655 3744 Dicat
679 3689 850 3742 omnis
872 3689 1045 3742 anima
1073 3688 1174 3757 pia,
1206 3687 1346 3742 dicat
1371 3688 1541 3744 omnis
1563 3688 1736 3744 anima
1756 3687 2061 3754 christiana.

505 3779 633 3846 Qua:
659 3779 759 3834 hoc
788 3793 892 3833 non
921 3779 1132 3848 patitur,
1174 3793 1276 3833 non
1312 3777 1471 3833 dicat.
1497 3778 1553 3835 Si
1578 3789 1752 3840 autem
1778 3778 2062 3836 christiana

503 3872 678 3926 anima
705 3881 804 3935 est,
837 3873 984 3926 novit
1008 3871 1128 3941 quia
1169 3871 1303 3926 mala
1338 3871 1563 3940 patitur:
1592 3872 1636 3926 si
1664 3873 1899 3944 agnoscit
1924 3873 1976 3929 in
2005 3887 2064 3930 se

505 3965 800 4034 passionem
829 3979 996 4030 suam,
1023 3972 1269 4034 agnoscat
1292 3961 1376 4018 hic
1403 3978 1584 4018 vocem
1612 3979 1758 4020 suam
1784 3981 1799 4031 ;
1823 3965 1869 4020 si
1887 3972 2062 4022 autem

506 4063 654 4128 extra
675 4055 970 4125 passionem
992 4064 1094 4120 est,
1121 4063 1173 4109 et
1187 4063 1334 4110 extra
1354 4068 1534 4110 vocem
1555 4055 1655 4119 sit;
1684 4063 1740 4109 ut
1762 4066 1936 4112 autem
1957 4072 2062 4111 non

503 4146 574 4202 sit
621 4155 770 4202 extra
819 4145 1136 4216 passionem,
1182 4145 1414 4200 ambulet
1452 4159 1546 4213 per
1599 4146 1737 4199 viam
1788 4159 2062 4216 angustam

505 4236 716 4306 (Matth.
741 4252 833 4301 vn,
859 4236 966 4304 14),
995 4243 1048 4289 et
1075 4235 1286 4303 incipiat
1309 4234 1391 4302 pie
1421 4234 1598 4288 vivere
1623 4233 1674 4287 in
1705 4233 1934 4301 Christo,
1963 4251 2059 4292 ne-

503 4342 655 4397 cesse
673 4337 754 4380 est
772 4335 830 4380 ut
844 4325 979 4379 hanc
996 4325 1414 4394 persecutionem
1430 4324 1673 4393 patiatur.
1700 4323 1883 4380 Omnes
1896 4325 2060 4395 enim,

407 4418 409 4421 ’
504 4418 674 4488 inquit
700 4416 1002 4488 Apostolus,
1023 4417 1106 4484 qui
1132 4418 1299 4470 volunt
1318 4417 1371 4470 in
1393 4413 1589 4471 Christo
1614 4417 1693 4486 pie
1709 4417 1882 4482 vivere,
1897 4435 2063 4487 perse-

502 4513 747 4566 cutionem
768 4509 1022 4580 patiuntur
1041 4507 1107 4582 (ll
1135 4508 1263 4563 Tim.
1292 4524 1366 4572 ut,
1398 4508 1506 4578 12).
1539 4508 1692 4571 Deus,
1715 4519 2061 4580 prcetercuntes

503 4603 658 4672 legem
685 4601 1057 4656 insurrexerunt
1082 4615 1228 4670 super
1263 4614 1380 4662 me;
1418 4608 1464 4652 et
1504 4615 1760 4669 synagoga
1793 4601 2060 4667 potentium

500 4691 831 4762 inquisierunt
853 4692 1075 4746 animam
1099 4706 1276 4748 meam.
1319 4689 1592 4760 Synagoga
1617 4691 1905 4759 potentium
1935 4707 2062 4746 cou-

503 4782 736 4853 gregatio
764 4792 843 4837 est
866 4782 1230 4852 superborum.
1277 4779 1552 4851 Synagoga
1571 4780 1858 4850 potentium
1887 4781 2058 4837 insur-

504 4875 639 4930 rexit
666 4889 824 4944 super
869 4882 1043 4943 caput,
1089 4871 1141 4927 id
1169 4881 1250 4927 est
1279 4872 1554 4926 Dominum
1599 4881 1835 4926 nostrum
1877 4871 2057 4926 .lesuin

500 4967 788 5032 Christum,
809 4965 1144 5020 clamantium
1166 4971 1219 5018 et
1237 4962 1517 5018 dicentium
1539 4976 1642 5016 uno
1656 4976 1768 5025 ore,
1791 4961 2054 5033 Cruciﬁge,

501 5058 736 5127 cruci/iga
772 5055 942 5123 (Joan.
977 5070 1093 5124 χιι,
1125 5051 1217 5124 6):
1265 5052 1331 5108 de
1349 5053 1536 5123 quibus
1563 5052 1759 5107 dictum
1783 5063 1884 5120 est,
1933 5053 2059 5108 Filii

502 5153 760 5207 hominum
785 5151 950 5204 dentes
969 5165 1136 5204 eorum
1160 5164 1300 5201 arma
1325 5157 1370 5202 et
1387 5149 1598 5217 sagittae,
1627 5157 1672 5202 et
1692 5148 1863 5219 lingua
1886 5165 2059 5202 eorum

500 5245 696 5314 gladius
731 5253 905 5298 acutus
930 5241 1100 5312 (Psal.
1135 5257 1237 5307 LVI,
1269 5241 1343 5310 5).
1373 5238 1490 5294 Non
1531 5251 1917 5310 percusserunt,
1963 5240 2054 5294 sed

499 5337 898 5392 clamaverunt:
957 5333 1232 5391 clamando
1258 5332 1528 5394 ferierunt,
1579 5330 1853 5386 clamando
1883 5332 2055 5386 cruci-

503 5427 745 5483 ﬁxerunt.
760 5430 1012 5484 Voluntas
1035 5423 1594 5494 clamantiumimpleta
1617 5432 1716 5484 est,
1731 5422 1938 5492 quando
1953 5423 2056 5476 Do-

498 5519 670 5574 minus
698 5521 976 5578 cruciﬁxus
999 5531 1080 5576 est
1100 5539 1119 5576 :
1146 5519 1211 5573 Et
1246 5533 1499 5589 synagoga
1529 5515 1800 5585 potentium
1823 5514 2056 5584 iuquisie-

497 5618 613 5662 runt
633 5611 850 5661 animum
866 5628 1042 5664 meum.
1069 5609 1132 5663 Et
1150 5627 1246 5663 non
1270 5616 1631 5677 proposuerunt
1649 5614 1692 5657 t'e
1712 5605 1762 5656 in
1788 5612 2052 5671 conspectu

494 5716 602 5762 suo,
651 5699 924 5768 Quomodo
947 5718 1048 5757 non
1079 5698 1500 5770 preposucrunt?
1539 5695 1651 5750 Non
1681 5695 2052 5751 intellexerunt

1701 296 1776 360 ἲ.
1817 299 2176 361 AUGUSTINI
2217 303 2510 362 EPISCOPI

2155 5510 2309 5566 hosce
2332 5510 2585 5576 pupulares
2601 5519 2872 5576 tractatus;
2894 5510 2984 5576 sed
3013 5512 3060 5557 in

3587 317 3721 374 4096

2171 416 2353 471 Deum.
2409 418 2614 473 Homini
2668 432 2985 488 parcerent:
3030 423 3092 477 ad
3134 422 3270 494 quod
3311 424 3613 492 videbant‘,
3655 429 3721 483 ad

2165 505 2268 561 hoc
2292 509 2637 564 ambularent.
2663 512 2789 567 Puta
2811 515 2930 580 quia
2953 515 3090 569 Deus
3107 530 3209 569 non
3235 527 3370 584 erat,
3403 516 3559 572 homo
3576 532 3719 574 erat:

2167 597 2286 652 ideo
2334 599 2648 656 occidendus
2701 603 2849 657 erat?
2910 605 3071 658 Parce
3117 604 3353 672 homini,
3401 616 3458 662 et
3502 623 3728 678 agnosce

2167 687 2353 743 Deum.
2539 742 2546 747 ,
3599 696 3604 704 ‘

2234 780 2323 835 20.
2364 779 2514 852 [item
2556 781 2666 855 15.]
2705 781 2772 837 Et
2800 792 2889 851 tu,
2931 783 3148 842 Domine
3183 785 3351 854 Deus,
3394 790 3658 844 miserator
3683 802 3731 845 et

2166 872 2444 926 misericors
2463 914 2478 937 ,
2511 873 2805 944 longanimis
2829 886 2874 929 et
2908 879 3120 932 multum
3146 879 3421 933 misericors
3438 920 3452 944 ,
3484 890 3532 933 et
3557 896 3728 935 verax.

2165 959 2339 1027 Quare
2368 961 2667 1033 longanimis
2693 974 2740 1018 et
2769 967 2979 1020 multum
3004 968 3283 1021 misericors
3303 1007 3318 1033 ,
3360 978 3404 1021 et
3430 970 3732 1024 ntiserator?

2166 1049 2297 1116 Quia
2335 1050 2387 1104 in
2416 1066 2572 1106 cruce
2597 1054 2830 1122 pendens
2859 1055 2933 1108 ait
2964 1073 2975 1106 :
3019 1054 3192 1123 Pater,
3223 1057 3420 1126 ignosce
3451 1059 3584 1123 illis,
3612 1061 3730 1128 quia

2166 1143 2387 1195 nesciunt
2406 1143 2525 1212 quid
2552 1144 2742 1213 faciunt
2764 1146 2912 1217 (Luc.
2935 1161 3080 1212 um,
3105 1147 3216 1217 54).
3245 1147 3409 1216 Quem
3437 1148 3603 1219 petit?
3625 1149 3729 1203 Pro

2166 1232 2353 1302 quibus
2382 1235 2548 1303 petit?
2572 1239 2689 1306 quis
2715 1235 2879 1305 petit?
2907 1236 2990 1290 ubi
3019 1237 3184 1306 petit?
3213 1237 3420 1292 Patrem
3453 1240 3607 1303 lilius,
3633 1257 3728 1309 pro

2168 1320 2340 1389 impiis
2364 1323 2663 1388 cruciﬁxus,
2693 1326 2828 1386 inter
2857 1327 2996 1394 ipsas
3025 1326 3262 1395 injurias,
3292 1342 3398 1381 non
3423 1329 3724 1394 verborum,

2168 1413 2260 1468 sed
2289 1414 2471 1468 mortis
2497 1414 2675 1479 illatte,
2707 1415 2942 1484 pendens
2969 1416 3018 1470 in
3047 1431 3240 1471 cruce:
3268 1426 3510 1485 tanquam
3535 1419 3598 1472 ad
3630 1419 3728 1474 hoc

2168 1517 2404 1563 extentas
2428 1523 2614 1563 manus
2640 1508 2894 1574 habuerit,
2922 1518 2977 1563 ut
3001 1511 3077 1564 sic
3105 1525 3198 1578 pro
3223 1509 3328 1564 illis
3351 1520 3541 1576 oraret,
3571 1522 3625 1566 ut
3649 1512 3727 1565 di-

2168 1600 2424 1668 rigeretur
2458 1601 2624 1655 oratio
2651 1601 2765 1670 ejus
2795 1611 3038 1671 tanquam
3070 1602 3336 1657 incensum
3366 1603 3417 1656 in
3445 1614 3726 1672 cnnSpectu

2170 1691 2360 1756 Patris,
2387 1702 2441 1746 et
2468 1692 2691 1748 elevatio
2719 1708 2964 1747 manuum
2992 1694 3106 1762 ejus
3130 1694 3444 1748 sacriﬁcium
3471 1697 3726 1766 vesperti-

2169 1800 2293 1837 num
2329 1783 2494 1855 (Psal.
2521 1801 2641 1850 CXL,
2668 1784 2747 1855 2).
2775 1785 3116 1856 Longanimis,
3139 1796 3183 1840 ct
3203 1791 3412 1840 multum
3431 1789 3722 1855 misericors,

2169 1885 2214 1927 ει
2237 1891 2406 1929 verax.

2237 1963 2327 2018 2|.
2369 1962 2519 2036 [vers.
2550 1963 2662 2038 16.]
2699 1965 2754 2020 Si
2785 1981 2908 2036 ergo
2951 1974 3004 2020 tu
3030 1981 3210 2030 verax,
3243 1967 3430 2037 respice
3457 1968 3507 2020 in
3539 1985 3613 2020 me
3635 2010 3650 2031 ,
3683 1978 3728 2021 et

2169 2055 2398 2110 miserere
2425 2057 2552 2122 mei;
2583 2057 2648 2110 da
2675 2067 2963 2126 potestatem
2988 2073 3139 2127 puero
3164 2068 3270 2110 tuo.
3299 2058 3428 2124 Quia
3454 2075 3605 2112 veras:
3623 2101 3636 2120 ,
3662 2059 3728 2111 du

2171 2157 2458 2217 potestatem
2483 2165 2636 2218 puero
2663 2159 2764 2202 tua.
2802 2148 3054 2203 Transeat
3083 2157 3286 2217 tempus
3311 2148 3600 2217 patientia},
3635 2164 3728 2203 ve-

2171 2239 2280 2291 niat
2315 2249 2522 2308 tempus
2553 2239 2757 2308 judicii.
2804 2239 3114 2305 Quomodo,
3156 2239 3222 2292 da
3251 2249 3535 2309 potestatem
3577 2256 3730 2309 puero

2171 2331 2294 2383 tuo?
2324 2329 2478 2383 Pater
2517 2347 2614 2384 non
2634 2331 2832 2399 judicat
2857 2346 3182 2400 quemquam;
3208 2331 3294 2384 sed
3318 2347 3460 2384 omne
3477 2331 3729 2401 judicium

2171 2420 2304 2473 dedit
2338 2420 2468 2474 Filio
2495 2420 2669 2491 (Joan.
2698 2437 2750 2485 v,
2778 2420 2892 2492 22).
2926 2420 3016 2476 Ille
3045 2436 3340 2491 resurgens,
3381 2432 3433 2476 et
3459 2424 3508 2474 in
3538 2432 3727 2476 terram

2170 2511 2282 2580 ipse
2313 2512 2482 2566 veniet
2503 2513 2861 2581 judicaturus;
2905 2513 3016 2580 ipse
3041 2512 3302 2566 videbitur
3332 2512 3578 2568 terribilis
3598 2554 3612 2577 ,
3641 2515 3727 2583 qui

2170 2601 2310 2655 visus
2330 2613 2411 2657 cst
2434 2603 2862 2672 contemptibilis.
2892 2602 3277 2659 Demonstcabit
3305 2604 3609 2671 potentiam,
3637 2605 3728 2674 qui

2169 2691 2550 2747 denmnstravit
2576 2693 2877 2762 patientiam
2908 2710 2920 2746 :
2961 2693 3013 2746 in
3040 2707 3196 2748 cruce
3225 2693 3470 2762 patientia
3498 2702 3643 2758 erat;
3677 2695 3728 2749 in

2165 2781 2363 2851 judicio
2389 2783 2618 2852 potentia
2643 2784 2761 2837 erit.
2787 2781 3073 2852 Apparebit
3098 2781 3235 2836 enim
3267 2780 3427 2834 homo
3450 2780 3691 2852 judicans
3709 2826 3723 2846 ,

2167 2871 2260 2927 sed
2290 2872 2341 2926 in
2377 2873 2610 2927 claritate
2639 2892 2651 2926 :
2692 2872 2811 2942 quia
2839 2872 2964 2926 sicut
2988 2888 3102 2925 eum
3131 2871 3320 2926 vidistis
3347 2873 3419 2925 ire
3437 2910 3454 2938 ,
3483 2871 3726 2927 dixerunt

2167 2963 2385 3034 Angeli,
2417 2965 2488 3017 sic
2513 2965 2665 3017 veniet
2695 2963 2825 3032 (Act.
2857 2979 2902 3028 ι,
2948 2964 3006 3019 il
3031 2963 3069 3033 ).
3099 2961 3287 3018 Forma
3318 2963 3428 3032 ipsa
3457 2965 3631 3019 veniet
3664 2964 3728 3020 ad

2163 3056 2451 3126 judicium;
2478 3055 2596 3109 ideo
2627 3055 2875 3110 videbunt
2896 3055 3038 3108 illum
3064 3063 3116 3108 et
3142 3053 3288 3122 impii
3315 3071 3330 3108 :
3360 3068 3479 3108 nam
3509 3054 3729 3109 formant

2169 3146 2261 3200 Dei
2292 3163 2394 3201 non
2434 3146 2704 3200 videbunt.
2743 3145 2885 3200 Beati
2921 3146 3061 3200 enim
3089 3145 3266 3199 mundi
3289 3146 3469 3209 corde,
3497 3146 3731 3215 quoniam

2166 3236 2263 3304 ipsi
2291 3235 2454 3289 Deum
2482 3237 2714 3291 videbunt
2746 3235 2953 3307 (Matth.
2983 3251 3034 3300 v,
3063 3234 3140 3304 8).
3172 3233 3446 3304 Apparens
3475 3235 3528 3289 in
3557 3235 3700 3301 hoini
3720 3263 3732 3275 θ

2167 3327 2462 3398 nis‘l‘orma,
2495 3329 2665 3394 dicet,
2697 3327 2774 3381 Ite
2801 3329 2850 3382 in
2880 3329 3042 3398 ignem
3070 3337 3307 3381 ceternum
3326 3328 3727 3399 ,‘utimpleatur

2166 3419 2305 3484 quod
2334 3419 2465 3473 dixit
2495 3419 2682 3481 Isaias,
2717 3418 2946 3472 Tollatur
2972 3417 3153 3488 impius
3173 3459 3188 3484 ,
3220 3427 3274 3469 ut
3302 3434 3400 3470 non
3428 3417 3589 3470 videat
3614 3411 3726 3464 Cla-

2168 3511 2363 3562 ritatem
2389 3509 2589 3562 Domini
2624 3508 2786 3581 (lsai.
2819 3525 2937 3562 xxv:
2958 3549 2972 3571 ,
3006 3509 3100 3570 lO,
3126 3523 3224 3560 sec.
3258 3506 3457 3576 LXX).
3487 3507 3726 3561 Tollatur

2169 3611 2224 3654 ut
2267 3616 2368 3654 non
2406 3601 2579 3655 videat
2619 3602 2839 3655 formam
2887 3599 2997 3653 Dei.
3042 3596 3286 3652 Formam
3326 3613 3450 3667 ergo
3477 3597 3732 3651 videbunt

2167 3689 2419 3744 hominis.
2468 3689 2565 3757 Qui
2607 3706 2720 3743 cum
2761 3691 2813 3744 in
2859 3693 3022 3758 [arma
3068 3687 3161 3741 Dei
3200 3698 3324 3741 esset
3365 3689 3572 3758 wgualis
3622 3687 3730 3738 Deo

2170 3779 2423 3853 (Philipp.
2458 3797 2528 3844 lt,
2570 3781 2638 3850 6)
2675 3800 2689 3836 ;
2731 3781 2831 3836 hoc
2861 3796 2962 3836 non
2990 3780 3242 3835 videbunt
3277 3780 3439 3850 impii.
3484 3778 3548 3833 In
3591 3781 3734 3850 prin-

2166 3876 2297 3948 cipio
2324 3885 2430 3929 erat
2464 3873 2695 3939 Verbum,
2717 3884 2765 3929 et
2794 3871 3007 3927 Verbum
3031 3881 3137 3926 erat
3156 3872 3292 3943 apud
3313 3871 3492 3937 Deum,
3524 3883 3569 3926 et
3593 3871 3730 3924 Deus

2165 3977 2272 4023 erat
2309 3965 2518 4023 Verbum
2553 3965 2742 4040 (Joan.
2784 3983 2834 4029 I,
2865 3966 2932 4035 1)
2972 3983 2984 4019 :
3018 3965 3117 4021 hoc
3145 3981 3252 4020 non
3281 3965 3535 4020 videbunt
3563 3965 3726 4033 impii.

2164 4058 2220 4113 Si
2246 4059 2389 4114 enim
2417 4060 2554 4112 Deus
2581 4058 2829 4123 Verbum,
2858 4067 2910 4112 el
2942 4058 3070 4111 beati
3099 4058 3271 4111 mundi
3299 4058 3466 4120 corde,
3495 4058 3729 4126 quoniam
3762 4054 3767 4059 ’

2164 4151 2260 4220 ipsi
2281 4148 2444 4204 Deum
2463 4149 2694 4203 videbunt
2711 4166 2731 4212 ;
2751 4148 2896 4218 impii
2915 4160 3088 4203 autem
3112 4148 3364 4202 immundi
3387 4158 3506 4202 sunt
3528 4146 3686 4200 corde
3710 4164 3727 4201 :

2166 4241 2349 4312 procul
2376 4240 2535 4297 dubio
2566 4242 2730 4296 Deum
2773 4258 2878 4295 non
2906 4240 3179 4296 videbunt.
3216 4240 3284 4295 Et
3311 4241 3395 4296 ubi
3426 4250 3536 4304 est,
3575 4239 3730 4294 Vide-

2165 4334 2284 4386 bunt
2306 4333 2358 4386 in
2385 4348 2530 4402 quem
2556 4339 2867 4402 pupugerunt
2893 4330 3012 4402 (Id.
3043 4347 3160 4395 xIx,
3192 4331 3295 4402 57)
3323 4347 3337 4383 :
3365 4331 3465 4384 nisi
3489 4332 3606 4398 quia
3631 4345 3723 4398 ap-

2163 4431 2315 4492 paret
2355 4421 2578 4478 l‘ormam
2629 4423 2857 4477 hominis
2903 4437 2995 4478 eos
3029 4423 3267 4487 visuros,
3307 4421 3726 4491 utjudicentur;

2161 4515 2388 4571 formam
2431 4513 2521 4568 Dei
2556 4529 2660 4568 non
2686 4515 2924 4577 visuros,
2971 4513 3072 4567 nisi
3109 4526 3202 4566 eos
3229 4512 3317 4581 qui
3346 4511 3411 4565 ad
3457 4513 3728 4567 dexteram

2161 4607 2580 4679 separabuntur?
2603 4606 2807 4659 Etenim
2832 4620 2950 4659 cum
2976 4604 3202 4672 separati
3233 4602 3424 4657 fuerint
3448 4603 3513 4656 ad
3542 4603 3728 4658 dexte-

2163 4712 2274 4753 ram
2295 4738 2312 4764 ,
2343 4697 2444 4752 hoc
2470 4696 2549 4752 eis
2587 4696 2792 4751 dicetur
2833 4714 2844 4748 :
2891 4693 3092 4758 Venite,
3121 4695 3360 4748 benedicti
3395 4693 3565 4748 Patris
3593 4696 3725 4757 mei;

2163 4789 2400 4860 percipite
2442 4803 2647 4857 regnum
2669 4826 2685 4854 ,
2727 4786 2859 4857 quod
2895 4787 3030 4840 vobis
3069 4795 3299 4855 paratum
3337 4794 3406 4839 est
3440 4786 3500 4838 ab
3537 4786 3730 4855 origine

2162 4883 2357 4935 mundi.
2397 4879 2574 4950 lmpiis
2600 4893 2727 4933 vero
2759 4877 2824 4932 ad
2865 4878 3130 4931 sinistram
3171 4876 3335 4946 quid?
3373 4873 3455 4928 Ite
3484 4875 3534 4928 in
3563 4881 3726 4946 ignem

2161 4983 2399 5028 aeternum
2420 5013 2435 5037 ,
2466 4987 2609 5042 quem
2637 4971 2832 5038 paravit
2870 4967 3024 5022 Pater
3059 4984 3196 5021 meus
3231 4966 3424 5019 diabolo
3464 4976 3510 5020 et
3537 4969 3725 5036 angelis
3762 4972 3768 4989 ‘

2161 5065 2291 5134 ejus.
2333 5063 2508 5118 Finito
2536 5071 2710 5116 autem
2746 5060 2976 5130 judicio,
3004 5058 3268 5128 quomodo
3307 5058 3603 5112 conclusit?
3640 5059 3728 5112 Sic

2161 5161 2299 5216 ibunt
2325 5160 2464 5228 impii
2487 5159 2539 5212 in
2563 5157 2917 5228 ambustionem
2942 5162 3177 5208 wtcrnam
3195 5169 3214 5218 ;
3232 5152 3363 5220 justi
3387 5162 3553 5206 autem
3577 5153 3628 5204 in
3655 5152 3729 5205 ri-

2225 5332 2401 5398 ‘__Edd.,
2426 5336 2476 5381 ut
2498 5328 2675 5378 honuni
2688 5332 2961 5398 parcerent,
2985 5332 3034 5398 ut
3059 5323 3205 5398 quod,
3230 5330 3325 5398 etq.
3352 5331 3406 5398 At
3429 5322 3724 5398 plerique‘et

2161 5384 2534 5444 melicrcs'usss
2564 5384 2751 5440 uomim‘
2782 5384 3031 5452 parcerent
3063 5384 3162 5435 .‘ad
3186 5385 3330 5446 quod,
3357 5391 3450 5452 etc.
3477 5385 3637 5433 Modus
3659 5384 3726 5431 ln-

2159 5456 2340 5520 queutii
2375 5461 2451 5501 est
2486 5452 2746 5512 Augustino
2782 5444 3023 5498 i'amiharis
3063 5456 3114 5498 et
3152 5444 3617 5514 perquamtrequens
3639 5459 3728 5514 per

2161 5517 2309 5555 ιιηςιερ
2332 5513 2871 5555 mu-nlares'l‘ractatns:
2894 5510 2984 5555 sed
3013 5512 3060 5555 in
3087 5510 3218 5555 nrius
3235 5507 3376 5555 cilius
3395 5503 3528 5552 libris
3551 5519 3728 5555 passm]

2157 5519 2309 5566 hosce
2332 5519 2585 5576 pupulares
2601 5519 2871 5568 'l‘ractatus;
2894 5519 2984 5558 seu
3013 5519 3060 5557 ιιι
3087 5522 3218 5617 (irtus
3235 5519 3376 5555 emus
3396 5519 3528 5552 nni-is
3545 5519 3728 5615 possunt

2157 5579 2370 5626 vitiatus.
2389 5578 2462 5622 sic
2484 5571 2620 5627 infra,
2640 5586 2688 5619 ιι.
2715 5573 2791 5627 23,
2828 5572 2911 5621 ubi
2952 5578 3056 5620 Mss.
3107 5570 3270 5617 labent
3296 5579 3307 5612 :
3334 5573 3456 5629 Tum:
3490 5579 3540 5613 re
3561 5579 3731 5629 inque-

2157 5623 2256 5693 rei,
2280 5635 2524 5692 achti‘j.
2553 5623 2808 5682 terebant:
2831 5642 2953 5681 tune
2976 5632 3262 5692 relinqueres
3283 5623 3522 5686 umbram,
3537 5635 3587 5680 ut
3602 5623 3726 5679 esse:

2159 5699 2206 5750 in
2237 5697 2355 5757 lucc,
2378 5704 2470 5744 ειιι.
