4024 6210
350 319 479 376 1097

339 445 438 487 tam
465 443 706 488 meritam
737 433 946 508 (Matth.
975 451 1098 500 xxv,
1129 437 1217 502 5i,
1246 437 1333 501 41,
1361 437 1474 512 46).
1503 439 1619 494 iam
1652 456 1681 494 a
1706 440 1908 496 visione

337 529 516 582 formae
554 527 787 583 hominis
829 539 1055 600 pergunt
1086 530 1156 584 illi
1189 531 1256 586 ad
1291 531 1552 587 visionem
1583 534 1763 588 formae
1796 535 1906 590 Dei.

346 621 462 676 llcc
499 632 572 674 est
617 624 773 687 enim,
824 623 1011 694 inquit,
1057 626 1157 678 vita
1193 636 1401 693 (eterna,
1443 637 1498 680 ut
1537 639 1836 698 cognoscant
1865 639 1912 684 te

339 729 486 765 unum
520 729 693 766 verum
741 713 922 778 Deum,
972 726 1018 768 et
1063 733 1206 786 quem
1238 719 1414 773 misisti
1455 717 1631 774 Iesum
1659 722 1909 776 Christum

333 802 522 870 (Joan.
568 820 710 870 xvu,
753 808 820 878 ’5)
865 824 878 860 :
926 809 1196 874 subaudis,
1247 810 1315 864 Et
1339 811 1506 880 ipsum
1535 828 1694 867 unum
1722 830 1905 870 verum

330 895 530 959 Deum;
561 897 684 967 quia
713 897 868 953 Pater
890 907 946 954 et
973 900 1139 956 Filius
1167 919 1300 958 unus
1329 919 1482 959 verus
1513 905 1650 960 Deus
1680 924 1693 960 :
1723 916 1781 962 ut
1808 908 1906 964 iste

325 989 388 1042 sit
429 1003 654 1055 sensus,
700 999 754 1046 te
795 1000 848 1046 et
874 1007 1031 1061 quem
1075 994 1261 1048 misisti
1300 994 1480 1051 Jesum
1511 995 1780 1055 Christum
1809 1015 1904 1056 co-

323 1090 582 1148 gnoscant
611 1097 774 1135 unum
801 1097 984 1137 verum
1015 1084 1198 1139 Deum.
1231 1085 1344 1140 Non
1374 1089 1514 1143 enim
1553 1089 1622 1144 illi
1664 1090 1812 1144 ibunt
1836 1091 1902 1146 ad

323 1173 582 1226 visionem
606 1173 799 1240 Patris,
827 1183 882 1229 et
905 1191 1008 1230 non
1039 1177 1108 1230 ibi
1133 1177 1381 1233 videbunt
1401 1190 1454 1235 et
1475 1181 1688 1236 Filium.
1711 1183 1765 1238 Si
1795 1200 1900 1238 non

319 1272 463 1317 esset
489 1271 549 1318 et
577 1263 740 1318 Filius
768 1265 820 1319 in
851 1265 1023 1321 Patris
1052 1267 1135 1321 sui
1160 1269 1362 1325 visione
1381 1311 1396 1335 ,
1428 1287 1533 1330 non
1561 1272 1759 1327 diceret
1789 1275 1900 1343 ipse

318 1354 487 1410 Filius
516 1351 794 1427 discipulis
817 1358 926 1412 suis
946 1359 1066 1429 quia
1089 1358 1253 1416 Filius
1279 1361 1330 1415 in
1357 1362 1511 1418 Patre
1535 1374 1636 1428 est,
1665 1374 1720 1420 et
1745 1365 1900 1419 Pater

319 1451 370 1504 in
402 1450 560 1505 Filio.
596 1451 787 1507 Dicunt
814 1452 888 1508 illi
918 1452 1159 1524 discipuli
1188 1471 1202 1507 :
1239 1455 1455 1510 Ostende
1483 1457 1622 1513 nobis
1655 1459 1891 1528 Patrem,

317 1552 362 1594 et
406 1543 591 1612 suﬁcit
639 1545 798 1600 nobis.
850 1544 936 1598 Ait
973 1546 1078 1600 illis
1117 1562 1137 1600 :
1180 1546 1341 1602 Tanto
1385 1559 1606 1619 tempore
1646 1552 1895 1608 vobiscum

316 1649 444 1696 sum,
471 1642 521 1686 et
547 1650 649 1687 non
679 1651 757 1689 me
781 1635 980 1690 nostis?
1010 1635 1270 1708 Philippe,
1295 1640 1380 1709 qui
1407 1656 1485 1694 me
1508 1641 1664 1708 vidit,
1697 1643 1818 1697 vidit
1847 1655 1894 1699 et

323 1721 544 1778 Patrem.
576 1723 778 1780 Videtis
815 1727 934 1796 quia
964 1727 1017 1782 in
1056 1729 1259 1785 visione
1294 1731 1493 1797 Patris,
1524 1743 1578 1790 et
1606 1735 1724 1791 Filii
1761 1738 1892 1792 visio

319 1825 428 1876 est;
459 1824 515 1870 et
543 1817 594 1870 in
622 1817 825 1873 visione
852 1817 1005 1884 Filii,
1043 1831 1095 1876 et
1121 1821 1292 1877 Patris
1310 1823 1451 1878 'visio
1474 1835 1576 1881 est.
1613 1827 1733 1882 Ideo
1757 1846 1888 1884 cou-

316 1919 600 1977 scquenter
624 1909 870 1979 subjecit,
903 1920 957 1967 et
979 1911 1089 1966 ait:
1121 1911 1339 1969 Nescitis
1365 1918 1483 1986 quia
1504 1935 1594 1990 ego
1618 1921 1670 1974 in
1698 1921 1886 1988 Patre,

314 2010 358 2052 et
386 1999 544 2054 Pater
569 2002 624 2056 in
652 2005 771 2057 nte?
797 2003 848 2058 id
872 2014 974 2071 est,
997 2014 1050 2060 et
1074 2021 1159 2062 me
1185 2009 1297 2063 viso
1324 2009 1532 2066 videtur
1556 2023 1610 2067 et
1630 2014 1805 2082 Pater,
1833 2027 1888 2072 et

316 2093 468 2149 Patre
511 2096 627 2150 viso
664 2097 873 2152 videtur
899 2107 952 2153 et
976 2099 1162 2155 Filius.
1197 2101 1371 2157 Patris
1406 2113 1460 2159 et
1494 2104 1611 2159 Filii
1649 2110 1886 2176 separari

314 2201 412 2239 non
440 2195 620 2256 potest
661 2188 795 2243 visio
829 2207 843 2244 :
875 2190 960 2244 ubi
991 2205 1096 2246 non
1123 2201 1400 2262 separatur
1428 2199 1614 2250 natura
1657 2207 1713 2253 et
1754 2201 1884 2254 sub-

313 2279 502 2332 stantia
522 2318 539 2342 ,
586 2280 722 2334 visio
750 2282 985 2350 separari
1016 2298 1119 2337 non
1148 2293 1340 2354 potest.
1368 2285 1499 2342 Nam
1545 2297 1601 2343 ut
1631 2292 1884 2349 noveritis

311 2371 432 2424 illuc
472 2369 674 2426 debere
715 2375 995 2442 prteparari
1025 2389 1120 2430 cor
1156 2375 1221 2430 ad
1249 2377 1527 2434 videndam
1555 2379 1882 2439 divinitatem

313 2461 478 2516 Patris
502 2472 556 2518 et
588 2463 706 2517 Filii
734 2473 786 2518 et
810 2463 1037 2535 Spiritus
1065 2468 1231 2523 sancti
1253 2509 1267 2534 ,
1309 2469 1362 2524 in
1390 2487 1546 2541 quam
1578 2488 1682 2528 non
1712 2476 1881 2531 visam

312 2552 594 2618 credimus,
630 2566 682 2608 et
713 2555 998 2621 credendo,
1028 2573 1122 2612 cor
1149 2559 1288 2626 unde
1315 2560 1482 2616 videri
1513 2565 1680 2633 possit
1721 2583 1880 2622 mun-

309 2645 526 2712 damus;
559 2648 674 2714 ipse
701 2647 952 2703 Dominus
975 2649 1081 2703 alio
1108 2650 1226 2707 loco
1250 2651 1378 2707 dicit
1407 2671 1420 2707 :
1452 2653 1550 2721 Qui
1572 2656 1716 2712 habet
1736 2676 1879 2714 man-

309 2736 420 2788 data
443 2753 556 2790 mea
582 2746 630 2790 et
653 2750 814 2792 servat
836 2756 896 2793 ea
913 2782 929 2806 ,
956 2741 1043 2796 ille
1065 2751 1136 2796 est
1159 2744 1245 2813 qui
1269 2743 1434 2816 diligit
1460 2764 1539 2802 me
1561 2764 1580 2802 :
1603 2750 1688 2815 qui
1714 2760 1878 2806 autent

306 2828 462 2898 diligit
492 2845 570 2882 mc
586 2870 600 2894 ,
633 2831 869 2901 diligetur
889 2848 922 2884 α
950 2830 1108 2888 Patre
1132 2851 1274 2902 meo;
1301 2845 1346 2890 et
1369 2854 1460 2908 ego
1484 2840 1692 2912 diligam
1722 2859 1834 2897 eum
1857 2885 1874 2910 ,

304 2931 348 2970 et
374 2921 706 2991 manifestabo
728 2923 776 2976 ei
802 2924 1048 2994 meipsum
1077 2924 1198 2998 (Id.
1232 2944 1340 2995 xw,
1363 2929 1396 2985 8
1416 2971 1430 2994 ,
1471 2931 1504 2986 9
1522 2973 1538 2998 ,
1591 2932 1656 2988 lO
1675 2975 1689 2998 ,
1743 2934 1805 2988 21
1829 2935 1872 3006 ).

303 3008 564 3080 Numquid
597 3028 703 3066 non
731 3028 852 3068 eum
885 3015 1130 3072 videbant
1158 3033 1276 3072 cum
1303 3020 1494 3090 quibus
1525 3023 1878 3092 loquebatur?

303 3100 368 3156 Et
393 3103 670 3170 videbant,
699 3114 752 3160 et
777 3121 882 3160 non
907 3107 1155 3164 videbant
1194 3128 1207 3164 :
1235 3110 1428 3183 aliquid
1468 3113 1747 3186 videbant,
1772 3118 1873 3173 ali-

303 3192 424 3260 quid
447 3193 769 3262 credebant;
798 3197 1042 3253 videbant
1064 3198 1353 3267 hominem,
1375 3203 1662 3259 credebant
1684 3206 1870 3263 Deum.

303 3282 358 3337 In
389 3284 591 3353 judicio
619 3295 796 3342 autem
825 3288 1069 3344 eumdem
1108 3291 1388 3346 Dominum
1424 3304 1660 3351 nostrum
1690 3298 1871 3354 Jesum

303 3375 554 3431 videbunt
593 3377 858 3433 hominem
886 3393 1005 3434 cum
1037 3379 1246 3450 impiis;
1289 3391 1409 3452 post
1430 3384 1685 3454 judicium
1720 3389 1872 3446 vide-

303 3465 425 3521 bunt
451 3468 622 3522 Deum
651 3477 842 3536 prteter
865 3470 1072 3540 impios.
1096 3470 1179 3524 Da
1202 3482 1489 3540 potestatem
1517 3494 1670 3546 puero
1695 3487 1798 3533 tuo.

366 3559 454 3613 22.
496 3559 565 3614 Et
589 3563 780 3614 salvum
802 3551 885 3632 fac
909 3563 1071 3630 ﬁlium
1094 3563 1293 3618 ancillae
1316 3573 1432 3618 tuae.
1456 3566 1710 3645 Dominus
1735 3569 1874 3626 filius

301 3650 520 3705 ancillae.
551 3649 715 3721 Cujus
741 3652 986 3707 ancillat?
1023 3651 1120 3708 Cui
1161 3655 1459 3712 nasciturus
1484 3659 1694 3728 quando
1734 3677 1872 3716 nun-

303 3743 455 3796 tiatus
480 3753 581 3809 est,
615 3742 886 3812 respondit
914 3752 969 3798 et
995 3746 1069 3797 ait
1101 3763 1114 3799 :
1142 3743 1274 3800 Ecce
1301 3747 1487 3802 ancilla
1515 3749 1755 3817 Domini;
1782 3754 1872 3820 ﬁat

301 3835 420 3887 mihi
457 3835 731 3889 secundum
756 3834 954 3890 verbum
977 3844 1116 3889 tuum
1159 3839 1175 3868 ¹
1213 3838 1234 3908 <
1258 3837 1384 3895 Luc.
1417 3855 1466 3906 ι,
1497 3840 1566 3896 38
1584 3842 1629 3914 ).
1657 3842 1870 3924 Salvum

304 3926 422 3980 fecit
461 3928 651 3984 Filium
679 3929 882 3983 ancilla:
911 3944 1042 3994 sum,
1087 3939 1142 3984 et
1187 3928 1377 3984 Filium
1421 3947 1574 3986 suum
1616 3951 1631 3987 :
1679 3933 1870 3990 Filium

301 4031 484 4084 suum,
529 4019 582 4072 iu
613 4018 778 4073 forma
811 4019 933 4084 Dei;
966 4018 1156 4074 Filium
1197 4020 1404 4075 ancillae
1431 4034 1571 4088 suae,
1607 4023 1658 4076 in
1701 4023 1870 4080 forma

297 4111 454 4165 servi.
483 4111 558 4166 De
577 4111 764 4165 ancilla
791 4111 879 4166 Dei
907 4119 1060 4166 natus
1087 4120 1168 4166 est
1194 4127 1321 4182 ergo
1346 4113 1599 4168 Dominus
1625 4115 1675 4168 in
1699 4114 1869 4171 forma

297 4204 467 4268 servi;
496 4213 549 4256 et
573 4202 723 4267 dixit,
755 4202 962 4256 Salvum
992 4203 1076 4272 fac
1101 4201 1265 4272 ﬁlium
1292 4204 1490 4258 ancilla:
1514 4214 1630 4258 tute.
1661 4205 1728 4260 Et
1760 4208 1869 4261 sal-

294 4310 447 4353 vatus
471 4309 549 4355 est
576 4315 606 4354 a
635 4309 826 4360 morte,
859 4299 992 4352 sicut
1021 4299 1218 4365 nostis,
1248 4301 1559 4355 resuscitata
1585 4317 1744 4356 carne
1773 4317 1870 4357 sua

291 4405 412 4459 quzc
451 4402 654 4445 mortua
690 4399 822 4444 erat.
865 4389 968 4445 Sed
1000 4400 1057 4444 ut
1098 4390 1317 4445 videatis
1343 4391 1465 4461 quia
1496 4393 1633 4447 Deus
1670 4401 1786 4459 est,
1816 4403 1870 4449 et

294 4497 399 4534 non
425 4498 453 4534 a
486 4483 636 4536 Patre
668 4483 743 4535 sic
773 4490 855 4537 est
881 4482 1164 4536 suscitatus
1183 4524 1198 4549 ,
1232 4491 1287 4536 ut
1315 4498 1345 4536 a
1376 4498 1433 4537 se
1459 4499 1564 4538 non
1590 4485 1660 4539 sit
1695 4487 1866 4540 susci-

298 4582 469 4636 latus;
497 4575 617 4642 quia
655 4582 707 4626 et
736 4574 848 4641 ipse
873 4574 1142 4627 suscitavit
1176 4589 1388 4627 carnem
1417 4590 1588 4642 suam,
1623 4577 1784 4631 habes
1815 4579 1865 4632 in

294 4662 576 4725 Evangelia
621 4664 838 4728 dictum,
887 4663 1135 4719 Dcstruite
1176 4663 1415 4735 templum
1459 4667 1572 4733 hoc,
1613 4678 1658 4720 et
1701 4669 1866 4722 triduo

287 4755 540 4808 suscitabo
582 4755 712 4808 illud
754 4771 773 4808 :
820 4771 882 4808 ne
926 4764 1099 4810 autem
1143 4771 1239 4810 nos
1269 4755 1423 4810 “aliud
1453 4758 1863 4826 sustticaremut',

289 4844 626 4916 Evattgclista
660 4856 870 4899 secutus
899 4847 1002 4909 ait,
1039 4844 1148 4899 Hoc
1174 4845 1340 4900 autem
1364 4845 1554 4900 dicebat
1593 4848 1656 4901 de
1683 4851 1866 4917 templo

287 4940 508 5006 corporis
537 4942 614 4991 sui
648 4939 826 5010 (Joan.
856 4955 911 5002 ιι,
945 4939 1030 5001 19.
1058 4938 1122 4992 21
1149 4937 1194 5010 ).
1225 4938 1413 4994 Salvus
1437 4955 1562 5010 ergo
1591 4939 1758 4996 factus
1787 4953 1868 4997 est

290 5031 328 5084 Ρ
331 5033 455 5084 ilius
474 5033 704 5087 ancillm.
730 5031 872 5085 Dicit
893 5040 944 5085 et
967 5032 1322 5100 unusquisque
1343 5031 1658 5087 Christianus
1680 5033 1729 5086 in
1752 5049 1868 5090 cor-

285 5141 412 5191 pore
453 5123 654 5178 Christi
697 5124 933 5192 positus,
983 5123 1192 5176 Salvum
1228 5125 1308 5192 fac
1335 5123 1494 5192 ﬁlium
1522 5124 1722 5178 ancilla:
1746 5135 1868 5178 tute.

284 5215 446 5271 Forte
492 5231 597 5269 non
649 5225 824 5284 potest
851 5215 1064 5280 dicere,
1112 5213 1193 5267 Da
1223 5224 1513 5283 potestatem
1557 5233 1711 5284 puero
1743 5228 1866 5281 tuo;

281 5310 402 5375 quia
436 5309 524 5363 ille
552 5307 720 5362 Filius
744 5308 947 5377 accepit
971 5315 1307 5378 potestatem.
1335 5307 1438 5363 Sed
1464 5324 1628 5378 quare
1655 5325 1759 5399 non
1787 5310 1868 5364 di-

279 5403 349 5452 rit
383 5410 440 5453 et
471 5401 611 5455 hoc?
638 5402 826 5454 Annon
853 5398 1019 5454 servis
1049 5398 1246 5453 dictum
1287 5410 1369 5454 est
1389 5441 1404 5464 ,
1448 5399 1695 5455 Sedebitis
1718 5398 1868 5473 super

281 5492 549 5544 duodecim
569 5490 711 5545 sedes
719 5489 1006 5556 judicantes
1023 5489 1282 5543 duodecim
1303 5490 1456 5544 tribus
1470 5490 1638 5544 Israel
1653 5491 1864 5564 (Matth.

282 5599 402 5648 nx,
429 5585 546 5653 28')"
571 5593 626 5637 et
649 5582 786 5636 servi
815 5581 998 5635 dicunt
1024 5599 1037 5634 :
1071 5579 1288 5634 Nescitis
1305 5583 1424 5652 quia
1443 5582 1647 5652 angelos
1661 5583 1868 5655 judica-

280 5676 451 5730 bimus
493 5676 553 5744 (l
586 5675 703 5728 (ἔον.
747 5674 974 5743 v1.5)?
1015 5673 1218 5744 Accipit
1259 5689 1385 5745 ergo
1425 5683 1478 5730 et
1505 5679 1866 5749 unusquisque

349 5791 369 5821 ι
395 5796 528 5848 333.,
543 5785 628 5851 fiat
643 5785 760 5838 mihi
779 5789 901 5840 sicut
921 5789 1005 5840 vis.

538 5889 809 5948 PATROL.
855 5883 1176 5946 XXXVII.

1410 325 1801 383 ENARRATIO
1843 328 1905 384 IN
1947 325 2259 390 PSALMUM
2301 334 2559 398 LXXXV.

3411 368 3417 373 ’
3473 364 3604 420 1098

2024 457 2326 502 sanctorum
2355 462 2696 520 potestatem,
2729 468 2782 513 et
2806 470 2888 515 est
2910 468 3270 541 unusquisque
3292 485 3596 532 sanctorum

2021 533 2158 590 [ilius
2197 542 2403 596 ancilla:
2438 544 2574 613 ejus.
2610 547 2743 614 Qttid
2784 551 2826 605 si
2857 552 2923 608 de
2967 533 3360 628 pagana-natus
3400 577 3514 634 est,
3545 581 3598 625 et

2017 624 2337 684 cbristianus
2368 632 2537 689 factus
2564 640 2687 693 est?
2717 641 2854 695 filius
2879 624 3096 715 pagana:
3123 656 3391 720 quomodo
3421 624 3594 727 potest

2015 729 2136 771 esse
2179 718 2314 775 filius
2357 725 2564 779 ancilla:
2603 729 2803 798 ipsius?
2845 732 2941 787 Est
2975 718 3185 804 quidem
3215 718 3434 815 paganze
3457 751 3595 806 illius

2015 810 2316 878 carnaliter,
2346 817 2438 868 sed
2467 816 2603 875 filius
2633 822 2885 880 Ecclesia:
2908 810 3371 896 spiritualiler.vEt
3398 843 3590 897 salvum

2014 900 2097 967 fac
2125 900 2287 967 filium
2315 907 2516 962 ancilla:
2541 919 2659 965 ltltB.

2081 989 2169 1045 25.
2212 991 2369 1065 [vers.
2413 1000 2533 1073 47.]
2575 1002 2684 1058 Fac
2719 1024 2911 1064 mecum
2937 1015 3138 1083 signum
3165 1018 3216 1072 in
3244 1019 3393 1077 bona.
3439 1025 3586 1094 Quod

2011 1081 2238 1150 signum,
2264 1089 2360 1143 nisi
2393 1096 2829 1154 resurrectionis?
2857 1101 3106 1162 Dominus
3127 1108 3290 1165 dicit:
3321 1081 3588 1172 Genei-atio

2008 1173 2116 1228 lucc
2133 1194 2286 1245 prava
2307 1193 2352 1233 et
2368 1187 2649 1242 amaricans
2664 1191 2864 1261 signum
2883 1197 3084 1264 quatit;
3100 1209 3146 1254 et
3164 1203 3362 1273 signum
3379 1224 3478 1262 non
3495 1212 3588 1264 da-

2007 1263 2137 1319 bitur
2151 1267 2214 1333 ei,
2231 1271 2327 1324 nisi
2339 1267 2538 1360 signum
2548 1276 2580 1330 J
2588 1295 2698 1333 ante
2714 1263 2988 1353 prophetat.
3007 1287 3153 1343 Sicut
3169 1263 3299 1347 enim
3312 1293 3472 1352 Jonas
3489 1302 3585 1370 fuit

2004 1354 2057 1407 in
2073 1369 2238 1411 ventre
2251 1363 2344 1415 ceti
2362 1354 2704 1425 tribasdiebus
2717 1381 2762 1425 et
2777 1375 2933 1430 tribus
2948 1379 3268 1447 noctibus,sic
3283 1388 3372 1439 erit
3385 1398 3431 1442 et
3447 1354 3585 1462 ﬁlius

2004 1445 2217 1502 hominis
2244 1452 2296 1506 in
2323 1457 2474 1510 corde
2501 1469 2647 1516 teme
2672 1463 2879 1533 (Matth.
2900 1483 2990 1532 xu,
3007 1469 3076 1525 59
3094 1482 3140 1526 et
3162 1445 3269 1545 i0).
3293 1476 3432 1548 Ergo
3447 1445 3578 1536 lcum

2001 1540 2172 1608 capite
2197 1553 2379 1600 nostro
2393 1548 2501 1616 jam
2528 1551 2721 1608 factum
2751 1565 2832 1612 est
2855 1559 3062 1630 signum
3088 1564 3140 1618 in
3163 1540 3301 1621 bone
3325 1586 3338 1622 :
3365 1540 3503 1626 dicat
3527 1586 3580 1628 ct

2000 1635 2360 1706 unusquisque
2378 1651 2634 1710 nostrum,
2656 1645 2764 1700 Fac
2788 1664 2978 1704 mecum
2999 1655 3198 1726 signum
3213 1659 3265 1711 in
3281 1659 3408 1716 bono
3421 1680 3442 1726 ;
3455 1666 3576 1734 quia

1999 1722 2050 1774 in
2069 1726 2350 1781 novissima
2372 1731 2516 1800 tuba,
2541 1733 2592 1788 in
2609 1735 2836 1792 adventu
2859 1741 3088 1811 Domini,
3107 1757 3160 1800 et
3180 1750 3372 1804 mortui
3391 1722 3574 1807 res-ur-

1994 1825 2121 1883 gent
2151 1818 2458 1892 incorrupti,
2488 1837 2541 1880 et
2570 1842 2667 1883 nos
2703 1830 3103 1893 immutabimur
3135 1838 3179 1909 (l
3205 1838 3323 1896 Cor.
3347 1860 3434 1908 xv,
3459 1847 3571 1912 52).

1994 1907 2108 1963 Erit
2141 1910 2240 1967 hoc
2265 1915 2470 1984 signum
2502 1920 2552 1974 in
2577 1920 2736 1978 bono.
2769 1923 2879 1979 Fac
2907 1944 3097 1984 mecum
3121 1933 3320 2004 signum
3348 1937 3401 1991 in
3421 1939 3570 2007 bona,

1993 2008 2050 2052 ut
2076 2001 2276 2057 videant
2299 2007 2387 2077 qui
2411 2011 2744 2080 meaderunt,
2773 2025 2820 2069 et
2848 2001 3248 2091 confundantur.
3291 2025 3349 2080 In
3371 2001 3572 2096 judicio

1991 2090 2381 2151 eonfundentur
2407 2101 2723 2168 perniciose,
2751 2106 2842 2176 qui
2869 2107 2886 2138 ¹
2928 2090 3086 2165 modo
3111 2113 3296 2170 nolunt
3318 2090 3569 2174 cdnt‘undi

1989 2181 2290 2240 salubriter.
2339 2189 2496 2246 Modo
2534 2209 2663 2264 ergo
2699 2197 3127 2269 confundantur;
3183 2219 3432 2274 accusent
3458 2213 3571 2266 vias

1989 2286 2111 2328 suas
2135 2277 2322 2344 malas,
2343 2289 2556 2336 teneant
2583 2287 2718 2340 viam
2737 2287 2927 2344 bonam
2955 2310 2969 2344 :
3000 2295 3120 2364 quia
3147 2312 3304 2354 nemo
3325 2310 3565 2359 nostrum

1989 2365 2116 2420 vivit
2142 2368 2256 2423 sine
2275 2371 2604 2438 confusione,
2637 2379 2737 2432 nisi
2762 2381 2782 2411 ²
2817 2382 2961 2449 prius
2982 2382 3236 2444 confusus
3262 2392 3564 2450 reviviscat.

1986 2453 2196 2514 Prtcbet
2222 2460 2325 2515 illis
2352 2463 2492 2519 Deus
2521 2467 2682 2522 modo
2710 2469 2908 2526 aditum
2954 2475 3182 2553 salubris
3220 2483 3564 2553 confusionis,

1985 2546 2029 2600 si
2060 2563 2164 2603 non
2195 2561 2536 2610 contemnant
2563 2558 2878 2616 medicinam
2907 2548 3256 2626 confessionis
3285 2573 3365 2628 :si
3386 2584 3563 2633 autem

1989 2639 2150 2735 modo
2193 2643 2379 2699 nolunt
2417 2646 2690 2716 confundi,
2742 2660 2866 2709 tunc
2899 2656 3311 2730 confundeattur,
3353 2668 3564 2735 quando

1981 2728 2246 2786 deducent
2278 2748 2372 2788 eos
2412 2752 2477 2791 ex
2502 2737 2728 2796 adverso
2755 2742 3058 2814 iniquitates
3085 2763 3267 2820 eorum
3296 2728 3452 2824 (sip.
3487 2774 3559 2822 tv,

1981 2817 2096 2886 20).
2128 2821 2405 2889 Quomodo
2430 2827 2859 2889 confundentur?
2884 2836 3106 2902 Quando
3127 2817 3326 2910 dicent,
3356 2817 3427 2899 Hii
3447 2817 3564 2902 simi

1980 2929 2104 2982 quos
2127 2914 2400 2985 aliquando
2426 2918 2689 2993 habuimus
2719 2924 2772 2977 in
2816 2925 2974 2980 risum
3007 2937 3054 2982 et
3088 2931 3142 2984 in
3183 2933 3561 2992 similitudinem

1979 3005 2289 3076 improperii.
2315 3008 2426 3065 Nos
2452 3011 2695 3068 insensati
2713 3018 2863 3071 vitam
2886 3035 3058 3076 eorum
3085 3025 3456 3083 wstimabamus
3482 3033 3561 3083 in-

1979 3099 2174 3152 saniam
2200 3115 2219 3152 :
2245 3103 2494 3170 quomodo
2520 3108 2794 3176 computati
2817 3120 2937 3163 sunt
2956 3112 3085 3166 inter
3104 3115 3238 3182 filios
3252 3115 3350 3172 Dei
3369 3118 3396 3172 Ρ
3422 3120 3560 3187 Quid

1978 3188 2120 3244 nobis
2143 3192 2332 3262 profuit
2354 3195 2628 3264 superbia?
2670 3196 2818 3253 Tunc
2842 3199 3020 3257 dicent
3047 3221 3060 3255 :
3094 3205 3253 3259 modo
3275 3206 3476 3277 dicant,
3503 3223 3559 3267 et

1923 3330 1928 3332 _
1979 3282 2258 3336 salubriter
2285 3282 2486 3338 dicunt.
2531 3286 2883 3344 Convertatur
2920 3292 3060 3347 enim
3101 3298 3462 3369 unusquisque
3486 3303 3555 3357 ad

1977 3370 2143 3426 Deum
2179 3372 2413 3438 humilis,
2445 3385 2498 3430 et
2528 3379 2686 3433 modo
2720 3379 2882 3448 dicat,
2921 3383 3055 3450 Quid
3083 3386 3211 3441 mihi
3238 3389 3433 3458 profuit
3463 3409 3558 3447 su-

1977 3463 2199 3550 perbia?
2226 3474 2280 3518 et
2316 3465 2496 3521 audiat
2542 3468 2609 3521 ab
2634 3469 2908 3539 Apostolo,
2957 3475 3122 3542 Quam
3163 3480 3297 3534 enim
3341 3483 3557 3552 gloriam

1977 3545 2220 3607 habuistis
2258 3555 2311 3608 in
2349 3555 2457 3622 his,
2497 3557 2548 3611 in
2574 3559 2752 3627 quibus
2786 3579 2918 3617 nunc
2944 3565 3232 3624 erubescitis
3270 3545 3444 3644 (Rom.
3479 3592 3551 3641 νι,

1975 3642 2105 3714 21)ἱ’
2143 3643 2346 3701 Videtis
2375 3662 2492 3704 esse
2527 3659 2580 3704 et
2624 3653 2783 3707 modo
2805 3655 3168 3714 confusionem
3207 3642 3471 3720 salubrem
3502 3670 3554 3725 in

1977 3733 2096 3791 loco
2128 3738 2493 3806 paenitentiae;
2547 3751 2672 3797 tunc
2714 3753 2890 3799 autem
2929 3762 3120 3816 seram,
3161 3753 3419 3822 inutilem,
3469 3761 3557 3813 in-

1976 3826 2322 3884 fructuosam.
2354 3829 2491 3896 Quid
2525 3833 2665 3889 nobis
2694 3837 2882 3906 profuit
2899 3843 3136 3908 superbia
3159 3844 3184 3896 ?
3210 3856 3296 3898 aut
3328 3850 3448 3915 quid
3475 3852 3556 3903 di.

1975 3921 2208 3974 vitiarunt
2244 3924 2495 3993 jactantia
2534 3928 2742 3981 contulit
2778 3928 2965 3984 nobis?
3014 3931 3341 3991 Transierunt
3383 3943 3556 3996 omnia

1975 4019 2212 4080 tanquam
2230 4012 2405 4066 umbra
2427 4013 2581 4086 (Sap.
2607 4029 2662 4083 v,
2687 4018 2832 4088 5-9).
2860 4019 2994 4086 Quid
3017 4024 3198 4078 enim?
3223 4030 3434 4097 quando
3463 4031 3552 4089 hic

1976 4101 2206 4168 vivebas,
2237 4118 2343 4157 non
2370 4104 2586 4160 videbas
2615 4108 2735 4176 quia
2764 4111 3097 4168 transiebant
3116 4115 3212 4169 ista
3231 4119 3406 4173 omnia
3435 4129 3553 4174 tau-

1973 4211 2128 4265 quam
2153 4197 2382 4252 utnbra?
2411 4198 2559 4254 Tunc
2584 4201 2914 4272 relinqueres
2944 4207 3204 4273 umbram,
3243 4221 3297 4265 et
3321 4227 3468 4267 esses
3497 4215 3546 4268 in

1975 4289 2127 4355 luce;
2172 4307 2277 4344 non
2317 4303 2496 4360 postea
2555 4294 2780 4362 diceres,
2835 4296 3167 4378 Transierunt
3209 4307 3375 4359 omnia
3416 4309 3550 4364 velut

1972 4381 2168 4445 umbra,
2215 4383 2426 4452 quando
2451 4383 2519 4437 ab
2549 4386 2732 4440 umbra
2773 4388 2824 4442 iu
2865 4391 3111 4446 tenebras
3139 4394 3306 4453 iturus
3329 4415 3406 4454 cs.
3444 4400 3551 4456 Fac

1972 4487 2165 4524 mecum
2189 4475 2386 4541 signum
2416 4475 2466 4528 in
2507 4475 2656 4543 bona,
2699 4489 2752 4532 ut
2779 4481 2977 4536 videant
2997 4484 3084 4552 qui
3119 4502 3198 4541 me
3222 4491 3455 4558 oderunt,
3502 4505 3550 4549 et

1972 4561 2363 4631 confundantur.
3418 4627 3423 4633 .

2041 4653 2130 4708 24.
2166 4656 2416 4720 Quoniam
2443 4667 2514 4722 tu,
2543 4658 2760 4714 Domine
2780 4704 2795 4727 ,
2826 4665 3066 4734 adjuvisti
3106 4685 3184 4722 me
3206 4711 3221 4735 ,
3248 4682 3292 4724 et
3315 4665 3546 4729 consobr-

1973 4754 2052 4800 tus
2076 4763 2126 4800 es
2166 4764 2262 4800 me.
2301 4749 2553 4819 Adjuvisti
2576 4768 2655 4805 me
2678 4792 2694 4819 ,
2741 4754 2791 4808 in
2831 4760 3154 4828 certamine;
3185 4773 3232 4815 et
3261 4768 3547 4824 consolatus

1971 4851 2023 4888 es
2052 4851 2148 4901 me,
2176 4838 2229 4890 in
2263 4839 2490 4893 tristitia.
2520 4840 2686 4896 Nemo
2709 4845 2851 4898 enim
2881 4849 3301 4909 consolationem
3331 4859 3536 4926 quzrrit,

1974 4927 2072 4979 nisi
2095 4929 2289 4996 quiest
2314 4929 2364 4982 in
2395 4931 2634 4985 miseria.
2675 4933 2790 4988 Non
2844 4938 3000 4992 vultis
3040 4943 3350 4998 consolari?
3381 4947 3542 5002 Dicite

1972 5019 2093 5085 quia
2146 5019 2330 5074 felices
2373 5022 2521 5077 estis.
2573 5023 2642 5078 Et
2677 5027 2911 5093 auditis,
2955 5029 3200 5102 Populus
3234 5051 3372 5090 meus
3417 5038 3544 5107 (jam

1972 5108 2306 5191 respoudetis
2331 5151 2346 5176 ,
2373 5121 2425 5165 et
2469 5113 2624 5168 audio
2650 5131 2890 5173 mttrtnur
2918 5121 3052 5176 bene
3079 5124 3366 5178 tenentium
3397 5126 3543 5182 Seri-

1974 5211 2171 5269 pturas.
2224 5202 2363 5256 Deus
2409 5204 2498 5272 qui
2539 5205 2640 5261 hoc
2683 5211 2898 5278 scripsit
2940 5213 2996 5265 in
3040 5211 3286 5268 cordibus
3331 5220 3545 5286 vestris,

1973 5292 2251 5346 confirmet
2280 5294 2331 5347 in
2364 5294 2517 5354 factis
2542 5300 2756 5355 vestris.
2788 5301 3013 5370 Videtis,
3048 5305 3238 5360 fratres
3257 5347 3273 5371 ,
3301 5309 3423 5377 quia
3451 5315 3544 5382 qui

1972 5384 2120 5438 vobis
2149 5383 2369 5450 dicunt,
2403 5387 2608 5445 Felices
2652 5392 2807 5454 estis.
2834 5389 3092 5448 seducunt
3134 5397 3279 5466 vos),
3315 5397 3545 5472 Populus

1971 5491 2131 5537 meus,
2155 5477 2242 5544 qui
2268 5493 2351 5530 vos
2370 5481 2540 5546 felices
2569 5481 2772 5547 dicunt,
2795 5485 2848 5537 in
2881 5501 3099 5540 errorem
3121 5503 3206 5542 vos
3236 5491 3468 5563 mittunt,
3500 5507 3549 5552 et

1973 5567 2173 5618 turbant
2215 5569 2414 5622 semitas
2449 5573 2630 5638 pectunt
2658 5585 2928 5628 vestrorum
2954 5573 3110 5647 (lsai.
3137 5595 3212 5648 Ill,
3240 5581 3330 5656 12)
3375 5583 3464 5644 Sic
3491 5595 3545 5644 et

2037 5739 2052 5771 ι
2083 5746 2198 5794 Vox,
2224 5739 2322 5800 qui.
2343 5743 2481 5792 abest
2504 5758 2529 5792 a
2557 5751 2658 5795 Mss.

2036 5803 2055 5831 ²
2081 5800 2262 5865 Aliquot
2288 5810 2413 5865 Mss,
2434 5807 2549 5856 sine.

2704 5895 3210 5969 {Trente—ct’na.\
