4024 6210
419 311 439 364 ι
450 309 554 366 099

417 427 484 482 dc
514 423 749 496 Epistola
791 421 974 480 Jacobi
1000 419 1223 490 apostoli
1249 437 1260 473 :
1294 417 1470 473 Miseri
1505 428 1688 484 estote,
1720 417 1909 488 inquit,
1937 425 1984 470 et

417 520 582 591 lugete
601 535 620 584 ,°
645 518 777 574 risus
796 523 950 572 vester
970 515 1024 568 in
1040 511 1228 566 luctum
1241 520 1560 566 convertatur
1584 510 1784 582 (Jacobi
1807 525 1876 573 tv,
1904 509 1983 580 9).

363 666 365 669 .
420 611 620 667 Videtis
666 625 783 681 quas
807 605 1066 664 audistis:
1098 603 1311 676 quando
1337 604 1491 660 nobis
1533 604 1648 658 lucc
1684 603 1989 658 dicerentur

416 705 468 762 in
490 704 706 775 regione
733 697 1072 756 securitatis?
1092 696 1286 768 Utique
1311 701 1459 768 regio
1485 696 1586 750 ista
1613 694 1986 750 scandalorum

415 803 500 850 est
521 836 537 860 ,
562 802 617 850 et
642 791 995 850 tentationum
1018 830 1034 856 ,
1057 797 1115 844 et
1141 787 1374 842 omnium
1403 787 1659 841 malorum
1685 829 1698 852 ,
1730 795 1786 840 ut
1810 800 1991 856 gema-

419 901 535 940 mus
565 885 682 951 hic,
709 890 762 938 et
796 895 1096 937 mereamur
1119 879 1351 951 gaudere
1379 879 1447 933 ibi
1474 895 1488 944 ;
1521 878 1608 932 hic
1635 878 1869 932 tribulari
1889 920 1903 944 ,
1937 888 1992 932 et

417 975 684 1044 consolari
734 974 844 1040 ibi,
876 981 932 1030 et
967 973 1145 1028 dicere
1183 989 1197 1026 :
1252 971 1503 1038 Quoniam
1539 970 1775 1049 exemisti
1817 971 1991 1024 oculos

415 1082 550 1120 meos
579 1081 610 1118 a
640 1063 898 1135 lacrymis,
932 1062 1078 1133 pedes
1124 1077 1259 1115 meos
1304 1078 1336 1114 a
1379 1059 1548 1115 labina
1568 1061 1622 1125 ¹;
1651 1060 1853 1131 placebo
1875 1059 1990 1114 Do-

417 1157 555 1210 mino
581 1156 634 1210 in
659 1156 862 1227 regione
886 1154 1110 1208 uiuorum
1139 1151 1306 1224 (Psal.
1333 1167 1455 1206 CXIV
1473 1192 1488 1216 ,
1517 1151 1570 1212 8,
1604 1150 1680 1224 9).
1715 1151 1815 1206 Ista
1844 1152 1990 1221 regio

416 1257 748 1304 mortuorum
773 1258 874 1302 est.
899 1244 1112 1300 Transit
1136 1244 1281 1314 regio
1304 1254 1653 1304 mortuorum,
1681 1243 1823 1298 venit
1845 1243 1990 1312 regio

415 1340 678 1393 vivorum.
709 1336 767 1392 lu
793 1335 1010 1406 regione
1034 1343 1364 1390 mortuorum
1390 1332 1562 1400 labor,
1594 1332 1774 1398 dolor,
1807 1333 1985 1400 timor,

417 1428 706 1494 tribulatio,
737 1426 978 1493 tentatio,
1010 1425 1239 1495 gemitus
1259 1465 1276 1492 ,
1307 1423 1591 1494 suspirium
1622 1441 1635 1477 :
1667 1422 1753 1479 hic
1775 1422 1887 1478 falsi
1913 1422 1990 1478 fe-

410 1523 566 1589 lices,
597 1521 710 1578 veri
737 1519 1011 1585 infelices;
1043 1518 1163 1590 quia
1195 1517 1321 1574 falsa
1349 1516 1595 1582 felicitas,
1619 1529 1744 1571 vera
1777 1517 1990 1572 miseria

415 1622 518 1668 est.
540 1611 643 1680 Qui
687 1626 815 1667 vero
851 1625 911 1666 se
940 1609 1180 1680 agnoscit
1218 1608 1270 1662 in
1296 1621 1422 1663 vera
1469 1621 1588 1662 esse
1611 1606 1823 1662 miseria
1847 1648 1864 1674 ,
1889 1606 1992 1661 erit

419 1711 578 1764 etiam
623 1708 677 1762 in
706 1718 832 1761 vera
866 1703 1117 1774 felicitate
1147 1718 1161 1757 :
1193 1709 1247 1755 et
1281 1707 1460 1755 tamen
1501 1713 1641 1756 nunc
1677 1698 1800 1768 quia
1830 1697 1992 1754 miser

417 1816 496 1864 es,
524 1798 808 1854 Dominum
833 1795 956 1852 audi
976 1793 1260 1859 dicentem,
1284 1791 1428 1846 Beati
1457 1788 1913 1863 lugentes(Matth.
1936 1805 1986 1856 v,

420 1891 502 1962 5).
531 1890 596 1957 0,
625 1889 753 1945 beati
782 1887 1044 1960 lugentes!
1083 1884 1223 1941 Nihil
1255 1896 1360 1939 tam
1389 1882 1728 1951 coniunctum
1761 1881 1991 1936 miseri-.e

419 1997 575 2052 quam
611 1981 823 2046 luctus;
857 1979 984 2032 nihil
1023 1987 1128 2032 tam
1155 1984 1420 2032 remotum
1445 1981 1502 2030 et
1537 1973 1858 2029 contrarium
1889 1973 1992 2027 mis

417 2075 570 2130 seriae
612 2088 769 2145 quam
815 2069 1120 2128 beatitudo:
1151 2077 1204 2124 tu
1240 2069 1372 2124 dicis
1411 2067 1678 2138 lugentes,
1701 2074 1754 2122 et
1779 2073 1834 2121 tu
1862 2064 1994 2120 dicis

418 2167 639 2222 beatos!
677 2165 954 2236 lntelligite
977 2206 993 2230 ,
1043 2164 1249 2234 inquit,
1281 2160 1421 2233 quod
1469 2161 1588 2216 dico
1619 2177 1632 2213 :
1666 2159 1850 2215 beatos
1873 2158 1994 2214 dico

439 2269 690 2332 agentes;
716 2274 882 2330 quare
906 2257 1080 2314 beati?
1107 2257 1161 2312 in
1191 2271 1304 2327 spe.
1323 2255 1498 2324 Quare
1528 2251 1878 2324 lugentes?ln
1909 2267 1989 2307 re.

418 2352 623 2408 Etenim
651 2351 833 2422 lugent
861 2350 913 2404 iu
938 2358 1111 2404 morte
1139 2348 1259 2412 ista,
1290 2347 1341 2402 in
1376 2345 1801 2401 tribulationibus
1827 2344 1942 2399 istis
1972 2384 1988 2409 ,

415 2444 471 2498 in
499 2441 919 2513 peregrinatione
957 2454 1086 2502 sua;
1117 2447 1171 2495 et
1198 2438 1318 2507 quia
1365 2445 1658 2508 agnoscunt
1695 2451 1754 2491 se
1785 2450 1905 2491 esse
1938 2437 1989 2489 in

413 2534 516 2589 ista
545 2532 757 2588 miseria
775 2572 790 2596 ,
818 2541 874 2587 et
898 2539 1152 2602 gemunt,
1183 2529 1322 2584 beati
1345 2537 1490 2583 sunt.
1518 2527 1692 2595 Quare
1725 2527 1907 2598 lugent
1930 2525 1992 2580 ’?

413 2623 766 2680 Coutristatus
792 2631 875 2677 est
895 2622 1078 2677 beatus
1107 2620 1404 2690 Cyprianus
1434 2619 1486 2672 in
1516 2618 1798 2688 passione;
1830 2616 1989 2672 modo

413 2715 717 2784 consolatus
729 2724 813 2770 est
839 2715 891 2769 in
907 2727 1124 2770 corona.
1150 2711 1305 2766 Modo
1322 2719 1376 2766 et
1386 2710 1694 2766 consolatus
1711 2708 1883 2764 adhuc
1905 2708 1991 2763 tri-

410 2809 508 2866 stis
531 2816 632 2866 est.
657 2807 910 2862 Dominus
935 2806 1076 2861 enim
1093 2814 1272 2860 noster
1293 2803 1448 2859 Jesus
1467 2802 1711 2859 Christus
1729 2801 1901 2857 adhuc
1917 2801 1989 2856 in-

411 2878 656 2971 terpollat
670 2913 767 2969 pro
786 2897 939 2954 nobis
962 2897 1136 2970 (Rom.
1154 2911 1262 2960 vtu,
1283 2896 1377 2965 54)
1394 2912 1408 2948 :
1428 2909 1614 2951 omnes
1625 2893 1881 2967 Martyres
1895 2894 1986 2966 qui

409 3006 530 3048 cum
560 2991 652 3048 illo
671 2999 794 3048 sunt
813 3030 831 3059 ,
858 2989 1196 3060 interpellant
1216 3002 1313 3058 pro
1338 2985 1510 3042 nobis.
1549 2985 1665 3041 Non
1710 2994 1986 3041 transeunt

407 3081 860 3153 interpellationes
903 3080 1161 3150 ipsorum,
1179 3078 1281 3134 nisi
1309 3093 1430 3133 cum
1460 3077 1728 3132 transierit
1754 3077 1984 3146 gemitus

409 3184 590 3230 noster
617 3191 631 3228 :
657 3188 776 3230 cum
790 3181 968 3228 autem
986 3171 1251 3226 transierit
1270 3171 1496 3240 gemitus
1517 3179 1712 3232 noster,
1731 3169 1983 3226 omnesin

406 3281 509 3322 una
523 3279 672 3330 voce,
691 3264 746 3318 'in
772 3279 878 3319 uno
895 3262 1109 3333 populo,
1129 3262 1180 3316 in
1213 3276 1314 3316 una
1334 3261 1499 3330 patria
1525 3259 1916 3314 consolabimur
1934 3259 1976 3327 ⁸,

409 3357 572 3412 millia
599 3356 819 3411 millium
847 3354 1127 3424 conjuncta
1169 3352 1513 3422 psallentibus
1537 3351 1773 3422 Angelis,
1802 3350 1982 3408 choris

402 3449 700 3507 caelestium
726 3449 1050 3504 Potestatum
1080 3447 1130 3501 in
1159 3462 1262 3501 una
1288 3446 1497 3502 civitate
1521 3447 1826 3501 viventium.
1850 3446 1980 3515 Quis

404 3540 474 3596 ibi
497 3539 699 3610 gemit?
718 3538 836 3610 quis
865 3539 935 3593 ibi
963 3537 1230 3607 suspirat?
1259 3537 1377 3607 quis
1398 3536 1468 3592 ibi
1492 3536 1732 3591 laborat?
1756 3537 1876 3606 quis
1906 3538 1975 3592 ibi

402 3629 700 3701 eget?quis
729 3628 800 3684 ibi
842 3627 1103 3682 moritur?
1153 3626 1799 3698 quisibimisericordiam
1843 3641 1977 3695 prte-

401 3721 533 3778 bet?
561 3722 680 3792 quis
713 3720 908 3792 frangit
949 3734 1137 3790 panem
1177 3703 1465 3783 esurienti),
1491 3718 1579 3772 ubi
1623 3733 1808 3773 omnes
1838 3733 1975 3788 pane

399 3812 616 3883 iustitia:
644 3812 986 3883 saginantur?
1009 3809 1176 3866 Nemo
1202 3809 1294 3866 tibi
1315 3808 1463 3876 dicit,
1497 3807 1768 3878 Hospitem
1793 3808 1969 3862 susci-

401 3921 507 3975 pe:
545 3905 850 3976 peregrinus
893 3904 962 3960 ibi
1002 3918 1160 3959 nemo
1207 3903 1339 3969 erit;
1363 3917 1548 3963 omnes
1587 3903 1639 3956 in
1677 3903 1843 3972 patria
1873 3917 1966 3957 sua

400 3995 599 4051 vivunt.
637 3995 806 4051 Nemo
843 3995 938 4052 tibi
961 3994 1122 4062 dicit,
1149 3994 1422 4058 Concorda
1461 3995 1664 4050 amicos
1709 4004 1824 4050 tuos
1867 3995 1972 4049 liti-

398 4099 626 4160 gantes:
673 4090 724 4145 in
768 4103 898 4160 pace
939 4089 1264 4160 sempiterna
1302 4089 1394 4144 Dei
1438 4089 1580 4144 vultu
1610 4089 1967 4158 perfruuntur.

397 4183 565 4240 Nemo
595 4183 688 4240 tibi
714 4183 864 4249 dicit,
896 4183 1058 4238 Visita
1087 4198 1284 4252 aegrum
1315 4200 1327 4234 :
1358 4182 1555 4236 sanitas
1580 4183 1970 4236 immortalitas-

397 4291 500 4346 que
547 4285 840 4346 permanet.
887 4273 1054 4328 Nemo
1099 4273 1192 4327 tibi
1230 4273 1392 4336 dicit,
1427 4273 1590 4341 sepeli
1641 4282 1904 4327 mortuum
1952 4293 1964 4327 :

397 4381 585 4422 omnes
626 4369 678 4421 in
705 4367 809 4420 vita
856 4373 1054 4418 aeterna
1099 4372 1274 4417 erunt.
1305 4362 1530 4418 Ces<ant
1558 4379 1717 4433 opera
1757 4363 1967 4419 miseri-

397 4455 613 4521 cordia),
635 4456 756 4526 quia
787 4454 998 4510 miseria
1021 4468 1124 4508 non
1151 4453 1434 4508 invenitur.
1463 4454 1528 4508 Et
1545 4455 1668 4525 quid
1702 4455 1774 4511 ibi
1806 4455 1967 4511 facie-

397 4545 548 4602 mus?
573 4533 909 4600 Dormiemus
933 4543 1193 4599 fortasse?
1215 4543 1267 4598 Si
1291 4541 1448 4597 modo
1471 4558 1760 4613 pugnamus
1781 4558 1966 4600 contra

289 4616 296 4629 ’
396 4651 514 4705 nos,
540 4635 782 4709 quamvis
808 4649 1054 4707 geramus
1075 4634 1291 4690 domum
1337 4635 1508 4688 somni
1536 4651 1748 4690 carnem
1777 4638 1926 4691 istam
1949 4679 1964 4703 ,

394 4741 448 4787 et
467 4730 752 4802 vigilamus
776 4730 828 4784 in
856 4728 937 4783 his
965 4728 1332 4793 luminaribus,
1356 4738 1410 4783 et
1431 4729 1737 4784 solemnitas
1760 4729 1855 4784 ista
1876 4731 1967 4785 dat

396 4825 550 4879 nobis
577 4821 814 4876 animum
841 4819 1090 4892 vigilandi
1116 4837 1130 4880 :
1161 4819 1274 4875 dies
1316 4821 1402 4874 ille
1431 4820 1611 4889 quales
1642 4822 1844 4892 vigilias
1874 4837 1969 4876 no-

394 4917 476 4971 bis
521 4914 700 4970 dabit?
728 4913 870 4982 Ergo
900 4912 1229 4984 vigilabimus
1249 4953 1262 4976 ,
1295 4929 1400 4966 non
1443 4913 1788 4969 dormiemus.
1823 4915 1958 4982 Quid

391 5005 648 5078 agemus?
691 5005 865 5074 Opera
910 5004 1288 5059 misericordia:
1331 5006 1432 5059 ista
1479 5021 1582 5060 non
1621 5016 1811 5071 erunt,
1844 5009 1962 5078 quia

396 5101 538 5156 nulla
562 5099 774 5155 miseria
802 5099 923 5154 erit.
952 5097 1111 5153 Forte
1135 5113 1294 5167 opera
1324 5099 1656 5153 necessitatis
1681 5111 1835 5154 erunt
1865 5101 1962 5155 ista

391 5207 511 5264 quae
546 5193 631 5249 hic
665 5200 787 5247 sunt
816 5189 974 5246 modo
999 5231 1014 5256 ,
1048 5190 1339 5244 seminandi
1361 5230 1375 5252 ,
1406 5191 1590 5244 arandi
1616 5233 1630 5257 ,
1659 5193 1959 5261 coquendi,

393 5286 645 5353 molendi,
677 5284 929 5341 texendi?
956 5281 1096 5337 Nihil
1127 5280 1312 5336 horum
1338 5325 1350 5346 ,
1379 5284 1499 5361 quia
1545 5285 1831 5339 necessitas
1856 5301 1960 5338 non

389 5380 512 5433 erit.
541 5378 628 5432 Sic
667 5393 771 5433 non
796 5386 949 5432 erunt
981 5389 1144 5445 opera
1174 5373 1554 5429 misericordia:
1579 5417 1592 5435 ,
1624 5375 1744 5445 quia
1776 5378 1964 5431 transit

392 5470 605 5526 miseria
637 5488 652 5523 :
682 5471 771 5524 ubi
817 5469 1106 5524 necessitas
1136 5481 1240 5520 non
1281 5466 1383 5520 erit
1413 5481 1509 5520 nec
1541 5466 1772 5532 miseria,
1802 5483 1959 5536 opera

453 5590 470 5618 ι
497 5583 632 5640 add,
655 5581 860 5632 aruina.
883 5591 936 5632 At
953 5589 1080 5637 Mss,
1105 5594 1134 5630 α
1157 5578 1482 5638 labina.Vide,
1527 5592 1699 5640 supra,
1731 5579 1821 5628 col.
1849 5580 1959 5638 ’δ’ἴο,

388 5639 926 5711 Ειιειν.ἰῃ-Ϊ“είι1-.Λκξκνιλ
953 5658 1000 5690 n.
1025 5643 1098 5690 12.
1125 5709 1133 5711 _
1285 5702 1312 5711 γ’
1429 5709 1436 5711 _
1592 5639 1600 5640 ί
1653 5701 1664 5711 ,
1690 5639 1709 5661 ⁹

451 5712 473 5743 ί
495 5706 692 5768 quidam
709 5701 817 5753 libri
841 5717 855 5751 :
879 5701 925 5768 e't
940 5709 1163 5768 gemunt.
1183 5702 1320 5768 Beati
1329 5709 1454 5762 sunt,
1480 5714 1627 5768 quare
1648 5701 1802 5765 lugent
1820 5704 1846 5752 3’

454 5773 477 5806 ⁸
499 5756 726 5831 ὖὸτὺωη,
745 5756 1105 5825 consolabimur,
1125 5764 1260 5814 abest
1284 5766 1344 5812 ab
1362 5756 1584 5813 omnibus
1607 5757 1707 5811 Mss.

1647 302 1704 358 S.
1746 297 2113 358 AUGUSTINI
2143 302 2440 365 EPISCOPI

3531 322 3670 383 Ηοο

2094 420 2426 476 necessitatis
2446 431 2500 478 ct
2525 423 2902 480 misericordia:
2933 443 3035 481 non
3065 438 3240 484 erunt.
3271 431 3408 500 Quid
3434 435 3507 492 ibi
3532 439 3672 492 erit?

2091 511 2232 579 quod
2262 513 2529 582 negotium
2556 518 2839 570 nostrum?
2867 533 2986 588 quae
3006 521 3143 575 actio
3169 527 3388 578 nostra?
3415 529 3496 581 An
3525 529 3672 584 nulla

2091 601 2252 668 actio,
2279 603 2404 672 quia
2431 605 2621 674 quies?
2640 605 2954 664 Sedebimus
2983 625 3128 681 ergo,
3159 621 3212 666 ct
3241 617 3589 685 torpebimus,
3619 630 3672 676 et

2095 688 2229 746 nihil
2253 695 2512 764 agemus?
2541 694 2596 752 Si
2624 697 2933 769 refrigescet
2956 716 3106 756 amor
3127 715 3329 772 noster,
3361 706 3675 780 refrigescet

2095 782 2240 838 actio
2269 794 2475 840 nostra.
2505 789 2672 842 Amor
2693 803 2820 860 ergo
2847 791 3058 860 quietus
3087 793 3142 847 in
3176 796 3326 850 vultu
3355 797 3481 865 Dei,
3511 817 3672 872 quem

2096 872 2256 942 modo
2283 874 2666 942 desideramus,
2696 879 2779 933 cui
2805 881 3152 950 suspiramus,
3178 898 3302 939 cum
3332 885 3397 940 ad
3425 903 3547 943 eum
3578 907 3672 946 vce

2094 965 2350 1033 norimus,
2377 968 2644 1037 quomodo
2681 984 2779 1024 nos
2819 972 3110 1029 accendet?
3140 974 3196 1031 In
3239 990 3398 1046 quem
3431 980 3701 1038 nondnm'

2095 1058 2266 1112 visum
2294 1061 2371 1114 sic
2399 1062 2753 1131 suspiramus,
2774 1077 2894 1118 cum
2920 1064 2987 1119 ad
3011 1081 3131 1120 eum
3165 1069 3470 1125 venerimus
3489 1113 3504 1136 ,
3533 1089 3671 1142 quo-

2099 1150 2263 1205 modo
2306 1152 2659 1208 illuminabit?
2699 1155 2966 1224 quomodo
3003 1171 3100 1212 nos
3150 1157 3416 1215 mutabit?
3439 1164 3564 1232 quid
3605 1166 3673 1222 de

2095 1249 2250 1304 nobis
2279 1249 2472 1306 faciet?
2517 1253 2654 1320 Quid
2691 1269 2821 1325 ergo
2869 1271 3119 1327 agemus,
3166 1259 3395 1317 fratres?
3428 1263 3673 1318 Psalmus

2095 1340 2249 1396 nobis
2277 1341 2423 1398 dicat
2453 1362 2466 1398 :
2509 1344 2654 1400 Beati
2689 1349 2776 1416 qui
2807 1349 3032 1404 habitant
3060 1353 3113 1406 in
3155 1354 3304 1409 domo
3344 1353 3448 1410 tua.
3480 1357 3673 1413 Unde?

2096 1430 2161 1486 In
2185 1435 2372 1489 saecula
2404 1438 2702 1494 saeculorum
2738 1441 3015 1497 laudabunt
3040 1453 3087 1499 te
3110 1444 3280 1516 (Psal.
3313 1464 3379 1502 1.x
3393 1465 3520 1506 χχιιι
3541 1492 3557 1516 ,
3590 1451 3670 1523 5).

2098 1523 2221 1579 Haec
2262 1526 2363 1580 erit
2389 1527 2530 1582 actio
2572 1540 2782 1597 nostra,
2809 1532 2924 1588 laus
2957 1535 3066 1590 Dei.
3116 1537 3279 1593 Amas
3307 1540 3347 1606 ¹,
3370 1549 3425 1596 et
3466 1540 3670 1598 laudas.

2097 1615 2319 1672 Desines
2346 1617 2563 1676 laudare
2586 1661 2602 1684 ,
2631 1623 2684 1677 si
2701 1619 2916 1680 desines
2945 1640 3146 1682 amare.
3180 1628 3292 1685 Non
3322 1639 3497 1687 autem
3523 1633 3670 1690 desio

2096 1720 2192 1761 nes
2237 1722 2455 1777 amare,
2481 1711 2604 1780 quia
2645 1713 2763 1768 talis
2789 1723 2874 1770 est
2909 1731 3068 1787 quem
3106 1719 3294 1788 vides,
3323 1722 3413 1791 qui
3451 1724 3596 1779 nullo
3619 1736 3672 1782 te

2095 1797 2328 1853 offendat
2351 1798 2598 1856 fastidio:
2626 1811 2683 1858 et
2706 1806 2864 1861 satiat
2887 1815 2960 1874 te,
2986 1817 3040 1862 et
3065 1823 3168 1864 non
3198 1819 3251 1866 te
3270 1813 3447 1868 satiat.
3477 1815 3670 1871 Mirum

2096 1899 2179 1944 est
2203 1890 2342 1960 quod
2367 1890 2507 1948 dico.
2539 1892 2597 1949 Si
2624 1893 2796 1950 dicam
2816 1897 2938 1968 quia
2969 1899 3122 1954 satiat
3151 1907 3221 1965 te,
3245 1901 3406 1958 timeo
3433 1919 3499 1960 ne
3520 1907 3673 1978 quasi

2096 1981 2319 2038 satiatus
2343 1983 2477 2038 velis
2511 1985 2830 2054 abscedere;
2861 1989 3128 2060 quomodo
3155 1991 3223 2047 de
3249 1994 3472 2063 prandio
3495 2037 3510 2060 ,
3541 2012 3674 2067 quo-

2097 2072 2256 2128 modo
2293 2073 2360 2129 de
2384 2089 2559 2132 omna.
2592 2078 2732 2148 Ergo
2769 2080 2894 2149 quid
2925 2081 3088 2147 dico?
3115 2083 3234 2140 Non
3263 2094 3316 2142 te
3350 2089 3553 2144 satiat?
3579 2090 3672 2144 Ti-

2097 2179 2218 2220 meo
2261 2181 2445 2221 rursus
2490 2183 2560 2223 ne
2603 2169 2649 2224 si
2695 2170 2920 2238 dixem,
2949 2171 3064 2228 Non
3110 2183 3162 2230 te
3202 2177 3394 2246 satiat,
3426 2179 3674 2252 indigens

2097 2255 2355 2322 videaris;
2386 2269 2440 2314 et
2466 2260 2616 2330 quasi
2666 2261 2873 2319 inanior
2915 2265 3133 2333 existas,
3162 2276 3217 2324 et
3240 2269 3418 2325 minus
3442 2271 3494 2326 in
3523 2283 3573 2329 te
3602 2275 3675 2330 sit

2095 2347 2288 2418 aliquid
2331 2350 2470 2420 quod
2510 2350 2704 2408 debeat
2746 2353 2974 2424 impleri.
3012 2356 3148 2424 Quid
3187 2374 3314 2431 ergo
3333 2360 3504 2416 dicam
3529 2403 3544 2426 ,
3569 2363 3674 2420 nisi

2095 2439 2233 2508 quod
2282 2439 2381 2494 dici
2414 2451 2604 2510 potest,
2635 2444 2853 2514 cogitari
2889 2447 2976 2501 vix
3025 2451 3242 2517 potest?
3293 2451 3356 2506 Et
3393 2454 3550 2510 satiat
3594 2465 3670 2521 te,

2093 2539 2149 2584 et
2175 2545 2278 2584 non
2301 2539 2352 2586 te
2376 2533 2567 2590 satiat:
2594 2535 2717 2604 quia
2744 2545 3026 2608 utrumque
3052 2538 3262 2595 invenio
3283 2542 3336 2597 in
3362 2541 3671 2615 Scriptura.

2092 2619 2222 2675 Nam
2245 2636 2364 2676 eum
2390 2622 2613 2690 diceret,
2639 2623 2780 2679 Beati
2803 2630 3098 2695 esurientes,
3127 2631 3243 2701 quia
3262 2633 3359 2703 ipsi
3374 2637 3674 2691 satur-abun-

2092 2719 2171 2763 tur
2201 2711 2416 2781 (Matth.
2459 2729 2515 2780 v,
2553 2714 2610 2783 6)
2644 2733 2657 2769 :
2689 2724 2772 2771 est
2808 2733 2994 2773 rursus
3017 2719 3217 2777 dictum
3258 2722 3325 2780 de
3363 2725 3629 2796 Sapientia
3651 2770 3668 2796 ,

2095 2799 2197 2867 Qui
2237 2811 2285 2856 te
2320 2804 2629 2859 manducant
2648 2846 2663 2870 ,
2692 2809 2876 2860 iterum
2908 2809 3126 2865 esuriem
3155 2825 3176 2865 :
3213 2823 3260 2867 et
3277 2814 3365 2884 qui
3391 2824 3438 2869 te
3464 2816 3668 2886 bibunt,

2088 2892 2270 2946 iterum
2316 2895 2484 2948 sitient
2524 2894 2710 2968 (Eccli.
2735 2913 2864 2954 xxiv
2889 2939 2905 2965 ,
2935 2899 3053 2973 29).
3081 2901 3194 2958 lmo
3223 2919 3352 2962 vero
3375 2922 3481 2962 non
3499 2907 3668 2978 dixit,

2087 2984 2308 3048 iterum;
2333 2987 2428 3042 sed
2456 2988 2622 3052 dixit,
2645 2990 2813 3044 aditur:
2833 3006 2854 3044 :
2879 3007 2999 3048 nam
3018 3034 3034 3060 ,
3063 2993 3260 3052 lterum
3303 2998 3485 3065 sitiet,
3514 3003 3669 3072 quasi

2089 3074 2259 3143 primo
2284 3077 2555 3147 saginatus
2595 3080 2900 3136 discesserit
2935 3094 2990 3138 et
3031 3085 3311 3157 digesserit
3354 3099 3408 3146 et
3448 3075 3671 3148 redierit

2087 3166 2289 3223 bibere.
2327 3169 2453 3224 Tale
2498 3179 2612 3236 est,
2646 3172 2747 3238 Qui
2781 3185 2829 3228 te
2859 3176 3045 3244 edunt,
3067 3178 3234 3233 adhuc
3273 3181 3490 3236 esuriem
3529 3199 3548 3237 :
3590 3185 3669 3240 sic

2085 3273 2206 3314 cum
2247 3261 2444 3327 edunt,
2477 3264 2743 3328 esurient;
2774 3275 2828 3322 et
2855 3269 2944 3338 qui
2974 3279 3025 3324 te
3052 3269 3270 3338 bibunt,
3303 3271 3382 3328 sic
3400 3274 3665 3342 bibendo,

2086 3353 2288 3408 sitient.
2317 3353 2453 3422 Quid
2480 3366 2563 3412 cst
2583 3398 2598 3423 ,
2631 3357 2860 3416 bibendo
2883 3361 3069 3416 sitire?
3096 3362 3374 3434 Nunquam
3403 3365 3663 3422 fastidire.

2085 3442 2140 3497 Si
2167 3459 2299 3514 ergo
2338 3446 2436 3501 ista
2480 3447 2761 3503 ineli‘abilis
2808 3459 2862 3504 et
2902 3453 3226 3523 sempiterna
3259 3454 3493 3511 dulcedo
3519 3459 3662 3522 erit;

2084 3534 2245 3589 modo
2269 3535 2394 3605 quid
2431 3552 2461 3590 a
2503 3537 2656 3594 nobis
2682 3539 2850 3608 petit,
2880 3539 3072 3597 fratres
3094 3581 3109 3606 ,
3141 3544 3245 3598 nisi
3276 3543 3434 3600 tidem
3466 3562 3570 3602 non
3597 3549 3666 3602 li-

2081 3635 2242 3690 ctam,
2271 3641 2419 3696 spem
2447 3618 2652 3683 lii-mam
2675 3669 2690 3694 ,
2722 3630 3036 3687 charitatem
3062 3648 3246 3702 puram
3265 3675 3283 3701 ,
3325 3645 3381 3691 et
3430 3638 3666 3694 ambulet

2081 3717 2242 3772 homo
2269 3718 2320 3772 in
2347 3720 2429 3773 via
2458 3736 2616 3790 quam
2647 3721 2902 3779 Dominus
2925 3723 3101 3791 dedit,
3129 3725 3266 3782 ferat
3290 3731 3613 3787 tentationes
3635 3773 3652 3800 ,

2079 3813 2409 3909 et.suscipiat
2433 3815 2871 3871 consolationes?

2080 3921 3660 3949 Μ

2456 4001 2532 4061 IN
2576 3999 2953 4062 PSALMUM
2996 4002 3326 4066 LXXXVI

2665 4125 2800 4179 ENA
2811 4125 3084 4181 “RATIO.

2710 4251 2882 4292 ssnuo
2915 4238 3013 4308 (a).

2146 4352 2197 4405 l.
2233 4351 2472 4406 Psalmus
2501 4351 2589 4420 qui
2623 4351 2783 4405 modo
2819 4361 3061 4406 cantatus
3089 4361 3172 4408 est
3195 4394 3211 4417 ,
3240 4353 3415 4409 brevis
3444 4366 3529 4410 est
3560 4373 3657 4412 nu-

2074 4459 2222 4498 mero
2249 4443 2550 4506 verborum,
2581 4457 2802 4512 magnus
2828 4443 3062 4513 pondere
3082 4445 3488 4501 sententiarum.
3522 4448 3653 4504 Nam

2076 4543 2216 4588 totus
2245 4534 2411 4588 lectus
2434 4545 2516 4588 est
2541 4575 2554 4597 ,
2585 4543 2638 4588 et
2665 4532 2856 4587 videtis
2897 4549 3053 4603 quam
3093 4535 3284 4605 exiguo
3324 4544 3562 4604 tempore
3587 4541 3656 4595 ad

2074 4627 2355 4681 terminum
2386 4639 2550 4695 usque
2593 4623 2898 4693 perductus.
2928 4623 3022 4678 llic
3044 4624 3197 4679 nobis
3217 4665 3230 4688 ,
3253 4635 3510 4694 quantum
3543 4627 3650 4684 Do—

2072 4721 2246 4772 minus
2271 4718 2470 4772 donare
2497 4717 2758 4787 dignatur,
2782 4731 2900 4771 cum
2928 4727 3098 4771 vestra
3132 4717 3402 4772 Charitate
3424 4728 3653 4774 tractan-

2070 4809 2191 4872 dus,
2226 4809 2382 4864 modo
2412 4819 2494 4862 est
2520 4809 2820 4878 proitositus
2842 4823 2872 4862 a
2895 4807 3199 4862 beatissimo
3219 4820 3482 4879 praesente
3502 4820 3656 4880 patre

2074 4901 2393 4969 nostr0'(b).
2440 4900 2734 4968 Repentina
2778 4898 3066 4968 propositio
3103 4914 3188 4954 mc
3227 4909 3507 4969 gravaret,
3550 4901 3650 4958 nisi

2072 5008 2157 5047 me
2179 4992 2428 5045 continuo
2455 4992 2473 5020 ³
2505 4988 2845 5057 praponentis
2885 4989 3055 5043 oratio
3105 4990 3424 5046 sablevaret.
3471 4991 3650 5046 Inten-

2072 5082 2160 5136 dat
2198 5097 2326 5150 ergo
2371 5079 2615 5135 Charitas
2659 5089 2853 5134 vestra.
2902 5079 3106 5134 Civitas
3157 5080 3398 5149 qumdam
3451 5083 3502 5136 in
3550 5083 3649 5137 istc

2073 5175 2278 5242 psalmo
2303 5180 2509 5226 cantata
2550 5181 2603 5224 et
2643 5171 3007 5226 commendata
3050 5181 3130 5224 cst
3158 5190 3170 5222 ε
3203 5171 3354 5241 cujus
3383 5173 3530 5229 civcs
3556 5190 3649 5229 su-

2070 5280 2210 5331 mus,
2239 5265 2290 5318 in
2317 5272 2568 5332 quantum
2599 5261 2872 5316 christiani
2915 5276 3098 5316 sumus
3123 5278 3136 5325 ;
3161 5272 3213 5316 et
3246 5263 3386 5319 unde
3413 5265 3649 5335 percgri~

2070 5371 2279 5425 namur,
2309 5353 2558 5426 quamdiu
2585 5353 2836 5407 mortales
2862 5366 3046 5408 sumus
3071 5369 3084 5415 ;
3111 5364 3162 5407 et
3201 5354 3266 5408 ad
3291 5369 3443 5425 quam
3476 5357 3647 5410 tendi-

2133 5515 2146 5544 ¹
2167 5513 2305 5562 Corb.
2331 5519 2473 5561 vetus
2495 5510 2678 5560 codex:
2704 5514 2838 5567 Ama,
2864 5517 2910 5560 et
2933 5508 3122 5560 laudas.

2132 5575 2306 5624 ’ρος-ι).
2330 5573 2426 5621 duo
2449 5580 2573 5632 Mss,
2602 5579 2838 5622 contmua.
3214 5631 3221 5632 ί
3332 5616 3338 5621 .

2132 5637 2202 5699 (a)
2231 5635 2293 5684 ad
2333 5635 2528 5696 plebem
2562 5631 2696 5699 forte
2727 5635 3172 5699 (xirthaginensem,
3212 5631 3401 5699 habitus
3425 5633 3644 5699 proximo

2066 5692 2146 5748 die
2171 5692 2276 5760 post
2300 5692 2575 5760 eipositum
2600 5695 2832 5745 Psalmum
2856 5692 3034 5760 nitar,
3059 5695 3122 5742 de
3146 5706 3241 5752 quo
3260 5692 3398 5752 infra,
3426 5692 3474 5742 u.
3499 5696 3547 5744 9.

2129 5757 2198 5824 (li)
2226 5757 2578 5810 l-‘ortc’Aurclio
2605 5761 2829 5822 episcopo
2848 5757 3226 5819 Carthaginenst.
