  <div class='ocr_page' id='page_1' title='image "/cluster/home/n/w/nwhite01/storage/ocr_20150623/37/hvd.32044096580592/046.png"; bbox 0 0 4024 6210; ppageno 0'>
   <div class='ocr_carea' id='block_1_1' title="bbox 347 329 467 384">
    <p class='ocr_par' dir='ltr' id='par_1_1' title="bbox 347 329 467 384">
     <span class='ocr_line' id='line_1_1' title="bbox 347 329 467 384; baseline 0.008 -2"><span class='ocrx_word' id='word_1_1' title='bbox 347 329 467 384; x_wconf 80' lang='lat' dir='ltr'><strong>liOl</strong></span> 
     </span>
    </p>
   </div>
   <div class='ocr_carea' id='block_1_2' title="bbox 344 439 1914 511">
    <p class='ocr_par' dir='ltr' id='par_1_2' title="bbox 344 439 1914 511">
     <span class='ocr_line' id='line_1_2' title="bbox 344 439 1914 511; baseline -0.003 -15"><span class='ocrx_word' id='word_1_2' title='bbox 344 457 476 506; x_wconf 88' lang='lat' dir='ltr'><strong>mus,</strong></span> <span class='ocrx_word' id='word_1_3' title='bbox 505 454 602 511; x_wconf 88' lang='lat' dir='ltr'><strong>per</strong></span> <span class='ocrx_word' id='word_1_4' title='bbox 629 439 782 510; x_wconf 86' lang='lat' dir='ltr'><strong>cujus</strong></span> <span class='ocrx_word' id='word_1_5' title='bbox 813 439 949 494; x_wconf 89' lang='lat' dir='ltr'><strong>viam</strong></span> <span class='ocrx_word' id='word_1_6' title='bbox 973 441 1013 505; x_wconf 77' lang='lat'><strong>&#39;,</strong></span> <span class='ocrx_word' id='word_1_7' title='bbox 1044 453 1160 510; x_wconf 74' lang='lat' dir='ltr'><strong>qum</strong></span> <span class='ocrx_word' id='word_1_8' title='bbox 1181 439 1398 495; x_wconf 87' lang='lat' dir='ltr'><strong>omnino</strong></span> <span class='ocrx_word' id='word_1_9' title='bbox 1426 441 1574 510; x_wconf 89' lang='lat' dir='ltr'><strong>quasi</strong></span> <span class='ocrx_word' id='word_1_10' title='bbox 1601 440 1831 494; x_wconf 79' lang='lat' dir='ltr'><strong>dumetis</strong></span> <span class='ocrx_word' id='word_1_11' title='bbox 1859 447 1914 492; x_wconf 89' lang='lat' dir='ltr'><strong>et</strong></span> 
     </span>
    </p>
   </div>
   <div class='ocr_carea' id='block_1_3' title="bbox 344 531 1910 601">
    <p class='ocr_par' dir='ltr' id='par_1_3' title="bbox 344 531 1910 601">
     <span class='ocr_line' id='line_1_3' title="bbox 344 531 1910 601; baseline -0.003 -13"><span class='ocrx_word' id='word_1_12' title='bbox 344 535 575 589; x_wconf 86' lang='lat' dir='ltr'><strong>sentibus</strong></span> <span class='ocrx_word' id='word_1_13' title='bbox 601 531 890 586; x_wconf 88' lang='lat' dir='ltr'><strong>interclusa</strong></span> <span class='ocrx_word' id='word_1_14' title='bbox 924 547 1028 586; x_wconf 91' lang='lat' dir='ltr'><strong>non</strong></span> <span class='ocrx_word' id='word_1_15' title='bbox 1057 532 1442 597; x_wconf 75' lang='lat' dir='ltr'><strong>inveniebatur,</strong></span> <span class='ocrx_word' id='word_1_16' title='bbox 1470 547 1566 586; x_wconf 82' lang='lat' dir='ltr'><strong>rex</strong></span> <span class='ocrx_word' id='word_1_17' title='bbox 1590 533 1753 601; x_wconf 83' lang='lat' dir='ltr'><strong>ipsius</strong></span> <span class='ocrx_word' id='word_1_18' title='bbox 1776 531 1910 586; x_wconf 84' lang='lat' dir='ltr'><strong>civi-</strong></span> 
     </span>
    </p>
   </div>
   <div class='ocr_carea' id='block_1_4' title="bbox 348 625 1908 694">
    <p class='ocr_par' dir='ltr' id='par_1_4' title="bbox 348 625 1908 694">
     <span class='ocr_line' id='line_1_4' title="bbox 348 625 1908 694; baseline -0.003 -13"><span class='ocrx_word' id='word_1_19' title='bbox 348 628 461 681; x_wconf 92' lang='lat' dir='ltr'><strong>tatis</strong></span> <span class='ocrx_word' id='word_1_20' title='bbox 504 641 565 681; x_wconf 90' lang='lat' dir='ltr'><strong>se</strong></span> <span class='ocrx_word' id='word_1_21' title='bbox 603 625 727 680; x_wconf 87' lang='lat' dir='ltr'><strong>fecit</strong></span> <span class='ocrx_word' id='word_1_22' title='bbox 763 625 904 679; x_wconf 90' lang='lat' dir='ltr'><strong>viam</strong></span> <span class='ocrx_word' id='word_1_23' title='bbox 927 667 942 690; x_wconf 93' lang='lat'><strong>,</strong></span> <span class='ocrx_word' id='word_1_24' title='bbox 979 633 1038 678; x_wconf 91' lang='lat' dir='ltr'><strong>ut</strong></span> <span class='ocrx_word' id='word_1_25' title='bbox 1074 625 1140 679; x_wconf 92' lang='lat' dir='ltr'><strong>ad</strong></span> <span class='ocrx_word' id='word_1_26' title='bbox 1179 626 1444 680; x_wconf 87' lang='lat' dir='ltr'><strong>civitatem</strong></span> <span class='ocrx_word' id='word_1_27' title='bbox 1491 626 1908 694; x_wconf 82' lang='lat' dir='ltr'><strong>perveniremus.</strong></span> 
     </span>
    </p>
   </div>
   <div class='ocr_carea' id='block_1_5' title="bbox 346 715 1911 786">
    <p class='ocr_par' dir='ltr' id='par_1_5' title="bbox 346 715 1911 786">
     <span class='ocr_line' id='line_1_5' title="bbox 346 715 1911 786; baseline -0.002 -13"><span class='ocrx_word' id='word_1_28' title='bbox 346 717 685 773; x_wconf 72' lang='lat' dir='ltr'><strong>Ambulantes</strong></span> <span class='ocrx_word' id='word_1_29' title='bbox 713 731 841 785; x_wconf 72' lang='lat' dir='ltr'><strong>ergo</strong></span> <span class='ocrx_word' id='word_1_30' title='bbox 870 717 921 770; x_wconf 93' lang='lat' dir='ltr'><strong>in</strong></span> <span class='ocrx_word' id='word_1_31' title='bbox 946 715 1161 770; x_wconf 77' lang='lat' dir='ltr'><strong>Christo</strong></span> <span class='ocrx_word' id='word_1_32' title='bbox 1186 756 1199 780; x_wconf 96' lang='lat'><strong>,</strong></span> <span class='ocrx_word' id='word_1_33' title='bbox 1233 725 1286 771; x_wconf 90' lang='lat' dir='ltr'><strong>et</strong></span> <span class='ocrx_word' id='word_1_34' title='bbox 1313 716 1485 770; x_wconf 89' lang='lat' dir='ltr'><strong>adhuc</strong></span> <span class='ocrx_word' id='word_1_35' title='bbox 1511 715 1911 786; x_wconf 86' lang='lat' dir='ltr'><strong>peregrinantes</strong></span> 
     </span>
    </p>
   </div>
   <div class='ocr_carea' id='block_1_6' title="bbox 342 786 1908 877">
    <p class='ocr_par' dir='ltr' id='par_1_6' title="bbox 342 786 1908 877">
     <span class='ocr_line' id='line_1_6' title="bbox 342 786 1908 877; baseline -0.002 -15"><span class='ocrx_word' id='word_1_36' title='bbox 342 808 511 863; x_wconf 83' lang='lat' dir='ltr'><strong>donec</strong></span> <span class='ocrx_word' id='word_1_37' title='bbox 540 807 944 877; x_wconf 82' lang='lat' dir='ltr'><strong>perveniamus,</strong></span> <span class='ocrx_word' id='word_1_38' title='bbox 976 817 1032 862; x_wconf 92' lang='lat' dir='ltr'><strong>et</strong></span> <span class='ocrx_word' id='word_1_39' title='bbox 1067 786 1396 875; x_wconf 77' lang='lat' dir='ltr'><strong>suspiranies</strong></span> <span class='ocrx_word' id='word_1_40' title='bbox 1439 806 1705 861; x_wconf 88' lang='lat' dir='ltr'><strong>desiderio</strong></span> <span class='ocrx_word' id='word_1_41' title='bbox 1731 807 1908 874; x_wconf 89' lang='lat' dir='ltr'><strong>cujus-</strong></span> 
     </span>
    </p>
   </div>
   <div class='ocr_carea' id='block_1_7' title="bbox 339 895 1905 968">
    <p class='ocr_par' dir='ltr' id='par_1_7' title="bbox 339 895 1905 968">
     <span class='ocr_line' id='line_1_7' title="bbox 339 895 1905 968; baseline -0.002 -15"><span class='ocrx_word' id='word_1_42' title='bbox 339 899 457 953; x_wconf 89' lang='lat' dir='ltr'><strong>dam</strong></span> <span class='ocrx_word' id='word_1_43' title='bbox 504 897 790 954; x_wconf 81' lang='lat' dir='ltr'><strong>ineﬂ‘abilis</strong></span> <span class='ocrx_word' id='word_1_44' title='bbox 834 899 1027 968; x_wconf 86' lang='lat' dir='ltr'><strong>quietis</strong></span> <span class='ocrx_word' id='word_1_45' title='bbox 1068 913 1186 968; x_wconf 60' lang='lat' dir='ltr'><strong>quae</strong></span> <span class='ocrx_word' id='word_1_46' title='bbox 1231 896 1435 951; x_wconf 82' lang='lat' dir='ltr'><strong>habitat</strong></span> <span class='ocrx_word' id='word_1_47' title='bbox 1466 897 1520 952; x_wconf 91' lang='lat' dir='ltr'><strong>in</strong></span> <span class='ocrx_word' id='word_1_48' title='bbox 1550 898 1636 951; x_wconf 91' lang='lat' dir='ltr'><strong>illa</strong></span> <span class='ocrx_word' id='word_1_49' title='bbox 1662 895 1905 964; x_wconf 81' lang='lat' dir='ltr'><strong>civitate,</strong></span> 
     </span>
    </p>
   </div>
   <div class='ocr_carea' id='block_1_8' title="bbox 343 989 1907 1062">
    <p class='ocr_par' dir='ltr' id='par_1_8' title="bbox 343 989 1907 1062">
     <span class='ocr_line' id='line_1_8' title="bbox 343 989 1907 1062; baseline -0.003 -16"><span class='ocrx_word' id='word_1_50' title='bbox 343 991 409 1060; x_wconf 88' lang='lat' dir='ltr'><strong>de</strong></span> <span class='ocrx_word' id='word_1_51' title='bbox 432 1006 533 1060; x_wconf 85' lang='lat' dir='ltr'><strong>qua</strong></span> <span class='ocrx_word' id='word_1_52' title='bbox 563 990 745 1062; x_wconf 81' lang='lat' dir='ltr'><strong>quiete</strong></span> <span class='ocrx_word' id='word_1_53' title='bbox 767 989 966 1045; x_wconf 90' lang='lat' dir='ltr'><strong>dictum</strong></span> <span class='ocrx_word' id='word_1_54' title='bbox 1005 997 1089 1046; x_wconf 89' lang='lat' dir='ltr'><strong>est</strong></span> <span class='ocrx_word' id='word_1_55' title='bbox 1115 990 1215 1044; x_wconf 91' lang='lat' dir='ltr'><strong>hoc</strong></span> <span class='ocrx_word' id='word_1_56' title='bbox 1240 989 1392 1045; x_wconf 88' lang='lat' dir='ltr'><strong>nobis</strong></span> <span class='ocrx_word' id='word_1_57' title='bbox 1424 1004 1545 1052; x_wconf 80' lang='lat' dir='ltr'><strong>esse</strong></span> <span class='ocrx_word' id='word_1_58' title='bbox 1587 989 1907 1059; x_wconf 89' lang='lat' dir='ltr'><strong>promissum</strong></span> 
     </span>
    </p>
   </div>
   <div class='ocr_carea' id='block_1_9' title="bbox 336 1080 1912 1152">
    <p class='ocr_par' dir='ltr' id='par_1_9' title="bbox 336 1080 1912 1152">
     <span class='ocr_line' id='line_1_9' title="bbox 336 1080 1912 1152; baseline -0.003 -16"><span class='ocrx_word' id='word_1_59' title='bbox 336 1083 471 1152; x_wconf 85' lang='lat' dir='ltr'><strong>quod</strong></span> <span class='ocrx_word' id='word_1_60' title='bbox 495 1081 674 1136; x_wconf 81' lang='lat' dir='ltr'><strong>oculus</strong></span> <span class='ocrx_word' id='word_1_61' title='bbox 701 1098 805 1136; x_wconf 90' lang='lat' dir='ltr'><strong>non</strong></span> <span class='ocrx_word' id='word_1_62' title='bbox 841 1081 965 1134; x_wconf 73' lang='lat' dir='ltr'><strong>vidit</strong></span> <span class='ocrx_word' id='word_1_63' title='bbox 984 1122 998 1146; x_wconf 92' lang='lat'><strong>,</strong></span> <span class='ocrx_word' id='word_1_64' title='bbox 1029 1097 1121 1135; x_wconf 89' lang='lat' dir='ltr'><strong>nec</strong></span> <span class='ocrx_word' id='word_1_65' title='bbox 1149 1082 1287 1134; x_wconf 92' lang='lat' dir='ltr'><strong>auris</strong></span> <span class='ocrx_word' id='word_1_66' title='bbox 1331 1080 1558 1146; x_wconf 82' lang='lat' dir='ltr'><strong>audivit,</strong></span> <span class='ocrx_word' id='word_1_67' title='bbox 1589 1096 1680 1134; x_wconf 83' lang='lat' dir='ltr'><strong>nec</strong></span> <span class='ocrx_word' id='word_1_68' title='bbox 1722 1080 1774 1133; x_wconf 90' lang='lat' dir='ltr'><strong>in</strong></span> <span class='ocrx_word' id='word_1_69' title='bbox 1825 1096 1912 1133; x_wconf 91' lang='lat' dir='ltr'><strong>cor</strong></span> 
     </span>
    </p>
   </div>
   <div class='ocr_carea' id='block_1_10' title="bbox 337 1160 1909 1240">
    <p class='ocr_par' dir='ltr' id='par_1_10' title="bbox 337 1160 1909 1240">
     <span class='ocr_line' id='line_1_10' title="bbox 337 1160 1909 1240; baseline -0.001 -14"><span class='ocrx_word' id='word_1_70' title='bbox 337 1173 555 1226; x_wconf 80' lang='lat' dir='ltr'><strong>hominis</strong></span> <span class='ocrx_word' id='word_1_71' title='bbox 595 1160 817 1226; x_wconf 74' lang='lat' dir='ltr'><strong>ascendii</strong></span> <span class='ocrx_word' id='word_1_72' title='bbox 857 1171 900 1240; x_wconf 91' lang='grc' dir='ltr'><strong>(Ι</strong></span> <span class='ocrx_word' id='word_1_73' title='bbox 929 1171 1046 1226; x_wconf 81' lang='lat' dir='ltr'><strong>Cor.</strong></span> <span class='ocrx_word' id='word_1_74' title='bbox 1079 1187 1136 1236; x_wconf 82' lang='grc' dir='ltr'>ιι,</span> <span class='ocrx_word' id='word_1_75' title='bbox 1165 1171 1258 1239; x_wconf 91' lang='grc'><strong>9);</strong></span> <span class='ocrx_word' id='word_1_76' title='bbox 1289 1172 1618 1227; x_wconf 81' lang='lat' dir='ltr'><strong>ambulantes</strong></span> <span class='ocrx_word' id='word_1_77' title='bbox 1643 1186 1802 1240; x_wconf 86' lang='lat' dir='ltr'><strong>ergo,</strong></span> <span class='ocrx_word' id='word_1_78' title='bbox 1833 1171 1909 1225; x_wconf 90' lang='lat' dir='ltr'><strong>sic</strong></span> 
     </span>
    </p>
   </div>
   <div class='ocr_carea' id='block_1_11' title="bbox 337 1245 1909 1332">
    <p class='ocr_par' dir='ltr' id='par_1_11' title="bbox 337 1245 1909 1332">
     <span class='ocr_line' id='line_1_11' title="bbox 337 1245 1909 1332; baseline -0.001 -16"><span class='ocrx_word' id='word_1_79' title='bbox 337 1271 614 1317; x_wconf 86' lang='lat' dir='ltr'><strong>cantemus</strong></span> <span class='ocrx_word' id='word_1_80' title='bbox 637 1303 652 1325; x_wconf 94' lang='lat'><strong>,</strong></span> <span class='ocrx_word' id='word_1_81' title='bbox 683 1271 739 1315; x_wconf 94' lang='lat' dir='ltr'><strong>ut</strong></span> <span class='ocrx_word' id='word_1_82' title='bbox 767 1245 1162 1317; x_wconf 80' lang='lat' dir='ltr'><strong>desideremus.</strong></span> <span class='ocrx_word' id='word_1_83' title='bbox 1204 1261 1336 1316; x_wconf 90' lang='lat' dir='ltr'><strong>Nam</strong></span> <span class='ocrx_word' id='word_1_84' title='bbox 1361 1262 1450 1332; x_wconf 91' lang='lat' dir='ltr'><strong>qui</strong></span> <span class='ocrx_word' id='word_1_85' title='bbox 1477 1261 1780 1328; x_wconf 90' lang='lat' dir='ltr'><strong>desiderat,</strong></span> <span class='ocrx_word' id='word_1_86' title='bbox 1809 1261 1909 1316; x_wconf 84' lang='lat' dir='ltr'><strong>etsi</strong></span> 
     </span>
    </p>
   </div>
   <div class='ocr_carea' id='block_1_12' title="bbox 338 1351 1906 1423">
    <p class='ocr_par' dir='ltr' id='par_1_12' title="bbox 338 1351 1906 1423">
     <span class='ocr_line' id='line_1_12' title="bbox 338 1351 1906 1423; baseline -0.001 -16"><span class='ocrx_word' id='word_1_87' title='bbox 338 1352 514 1423; x_wconf 91' lang='lat' dir='ltr'><strong>lingua</strong></span> <span class='ocrx_word' id='word_1_88' title='bbox 541 1361 733 1418; x_wconf 82' lang='lat' dir='ltr'><strong>taceat,</strong></span> <span class='ocrx_word' id='word_1_89' title='bbox 763 1362 941 1406; x_wconf 86' lang='lat' dir='ltr'><strong>cantat</strong></span> <span class='ocrx_word' id='word_1_90' title='bbox 964 1351 1162 1407; x_wconf 88' lang='lat' dir='ltr'><strong>corde:</strong></span> <span class='ocrx_word' id='word_1_91' title='bbox 1191 1352 1278 1421; x_wconf 88' lang='lat' dir='ltr'><strong>qui</strong></span> <span class='ocrx_word' id='word_1_92' title='bbox 1299 1362 1474 1406; x_wconf 89' lang='lat' dir='ltr'><strong>autem</strong></span> <span class='ocrx_word' id='word_1_93' title='bbox 1497 1367 1600 1405; x_wconf 92' lang='lat' dir='ltr'><strong>non</strong></span> <span class='ocrx_word' id='word_1_94' title='bbox 1623 1351 1906 1416; x_wconf 80' lang='lat' dir='ltr'><strong>desiderat,</strong></span> 
     </span>
    </p>
   </div>
   <div class='ocr_carea' id='block_1_13' title="bbox 337 1442 1911 1513">
    <p class='ocr_par' dir='ltr' id='par_1_13' title="bbox 337 1442 1911 1513">
     <span class='ocr_line' id='line_1_13' title="bbox 337 1442 1911 1513; baseline -0.002 -16"><span class='ocrx_word' id='word_1_95' title='bbox 337 1443 572 1513; x_wconf 83' lang='lat' dir='ltr'><strong>quolibet</strong></span> <span class='ocrx_word' id='word_1_96' title='bbox 619 1443 853 1498; x_wconf 87' lang='lat' dir='ltr'><strong>clamore</strong></span> <span class='ocrx_word' id='word_1_97' title='bbox 898 1457 1053 1497; x_wconf 83' lang='lat' dir='ltr'><strong>aures</strong></span> <span class='ocrx_word' id='word_1_98' title='bbox 1090 1443 1358 1497; x_wconf 89' lang='lat' dir='ltr'><strong>hominum</strong></span> <span class='ocrx_word' id='word_1_99' title='bbox 1399 1442 1589 1508; x_wconf 80' lang='lat' dir='ltr'><strong>feriat,</strong></span> <span class='ocrx_word' id='word_1_100' title='bbox 1621 1451 1797 1496; x_wconf 88' lang='lat' dir='ltr'><strong>mutus</strong></span> <span class='ocrx_word' id='word_1_101' title='bbox 1828 1449 1911 1496; x_wconf 90' lang='lat' dir='ltr'><strong>est</strong></span> 
     </span>
    </p>
   </div>
   <div class='ocr_carea' id='block_1_14' title="bbox 341 1516 1910 1605">
    <p class='ocr_par' dir='ltr' id='par_1_14' title="bbox 341 1516 1910 1605">
     <span class='ocr_line' id='line_1_14' title="bbox 341 1516 1910 1605; baseline -0.003 -14"><span class='ocrx_word' id='word_1_102' title='bbox 341 1536 472 1591; x_wconf 89' lang='lat' dir='ltr'><strong>Deo.</strong></span> <span class='ocrx_word' id='word_1_103' title='bbox 509 1516 702 1590; x_wconf 78' lang='lat' dir='ltr'><strong>Videte</strong></span> <span class='ocrx_word' id='word_1_104' title='bbox 729 1533 993 1605; x_wconf 84' lang='lat' dir='ltr'><strong>quomodo</strong></span> <span class='ocrx_word' id='word_1_105' title='bbox 1030 1543 1184 1590; x_wconf 87' lang='lat' dir='ltr'><strong>erant</strong></span> <span class='ocrx_word' id='word_1_106' title='bbox 1209 1544 1473 1590; x_wconf 86' lang='lat' dir='ltr'><strong>amatores</strong></span> <span class='ocrx_word' id='word_1_107' title='bbox 1503 1534 1658 1604; x_wconf 84' lang='lat' dir='ltr'><strong>hujus</strong></span> <span class='ocrx_word' id='word_1_108' title='bbox 1683 1533 1910 1589; x_wconf 88' lang='lat' dir='ltr'><strong>civitatis</strong></span> 
     </span>
    </p>
   </div>
   <div class='ocr_carea' id='block_1_15' title="bbox 336 1625 1908 1696">
    <p class='ocr_par' dir='ltr' id='par_1_15' title="bbox 336 1625 1908 1696">
     <span class='ocr_line' id='line_1_15' title="bbox 336 1625 1908 1696; baseline -0.001 -16"><span class='ocrx_word' id='word_1_109' title='bbox 336 1627 606 1693; x_wconf 78' lang='lat' dir='ltr'><strong>ardentes,</strong></span> <span class='ocrx_word' id='word_1_110' title='bbox 641 1627 714 1681; x_wconf 88' lang='lat' dir='ltr'><strong>illi</strong></span> <span class='ocrx_word' id='word_1_111' title='bbox 739 1627 840 1696; x_wconf 89' lang='lat' dir='ltr'><strong>ipsi</strong></span> <span class='ocrx_word' id='word_1_112' title='bbox 871 1641 964 1694; x_wconf 90' lang='lat' dir='ltr'><strong>per</strong></span> <span class='ocrx_word' id='word_1_113' title='bbox 990 1641 1123 1695; x_wconf 89' lang='lat' dir='ltr'><strong>quos</strong></span> <span class='ocrx_word' id='word_1_114' title='bbox 1149 1625 1263 1680; x_wconf 80' lang='lat' dir='ltr'><strong>haec</strong></span> <span class='ocrx_word' id='word_1_115' title='bbox 1287 1625 1426 1680; x_wconf 89' lang='lat' dir='ltr'><strong>dicta</strong></span> <span class='ocrx_word' id='word_1_116' title='bbox 1471 1633 1632 1691; x_wconf 88' lang='lat' dir='ltr'><strong>sunt,</strong></span> <span class='ocrx_word' id='word_1_117' title='bbox 1655 1640 1751 1694; x_wconf 91' lang='lat' dir='ltr'><strong>per</strong></span> <span class='ocrx_word' id='word_1_118' title='bbox 1775 1639 1908 1694; x_wconf 90' lang='lat' dir='ltr'><strong>quos</strong></span> 
     </span>
    </p>
   </div>
   <div class='ocr_carea' id='block_1_16' title="bbox 338 1717 1906 1788">
    <p class='ocr_par' dir='ltr' id='par_1_16' title="bbox 338 1717 1906 1788">
     <span class='ocr_line' id='line_1_16' title="bbox 338 1717 1906 1788; baseline -0.001 -16"><span class='ocrx_word' id='word_1_119' title='bbox 338 1719 448 1774; x_wconf 72' lang='lat' dir='ltr'><strong>hzee</strong></span> <span class='ocrx_word' id='word_1_120' title='bbox 470 1719 628 1774; x_wconf 89' lang='lat' dir='ltr'><strong>nobis</strong></span> <span class='ocrx_word' id='word_1_121' title='bbox 655 1719 1022 1774; x_wconf 87' lang='lat' dir='ltr'><strong>commendata</strong></span> <span class='ocrx_word' id='word_1_122' title='bbox 1059 1729 1214 1784; x_wconf 90' lang='lat' dir='ltr'><strong>sunt,</strong></span> <span class='ocrx_word' id='word_1_123' title='bbox 1244 1728 1444 1788; x_wconf 90' lang='lat' dir='ltr'><strong>quanto</strong></span> <span class='ocrx_word' id='word_1_124' title='bbox 1470 1733 1566 1788; x_wconf 90' lang='lat' dir='ltr'><strong>per</strong></span> <span class='ocrx_word' id='word_1_125' title='bbox 1597 1732 1691 1772; x_wconf 89' lang='lat' dir='ltr'><strong>eos</strong></span> <span class='ocrx_word' id='word_1_126' title='bbox 1715 1717 1906 1772; x_wconf 82' lang='lat' dir='ltr'><strong>affectu</strong></span> 
     </span>
    </p>
   </div>
   <div class='ocr_carea' id='block_1_17' title="bbox 339 1810 1910 1882">
    <p class='ocr_par' dir='ltr' id='par_1_17' title="bbox 339 1810 1910 1882">
     <span class='ocr_line' id='line_1_17' title="bbox 339 1810 1910 1882; baseline -0.003 -14"><span class='ocrx_word' id='word_1_127' title='bbox 339 1814 434 1868; x_wconf 87' lang='lat' dir='ltr'><strong>ista</strong></span> <span class='ocrx_word' id='word_1_128' title='bbox 485 1821 699 1866; x_wconf 88' lang='lat' dir='ltr'><strong>cantata</strong></span> <span class='ocrx_word' id='word_1_129' title='bbox 739 1820 882 1866; x_wconf 91' lang='lat' dir='ltr'><strong>sunt.</strong></span> <span class='ocrx_word' id='word_1_130' title='bbox 921 1811 1181 1866; x_wconf 82' lang='lat' dir='ltr'><strong>Affectum</strong></span> <span class='ocrx_word' id='word_1_131' title='bbox 1226 1812 1383 1865; x_wconf 90' lang='lat' dir='ltr'><strong>istum</strong></span> <span class='ocrx_word' id='word_1_132' title='bbox 1421 1810 1705 1882; x_wconf 88' lang='lat' dir='ltr'><strong>generabat</strong></span> <span class='ocrx_word' id='word_1_133' title='bbox 1750 1810 1803 1864; x_wconf 91' lang='lat' dir='ltr'><strong>in</strong></span> <span class='ocrx_word' id='word_1_134' title='bbox 1831 1811 1910 1864; x_wconf 91' lang='lat' dir='ltr'><strong>eis</strong></span> 
     </span>
    </p>
   </div>
   <div class='ocr_carea' id='block_1_18' title="bbox 341 1901 1972 1967">
    <p class='ocr_par' dir='ltr' id='par_1_18' title="bbox 341 1901 1972 1967">
     <span class='ocr_line' id='line_1_18' title="bbox 341 1901 1972 1967; baseline -0.001 -12"><span class='ocrx_word' id='word_1_135' title='bbox 341 1918 492 1958; x_wconf 87' lang='lat' dir='ltr'><strong>amor</strong></span> <span class='ocrx_word' id='word_1_136' title='bbox 539 1903 809 1967; x_wconf 85' lang='lat' dir='ltr'><strong>civitatis;</strong></span> <span class='ocrx_word' id='word_1_137' title='bbox 866 1918 1102 1958; x_wconf 90' lang='lat' dir='ltr'><strong>amorem</strong></span> <span class='ocrx_word' id='word_1_138' title='bbox 1145 1913 1321 1958; x_wconf 92' lang='lat' dir='ltr'><strong>autem</strong></span> <span class='ocrx_word' id='word_1_139' title='bbox 1363 1903 1590 1958; x_wconf 86' lang='lat' dir='ltr'><strong>civitatis</strong></span> <span class='ocrx_word' id='word_1_140' title='bbox 1641 1901 1972 1962; x_wconf 47' lang='lat' dir='ltr'><strong>infuderat;</strong></span> 
     </span>
    </p>
   </div>
   <div class='ocr_carea' id='block_1_19' title="bbox 336 1993 1905 2064">
    <p class='ocr_par' dir='ltr' id='par_1_19' title="bbox 336 1993 1905 2064">
     <span class='ocr_line' id='line_1_19' title="bbox 336 1993 1905 2064; baseline -0.004 -14"><span class='ocrx_word' id='word_1_141' title='bbox 336 1994 565 2063; x_wconf 83' lang='lat' dir='ltr'><strong>Spiritus</strong></span> <span class='ocrx_word' id='word_1_142' title='bbox 593 1995 686 2049; x_wconf 86' lang='lat' dir='ltr'><strong>Dei</strong></span> <span class='ocrx_word' id='word_1_143' title='bbox 715 2011 727 2047; x_wconf 92' lang='lat'><strong>:</strong></span> <span class='ocrx_word' id='word_1_144' title='bbox 760 1995 1009 2058; x_wconf 80' lang='lat' dir='ltr'><strong>Charitas,</strong></span> <span class='ocrx_word' id='word_1_145' title='bbox 1041 1994 1247 2064; x_wconf 90' lang='lat' dir='ltr'><strong>inquit,</strong></span> <span class='ocrx_word' id='word_1_146' title='bbox 1279 1993 1378 2048; x_wconf 86' lang='lat' dir='ltr'><strong>Dei</strong></span> <span class='ocrx_word' id='word_1_147' title='bbox 1399 1993 1587 2062; x_wconf 67' lang='lat' dir='ltr'><strong>diﬁusa</strong></span> <span class='ocrx_word' id='word_1_148' title='bbox 1609 2003 1683 2048; x_wconf 88' lang='lat' dir='ltr'><strong>est</strong></span> <span class='ocrx_word' id='word_1_149' title='bbox 1707 1995 1762 2047; x_wconf 87' lang='lat' dir='ltr'><strong>in</strong></span> <span class='ocrx_word' id='word_1_150' title='bbox 1789 2008 1905 2046; x_wconf 82' lang='lat' dir='ltr'><strong>cor-</strong></span> 
     </span>
    </p>
   </div>
   <div class='ocr_carea' id='block_1_20' title="bbox 338 2086 1908 2158">
    <p class='ocr_par' dir='ltr' id='par_1_20' title="bbox 338 2086 1908 2158">
     <span class='ocr_line' id='line_1_20' title="bbox 338 2086 1908 2158; baseline 0 -18"><span class='ocrx_word' id='word_1_151' title='bbox 338 2088 425 2140; x_wconf 85' lang='lat' dir='ltr'><strong>bus</strong></span> <span class='ocrx_word' id='word_1_152' title='bbox 445 2089 629 2141; x_wconf 79' lang='lat' dir='ltr'><strong>nostris</strong></span> <span class='ocrx_word' id='word_1_153' title='bbox 658 2105 746 2158; x_wconf 85' lang='lat' dir='ltr'><strong>per</strong></span> <span class='ocrx_word' id='word_1_154' title='bbox 766 2087 1012 2158; x_wconf 82' lang='lat' dir='ltr'><strong>Spiritum</strong></span> <span class='ocrx_word' id='word_1_155' title='bbox 1050 2097 1275 2140; x_wconf 83' lang='lat' dir='ltr'><strong>sanctum</strong></span> <span class='ocrx_word' id='word_1_156' title='bbox 1299 2127 1315 2153; x_wconf 95' lang='lat'><strong>,</strong></span> <span class='ocrx_word' id='word_1_157' title='bbox 1340 2088 1426 2157; x_wconf 87' lang='lat' dir='ltr'><strong>qui</strong></span> <span class='ocrx_word' id='word_1_158' title='bbox 1469 2087 1619 2142; x_wconf 87' lang='lat' dir='ltr'><strong>datus</strong></span> <span class='ocrx_word' id='word_1_159' title='bbox 1650 2096 1723 2142; x_wconf 84' lang='lat' dir='ltr'><strong>est</strong></span> <span class='ocrx_word' id='word_1_160' title='bbox 1767 2086 1908 2140; x_wconf 86' lang='lat' dir='ltr'><strong>nobis</strong></span> 
     </span>
    </p>
   </div>
   <div class='ocr_carea' id='block_1_21' title="bbox 338 2176 1907 2248">
    <p class='ocr_par' dir='ltr' id='par_1_21' title="bbox 338 2176 1907 2248">
     <span class='ocr_line' id='line_1_21' title="bbox 338 2176 1907 2248; baseline 0 -16"><span class='ocrx_word' id='word_1_161' title='bbox 338 2178 513 2246; x_wconf 81' lang='lat' dir='ltr'><strong>(Rom.</strong></span> <span class='ocrx_word' id='word_1_162' title='bbox 547 2193 579 2231; x_wconf 93' lang='lat' dir='ltr'><strong>v</strong></span> <span class='ocrx_word' id='word_1_163' title='bbox 601 2218 618 2244; x_wconf 93' lang='lat'><strong>,</strong></span> <span class='ocrx_word' id='word_1_164' title='bbox 642 2176 719 2248; x_wconf 82' lang='grc'><strong>5).</strong></span> <span class='ocrx_word' id='word_1_165' title='bbox 766 2177 879 2232; x_wconf 80' lang='lat' dir='ltr'><strong>Hoc</strong></span> <span class='ocrx_word' id='word_1_166' title='bbox 916 2192 1042 2247; x_wconf 88' lang='lat' dir='ltr'><strong>ergo</strong></span> <span class='ocrx_word' id='word_1_167' title='bbox 1087 2177 1286 2246; x_wconf 87' lang='lat' dir='ltr'><strong>Spiritu</strong></span> <span class='ocrx_word' id='word_1_168' title='bbox 1332 2176 1598 2232; x_wconf 81' lang='lat' dir='ltr'><strong>ferventes</strong></span> <span class='ocrx_word' id='word_1_169' title='bbox 1632 2177 1907 2232; x_wconf 86' lang='lat' dir='ltr'><strong>audiamus</strong></span> 
     </span>
    </p>
   </div>
   <div class='ocr_carea' id='block_1_22' title="bbox 335 2267 1237 2337">
    <p class='ocr_par' dir='ltr' id='par_1_22' title="bbox 335 2267 1237 2337">
     <span class='ocr_line' id='line_1_22' title="bbox 335 2267 1237 2337; baseline 0 -18"><span class='ocrx_word' id='word_1_170' title='bbox 335 2284 452 2337; x_wconf 84' lang='lat' dir='ltr'><strong>quae</strong></span> <span class='ocrx_word' id='word_1_171' title='bbox 481 2268 619 2322; x_wconf 89' lang='lat' dir='ltr'><strong>dicta</strong></span> <span class='ocrx_word' id='word_1_172' title='bbox 647 2277 773 2323; x_wconf 91' lang='lat' dir='ltr'><strong>sunt</strong></span> <span class='ocrx_word' id='word_1_173' title='bbox 795 2267 861 2322; x_wconf 90' lang='lat' dir='ltr'><strong>de</strong></span> <span class='ocrx_word' id='word_1_174' title='bbox 886 2268 983 2322; x_wconf 90' lang='lat' dir='ltr'><strong>hac</strong></span> <span class='ocrx_word' id='word_1_175' title='bbox 1002 2268 1237 2322; x_wconf 88' lang='lat' dir='ltr'><strong>civitate.</strong></span> 
     </span>
    </p>
   </div>
   <div class='ocr_carea' id='block_1_23' title="bbox 244 2341 1908 2431">
    <p class='ocr_par' dir='ltr' id='par_1_23' title="bbox 244 2341 1908 2431">
     <span class='ocr_line' id='line_1_23' title="bbox 244 2341 1908 2431; baseline 0.001 -21"><span class='ocrx_word' id='word_1_176' title='bbox 244 2343 250 2350; x_wconf 55' lang='grc'><em>’</em></span> <span class='ocrx_word' id='word_1_177' title='bbox 405 2358 458 2410; x_wconf 75' lang='lat'><strong>2.</strong></span> <span class='ocrx_word' id='word_1_178' title='bbox 488 2356 638 2429; x_wconf 81' lang='lat' dir='ltr'><strong>[vers.</strong></span> <span class='ocrx_word' id='word_1_179' title='bbox 667 2360 720 2423; x_wconf 76' lang='lat' dir='ltr'><strong>i,</strong></span> <span class='ocrx_word' id='word_1_180' title='bbox 745 2357 826 2431; x_wconf 76' lang='lat'><strong>2.]</strong></span> <span class='ocrx_word' id='word_1_181' title='bbox 859 2357 1213 2412; x_wconf 80' lang='lat' dir='ltr'><strong>Fundamenta</strong></span> <span class='ocrx_word' id='word_1_182' title='bbox 1252 2359 1362 2430; x_wconf 82' lang='lat' dir='ltr'><strong>ejus</strong></span> <span class='ocrx_word' id='word_1_183' title='bbox 1407 2358 1458 2412; x_wconf 88' lang='lat' dir='ltr'><strong>in</strong></span> <span class='ocrx_word' id='word_1_184' title='bbox 1503 2341 1750 2413; x_wconf 73' lang='lat' dir='ltr'><strong>montibus</strong></span> <span class='ocrx_word' id='word_1_185' title='bbox 1788 2372 1908 2412; x_wconf 79' lang='lat' dir='ltr'><strong>san—</strong></span> 
     </span>
    </p>
   </div>
   <div class='ocr_carea' id='block_1_24' title="bbox 338 2451 1904 2516">
    <p class='ocr_par' dir='ltr' id='par_1_24' title="bbox 338 2451 1904 2516">
     <span class='ocr_line' id='line_1_24' title="bbox 338 2451 1904 2516; baseline 0.001 -12"><span class='ocrx_word' id='word_1_186' title='bbox 338 2452 447 2506; x_wconf 88' lang='lat' dir='ltr'><strong>ctis.</strong></span> <span class='ocrx_word' id='word_1_187' title='bbox 470 2451 612 2506; x_wconf 80' lang='lat' dir='ltr'><strong>Nihil</strong></span> <span class='ocrx_word' id='word_1_188' title='bbox 641 2452 708 2506; x_wconf 89' lang='lat' dir='ltr'><strong>de</strong></span> <span class='ocrx_word' id='word_1_189' title='bbox 749 2452 840 2506; x_wconf 90' lang='lat' dir='ltr'><strong>illa</strong></span> <span class='ocrx_word' id='word_1_190' title='bbox 872 2451 1048 2506; x_wconf 86' lang='lat' dir='ltr'><strong>adhuc</strong></span> <span class='ocrx_word' id='word_1_191' title='bbox 1081 2452 1292 2507; x_wconf 81' lang='lat' dir='ltr'><strong>dixerat</strong></span> <span class='ocrx_word' id='word_1_192' title='bbox 1314 2452 1583 2516; x_wconf 88' lang='lat' dir='ltr'><strong>Psalmus;</strong></span> <span class='ocrx_word' id='word_1_193' title='bbox 1617 2453 1739 2506; x_wconf 91' lang='lat' dir='ltr'><strong>hinc</strong></span> <span class='ocrx_word' id='word_1_194' title='bbox 1767 2452 1904 2506; x_wconf 88' lang='lat' dir='ltr'><strong>inci-</strong></span> 
     </span>
    </p>
   </div>
   <div class='ocr_carea' id='block_1_25' title="bbox 339 2541 1908 2613">
    <p class='ocr_par' dir='ltr' id='par_1_25' title="bbox 339 2541 1908 2613">
     <span class='ocr_line' id='line_1_25' title="bbox 339 2541 1908 2613; baseline 0 -17"><span class='ocrx_word' id='word_1_195' title='bbox 339 2543 428 2612; x_wconf 86' lang='lat' dir='ltr'><strong>pit,</strong></span> <span class='ocrx_word' id='word_1_196' title='bbox 461 2551 519 2598; x_wconf 86' lang='lat' dir='ltr'><strong>et</strong></span> <span class='ocrx_word' id='word_1_197' title='bbox 545 2543 621 2596; x_wconf 86' lang='lat' dir='ltr'><strong>ait</strong></span> <span class='ocrx_word' id='word_1_198' title='bbox 649 2561 662 2596; x_wconf 89' lang='lat'><strong>:</strong></span> <span class='ocrx_word' id='word_1_199' title='bbox 694 2541 1046 2597; x_wconf 83' lang='lat' dir='ltr'><strong>Fundamenta</strong></span> <span class='ocrx_word' id='word_1_200' title='bbox 1068 2549 1176 2613; x_wconf 87' lang='lat' dir='ltr'><strong>ejus</strong></span> <span class='ocrx_word' id='word_1_201' title='bbox 1217 2544 1270 2597; x_wconf 87' lang='lat' dir='ltr'><strong>in</strong></span> <span class='ocrx_word' id='word_1_202' title='bbox 1293 2545 1543 2598; x_wconf 85' lang='lat' dir='ltr'><strong>montibus</strong></span> <span class='ocrx_word' id='word_1_203' title='bbox 1567 2546 1770 2598; x_wconf 86' lang='lat' dir='ltr'><strong>sanctis.</strong></span> <span class='ocrx_word' id='word_1_204' title='bbox 1800 2544 1908 2598; x_wconf 81' lang='lat' dir='ltr'><strong>Cu-</strong></span> 
     </span>
    </p>
   </div>
   <div class='ocr_carea' id='block_1_26' title="bbox 333 2632 1903 2703">
    <p class='ocr_par' dir='ltr' id='par_1_26' title="bbox 333 2632 1903 2703">
     <span class='ocr_line' id='line_1_26' title="bbox 333 2632 1903 2703; baseline 0.003 -18"><span class='ocrx_word' id='word_1_205' title='bbox 333 2633 421 2702; x_wconf 90' lang='lat' dir='ltr'><strong>jus</strong></span> <span class='ocrx_word' id='word_1_206' title='bbox 452 2632 829 2688; x_wconf 85' lang='lat' dir='ltr'><strong>fundamenta?</strong></span> <span class='ocrx_word' id='word_1_207' title='bbox 857 2633 971 2688; x_wconf 86' lang='lat' dir='ltr'><strong>Non</strong></span> <span class='ocrx_word' id='word_1_208' title='bbox 1011 2634 1226 2688; x_wconf 90' lang='lat' dir='ltr'><strong>dubium</strong></span> <span class='ocrx_word' id='word_1_209' title='bbox 1261 2643 1344 2688; x_wconf 89' lang='lat' dir='ltr'><strong>est</strong></span> <span class='ocrx_word' id='word_1_210' title='bbox 1373 2635 1492 2703; x_wconf 88' lang='lat' dir='ltr'><strong>quia</strong></span> <span class='ocrx_word' id='word_1_211' title='bbox 1523 2634 1862 2690; x_wconf 87' lang='lat' dir='ltr'><strong>fundamenta</strong></span> <span class='ocrx_word' id='word_1_212' title='bbox 1887 2676 1903 2700; x_wconf 91' lang='lat'><strong>,</strong></span> 
     </span>
    </p>
   </div>
   <div class='ocr_carea' id='block_1_27' title="bbox 338 2725 1905 2795">
    <p class='ocr_par' dir='ltr' id='par_1_27' title="bbox 338 2725 1905 2795">
     <span class='ocr_line' id='line_1_27' title="bbox 338 2725 1905 2795; baseline 0.003 -18"><span class='ocrx_word' id='word_1_213' title='bbox 338 2726 631 2795; x_wconf 57' lang='lat' dir='ltr'><strong>prescrtim</strong></span> <span class='ocrx_word' id='word_1_214' title='bbox 650 2726 701 2778; x_wconf 92' lang='lat' dir='ltr'><strong>in</strong></span> <span class='ocrx_word' id='word_1_215' title='bbox 731 2725 1017 2792; x_wconf 91' lang='lat' dir='ltr'><strong>montibus,</strong></span> <span class='ocrx_word' id='word_1_216' title='bbox 1045 2725 1274 2780; x_wconf 90' lang='lat' dir='ltr'><strong>civitatis</strong></span> <span class='ocrx_word' id='word_1_217' title='bbox 1298 2725 1519 2794; x_wconf 86' lang='lat' dir='ltr'><strong>alicujus</strong></span> <span class='ocrx_word' id='word_1_218' title='bbox 1539 2735 1681 2780; x_wconf 90' lang='lat' dir='ltr'><strong>sunt.</strong></span> <span class='ocrx_word' id='word_1_219' title='bbox 1712 2726 1905 2794; x_wconf 59' lang='lat' dir='ltr'><strong>Repleo</strong></span> 
     </span>
    </p>
   </div>
   <div class='ocr_carea' id='block_1_28' title="bbox 337 2817 1906 2887">
    <p class='ocr_par' dir='ltr' id='par_1_28' title="bbox 337 2817 1906 2887">
     <span class='ocr_line' id='line_1_28' title="bbox 337 2817 1906 2887; baseline 0.003 -18"><span class='ocrx_word' id='word_1_220' title='bbox 337 2826 420 2869; x_wconf 91' lang='lat' dir='ltr'><strong>tus</strong></span> <span class='ocrx_word' id='word_1_221' title='bbox 444 2832 573 2886; x_wconf 89' lang='lat' dir='ltr'><strong>ergo</strong></span> <span class='ocrx_word' id='word_1_222' title='bbox 599 2817 796 2887; x_wconf 89' lang='lat' dir='ltr'><strong>Spiritu</strong></span> <span class='ocrx_word' id='word_1_223' title='bbox 832 2829 1015 2872; x_wconf 90' lang='lat' dir='ltr'><strong>sancto</strong></span> <span class='ocrx_word' id='word_1_224' title='bbox 1051 2819 1180 2873; x_wconf 90' lang='lat' dir='ltr'><strong>civis</strong></span> <span class='ocrx_word' id='word_1_225' title='bbox 1207 2819 1332 2884; x_wconf 90' lang='lat' dir='ltr'><strong>iste,</strong></span> <span class='ocrx_word' id='word_1_226' title='bbox 1360 2828 1415 2873; x_wconf 91' lang='lat' dir='ltr'><strong>et</strong></span> <span class='ocrx_word' id='word_1_227' title='bbox 1440 2819 1600 2872; x_wconf 89' lang='lat' dir='ltr'><strong>multa</strong></span> <span class='ocrx_word' id='word_1_228' title='bbox 1631 2818 1698 2872; x_wconf 91' lang='lat' dir='ltr'><strong>de</strong></span> <span class='ocrx_word' id='word_1_229' title='bbox 1721 2833 1906 2874; x_wconf 90' lang='lat' dir='ltr'><strong>amore</strong></span> 
     </span>
    </p>
   </div>
   <div class='ocr_carea' id='block_1_29' title="bbox 333 2908 1902 2979">
    <p class='ocr_par' dir='ltr' id='par_1_29' title="bbox 333 2908 1902 2979">
     <span class='ocr_line' id='line_1_29' title="bbox 333 2908 1902 2979; baseline 0.001 -17"><span class='ocrx_word' id='word_1_230' title='bbox 333 2916 389 2962; x_wconf 86' lang='lat' dir='ltr'><strong>et</strong></span> <span class='ocrx_word' id='word_1_231' title='bbox 409 2908 680 2963; x_wconf 89' lang='lat' dir='ltr'><strong>desiderio</strong></span> <span class='ocrx_word' id='word_1_232' title='bbox 704 2909 932 2964; x_wconf 84' lang='lat' dir='ltr'><strong>civitatis</strong></span> <span class='ocrx_word' id='word_1_233' title='bbox 958 2909 1113 2979; x_wconf 89' lang='lat' dir='ltr'><strong>hujus</strong></span> <span class='ocrx_word' id='word_1_234' title='bbox 1152 2910 1370 2965; x_wconf 91' lang='lat' dir='ltr'><strong>volvens</strong></span> <span class='ocrx_word' id='word_1_235' title='bbox 1393 2924 1575 2965; x_wconf 90' lang='lat' dir='ltr'><strong>secum</strong></span> <span class='ocrx_word' id='word_1_236' title='bbox 1599 2951 1615 2976; x_wconf 92' lang='lat'><strong>,</strong></span> <span class='ocrx_word' id='word_1_237' title='bbox 1649 2917 1902 2979; x_wconf 85' lang='lat' dir='ltr'><strong>tanquam</strong></span> 
     </span>
    </p>
   </div>
   <div class='ocr_carea' id='block_1_30' title="bbox 337 3000 1903 3072">
    <p class='ocr_par' dir='ltr' id='par_1_30' title="bbox 337 3000 1903 3072">
     <span class='ocr_line' id='line_1_30' title="bbox 337 3000 1903 3072; baseline 0.003 -22"><span class='ocrx_word' id='word_1_238' title='bbox 337 3000 484 3070; x_wconf 83' lang='lat' dir='ltr'><strong>plura</strong></span> <span class='ocrx_word' id='word_1_239' title='bbox 513 3001 656 3054; x_wconf 91' lang='lat' dir='ltr'><strong>intus</strong></span> <span class='ocrx_word' id='word_1_240' title='bbox 683 3000 819 3070; x_wconf 89' lang='lat' dir='ltr'><strong>apud</strong></span> <span class='ocrx_word' id='word_1_241' title='bbox 841 3017 900 3056; x_wconf 93' lang='lat' dir='ltr'><strong>se</strong></span> <span class='ocrx_word' id='word_1_242' title='bbox 927 3001 1228 3069; x_wconf 90' lang='lat' dir='ltr'><strong>meditatus,</strong></span> <span class='ocrx_word' id='word_1_243' title='bbox 1255 3002 1430 3072; x_wconf 86' lang='lat' dir='ltr'><strong>erupit</strong></span> <span class='ocrx_word' id='word_1_244' title='bbox 1457 3003 1510 3056; x_wconf 91' lang='lat' dir='ltr'><strong>in</strong></span> <span class='ocrx_word' id='word_1_245' title='bbox 1545 3001 1666 3067; x_wconf 93' lang='lat' dir='ltr'><strong>hoc,</strong></span> <span class='ocrx_word' id='word_1_246' title='bbox 1691 3002 1903 3056; x_wconf 76' lang='lat' dir='ltr'><strong>Funda-</strong></span> 
     </span>
    </p>
   </div>
   <div class='ocr_carea' id='block_1_31' title="bbox 334 3093 1906 3164">
    <p class='ocr_par' dir='ltr' id='par_1_31' title="bbox 334 3093 1906 3164">
     <span class='ocr_line' id='line_1_31' title="bbox 334 3093 1906 3164; baseline 0.004 -21"><span class='ocrx_word' id='word_1_247' title='bbox 334 3101 500 3146; x_wconf 84' lang='lat' dir='ltr'><strong>menta</strong></span> <span class='ocrx_word' id='word_1_248' title='bbox 525 3093 635 3164; x_wconf 86' lang='lat' dir='ltr'><strong>ejus</strong></span> <span class='ocrx_word' id='word_1_249' title='bbox 663 3093 716 3146; x_wconf 91' lang='lat' dir='ltr'><strong>in</strong></span> <span class='ocrx_word' id='word_1_250' title='bbox 739 3095 988 3147; x_wconf 88' lang='lat' dir='ltr'><strong>montibus</strong></span> <span class='ocrx_word' id='word_1_251' title='bbox 1011 3094 1231 3164; x_wconf 86' lang='lat' dir='ltr'><strong>sanctis;</strong></span> <span class='ocrx_word' id='word_1_252' title='bbox 1251 3094 1398 3164; x_wconf 89' lang='lat' dir='ltr'><strong>quasi</strong></span> <span class='ocrx_word' id='word_1_253' title='bbox 1420 3094 1530 3164; x_wconf 87' lang='lat' dir='ltr'><strong>jam</strong></span> <span class='ocrx_word' id='word_1_254' title='bbox 1557 3095 1622 3150; x_wconf 89' lang='lat' dir='ltr'><strong>de</strong></span> <span class='ocrx_word' id='word_1_255' title='bbox 1643 3095 1729 3149; x_wconf 90' lang='lat' dir='ltr'><strong>illa</strong></span> <span class='ocrx_word' id='word_1_256' title='bbox 1751 3094 1906 3150; x_wconf 76' lang='lat' dir='ltr'><strong>dise-</strong></span> 
     </span>
    </p>
   </div>
   <div class='ocr_carea' id='block_1_32' title="bbox 333 3183 1904 3256">
    <p class='ocr_par' dir='ltr' id='par_1_32' title="bbox 333 3183 1904 3256">
     <span class='ocr_line' id='line_1_32' title="bbox 333 3183 1904 3256; baseline 0.001 -20"><span class='ocrx_word' id='word_1_257' title='bbox 333 3183 403 3236; x_wconf 85' lang='lat' dir='ltr'><strong>rit</strong></span> <span class='ocrx_word' id='word_1_258' title='bbox 425 3183 645 3252; x_wconf 88' lang='lat' dir='ltr'><strong>aliquid.</strong></span> <span class='ocrx_word' id='word_1_259' title='bbox 676 3184 953 3251; x_wconf 86' lang='lat' dir='ltr'><strong>Quomodo</strong></span> <span class='ocrx_word' id='word_1_260' title='bbox 988 3184 1055 3239; x_wconf 92' lang='lat' dir='ltr'><strong>de</strong></span> <span class='ocrx_word' id='word_1_261' title='bbox 1098 3185 1186 3240; x_wconf 90' lang='lat' dir='ltr'><strong>illa</strong></span> <span class='ocrx_word' id='word_1_262' title='bbox 1214 3185 1345 3239; x_wconf 90' lang='lat' dir='ltr'><strong>nihil</strong></span> <span class='ocrx_word' id='word_1_263' title='bbox 1382 3185 1621 3252; x_wconf 81' lang='lat' dir='ltr'><strong>dixerat,</strong></span> <span class='ocrx_word' id='word_1_264' title='bbox 1651 3185 1742 3256; x_wconf 90' lang='lat' dir='ltr'><strong>qui</strong></span> <span class='ocrx_word' id='word_1_265' title='bbox 1768 3201 1904 3239; x_wconf 57' lang='lat' dir='ltr'><strong>nun.</strong></span> 
     </span>
    </p>
   </div>
   <div class='ocr_carea' id='block_1_33' title="bbox 335 3275 1899 3346">
    <p class='ocr_par' dir='ltr' id='par_1_33' title="bbox 335 3275 1899 3346">
     <span class='ocr_line' id='line_1_33' title="bbox 335 3275 1899 3346; baseline 0.003 -19"><span class='ocrx_word' id='word_1_266' title='bbox 335 3290 488 3342; x_wconf 89' lang='lat' dir='ltr'><strong>quam</strong></span> <span class='ocrx_word' id='word_1_267' title='bbox 517 3275 586 3329; x_wconf 87' lang='lat' dir='ltr'><strong>de</strong></span> <span class='ocrx_word' id='word_1_268' title='bbox 612 3275 700 3330; x_wconf 93' lang='lat' dir='ltr'><strong>illa</strong></span> <span class='ocrx_word' id='word_1_269' title='bbox 731 3276 892 3332; x_wconf 90' lang='lat' dir='ltr'><strong>corde</strong></span> <span class='ocrx_word' id='word_1_270' title='bbox 927 3277 1500 3346; x_wconf 86' lang='lat' dir='ltr'><strong>tacuerat?Quomodo</strong></span> <span class='ocrx_word' id='word_1_271' title='bbox 1536 3279 1679 3334; x_wconf 91' lang='lat' dir='ltr'><strong>enim</strong></span> <span class='ocrx_word' id='word_1_272' title='bbox 1705 3279 1899 3333; x_wconf 90' lang='lat' dir='ltr'><strong>dicitur</strong></span> 
     </span>
    </p>
   </div>
   <div class='ocr_carea' id='block_1_34' title="bbox 335 3367 1898 3441">
    <p class='ocr_par' dir='ltr' id='par_1_34' title="bbox 335 3367 1898 3441">
     <span class='ocr_line' id='line_1_34' title="bbox 335 3367 1898 3441; baseline 0.006 -23"><span class='ocrx_word' id='word_1_273' title='bbox 335 3367 458 3436; x_wconf 83' lang='lat' dir='ltr'><strong>ejus,</strong></span> <span class='ocrx_word' id='word_1_274' title='bbox 486 3367 555 3422; x_wconf 88' lang='lat' dir='ltr'><strong>de</strong></span> <span class='ocrx_word' id='word_1_275' title='bbox 581 3384 683 3438; x_wconf 90' lang='lat' dir='ltr'><strong>qua</strong></span> <span class='ocrx_word' id='word_1_276' title='bbox 707 3369 837 3423; x_wconf 90' lang='lat' dir='ltr'><strong>nihil</strong></span> <span class='ocrx_word' id='word_1_277' title='bbox 865 3369 1061 3430; x_wconf 91' lang='lat' dir='ltr'><strong>dictum</strong></span> <span class='ocrx_word' id='word_1_278' title='bbox 1087 3373 1207 3426; x_wconf 88' lang='lat' dir='ltr'><strong>est?</strong></span> <span class='ocrx_word' id='word_1_279' title='bbox 1227 3371 1330 3428; x_wconf 87' lang='lat' dir='ltr'><strong>Sed</strong></span> <span class='ocrx_word' id='word_1_280' title='bbox 1355 3373 1538 3437; x_wconf 90' lang='lat' dir='ltr'><strong>multa,</strong></span> <span class='ocrx_word' id='word_1_281' title='bbox 1561 3383 1618 3427; x_wconf 92' lang='lat' dir='ltr'><strong>ut</strong></span> <span class='ocrx_word' id='word_1_282' title='bbox 1644 3373 1779 3441; x_wconf 81' lang='lat' dir='ltr'><strong>dixi,</strong></span> <span class='ocrx_word' id='word_1_283' title='bbox 1810 3388 1898 3428; x_wconf 88' lang='lat' dir='ltr'><strong>sc-</strong></span> 
     </span>
    </p>
   </div>
   <div class='ocr_carea' id='block_1_35' title="bbox 333 3459 1901 3533">
    <p class='ocr_par' dir='ltr' id='par_1_35' title="bbox 333 3459 1901 3533">
     <span class='ocr_line' id='line_1_35' title="bbox 333 3459 1901 3533; baseline 0.007 -25"><span class='ocrx_word' id='word_1_284' title='bbox 333 3474 448 3512; x_wconf 79' lang='lat' dir='ltr'><strong>cum</strong></span> <span class='ocrx_word' id='word_1_285' title='bbox 480 3459 532 3513; x_wconf 93' lang='lat' dir='ltr'><strong>in</strong></span> <span class='ocrx_word' id='word_1_286' title='bbox 577 3460 791 3514; x_wconf 88' lang='lat' dir='ltr'><strong>silentio</strong></span> <span class='ocrx_word' id='word_1_287' title='bbox 817 3461 890 3530; x_wconf 19' lang='lat' dir='ltr'><strong>de,</strong></span> <span class='ocrx_word' id='word_1_288' title='bbox 926 3461 1012 3516; x_wconf 90' lang='lat' dir='ltr'><strong>illa</strong></span> <span class='ocrx_word' id='word_1_289' title='bbox 1052 3463 1262 3517; x_wconf 84' lang='lat' dir='ltr'><strong>civitate</strong></span> <span class='ocrx_word' id='word_1_290' title='bbox 1295 3464 1597 3533; x_wconf 87' lang='lat' dir='ltr'><strong>parturiens</strong></span> <span class='ocrx_word' id='word_1_291' title='bbox 1617 3506 1631 3527; x_wconf 94' lang='lat'><strong>,</strong></span> <span class='ocrx_word' id='word_1_292' title='bbox 1663 3465 1901 3519; x_wconf 89' lang='lat' dir='ltr'><strong>clamans</strong></span> 
     </span>
    </p>
   </div>
   <div class='ocr_carea' id='block_1_36' title="bbox 331 3551 1898 3622">
    <p class='ocr_par' dir='ltr' id='par_1_36' title="bbox 331 3551 1898 3622">
     <span class='ocr_line' id='line_1_36' title="bbox 331 3551 1898 3622; baseline 0.005 -20"><span class='ocrx_word' id='word_1_293' title='bbox 331 3551 394 3603; x_wconf 86' lang='lat' dir='ltr'><strong>ad</strong></span> <span class='ocrx_word' id='word_1_294' title='bbox 427 3551 612 3614; x_wconf 87' lang='lat' dir='ltr'><strong>Deum,</strong></span> <span class='ocrx_word' id='word_1_295' title='bbox 646 3553 820 3622; x_wconf 90' lang='lat' dir='ltr'><strong>erupit</strong></span> <span class='ocrx_word' id='word_1_296' title='bbox 857 3553 1017 3607; x_wconf 88' lang='lat' dir='ltr'><strong>etiam</strong></span> <span class='ocrx_word' id='word_1_297' title='bbox 1050 3555 1099 3608; x_wconf 93' lang='lat' dir='ltr'><strong>in</strong></span> <span class='ocrx_word' id='word_1_298' title='bbox 1138 3570 1294 3611; x_wconf 87' lang='lat' dir='ltr'><strong>aures</strong></span> <span class='ocrx_word' id='word_1_299' title='bbox 1334 3555 1606 3610; x_wconf 86' lang='lat' dir='ltr'><strong>hominum</strong></span> <span class='ocrx_word' id='word_1_300' title='bbox 1638 3574 1650 3610; x_wconf 91' lang='lat'>:</span> <span class='ocrx_word' id='word_1_301' title='bbox 1685 3556 1898 3611; x_wconf 84' lang='lat' dir='ltr'><strong>Fundu-</strong></span> 
     </span>
    </p>
   </div>
   <div class='ocr_carea' id='block_1_37' title="bbox 332 3643 1896 3717">
    <p class='ocr_par' dir='ltr' id='par_1_37' title="bbox 332 3643 1896 3717">
     <span class='ocr_line' id='line_1_37' title="bbox 332 3643 1896 3717; baseline 0.006 -24"><span class='ocrx_word' id='word_1_302' title='bbox 332 3653 493 3695; x_wconf 85' lang='lat' dir='ltr'><strong>menta</strong></span> <span class='ocrx_word' id='word_1_303' title='bbox 520 3646 629 3714; x_wconf 79' lang='lat' dir='ltr'><strong>ejus</strong></span> <span class='ocrx_word' id='word_1_304' title='bbox 660 3645 712 3697; x_wconf 91' lang='lat' dir='ltr'><strong>in</strong></span> <span class='ocrx_word' id='word_1_305' title='bbox 749 3643 997 3699; x_wconf 82' lang='lat' dir='ltr'><strong>montibus</strong></span> <span class='ocrx_word' id='word_1_306' title='bbox 1021 3647 1226 3700; x_wconf 80' lang='lat' dir='ltr'><strong>sanctis.</strong></span> <span class='ocrx_word' id='word_1_307' title='bbox 1259 3648 1322 3702; x_wconf 89' lang='lat' dir='ltr'><strong>Et</strong></span> <span class='ocrx_word' id='word_1_308' title='bbox 1350 3648 1499 3717; x_wconf 89' lang='lat' dir='ltr'><strong>quasi</strong></span> <span class='ocrx_word' id='word_1_309' title='bbox 1530 3648 1774 3704; x_wconf 89' lang='lat' dir='ltr'><strong>homines</strong></span> <span class='ocrx_word' id='word_1_310' title='bbox 1798 3663 1896 3702; x_wconf 83' lang='lat' dir='ltr'><strong>au-</strong></span> 
     </span>
    </p>
   </div>
   <div class='ocr_carea' id='block_1_38' title="bbox 331 3734 1898 3810">
    <p class='ocr_par' dir='ltr' id='par_1_38' title="bbox 331 3734 1898 3810">
     <span class='ocr_line' id='line_1_38' title="bbox 331 3734 1898 3810; baseline 0.004 -24"><span class='ocrx_word' id='word_1_311' title='bbox 331 3734 531 3787; x_wconf 90' lang='lat' dir='ltr'><strong>dientes</strong></span> <span class='ocrx_word' id='word_1_312' title='bbox 545 3744 865 3804; x_wconf 59' lang='lat' dir='ltr'><strong>quaererent,</strong></span> <span class='ocrx_word' id='word_1_313' title='bbox 888 3735 1082 3806; x_wconf 86' lang='lat' dir='ltr'><strong>Cujus?</strong></span> <span class='ocrx_word' id='word_1_314' title='bbox 1099 3737 1297 3807; x_wconf 87' lang='lat' dir='ltr'><strong>Diligit,</strong></span> <span class='ocrx_word' id='word_1_315' title='bbox 1315 3738 1754 3809; x_wconf 87' lang='lat' dir='ltr'><strong>inquit,Dominus</strong></span> <span class='ocrx_word' id='word_1_316' title='bbox 1780 3756 1898 3810; x_wconf 89' lang='lat' dir='ltr'><strong>por-</strong></span> 
     </span>
    </p>
   </div>
   <div class='ocr_carea' id='block_1_39' title="bbox 333 3825 1893 3896">
    <p class='ocr_par' dir='ltr' id='par_1_39' title="bbox 333 3825 1893 3896">
     <span class='ocr_line' id='line_1_39' title="bbox 333 3825 1893 3896; baseline 0.004 -22"><span class='ocrx_word' id='word_1_317' title='bbox 333 3833 406 3877; x_wconf 86' lang='lat' dir='ltr'><strong>tas</strong></span> <span class='ocrx_word' id='word_1_318' title='bbox 432 3825 579 3878; x_wconf 86' lang='lat' dir='ltr'><strong>Sion.</strong></span> <span class='ocrx_word' id='word_1_319' title='bbox 612 3825 750 3880; x_wconf 82' lang='lat' dir='ltr'><strong>Ecce</strong></span> <span class='ocrx_word' id='word_1_320' title='bbox 777 3827 928 3894; x_wconf 91' lang='lat' dir='ltr'><strong>cujus</strong></span> <span class='ocrx_word' id='word_1_321' title='bbox 953 3827 1288 3883; x_wconf 86' lang='lat' dir='ltr'><strong>fundamenta</strong></span> <span class='ocrx_word' id='word_1_322' title='bbox 1318 3831 1368 3882; x_wconf 92' lang='lat' dir='ltr'><strong>in</strong></span> <span class='ocrx_word' id='word_1_323' title='bbox 1392 3831 1656 3885; x_wconf 88' lang='lat' dir='ltr'><strong>montibus</strong></span> <span class='ocrx_word' id='word_1_324' title='bbox 1676 3831 1893 3896; x_wconf 80' lang='lat' dir='ltr'><strong>sanctis,</strong></span> 
     </span>
    </p>
   </div>
   <div class='ocr_carea' id='block_1_40' title="bbox 333 3909 1897 3990">
    <p class='ocr_par' dir='ltr' id='par_1_40' title="bbox 333 3909 1897 3990">
     <span class='ocr_line' id='line_1_40' title="bbox 333 3909 1897 3990; baseline 0.006 -24"><span class='ocrx_word' id='word_1_325' title='bbox 333 3915 596 3984; x_wconf 86' lang='lat' dir='ltr'><strong>cujusdam</strong></span> <span class='ocrx_word' id='word_1_326' title='bbox 638 3918 868 3972; x_wconf 85' lang='lat' dir='ltr'><strong>civitatis</strong></span> <span class='ocrx_word' id='word_1_327' title='bbox 908 3919 1065 3986; x_wconf 83' lang='lat' dir='ltr'><strong>Sion,</strong></span> <span class='ocrx_word' id='word_1_328' title='bbox 1095 3921 1246 3990; x_wconf 86' lang='lat' dir='ltr'><strong>cujus</strong></span> <span class='ocrx_word' id='word_1_329' title='bbox 1277 3909 1529 3976; x_wconf 40' lang='lat' dir='ltr'><strong>Domin‘us</strong></span> <span class='ocrx_word' id='word_1_330' title='bbox 1571 3932 1751 3990; x_wconf 89' lang='lat' dir='ltr'><strong>portas</strong></span> <span class='ocrx_word' id='word_1_331' title='bbox 1777 3921 1897 3975; x_wconf 87' lang='lat' dir='ltr'><strong>dili-</strong></span> 
     </span>
    </p>
   </div>
   <div class='ocr_carea' id='block_1_41' title="bbox 334 4007 1897 4081">
    <p class='ocr_par' dir='ltr' id='par_1_41' title="bbox 334 4007 1897 4081">
     <span class='ocr_line' id='line_1_41' title="bbox 334 4007 1897 4081; baseline 0.007 -25"><span class='ocrx_word' id='word_1_332' title='bbox 334 4007 430 4074; x_wconf 83' lang='lat' dir='ltr'><strong>git,</strong></span> <span class='ocrx_word' id='word_1_333' title='bbox 455 4009 584 4062; x_wconf 89' lang='lat' dir='ltr'><strong>sicut</strong></span> <span class='ocrx_word' id='word_1_334' title='bbox 609 4021 995 4080; x_wconf 89' lang='lat' dir='ltr'><strong>consequenter</strong></span> <span class='ocrx_word' id='word_1_335' title='bbox 1029 4012 1177 4079; x_wconf 88' lang='lat' dir='ltr'><strong>dicit,</strong></span> <span class='ocrx_word' id='word_1_336' title='bbox 1204 4029 1354 4081; x_wconf 85' lang='lat' dir='ltr'><strong>super</strong></span> <span class='ocrx_word' id='word_1_337' title='bbox 1382 4013 1549 4066; x_wconf 89' lang='lat' dir='ltr'><strong>omnia</strong></span> <span class='ocrx_word' id='word_1_338' title='bbox 1574 4013 1897 4067; x_wconf 85' lang='lat' dir='ltr'><strong>tabernacula</strong></span> 
     </span>
    </p>
   </div>
   <div class='ocr_carea' id='block_1_42' title="bbox 330 4097 1895 4174">
    <p class='ocr_par' dir='ltr' id='par_1_42' title="bbox 330 4097 1895 4174">
     <span class='ocr_line' id='line_1_42' title="bbox 330 4097 1895 4174; baseline 0.005 -24"><span class='ocrx_word' id='word_1_339' title='bbox 330 4097 505 4153; x_wconf 77' lang='lat' dir='ltr'><strong>Iacob.</strong></span> <span class='ocrx_word' id='word_1_340' title='bbox 558 4100 663 4155; x_wconf 85' lang='lat' dir='ltr'><strong>Sed</strong></span> <span class='ocrx_word' id='word_1_341' title='bbox 703 4103 827 4172; x_wconf 88' lang='lat' dir='ltr'><strong>quid</strong></span> <span class='ocrx_word' id='word_1_342' title='bbox 854 4113 974 4169; x_wconf 88' lang='lat' dir='ltr'><strong>est,</strong></span> <span class='ocrx_word' id='word_1_343' title='bbox 1016 4103 1370 4157; x_wconf 88' lang='lat' dir='ltr'><strong>Fundamenta</strong></span> <span class='ocrx_word' id='word_1_344' title='bbox 1404 4106 1514 4174; x_wconf 86' lang='lat' dir='ltr'><strong>ejus</strong></span> <span class='ocrx_word' id='word_1_345' title='bbox 1555 4105 1609 4157; x_wconf 88' lang='lat' dir='ltr'><strong>in</strong></span> <span class='ocrx_word' id='word_1_346' title='bbox 1648 4105 1895 4158; x_wconf 84' lang='lat' dir='ltr'><strong>montibus</strong></span> 
     </span>
    </p>
   </div>
   <div class='ocr_carea' id='block_1_43' title="bbox 327 4193 1891 4266">
    <p class='ocr_par' dir='ltr' id='par_1_43' title="bbox 327 4193 1891 4266">
     <span class='ocr_line' id='line_1_43' title="bbox 327 4193 1891 4266; baseline 0.004 -24"><span class='ocrx_word' id='word_1_347' title='bbox 327 4193 551 4247; x_wconf 75' lang='lat' dir='ltr'><strong>sanctis?</strong></span> <span class='ocrx_word' id='word_1_348' title='bbox 575 4196 660 4262; x_wconf 88' lang='lat' dir='ltr'><strong>qui</strong></span> <span class='ocrx_word' id='word_1_349' title='bbox 701 4205 826 4249; x_wconf 91' lang='lat' dir='ltr'><strong>sunt</strong></span> <span class='ocrx_word' id='word_1_350' title='bbox 865 4207 1073 4251; x_wconf 89' lang='lat' dir='ltr'><strong>montes</strong></span> <span class='ocrx_word' id='word_1_351' title='bbox 1113 4197 1278 4250; x_wconf 90' lang='lat' dir='ltr'><strong>sancti</strong></span> <span class='ocrx_word' id='word_1_352' title='bbox 1304 4212 1466 4266; x_wconf 87' lang='lat' dir='ltr'><strong>super</strong></span> <span class='ocrx_word' id='word_1_353' title='bbox 1497 4210 1634 4266; x_wconf 91' lang='lat' dir='ltr'><strong>quos</strong></span> <span class='ocrx_word' id='word_1_354' title='bbox 1675 4195 1891 4252; x_wconf 82' lang='lat' dir='ltr'><strong>fundata</strong></span> 
     </span>
    </p>
   </div>
   <div class='ocr_carea' id='block_1_44' title="bbox 328 4284 1891 4358">
    <p class='ocr_par' dir='ltr' id='par_1_44' title="bbox 328 4284 1891 4358">
     <span class='ocr_line' id='line_1_44' title="bbox 328 4284 1891 4358; baseline 0.002 -20"><span class='ocrx_word' id='word_1_355' title='bbox 328 4295 411 4338; x_wconf 85' lang='lat' dir='ltr'><strong>est</strong></span> <span class='ocrx_word' id='word_1_356' title='bbox 437 4284 534 4338; x_wconf 87' lang='lat' dir='ltr'><strong>ista</strong></span> <span class='ocrx_word' id='word_1_357' title='bbox 564 4287 782 4342; x_wconf 77' lang='lat' dir='ltr'><strong>civitas?</strong></span> <span class='ocrx_word' id='word_1_358' title='bbox 813 4288 960 4347; x_wconf 80' lang='lat' dir='ltr'><strong>Alter</strong></span> <span class='ocrx_word' id='word_1_359' title='bbox 985 4287 1198 4358; x_wconf 89' lang='lat' dir='ltr'><strong>quidam</strong></span> <span class='ocrx_word' id='word_1_360' title='bbox 1223 4290 1358 4343; x_wconf 87' lang='lat' dir='ltr'><strong>civis</strong></span> <span class='ocrx_word' id='word_1_361' title='bbox 1386 4289 1590 4358; x_wconf 88' lang='lat' dir='ltr'><strong>planius</strong></span> <span class='ocrx_word' id='word_1_362' title='bbox 1620 4289 1720 4344; x_wconf 92' lang='lat' dir='ltr'><strong>hoc</strong></span> <span class='ocrx_word' id='word_1_363' title='bbox 1740 4289 1891 4352; x_wconf 81' lang='lat' dir='ltr'><strong>dixit,</strong></span> 
     </span>
    </p>
   </div>
   <div class='ocr_carea' id='block_1_45' title="bbox 329 4376 1893 4451">
    <p class='ocr_par' dir='ltr' id='par_1_45' title="bbox 329 4376 1893 4451">
     <span class='ocr_line' id='line_1_45' title="bbox 329 4376 1893 4451; baseline 0.005 -23"><span class='ocrx_word' id='word_1_364' title='bbox 329 4376 596 4445; x_wconf 83' lang='lat' dir='ltr'><strong>apostolus</strong></span> <span class='ocrx_word' id='word_1_365' title='bbox 638 4378 848 4432; x_wconf 84' lang='lat' dir='ltr'><strong>Paulus.</strong></span> <span class='ocrx_word' id='word_1_366' title='bbox 899 4379 1042 4434; x_wconf 84' lang='lat' dir='ltr'><strong>Civis</strong></span> <span class='ocrx_word' id='word_1_367' title='bbox 1089 4380 1209 4434; x_wconf 91' lang='lat' dir='ltr'><strong>inde</strong></span> <span class='ocrx_word' id='word_1_368' title='bbox 1255 4381 1518 4451; x_wconf 80' lang='lat' dir='ltr'><strong>PrOphcta</strong></span> <span class='ocrx_word' id='word_1_369' title='bbox 1545 4423 1559 4445; x_wconf 92' lang='lat'><strong>,</strong></span> <span class='ocrx_word' id='word_1_370' title='bbox 1597 4382 1730 4435; x_wconf 84' lang='lat' dir='ltr'><strong>civis</strong></span> <span class='ocrx_word' id='word_1_371' title='bbox 1774 4382 1893 4436; x_wconf 90' lang='lat' dir='ltr'><strong>inde</strong></span> 
     </span>
    </p>
   </div>
   <div class='ocr_carea' id='block_1_46' title="bbox 333 4468 1893 4550">
    <p class='ocr_par' dir='ltr' id='par_1_46' title="bbox 333 4468 1893 4550">
     <span class='ocr_line' id='line_1_46' title="bbox 333 4468 1893 4550; baseline 0.004 -30"><span class='ocrx_word' id='word_1_372' title='bbox 333 4468 652 4536; x_wconf 76' lang='lat' dir='ltr'><strong>Apostolus:</strong></span> <span class='ocrx_word' id='word_1_373' title='bbox 677 4479 732 4523; x_wconf 92' lang='lat' dir='ltr'><strong>et</strong></span> <span class='ocrx_word' id='word_1_374' title='bbox 759 4469 811 4522; x_wconf 89' lang='lat' dir='ltr'><strong>hi</strong></span> <span class='ocrx_word' id='word_1_375' title='bbox 855 4478 1134 4539; x_wconf 91' lang='lat' dir='ltr'><strong>pr0pterea</strong></span> <span class='ocrx_word' id='word_1_376' title='bbox 1166 4471 1545 4540; x_wconf 83' lang='lat' dir='ltr'><strong>loquebantur,</strong></span> <span class='ocrx_word' id='word_1_377' title='bbox 1571 4481 1628 4526; x_wconf 92' lang='lat' dir='ltr'><strong>ut</strong></span> <span class='ocrx_word' id='word_1_378' title='bbox 1659 4482 1893 4550; x_wconf 58' lang='lat' dir='ltr'><strong>exteros</strong></span> 
     </span>
    </p>
   </div>
   <div class='ocr_carea' id='block_1_47' title="bbox 327 4560 1894 4633">
    <p class='ocr_par' dir='ltr' id='par_1_47' title="bbox 327 4560 1894 4633">
     <span class='ocr_line' id='line_1_47' title="bbox 327 4560 1894 4633; baseline 0.003 -21"><span class='ocrx_word' id='word_1_379' title='bbox 327 4560 468 4612; x_wconf 85' lang='lat' dir='ltr'><strong>cives</strong></span> <span class='ocrx_word' id='word_1_380' title='bbox 487 4560 916 4615; x_wconf 81' lang='lat' dir='ltr'><strong>exhortarenlur.</strong></span> <span class='ocrx_word' id='word_1_381' title='bbox 947 4561 1050 4616; x_wconf 88' lang='lat' dir='ltr'><strong>Sed</strong></span> <span class='ocrx_word' id='word_1_382' title='bbox 1079 4562 1154 4626; x_wconf 91' lang='lat' dir='ltr'><strong>hi,</strong></span> <span class='ocrx_word' id='word_1_383' title='bbox 1184 4563 1235 4616; x_wconf 91' lang='lat' dir='ltr'><strong>id</strong></span> <span class='ocrx_word' id='word_1_384' title='bbox 1261 4573 1344 4618; x_wconf 87' lang='lat' dir='ltr'><strong>est</strong></span> <span class='ocrx_word' id='word_1_385' title='bbox 1374 4564 1652 4632; x_wconf 73' lang='lat' dir='ltr'><strong>Propheta:</strong></span> <span class='ocrx_word' id='word_1_386' title='bbox 1677 4573 1731 4620; x_wconf 91' lang='lat' dir='ltr'><strong>et</strong></span> <span class='ocrx_word' id='word_1_387' title='bbox 1752 4567 1894 4633; x_wconf 78' lang='lat' dir='ltr'><strong>Apo-</strong></span> 
     </span>
    </p>
   </div>
   <div class='ocr_carea' id='block_1_48' title="bbox 325 4652 1896 4727">
    <p class='ocr_par' dir='ltr' id='par_1_48' title="bbox 325 4652 1896 4727">
     <span class='ocr_line' id='line_1_48' title="bbox 325 4652 1896 4727; baseline 0.005 -25"><span class='ocrx_word' id='word_1_388' title='bbox 325 4652 466 4717; x_wconf 87' lang='lat' dir='ltr'><strong>stoli,</strong></span> <span class='ocrx_word' id='word_1_389' title='bbox 495 4654 763 4722; x_wconf 87' lang='lat' dir='ltr'><strong>quomodo</strong></span> <span class='ocrx_word' id='word_1_390' title='bbox 789 4654 971 4709; x_wconf 84' lang='lat' dir='ltr'><strong>cives?</strong></span> <span class='ocrx_word' id='word_1_391' title='bbox 992 4655 1238 4710; x_wconf 85' lang='lat' dir='ltr'><strong>Fortasse</strong></span> <span class='ocrx_word' id='word_1_392' title='bbox 1274 4656 1345 4711; x_wconf 89' lang='lat' dir='ltr'><strong>ita</strong></span> <span class='ocrx_word' id='word_1_393' title='bbox 1384 4664 1442 4708; x_wconf 93' lang='lat' dir='ltr'><strong>ut</strong></span> <span class='ocrx_word' id='word_1_394' title='bbox 1479 4659 1638 4710; x_wconf 86' lang='lat' dir='ltr'><strong>etiam</strong></span> <span class='ocrx_word' id='word_1_395' title='bbox 1668 4657 1765 4727; x_wconf 90' lang='lat' dir='ltr'><strong>ipsi</strong></span> <span class='ocrx_word' id='word_1_396' title='bbox 1788 4659 1896 4710; x_wconf 89' lang='lat' dir='ltr'><strong>sint</strong></span> 
     </span>
    </p>
   </div>
   <div class='ocr_carea' id='block_1_49' title="bbox 323 4745 1889 4814">
    <p class='ocr_par' dir='ltr' id='par_1_49' title="bbox 323 4745 1889 4814">
     <span class='ocr_line' id='line_1_49' title="bbox 323 4745 1889 4814; baseline 0.003 -19"><span class='ocrx_word' id='word_1_397' title='bbox 323 4755 558 4808; x_wconf 84' lang='lat' dir='ltr'><strong>montes,</strong></span> <span class='ocrx_word' id='word_1_398' title='bbox 589 4761 750 4814; x_wconf 87' lang='lat' dir='ltr'><strong>super</strong></span> <span class='ocrx_word' id='word_1_399' title='bbox 773 4761 906 4814; x_wconf 89' lang='lat' dir='ltr'><strong>quos</strong></span> <span class='ocrx_word' id='word_1_400' title='bbox 931 4745 1269 4801; x_wconf 87' lang='lat' dir='ltr'><strong>fundamenta</strong></span> <span class='ocrx_word' id='word_1_401' title='bbox 1301 4758 1424 4800; x_wconf 92' lang='lat' dir='ltr'><strong>sunt</strong></span> <span class='ocrx_word' id='word_1_402' title='bbox 1453 4749 1604 4814; x_wconf 87' lang='lat' dir='ltr'><strong>lmjus</strong></span> <span class='ocrx_word' id='word_1_403' title='bbox 1628 4750 1854 4802; x_wconf 71' lang='lat' dir='ltr'><strong>civitatis</strong></span> <span class='ocrx_word' id='word_1_404' title='bbox 1875 4790 1889 4814; x_wconf 90' lang='lat'><strong>,</strong></span> 
     </span>
    </p>
   </div>
   <div class='ocr_carea' id='block_1_50' title="bbox 320 4837 1892 4909">
    <p class='ocr_par' dir='ltr' id='par_1_50' title="bbox 320 4837 1892 4909">
     <span class='ocr_line' id='line_1_50' title="bbox 320 4837 1892 4909; baseline 0.006 -24"><span class='ocrx_word' id='word_1_405' title='bbox 320 4838 473 4903; x_wconf 79' lang='lat' dir='ltr'><strong>cujus</strong></span> <span class='ocrx_word' id='word_1_406' title='bbox 513 4845 696 4905; x_wconf 88' lang='lat' dir='ltr'><strong>portas</strong></span> <span class='ocrx_word' id='word_1_407' title='bbox 736 4837 906 4908; x_wconf 83' lang='lat' dir='ltr'><strong>diligit</strong></span> <span class='ocrx_word' id='word_1_408' title='bbox 947 4839 1219 4893; x_wconf 89' lang='lat' dir='ltr'><strong>Dominus.</strong></span> <span class='ocrx_word' id='word_1_409' title='bbox 1251 4839 1397 4894; x_wconf 85' lang='lat' dir='ltr'><strong>Dicat</strong></span> <span class='ocrx_word' id='word_1_410' title='bbox 1438 4855 1564 4909; x_wconf 87' lang='lat' dir='ltr'><strong>ergo</strong></span> <span class='ocrx_word' id='word_1_411' title='bbox 1602 4841 1737 4894; x_wconf 89' lang='lat' dir='ltr'><strong>alius</strong></span> <span class='ocrx_word' id='word_1_412' title='bbox 1763 4840 1892 4894; x_wconf 86' lang='lat' dir='ltr'><strong>civis</strong></span> 
     </span>
    </p>
   </div>
   <div class='ocr_carea' id='block_1_51' title="bbox 323 4926 1891 5001">
    <p class='ocr_par' dir='ltr' id='par_1_51' title="bbox 323 4926 1891 5001">
     <span class='ocr_line' id='line_1_51' title="bbox 323 4926 1891 5001; baseline 0.007 -27"><span class='ocrx_word' id='word_1_413' title='bbox 323 4926 425 4979; x_wconf 88' lang='lat' dir='ltr'><strong>hoc</strong></span> <span class='ocrx_word' id='word_1_414' title='bbox 448 4937 632 4993; x_wconf 87' lang='lat' dir='ltr'><strong>aperte</strong></span> <span class='ocrx_word' id='word_1_415' title='bbox 665 4943 730 4981; x_wconf 91' lang='lat' dir='ltr'><strong>ne</strong></span> <span class='ocrx_word' id='word_1_416' title='bbox 768 4943 862 4981; x_wconf 91' lang='lat' dir='ltr'><strong>nos</strong></span> <span class='ocrx_word' id='word_1_417' title='bbox 903 4930 1160 4999; x_wconf 89' lang='lat' dir='ltr'><strong>suspicari</strong></span> <span class='ocrx_word' id='word_1_418' title='bbox 1191 4929 1485 4984; x_wconf 86' lang='lat' dir='ltr'><strong>videamur.</strong></span> <span class='ocrx_word' id='word_1_419' title='bbox 1533 4930 1781 5001; x_wconf 85' lang='lat' dir='ltr'><strong>Loquens</strong></span> <span class='ocrx_word' id='word_1_420' title='bbox 1825 4931 1891 4985; x_wconf 90' lang='lat' dir='ltr'><strong>ad</strong></span> 
     </span>
    </p>
   </div>
   <div class='ocr_carea' id='block_1_52' title="bbox 319 5009 1894 5094">
    <p class='ocr_par' dir='ltr' id='par_1_52' title="bbox 319 5009 1894 5094">
     <span class='ocr_line' id='line_1_52' title="bbox 319 5009 1894 5094; baseline 0.005 -25"><span class='ocrx_word' id='word_1_421' title='bbox 319 5014 541 5082; x_wconf 86' lang='lat' dir='ltr'><strong>Gentes,</strong></span> <span class='ocrx_word' id='word_1_422' title='bbox 573 5027 628 5070; x_wconf 91' lang='lat' dir='ltr'><strong>et</strong></span> <span class='ocrx_word' id='word_1_423' title='bbox 655 5009 1079 5094; x_wconf 75' lang='lat' dir='ltr'><strong>commemorans</strong></span> <span class='ocrx_word' id='word_1_424' title='bbox 1118 5029 1176 5072; x_wconf 92' lang='lat' dir='ltr'><strong>ut</strong></span> <span class='ocrx_word' id='word_1_425' title='bbox 1219 5021 1472 5084; x_wconf 88' lang='lat' dir='ltr'><strong>redirent,</strong></span> <span class='ocrx_word' id='word_1_426' title='bbox 1502 5032 1554 5075; x_wconf 91' lang='lat' dir='ltr'><strong>et</strong></span> <span class='ocrx_word' id='word_1_427' title='bbox 1582 5023 1732 5090; x_wconf 89' lang='lat' dir='ltr'><strong>quasi</strong></span> <span class='ocrx_word' id='word_1_428' title='bbox 1767 5037 1894 5076; x_wconf 90' lang='lat' dir='ltr'><strong>con-</strong></span> 
     </span>
    </p>
   </div>
   <div class='ocr_carea' id='block_1_53' title="bbox 319 5108 1884 5182">
    <p class='ocr_par' dir='ltr' id='par_1_53' title="bbox 319 5108 1884 5182">
     <span class='ocr_line' id='line_1_53' title="bbox 319 5108 1884 5182; baseline 0.008 -26"><span class='ocrx_word' id='word_1_429' title='bbox 319 5115 658 5162; x_wconf 79' lang='lat' dir='ltr'><strong>stt-uerentur</strong></span> <span class='ocrx_word' id='word_1_430' title='bbox 685 5109 737 5162; x_wconf 92' lang='lat' dir='ltr'><strong>in</strong></span> <span class='ocrx_word' id='word_1_431' title='bbox 760 5108 1008 5171; x_wconf 78' lang='lat' dir='ltr'><strong>fabricam</strong></span> <span class='ocrx_word' id='word_1_432' title='bbox 1039 5122 1272 5165; x_wconf 89' lang='lat' dir='ltr'><strong>sanctam</strong></span> <span class='ocrx_word' id='word_1_433' title='bbox 1299 5153 1313 5174; x_wconf 90' lang='lat'><strong>,</strong></span> <span class='ocrx_word' id='word_1_434' title='bbox 1345 5112 1771 5182; x_wconf 79' lang='lat' dir='ltr'><strong>Supertediﬁcati,</strong></span> <span class='ocrx_word' id='word_1_435' title='bbox 1806 5114 1884 5168; x_wconf 87' lang='lat' dir='ltr'><strong>in-</strong></span> 
     </span>
    </p>
   </div>
   <div class='ocr_carea' id='block_1_54' title="bbox 315 5198 1891 5273">
    <p class='ocr_par' dir='ltr' id='par_1_54' title="bbox 315 5198 1891 5273">
     <span class='ocr_line' id='line_1_54' title="bbox 315 5198 1891 5273; baseline 0.008 -26"><span class='ocrx_word' id='word_1_436' title='bbox 315 5198 450 5264; x_wconf 87' lang='lat' dir='ltr'><strong>quit,</strong></span> <span class='ocrx_word' id='word_1_437' title='bbox 481 5215 636 5267; x_wconf 82' lang='lat' dir='ltr'><strong>super</strong></span> <span class='ocrx_word' id='word_1_438' title='bbox 654 5200 1036 5268; x_wconf 81' lang='lat' dir='ltr'><strong>{undamentum</strong></span> <span class='ocrx_word' id='word_1_439' title='bbox 1055 5203 1405 5272; x_wconf 84' lang='lat' dir='ltr'><strong>Apostolorum</strong></span> <span class='ocrx_word' id='word_1_440' title='bbox 1432 5215 1478 5257; x_wconf 89' lang='lat' dir='ltr'><strong>et</strong></span> <span class='ocrx_word' id='word_1_441' title='bbox 1501 5203 1891 5273; x_wconf 84' lang='lat' dir='ltr'><strong>Prop/telarum.</strong></span> 
     </span>
    </p>
   </div>
   <div class='ocr_carea' id='block_1_55' title="bbox 324 5289 1895 5372">
    <p class='ocr_par' dir='ltr' id='par_1_55' title="bbox 324 5289 1895 5372">
     <span class='ocr_line' id='line_1_55' title="bbox 324 5289 1895 5372; baseline 0.008 -27"><span class='ocrx_word' id='word_1_442' title='bbox 324 5289 388 5345; x_wconf 68' lang='grc' dir='ltr'>Ιιὶι</span> <span class='ocrx_word' id='word_1_443' title='bbox 410 5293 533 5363; x_wconf 89' lang='lat' dir='ltr'><strong>quia</strong></span> <span class='ocrx_word' id='word_1_444' title='bbox 559 5311 658 5350; x_wconf 90' lang='lat' dir='ltr'><strong>nec</strong></span> <span class='ocrx_word' id='word_1_445' title='bbox 708 5297 806 5364; x_wconf 88' lang='lat' dir='ltr'><strong>ipsi</strong></span> <span class='ocrx_word' id='word_1_446' title='bbox 858 5299 1091 5366; x_wconf 83' lang='lat' dir='ltr'><strong>Apostoli</strong></span> <span class='ocrx_word' id='word_1_447' title='bbox 1118 5308 1210 5352; x_wconf 89' lang='lat' dir='ltr'><strong>aut</strong></span> <span class='ocrx_word' id='word_1_448' title='bbox 1258 5301 1572 5368; x_wconf 63' lang='lat' dir='ltr'><strong>Prolihetae,</strong></span> <span class='ocrx_word' id='word_1_449' title='bbox 1623 5302 1674 5354; x_wconf 92' lang='lat' dir='ltr'><strong>in</strong></span> <span class='ocrx_word' id='word_1_450' title='bbox 1706 5302 1895 5372; x_wconf 90' lang='lat' dir='ltr'><strong>quibus</strong></span> 
     </span>
    </p>
   </div>
   <div class='ocr_carea' id='block_1_56' title="bbox 325 5385 1894 5459">
    <p class='ocr_par' dir='ltr' id='par_1_56' title="bbox 325 5385 1894 5459">
     <span class='ocr_line' id='line_1_56' title="bbox 325 5385 1894 5459; baseline 0.007 -19"><span class='ocrx_word' id='word_1_451' title='bbox 325 5385 726 5444; x_wconf 81' lang='lat' dir='ltr'><strong>fundamentum</strong></span> <span class='ocrx_word' id='word_1_452' title='bbox 755 5401 836 5444; x_wconf 82' lang='lat' dir='ltr'><strong>est</strong></span> <span class='ocrx_word' id='word_1_453' title='bbox 860 5392 1108 5457; x_wconf 87' lang='lat' dir='ltr'><strong>civitatis,</strong></span> <span class='ocrx_word' id='word_1_454' title='bbox 1137 5407 1195 5446; x_wconf 90' lang='lat' dir='ltr'><strong>se</strong></span> <span class='ocrx_word' id='word_1_455' title='bbox 1223 5402 1464 5448; x_wconf 89' lang='lat' dir='ltr'><strong>tenerent</strong></span> <span class='ocrx_word' id='word_1_456' title='bbox 1483 5395 1534 5448; x_wconf 91' lang='lat' dir='ltr'><strong>in</strong></span> <span class='ocrx_word' id='word_1_457' title='bbox 1557 5410 1648 5459; x_wconf 91' lang='lat' dir='ltr'><strong>se;</strong></span> <span class='ocrx_word' id='word_1_458' title='bbox 1682 5407 1894 5451; x_wconf 89' lang='lat' dir='ltr'><strong>secutus</strong></span> 
     </span>
    </p>
   </div>
   <div class='ocr_carea' id='block_1_57' title="bbox 324 5478 1895 5556">
    <p class='ocr_par' dir='ltr' id='par_1_57' title="bbox 324 5478 1895 5556">
     <span class='ocr_line' id='line_1_57' title="bbox 324 5478 1895 5556; baseline 0.007 -26"><span class='ocrx_word' id='word_1_459' title='bbox 324 5478 398 5531; x_wconf 86' lang='lat' dir='ltr'><strong>ibi</strong></span> <span class='ocrx_word' id='word_1_460' title='bbox 423 5479 512 5542; x_wconf 85' lang='lat' dir='ltr'><strong>ait,</strong></span> <span class='ocrx_word' id='word_1_461' title='bbox 543 5479 667 5550; x_wconf 82' lang='lat' dir='ltr'><strong>Ipso</strong></span> <span class='ocrx_word' id='word_1_462' title='bbox 717 5499 910 5536; x_wconf 86' lang='lat' dir='ltr'><strong>summa</strong></span> <span class='ocrx_word' id='word_1_463' title='bbox 963 5481 1198 5537; x_wconf 76' lang='lat' dir='ltr'><strong>existente</strong></span> <span class='ocrx_word' id='word_1_464' title='bbox 1242 5485 1411 5553; x_wconf 83' lang='lat' dir='ltr'><strong>lapide</strong></span> <span class='ocrx_word' id='word_1_465' title='bbox 1441 5488 1673 5556; x_wconf 81' lang='lat' dir='ltr'><strong>angulari</strong></span> <span class='ocrx_word' id='word_1_466' title='bbox 1697 5487 1895 5542; x_wconf 80' lang='lat' dir='ltr'><strong>Christo</strong></span> 
     </span>
    </p>
   </div>
   <div class='ocr_carea' id='block_1_58' title="bbox 321 5566 1894 5644">
    <p class='ocr_par' dir='ltr' id='par_1_58' title="bbox 321 5566 1894 5644">
     <span class='ocr_line' id='line_1_58' title="bbox 321 5566 1894 5644; baseline 0.008 -24"><span class='ocrx_word' id='word_1_467' title='bbox 321 5566 474 5621; x_wconf 76' lang='lat' dir='ltr'><strong>Iesu.</strong></span> <span class='ocrx_word' id='word_1_468' title='bbox 505 5569 582 5625; x_wconf 75' lang='lat' dir='ltr'><strong>Ne</strong></span> <span class='ocrx_word' id='word_1_469' title='bbox 606 5572 781 5642; x_wconf 85' lang='lat' dir='ltr'><strong>itaque</strong></span> <span class='ocrx_word' id='word_1_470' title='bbox 809 5582 1054 5641; x_wconf 88' lang='lat' dir='ltr'><strong>putarent</strong></span> <span class='ocrx_word' id='word_1_471' title='bbox 1077 5572 1275 5628; x_wconf 88' lang='lat' dir='ltr'><strong>Gentes</strong></span> <span class='ocrx_word' id='word_1_472' title='bbox 1304 5589 1407 5627; x_wconf 92' lang='lat' dir='ltr'><strong>non</strong></span> <span class='ocrx_word' id='word_1_473' title='bbox 1451 5591 1510 5629; x_wconf 89' lang='lat' dir='ltr'><strong>se</strong></span> <span class='ocrx_word' id='word_1_474' title='bbox 1541 5577 1807 5644; x_wconf 84' lang='lat' dir='ltr'><strong>pertinere</strong></span> <span class='ocrx_word' id='word_1_475' title='bbox 1826 5577 1894 5632; x_wconf 89' lang='lat' dir='ltr'><strong>ad</strong></span> 
     </span>
    </p>
   </div>
   <div class='ocr_carea' id='block_1_59' title="bbox 319 5659 1895 5737">
    <p class='ocr_par' dir='ltr' id='par_1_59' title="bbox 319 5659 1895 5737">
     <span class='ocr_line' id='line_1_59' title="bbox 319 5659 1895 5737; baseline 0.005 -21"><span class='ocrx_word' id='word_1_476' title='bbox 319 5659 454 5716; x_wconf 84' lang='lat' dir='ltr'><strong>Sion</strong></span> <span class='ocrx_word' id='word_1_477' title='bbox 481 5679 495 5715; x_wconf 92' lang='lat'>:</span> <span class='ocrx_word' id='word_1_478' title='bbox 521 5674 634 5717; x_wconf 86' lang='lat' dir='ltr'><strong>erat</strong></span> <span class='ocrx_word' id='word_1_479' title='bbox 662 5661 800 5719; x_wconf 88' lang='lat' dir='ltr'><strong>enim</strong></span> <span class='ocrx_word' id='word_1_480' title='bbox 840 5663 1082 5734; x_wconf 72' lang='lat' dir='ltr'><strong>quaedam</strong></span> <span class='ocrx_word' id='word_1_481' title='bbox 1120 5666 1304 5720; x_wconf 87' lang='lat' dir='ltr'><strong>civitas</strong></span> <span class='ocrx_word' id='word_1_482' title='bbox 1332 5667 1456 5719; x_wconf 86' lang='lat' dir='ltr'><strong>Sion</strong></span> <span class='ocrx_word' id='word_1_483' title='bbox 1500 5675 1708 5722; x_wconf 88' lang='lat' dir='ltr'><strong>terrena</strong></span> <span class='ocrx_word' id='word_1_484' title='bbox 1731 5711 1743 5732; x_wconf 90' lang='lat'><strong>,</strong></span> <span class='ocrx_word' id='word_1_485' title='bbox 1777 5683 1895 5737; x_wconf 67' lang='lat' dir='ltr'><strong>quae</strong></span> 
     </span>
    </p>
   </div>
   <div class='ocr_carea' id='block_1_60' title="bbox 392 5774 1582 5841">
    <p class='ocr_par' dir='ltr' id='par_1_60' title="bbox 392 5774 1582 5841">
     <span class='ocr_line' id='line_1_60' title="bbox 392 5774 1582 5841; baseline 0.006 -19"><span class='ocrx_word' id='word_1_486' title='bbox 392 5774 410 5804; x_wconf 82' lang='grc'>²</span> <span class='ocrx_word' id='word_1_487' title='bbox 435 5774 506 5825; x_wconf 90' lang='lat' dir='ltr'><strong>sic</strong></span> <span class='ocrx_word' id='word_1_488' title='bbox 524 5776 839 5828; x_wconf 84' lang='lat' dir='ltr'><strong>Corbeienses</strong></span> <span class='ocrx_word' id='word_1_489' title='bbox 859 5783 964 5826; x_wconf 75' lang='lat' dir='ltr'><strong>Mss.</strong></span> <span class='ocrx_word' id='word_1_490' title='bbox 990 5783 1045 5826; x_wconf 80' lang='lat' dir='ltr'><strong>At</strong></span> <span class='ocrx_word' id='word_1_491' title='bbox 1062 5776 1192 5831; x_wconf 66' lang='grc' dir='ltr'><strong>ΡΜ..</strong></span> <span class='ocrx_word' id='word_1_492' title='bbox 1216 5791 1302 5840; x_wconf 86' lang='lat' dir='ltr'><strong>per</strong></span> <span class='ocrx_word' id='word_1_493' title='bbox 1324 5778 1428 5841; x_wconf 83' lang='lat' dir='ltr'><strong>ejus</strong></span> <span class='ocrx_word' id='word_1_494' title='bbox 1443 5777 1582 5828; x_wconf 73' lang='lat' dir='ltr'><strong>riam.</strong></span> 
     </span>
    </p>
   </div>
   <div class='ocr_carea' id='block_1_61' title="bbox 1411 307 2573 395">
    <p class='ocr_par' dir='ltr' id='par_1_61' title="bbox 1411 307 2573 395">
     <span class='ocr_line' id='line_1_61' title="bbox 1411 307 2573 395; baseline 0.011 -13"><span class='ocrx_word' id='word_1_495' title='bbox 1411 323 1802 382; x_wconf 76' lang='lat' dir='ltr'><strong>ENARRATIO</strong></span> <span class='ocrx_word' id='word_1_496' title='bbox 1838 323 1902 378; x_wconf 71' lang='lat' dir='ltr'><strong>IN</strong></span> <span class='ocrx_word' id='word_1_497' title='bbox 1942 307 2255 388; x_wconf 62' lang='lat' dir='ltr'><strong>rsstatun</strong></span> <span class='ocrx_word' id='word_1_498' title='bbox 2295 337 2573 395; x_wconf 71' lang='lat' dir='ltr'><strong>Lxxxvi.</strong></span> 
     </span>
    </p>
   </div>
   <div class='ocr_carea' id='block_1_62' title="bbox 3453 371 3582 425">
    <p class='ocr_par' dir='ltr' id='par_1_62' title="bbox 3453 371 3582 425">
     <span class='ocr_line' id='line_1_62' title="bbox 3453 371 3582 425; baseline 0.008 -1"><span class='ocrx_word' id='word_1_499' title='bbox 3453 371 3582 425; x_wconf 66' lang='grc'><strong>1202</strong></span> 
     </span>
    </p>
   </div>
   <div class='ocr_carea' id='block_1_63' title="bbox 2016 448 3581 542">
    <p class='ocr_par' dir='ltr' id='par_1_63' title="bbox 2016 448 3581 542">
     <span class='ocr_line' id='line_1_63' title="bbox 2016 448 3581 542; baseline 0.029 -48"><span class='ocrx_word' id='word_1_500' title='bbox 2016 457 2111 510; x_wconf 89' lang='lat' dir='ltr'><strong>per</strong></span> <span class='ocrx_word' id='word_1_501' title='bbox 2149 448 2386 504; x_wconf 88' lang='lat' dir='ltr'><strong>umbram</strong></span> <span class='ocrx_word' id='word_1_502' title='bbox 2430 459 2654 524; x_wconf 78' lang='lat' dir='ltr'><strong>gestavit</strong></span> <span class='ocrx_word' id='word_1_503' title='bbox 2699 459 2978 532; x_wconf 80' lang='lat' dir='ltr'><strong>imaginem</strong></span> <span class='ocrx_word' id='word_1_504' title='bbox 3027 471 3298 542; x_wconf 84' lang='lat' dir='ltr'><strong>cujusdam</strong></span> <span class='ocrx_word' id='word_1_505' title='bbox 3341 478 3466 536; x_wconf 88' lang='lat' dir='ltr'><strong>Sion</strong></span> <span class='ocrx_word' id='word_1_506' title='bbox 3513 488 3581 539; x_wconf 82' lang='lat' dir='ltr'><strong>de</strong></span> 
     </span>
    </p>
   </div>
   <div class='ocr_carea' id='block_1_64' title="bbox 2013 541 3578 646">
    <p class='ocr_par' dir='ltr' id='par_1_64' title="bbox 2013 541 3578 646">
     <span class='ocr_line' id='line_1_64' title="bbox 2013 541 3578 646; baseline 0.03 -60"><span class='ocrx_word' id='word_1_507' title='bbox 2137 541 2294 593; x_wconf 89' lang='lat' dir='ltr'><strong>modo</strong></span> <span class='ocrx_word' id='word_1_508' title='bbox 2322 543 2549 614; x_wconf 88' lang='lat' dir='ltr'><strong>dicitur,</strong></span> <span class='ocrx_word' id='word_1_509' title='bbox 2581 551 2816 610; x_wconf 75' lang='lat' dir='ltr'><strong>caelestis</strong></span> <span class='ocrx_word' id='word_1_510' title='bbox 2861 557 2999 614; x_wconf 82' lang='lat' dir='ltr'><strong>illius</strong></span> <span class='ocrx_word' id='word_1_511' title='bbox 3047 541 3338 626; x_wconf 80' lang='lat' dir='ltr'><strong>Jerusalem</strong></span> <span class='ocrx_word' id='word_1_512' title='bbox 3381 573 3448 629; x_wconf 91' lang='lat' dir='ltr'><strong>de</strong></span> <span class='ocrx_word' id='word_1_513' title='bbox 3476 594 3578 646; x_wconf 81' lang='lat' dir='ltr'><strong>qua</strong></span> 
     </span>
    </p>
   </div>
   <div class='ocr_carea' id='block_1_65' title="bbox 2011 623 3578 734">
    <p class='ocr_par' dir='ltr' id='par_1_65' title="bbox 2011 623 3578 734">
     <span class='ocr_line' id='line_1_65' title="bbox 2011 623 3578 734; baseline 0.029 -57"><span class='ocrx_word' id='word_1_514' title='bbox 2011 623 2600 734; x_wconf 43' lang='lat' dir='ltr'><strong>dicitﬁpostolusﬂme</strong></span> <span class='ocrx_word' id='word_1_515' title='bbox 2622 652 2696 694; x_wconf 87' lang='lat' dir='ltr'><strong>est</strong></span> <span class='ocrx_word' id='word_1_516' title='bbox 2715 655 2872 699; x_wconf 85' lang='lat' dir='ltr'><strong>mater</strong></span> <span class='ocrx_word' id='word_1_517' title='bbox 2895 653 3116 707; x_wconf 86' lang='lat' dir='ltr'><strong>omnium</strong></span> <span class='ocrx_word' id='word_1_518' title='bbox 3141 669 3362 715; x_wconf 84' lang='lat' dir='ltr'><strong>nostrum</strong></span> <span class='ocrx_word' id='word_1_519' title='bbox 3385 623 3578 734; x_wconf 59' lang='lat' dir='ltr'><strong>(finiet:</strong></span> 
     </span>
    </p>
   </div>
   <div class='ocr_carea' id='block_1_66' title="bbox 2012 717 3582 825">
    <p class='ocr_par' dir='ltr' id='par_1_66' title="bbox 2012 717 3582 825">
     <span class='ocr_line' id='line_1_66' title="bbox 2012 717 3582 825; baseline 0.03 -58"><span class='ocrx_word' id='word_1_520' title='bbox 2012 717 2200 818; x_wconf 46' lang='lat'><strong>“3.36)</strong></span> <span class='ocrx_word' id='word_1_521' title='bbox 2229 739 2243 774; x_wconf 90' lang='lat'><strong>:</strong></span> <span class='ocrx_word' id='word_1_522' title='bbox 2274 739 2338 776; x_wconf 91' lang='lat' dir='ltr'><strong>ne</strong></span> <span class='ocrx_word' id='word_1_523' title='bbox 2368 741 2495 796; x_wconf 87' lang='lat' dir='ltr'><strong>ergo</strong></span> <span class='ocrx_word' id='word_1_524' title='bbox 2515 728 2589 783; x_wconf 88' lang='lat' dir='ltr'><strong>illi</strong></span> <span class='ocrx_word' id='word_1_525' title='bbox 2607 743 2708 788; x_wconf 84' lang='lat' dir='ltr'><strong>n‘on</strong></span> <span class='ocrx_word' id='word_1_526' title='bbox 2733 737 2998 802; x_wconf 91' lang='lat' dir='ltr'><strong>pertinere</strong></span> <span class='ocrx_word' id='word_1_527' title='bbox 3018 742 3320 806; x_wconf 87' lang='lat' dir='ltr'><strong>dicerentur</strong></span> <span class='ocrx_word' id='word_1_528' title='bbox 3337 717 3402 808; x_wconf 78' lang='lat' dir='ltr'><strong>ad</strong></span> <span class='ocrx_word' id='word_1_529' title='bbox 3429 755 3582 825; x_wconf 65' lang='lat' dir='ltr'><strong>Sfon,</strong></span> 
     </span>
    </p>
   </div>
   <div class='ocr_carea' id='block_1_67' title="bbox 2013 807 3584 917">
    <p class='ocr_par' dir='ltr' id='par_1_67' title="bbox 2013 807 3584 917">
     <span class='ocr_line' id='line_1_67' title="bbox 2013 807 3584 917; baseline 0.03 -60"><span class='ocrx_word' id='word_1_530' title='bbox 2013 807 2142 917; x_wconf 60' lang='lat' dir='ltr'><strong>quia</strong></span> <span class='ocrx_word' id='word_1_531' title='bbox 2173 826 2277 915; x_wconf 78' lang='lat' dir='ltr'><strong>non</strong></span> <span class='ocrx_word' id='word_1_532' title='bbox 2317 825 2467 869; x_wconf 89' lang='lat' dir='ltr'><strong>erant</strong></span> <span class='ocrx_word' id='word_1_533' title='bbox 2497 819 2563 873; x_wconf 92' lang='lat' dir='ltr'><strong>de</strong></span> <span class='ocrx_word' id='word_1_534' title='bbox 2593 826 2788 892; x_wconf 91' lang='lat' dir='ltr'><strong>populo</strong></span> <span class='ocrx_word' id='word_1_535' title='bbox 2812 827 3113 886; x_wconf 68' lang='lat' dir='ltr'><strong>Judteorum</strong></span> <span class='ocrx_word' id='word_1_536' title='bbox 3133 877 3146 899; x_wconf 93' lang='lat'><strong>,</strong></span> <span class='ocrx_word' id='word_1_537' title='bbox 3181 837 3280 893; x_wconf 89' lang='lat' dir='ltr'><strong>hoc</strong></span> <span class='ocrx_word' id='word_1_538' title='bbox 3312 844 3388 898; x_wconf 87' lang='lat' dir='ltr'><strong>eis</strong></span> <span class='ocrx_word' id='word_1_539' title='bbox 3410 807 3584 917; x_wconf 67' lang='lat' dir='ltr'><strong>dixit:</strong></span> 
     </span>
    </p>
   </div>
   <div class='ocr_carea' id='block_1_68' title="bbox 2018 898 3585 997">
    <p class='ocr_par' dir='ltr' id='par_1_68' title="bbox 2018 898 3585 997">
     <span class='ocr_line' id='line_1_68' title="bbox 2018 898 3585 997; baseline 0.031 -50"><span class='ocrx_word' id='word_1_540' title='bbox 2018 898 2233 997; x_wconf 58' lang='lat' dir='ltr'><strong>«igitur</strong></span> <span class='ocrx_word' id='word_1_541' title='bbox 2258 904 2365 970; x_wconf 86' lang='lat' dir='ltr'><strong>jam</strong></span> <span class='ocrx_word' id='word_1_542' title='bbox 2397 923 2500 963; x_wconf 90' lang='lat' dir='ltr'><strong>non</strong></span> <span class='ocrx_word' id='word_1_543' title='bbox 2530 913 2659 967; x_wconf 90' lang='lat' dir='ltr'><strong>estis</strong></span> <span class='ocrx_word' id='word_1_544' title='bbox 2685 920 2945 988; x_wconf 90' lang='lat' dir='ltr'><strong>peregrini</strong></span> <span class='ocrx_word' id='word_1_545' title='bbox 2967 926 3274 997; x_wconf 87' lang='lat' dir='ltr'><strong>etinquilini</strong></span> <span class='ocrx_word' id='word_1_546' title='bbox 3301 949 3314 996; x_wconf 88' lang='lat'><strong>;</strong></span> <span class='ocrx_word' id='word_1_547' title='bbox 3339 898 3585 996; x_wconf 86' lang='lat' dir='ltr'><strong>sed</strong></span> 
     </span>
    </p>
   </div>
   <div class='ocr_carea' id='block_1_69' title="bbox 2013 989 3583 1087">
    <p class='ocr_par' dir='ltr' id='par_1_69' title="bbox 2013 989 3583 1087">
     <span class='ocr_line' id='line_1_69' title="bbox 2013 989 3583 1087; baseline 0.028 -45"><span class='ocrx_word' id='word_1_548' title='bbox 2013 989 2158 1087; x_wconf 80' lang='lat' dir='ltr'><strong>cives</strong></span> <span class='ocrx_word' id='word_1_549' title='bbox 2186 1006 2508 1087; x_wconf 87' lang='lat' dir='ltr'><strong>sanctorum,</strong></span> <span class='ocrx_word' id='word_1_550' title='bbox 2541 1012 2594 1057; x_wconf 90' lang='lat' dir='ltr'><strong>et</strong></span> <span class='ocrx_word' id='word_1_551' title='bbox 2613 1005 2889 1065; x_wconf 88' lang='lat' dir='ltr'><strong>domestici</strong></span> <span class='ocrx_word' id='word_1_552' title='bbox 2920 1013 3031 1080; x_wconf 89' lang='lat' dir='ltr'><strong>Dei,</strong></span> <span class='ocrx_word' id='word_1_553' title='bbox 3063 989 3464 1087; x_wconf 66' lang='lat' dir='ltr'><strong>supemdificati</strong></span> <span class='ocrx_word' id='word_1_554' title='bbox 3493 1049 3583 1086; x_wconf 75' lang='lat' dir='ltr'><strong>su-</strong></span> 
     </span>
    </p>
   </div>
   <div class='ocr_carea' id='block_1_70' title="bbox 2013 1084 3582 1177">
    <p class='ocr_par' dir='ltr' id='par_1_70' title="bbox 2013 1084 3582 1177">
     <span class='ocr_line' id='line_1_70' title="bbox 2013 1084 3582 1177; baseline 0.027 -43"><span class='ocrx_word' id='word_1_555' title='bbox 2013 1097 2108 1177; x_wconf 85' lang='lat' dir='ltr'><strong>per</strong></span> <span class='ocrx_word' id='word_1_556' title='bbox 2133 1084 2526 1150; x_wconf 78' lang='lat' dir='ltr'><strong>fundamentum</strong></span> <span class='ocrx_word' id='word_1_557' title='bbox 2552 1099 2930 1166; x_wconf 89' lang='lat' dir='ltr'><strong>Apostolorum</strong></span> <span class='ocrx_word' id='word_1_558' title='bbox 2942 1084 3416 1176; x_wconf 81' lang='lat' dir='ltr'><strong>etProphetarum.</strong></span> <span class='ocrx_word' id='word_1_559' title='bbox 3440 1138 3456 1168; x_wconf 86' lang='grc' dir='ltr'><strong>ι</strong></span> <span class='ocrx_word' id='word_1_560' title='bbox 3475 1084 3582 1177; x_wconf 75' lang='grc' dir='ltr'><strong>ιιεῖ-</strong></span> 
     </span>
    </p>
   </div>
   <div class='ocr_carea' id='block_1_71' title="bbox 2012 1174 3583 1271">
    <p class='ocr_par' dir='ltr' id='par_1_71' title="bbox 2012 1174 3583 1271">
     <span class='ocr_line' id='line_1_71' title="bbox 2012 1174 3583 1271; baseline 0.027 -43"><span class='ocrx_word' id='word_1_561' title='bbox 2012 1174 2105 1229; x_wconf 89' lang='lat' dir='ltr'><strong>bes</strong></span> <span class='ocrx_word' id='word_1_562' title='bbox 2154 1183 2606 1241; x_wconf 83' lang='lat' dir='ltr'><strong>constructionem</strong></span> <span class='ocrx_word' id='word_1_563' title='bbox 2651 1199 2808 1247; x_wconf 69' lang='lat' dir='ltr'><strong>tantm</strong></span> <span class='ocrx_word' id='word_1_564' title='bbox 2851 1174 3241 1258; x_wconf 46' lang='lat' dir='ltr'><strong>civitatis._Sed</strong></span> <span class='ocrx_word' id='word_1_565' title='bbox 3279 1213 3453 1268; x_wconf 81' lang='lat' dir='ltr'><strong>omnis</strong></span> <span class='ocrx_word' id='word_1_566' title='bbox 3484 1215 3583 1271; x_wconf 79' lang='lat' dir='ltr'><strong>ista</strong></span> 
     </span>
    </p>
   </div>
   <div class='ocr_carea' id='block_1_72' title="bbox 2012 1275 3582 1371">
    <p class='ocr_par' dir='ltr' id='par_1_72' title="bbox 2012 1275 3582 1371">
     <span class='ocr_line' id='line_1_72' title="bbox 2012 1275 3582 1371; baseline 0.025 -51"><span class='ocrx_word' id='word_1_567' title='bbox 2012 1282 2297 1371; x_wconf 77' lang='lat' dir='ltr'><strong>compages</strong></span> <span class='ocrx_word' id='word_1_568' title='bbox 2346 1275 2432 1330; x_wconf 93' lang='lat' dir='ltr'><strong>ubi</strong></span> <span class='ocrx_word' id='word_1_569' title='bbox 2481 1277 2723 1336; x_wconf 90' lang='lat' dir='ltr'><strong>innititur</strong></span> <span class='ocrx_word' id='word_1_570' title='bbox 2745 1325 2762 1349; x_wconf 97' lang='lat'><strong>,</strong></span> <span class='ocrx_word' id='word_1_571' title='bbox 2795 1286 2880 1340; x_wconf 90' lang='lat' dir='ltr'><strong>ubi</strong></span> <span class='ocrx_word' id='word_1_572' title='bbox 2911 1288 3204 1359; x_wconf 88' lang='lat' dir='ltr'><strong>incumbit,</strong></span> <span class='ocrx_word' id='word_1_573' title='bbox 3240 1309 3294 1352; x_wconf 91' lang='lat' dir='ltr'><strong>ut</strong></span> <span class='ocrx_word' id='word_1_574' title='bbox 3325 1317 3582 1371; x_wconf 75' lang='lat' dir='ltr'><strong>nuSquant</strong></span> 
     </span>
    </p>
   </div>
   <div class='ocr_carea' id='block_1_73' title="bbox 2011 1362 3584 1458">
    <p class='ocr_par' dir='ltr' id='par_1_73' title="bbox 2011 1362 3584 1458">
     <span class='ocr_line' id='line_1_73' title="bbox 2011 1362 3584 1458; baseline 0.026 -46"><span class='ocrx_word' id='word_1_575' title='bbox 2011 1362 2204 1458; x_wconf 67' lang='lat' dir='ltr'><strong>eadm?</strong></span> <span class='ocrx_word' id='word_1_576' title='bbox 2232 1364 2353 1433; x_wconf 83' lang='lat' dir='ltr'><strong>Ipso</strong></span> <span class='ocrx_word' id='word_1_577' title='bbox 2376 1410 2390 1433; x_wconf 89' lang='lat'><strong>,</strong></span> <span class='ocrx_word' id='word_1_578' title='bbox 2424 1369 2594 1441; x_wconf 91' lang='lat' dir='ltr'><strong>inquit</strong></span> <span class='ocrx_word' id='word_1_579' title='bbox 2617 1416 2632 1442; x_wconf 90' lang='lat'><strong>,</strong></span> <span class='ocrx_word' id='word_1_580' title='bbox 2663 1392 2857 1431; x_wconf 88' lang='lat' dir='ltr'><strong>summo</strong></span> <span class='ocrx_word' id='word_1_581' title='bbox 2885 1385 3119 1451; x_wconf 79' lang='lat' dir='ltr'><strong>angulari</strong></span> <span class='ocrx_word' id='word_1_582' title='bbox 3155 1387 3324 1458; x_wconf 81' lang='lat' dir='ltr'><strong>lapide</strong></span> <span class='ocrx_word' id='word_1_583' title='bbox 3347 1362 3584 1453; x_wconf 72' lang='lat' dir='ltr'><strong>existente</strong></span> 
     </span>
    </p>
   </div>
   <div class='ocr_carea' id='block_1_74' title="bbox 2011 1450 2977 1540">
    <p class='ocr_par' dir='ltr' id='par_1_74' title="bbox 2011 1450 2977 1540">
     <span class='ocr_line' id='line_1_74' title="bbox 2011 1450 2977 1540; baseline 0.021 -34"><span class='ocrx_word' id='word_1_584' title='bbox 2011 1450 2208 1508; x_wconf 74' lang='lat' dir='ltr'><strong>Christo</strong></span> <span class='ocrx_word' id='word_1_585' title='bbox 2236 1455 2361 1511; x_wconf 83' lang='lat' dir='ltr'><strong>Jesu</strong></span> <span class='ocrx_word' id='word_1_586' title='bbox 2390 1460 2602 1533; x_wconf 77' lang='lat' dir='ltr'><strong>(Ep/tes.</strong></span> <span class='ocrx_word' id='word_1_587' title='bbox 2632 1482 2688 1533; x_wconf 89' lang='grc' dir='ltr'>ιι,</span> <span class='ocrx_word' id='word_1_588' title='bbox 2721 1467 2786 1522; x_wconf 75' lang='lat' dir='ltr'><strong>i9</strong></span> <span class='ocrx_word' id='word_1_589' title='bbox 2804 1480 2850 1523; x_wconf 88' lang='lat' dir='ltr'><strong>et</strong></span> <span class='ocrx_word' id='word_1_590' title='bbox 2864 1450 2977 1540; x_wconf 64' lang='lat'><strong>9.0).</strong></span> 
     </span>
    </p>
   </div>
   <div class='ocr_carea' id='block_1_75' title="bbox 2082 1545 3584 1645">
    <p class='ocr_par' dir='ltr' id='par_1_75' title="bbox 2082 1545 3584 1645">
     <span class='ocr_line' id='line_1_75' title="bbox 2082 1545 3584 1645; baseline 0.025 -49"><span class='ocrx_word' id='word_1_591' title='bbox 2082 1545 2135 1645; x_wconf 42' lang='grc' dir='ltr'><strong>ὃς</strong></span> <span class='ocrx_word' id='word_1_592' title='bbox 2179 1545 2325 1645; x_wconf 77' lang='lat' dir='ltr'><strong>Dicet</strong></span> <span class='ocrx_word' id='word_1_593' title='bbox 2376 1549 2602 1610; x_wconf 86' lang='lat' dir='ltr'><strong>fortasse</strong></span> <span class='ocrx_word' id='word_1_594' title='bbox 2656 1557 2864 1629; x_wconf 89' lang='lat' dir='ltr'><strong>aliquis,</strong></span> <span class='ocrx_word' id='word_1_595' title='bbox 2912 1562 2968 1618; x_wconf 92' lang='lat' dir='ltr'><strong>Si</strong></span> <span class='ocrx_word' id='word_1_596' title='bbox 3012 1570 3280 1638; x_wconf 88' lang='lat' dir='ltr'><strong>angularis</strong></span> <span class='ocrx_word' id='word_1_597' title='bbox 3325 1573 3458 1645; x_wconf 87' lang='lat' dir='ltr'><strong>lapis</strong></span> <span class='ocrx_word' id='word_1_598' title='bbox 3500 1591 3584 1636; x_wconf 88' lang='lat' dir='ltr'><strong>est</strong></span> 
     </span>
    </p>
   </div>
   <div class='ocr_carea' id='block_1_76' title="bbox 2007 1633 3583 1741">
    <p class='ocr_par' dir='ltr' id='par_1_76' title="bbox 2007 1633 3583 1741">
     <span class='ocr_line' id='line_1_76' title="bbox 2007 1633 3583 1741; baseline 0.023 -53"><span class='ocrx_word' id='word_1_599' title='bbox 2007 1633 2447 1741; x_wconf 48' lang='lat' dir='ltr'><strong>Christus-desum,</strong></span> <span class='ocrx_word' id='word_1_600' title='bbox 2482 1644 2543 1741; x_wconf 32' lang='lat' dir='ltr'><strong>in.</strong></span> <span class='ocrx_word' id='word_1_601' title='bbox 2574 1646 2662 1701; x_wconf 91' lang='lat' dir='ltr'><strong>illo</strong></span> <span class='ocrx_word' id='word_1_602' title='bbox 2690 1653 2901 1720; x_wconf 88' lang='lat' dir='ltr'><strong>quidem</strong></span> <span class='ocrx_word' id='word_1_603' title='bbox 2929 1654 3034 1710; x_wconf 91' lang='lat' dir='ltr'><strong>duo</strong></span> <span class='ocrx_word' id='word_1_604' title='bbox 3062 1633 3288 1728; x_wconf 64' lang='lat' dir='ltr'><strong>[nn-ictos</strong></span> <span class='ocrx_word' id='word_1_605' title='bbox 3312 1633 3583 1741; x_wconf 75' lang='lat' dir='ltr'><strong>compagi-</strong></span> 
     </span>
    </p>
   </div>
   <div class='ocr_carea' id='block_1_77' title="bbox 2009 1728 3599 1826">
    <p class='ocr_par' dir='ltr' id='par_1_77' title="bbox 2009 1728 3599 1826">
     <span class='ocr_line' id='line_1_77' title="bbox 2009 1728 3599 1826; baseline 0.025 -48"><span class='ocrx_word' id='word_1_606' title='bbox 2009 1735 2222 1780; x_wconf 89' lang='lat' dir='ltr'><strong>nantur.</strong></span> <span class='ocrx_word' id='word_1_607' title='bbox 2253 1728 2434 1800; x_wconf 88' lang='lat' dir='ltr'><strong>Neque</strong></span> <span class='ocrx_word' id='word_1_608' title='bbox 2461 1735 2601 1789; x_wconf 87' lang='lat' dir='ltr'><strong>enim</strong></span> <span class='ocrx_word' id='word_1_609' title='bbox 2628 1743 2876 1810; x_wconf 90' lang='lat' dir='ltr'><strong>angulum</strong></span> <span class='ocrx_word' id='word_1_610' title='bbox 2905 1745 3124 1816; x_wconf 89' lang='lat' dir='ltr'><strong>faciunt,</strong></span> <span class='ocrx_word' id='word_1_611' title='bbox 3150 1752 3254 1808; x_wconf 87' lang='lat' dir='ltr'><strong>nisi</strong></span> <span class='ocrx_word' id='word_1_612' title='bbox 3281 1755 3387 1812; x_wconf 90' lang='lat' dir='ltr'><strong>duo</strong></span> <span class='ocrx_word' id='word_1_613' title='bbox 3413 1728 3599 1826; x_wconf 54' lang='grc' dir='ltr'><strong>κιαι-ἴε·-</strong></span> 
     </span>
    </p>
   </div>
   <div class='ocr_carea' id='block_1_78' title="bbox 2008 1819 3581 1921">
    <p class='ocr_par' dir='ltr' id='par_1_78' title="bbox 2008 1819 3581 1921">
     <span class='ocr_line' id='line_1_78' title="bbox 2008 1819 3581 1921; baseline 0.027 -53"><span class='ocrx_word' id='word_1_614' title='bbox 2008 1825 2089 1871; x_wconf 83' lang='lat' dir='ltr'><strong>tes</strong></span> <span class='ocrx_word' id='word_1_615' title='bbox 2121 1819 2171 1921; x_wconf 79' lang='lat' dir='ltr'><strong>in</strong></span> <span class='ocrx_word' id='word_1_616' title='bbox 2203 1836 2364 1876; x_wconf 92' lang='lat' dir='ltr'><strong>unum</strong></span> <span class='ocrx_word' id='word_1_617' title='bbox 2395 1824 2462 1880; x_wconf 85' lang='lat' dir='ltr'><strong>de</strong></span> <span class='ocrx_word' id='word_1_618' title='bbox 2488 1826 2698 1886; x_wconf 89' lang='lat' dir='ltr'><strong>diverso</strong></span> <span class='ocrx_word' id='word_1_619' title='bbox 2735 1837 3008 1894; x_wconf 87' lang='lat' dir='ltr'><strong>venientes</strong></span> <span class='ocrx_word' id='word_1_620' title='bbox 3034 1843 3158 1899; x_wconf 82' lang='lat' dir='ltr'><strong>:-sic</strong></span> <span class='ocrx_word' id='word_1_621' title='bbox 3187 1855 3241 1900; x_wconf 90' lang='lat' dir='ltr'><strong>et</strong></span> <span class='ocrx_word' id='word_1_622' title='bbox 3279 1819 3453 1920; x_wconf 75' lang='lat' dir='ltr'><strong>populi</strong></span> <span class='ocrx_word' id='word_1_623' title='bbox 3476 1853 3581 1909; x_wconf 92' lang='lat' dir='ltr'><strong>duo</strong></span> 
     </span>
    </p>
   </div>
   <div class='ocr_carea' id='block_1_79' title="bbox 2007 1916 3581 2006">
    <p class='ocr_par' dir='ltr' id='par_1_79' title="bbox 2007 1916 3581 2006">
     <span class='ocr_line' id='line_1_79' title="bbox 2007 1916 3581 2006; baseline 0.025 -44"><span class='ocrx_word' id='word_1_624' title='bbox 2007 1924 2072 1962; x_wconf 84' lang='lat' dir='ltr'><strong>ex</strong></span> <span class='ocrx_word' id='word_1_625' title='bbox 2103 1916 2506 1974; x_wconf 84' lang='lat' dir='ltr'><strong>circumcisione</strong></span> <span class='ocrx_word' id='word_1_626' title='bbox 2533 1929 2589 1976; x_wconf 89' lang='lat' dir='ltr'><strong>et</strong></span> <span class='ocrx_word' id='word_1_627' title='bbox 2618 1939 2685 1978; x_wconf 81' lang='lat' dir='ltr'><strong>ex</strong></span> <span class='ocrx_word' id='word_1_628' title='bbox 2717 1932 2992 2000; x_wconf 78' lang='lat' dir='ltr'><strong>praeputio,</strong></span> <span class='ocrx_word' id='word_1_629' title='bbox 3017 1933 3084 1989; x_wconf 89' lang='lat' dir='ltr'><strong>ad</strong></span> <span class='ocrx_word' id='word_1_630' title='bbox 3132 1916 3320 2006; x_wconf 82' lang='lat' dir='ltr'><strong>pacem,</strong></span> <span class='ocrx_word' id='word_1_631' title='bbox 3339 1916 3581 2000; x_wconf 78' lang='lat' dir='ltr'><strong>christia-</strong></span> 
     </span>
    </p>
   </div>
   <div class='ocr_carea' id='block_1_80' title="bbox 2011 2007 3580 2100">
    <p class='ocr_par' dir='ltr' id='par_1_80' title="bbox 2011 2007 3580 2100">
     <span class='ocr_line' id='line_1_80' title="bbox 2011 2007 3580 2100; baseline 0.025 -48"><span class='ocrx_word' id='word_1_632' title='bbox 2011 2017 2134 2056; x_wconf 88' lang='lat' dir='ltr'><strong>nam</strong></span> <span class='ocrx_word' id='word_1_633' title='bbox 2177 2007 2387 2062; x_wconf 89' lang='lat' dir='ltr'><strong>sibimet</strong></span> <span class='ocrx_word' id='word_1_634' title='bbox 2414 2017 2637 2070; x_wconf 82' lang='lat' dir='ltr'><strong>connexi</strong></span> <span class='ocrx_word' id='word_1_635' title='bbox 2665 2016 2716 2071; x_wconf 92' lang='lat' dir='ltr'><strong>in</strong></span> <span class='ocrx_word' id='word_1_636' title='bbox 2745 2035 2846 2074; x_wconf 93' lang='lat' dir='ltr'><strong>una</strong></span> <span class='ocrx_word' id='word_1_637' title='bbox 2875 2021 2998 2088; x_wconf 85' lang='lat' dir='ltr'><strong>ﬁde,</strong></span> <span class='ocrx_word' id='word_1_638' title='bbox 3029 2041 3132 2080; x_wconf 87' lang='lat' dir='ltr'><strong>una</strong></span> <span class='ocrx_word' id='word_1_639' title='bbox 3174 2043 3285 2100; x_wconf 90' lang='lat' dir='ltr'><strong>spe,</strong></span> <span class='ocrx_word' id='word_1_640' title='bbox 3318 2048 3417 2088; x_wconf 90' lang='lat' dir='ltr'><strong>una</strong></span> <span class='ocrx_word' id='word_1_641' title='bbox 3456 2036 3580 2092; x_wconf 86' lang='lat' dir='ltr'><strong>cha-</strong></span> 
     </span>
    </p>
   </div>
   <div class='ocr_carea' id='block_1_81' title="bbox 2007 2094 3577 2196">
    <p class='ocr_par' dir='ltr' id='par_1_81' title="bbox 2007 2094 3577 2196">
     <span class='ocr_line' id='line_1_81' title="bbox 2007 2094 3577 2196; baseline 0.023 -49"><span class='ocrx_word' id='word_1_642' title='bbox 2007 2094 2185 2196; x_wconf 77' lang='lat' dir='ltr'><strong>ritate.</strong></span> <span class='ocrx_word' id='word_1_643' title='bbox 2225 2099 2328 2154; x_wconf 88' lang='lat' dir='ltr'><strong>Sed</strong></span> <span class='ocrx_word' id='word_1_644' title='bbox 2365 2103 2407 2156; x_wconf 90' lang='lat' dir='ltr'><strong>si</strong></span> <span class='ocrx_word' id='word_1_645' title='bbox 2436 2107 2662 2176; x_wconf 84' lang='lat' dir='ltr'><strong>angulus</strong></span> <span class='ocrx_word' id='word_1_646' title='bbox 2699 2123 2938 2169; x_wconf 87' lang='lat' dir='ltr'><strong>summus</strong></span> <span class='ocrx_word' id='word_1_647' title='bbox 2957 2094 3400 2190; x_wconf 36' lang='lat' dir='ltr'><strong>Christus&#39;Jesus,</strong></span> <span class='ocrx_word' id='word_1_648' title='bbox 3431 2129 3577 2196; x_wconf 70' lang='lat' dir='ltr'><strong>quasi</strong></span> 
     </span>
    </p>
   </div>
   <div class='ocr_carea' id='block_1_82' title="bbox 2006 2185 3576 2289">
    <p class='ocr_par' dir='ltr' id='par_1_82' title="bbox 2006 2185 3576 2289">
     <span class='ocr_line' id='line_1_82' title="bbox 2006 2185 3576 2289; baseline 0.024 -51"><span class='ocrx_word' id='word_1_649' title='bbox 2006 2185 2254 2289; x_wconf 70' lang='lat' dir='ltr'><strong>videntur</strong></span> <span class='ocrx_word' id='word_1_650' title='bbox 2278 2193 2454 2260; x_wconf 85' lang='lat' dir='ltr'><strong>priora</strong></span> <span class='ocrx_word' id='word_1_651' title='bbox 2487 2195 2828 2257; x_wconf 87' lang='lat' dir='ltr'><strong>fundamenta</strong></span> <span class='ocrx_word' id='word_1_652' title='bbox 2867 2214 2922 2260; x_wconf 91' lang='lat' dir='ltr'><strong>et</strong></span> <span class='ocrx_word' id='word_1_653' title='bbox 2965 2212 3229 2278; x_wconf 88' lang='lat' dir='ltr'><strong>posterior</strong></span> <span class='ocrx_word' id='word_1_654' title='bbox 3253 2185 3576 2289; x_wconf 30' lang='lat' dir='ltr'><strong>lapisvangu-</strong></span> 
     </span>
    </p>
   </div>
   <div class='ocr_carea' id='block_1_83' title="bbox 2007 2277 3576 2375">
    <p class='ocr_par' dir='ltr' id='par_1_83' title="bbox 2007 2277 3576 2375">
     <span class='ocr_line' id='line_1_83' title="bbox 2007 2277 3576 2375; baseline 0.021 -44"><span class='ocrx_word' id='word_1_655' title='bbox 2007 2277 2155 2335; x_wconf 69' lang='lat' dir='ltr'><strong>laris.</strong></span> <span class='ocrx_word' id='word_1_656' title='bbox 2185 2281 2366 2375; x_wconf 57' lang='lat' dir='ltr'><strong>[:otest</strong></span> <span class='ocrx_word' id='word_1_657' title='bbox 2400 2301 2527 2357; x_wconf 90' lang='lat' dir='ltr'><strong>ergo</strong></span> <span class='ocrx_word' id='word_1_658' title='bbox 2555 2291 2744 2362; x_wconf 91' lang='lat' dir='ltr'><strong>aliquis</strong></span> <span class='ocrx_word' id='word_1_659' title='bbox 2783 2277 2972 2353; x_wconf 9' lang='lat' dir='ltr'><strong>dicere,</strong></span> <span class='ocrx_word' id='word_1_660' title='bbox 2985 2302 3107 2369; x_wconf 90' lang='lat' dir='ltr'><strong>quia</strong></span> <span class='ocrx_word' id='word_1_661' title='bbox 3150 2277 3319 2375; x_wconf 71' lang='lat' dir='ltr'><strong>magis</strong></span> <span class='ocrx_word' id='word_1_662' title='bbox 3339 2277 3576 2364; x_wconf 58' lang='lat' dir='ltr'><strong>Christus</strong></span> 
     </span>
    </p>
   </div>
   <div class='ocr_carea' id='block_1_84' title="bbox 2007 2371 3570 2470">
    <p class='ocr_par' dir='ltr' id='par_1_84' title="bbox 2007 2371 3570 2470">
     <span class='ocr_line' id='line_1_84' title="bbox 2007 2371 3570 2470; baseline 0.024 -50"><span class='ocrx_word' id='word_1_663' title='bbox 2007 2385 2168 2470; x_wconf 69' lang='lat' dir='ltr'><strong>super</strong></span> <span class='ocrx_word' id='word_1_664' title='bbox 2192 2371 2485 2443; x_wconf 85' lang='lat' dir='ltr'><strong>Prophetas</strong></span> <span class='ocrx_word' id='word_1_665' title='bbox 2505 2388 2559 2432; x_wconf 91' lang='lat' dir='ltr'><strong>et</strong></span> <span class='ocrx_word' id='word_1_666' title='bbox 2579 2381 2860 2450; x_wconf 85' lang='lat' dir='ltr'><strong>Apostolos</strong></span> <span class='ocrx_word' id='word_1_667' title='bbox 2888 2387 3165 2460; x_wconf 89' lang='lat' dir='ltr'><strong>incumbit,</strong></span> <span class='ocrx_word' id='word_1_668' title='bbox 3190 2371 3294 2450; x_wconf 77' lang='lat' dir='ltr'><strong>non</strong></span> <span class='ocrx_word' id='word_1_669' title='bbox 3319 2397 3395 2452; x_wconf 91' lang='lat' dir='ltr'><strong>illi</strong></span> <span class='ocrx_word' id='word_1_670' title='bbox 3420 2415 3570 2470; x_wconf 80' lang='lat' dir='ltr'><strong>super</strong></span> 
     </span>
    </p>
   </div>
   <div class='ocr_carea' id='block_1_85' title="bbox 2007 2462 3575 2558">
    <p class='ocr_par' dir='ltr' id='par_1_85' title="bbox 2007 2462 3575 2558">
     <span class='ocr_line' id='line_1_85' title="bbox 2007 2462 3575 2558; baseline 0.022 -44"><span class='ocrx_word' id='word_1_671' title='bbox 2007 2462 2178 2558; x_wconf 83' lang='lat' dir='ltr'><strong>illum,</strong></span> <span class='ocrx_word' id='word_1_672' title='bbox 2209 2467 2253 2520; x_wconf 91' lang='lat' dir='ltr'><strong>si</strong></span> <span class='ocrx_word' id='word_1_673' title='bbox 2284 2469 2356 2522; x_wconf 92' lang='lat' dir='ltr'><strong>illi</strong></span> <span class='ocrx_word' id='word_1_674' title='bbox 2385 2481 2511 2525; x_wconf 91' lang='lat' dir='ltr'><strong>sunt</strong></span> <span class='ocrx_word' id='word_1_675' title='bbox 2539 2472 2591 2527; x_wconf 91' lang='lat' dir='ltr'><strong>in</strong></span> <span class='ocrx_word' id='word_1_676' title='bbox 2624 2473 2985 2546; x_wconf 88' lang='lat' dir='ltr'><strong>fundamento,</strong></span> <span class='ocrx_word' id='word_1_677' title='bbox 3013 2483 3126 2553; x_wconf 91' lang='lat' dir='ltr'><strong>ipse</strong></span> <span class='ocrx_word' id='word_1_678' title='bbox 3151 2486 3202 2539; x_wconf 92' lang='lat' dir='ltr'><strong>in</strong></span> <span class='ocrx_word' id='word_1_679' title='bbox 3228 2489 3443 2558; x_wconf 79' lang='lat' dir='ltr'><strong>angulo.</strong></span> <span class='ocrx_word' id='word_1_680' title='bbox 3471 2462 3575 2548; x_wconf 80' lang='lat' dir='ltr'><strong>Sed</strong></span> 
     </span>
    </p>
   </div>
   <div class='ocr_carea' id='block_1_86' title="bbox 2006 2554 3574 2638">
    <p class='ocr_par' dir='ltr' id='par_1_86' title="bbox 2006 2554 3574 2638">
     <span class='ocr_line' id='line_1_86' title="bbox 2006 2554 3574 2638; baseline 0.02 -31"><span class='ocrx_word' id='word_1_681' title='bbox 2006 2554 2202 2624; x_wconf 77' lang='lat' dir='ltr'><strong>Cogitet</strong></span> <span class='ocrx_word' id='word_1_682' title='bbox 2223 2560 2311 2627; x_wconf 91' lang='lat' dir='ltr'><strong>qui</strong></span> <span class='ocrx_word' id='word_1_683' title='bbox 2342 2560 2444 2615; x_wconf 89' lang='lat' dir='ltr'><strong>hoc</strong></span> <span class='ocrx_word' id='word_1_684' title='bbox 2472 2561 2620 2631; x_wconf 89' lang='lat' dir='ltr'><strong>dicit,</strong></span> <span class='ocrx_word' id='word_1_685' title='bbox 2639 2570 2889 2638; x_wconf 86' lang='lat' dir='ltr'><strong>angulum</strong></span> <span class='ocrx_word' id='word_1_686' title='bbox 2913 2581 2968 2626; x_wconf 86' lang='lat' dir='ltr'><strong>et</strong></span> <span class='ocrx_word' id='word_1_687' title='bbox 2993 2573 3044 2628; x_wconf 93' lang='lat' dir='ltr'><strong>in</strong></span> <span class='ocrx_word' id='word_1_688' title='bbox 3070 2554 3415 2637; x_wconf 76' lang='lat' dir='ltr'><strong>fundamento</strong></span> <span class='ocrx_word' id='word_1_689' title='bbox 3438 2599 3574 2638; x_wconf 68' lang='lat' dir='ltr'><strong>esse.</strong></span> 
     </span>
    </p>
   </div>
   <div class='ocr_carea' id='block_1_87' title="bbox 2005 2647 3577 2741">
    <p class='ocr_par' dir='ltr' id='par_1_87' title="bbox 2005 2647 3577 2741">
     <span class='ocr_line' id='line_1_87' title="bbox 2005 2647 3577 2741; baseline 0.021 -40"><span class='ocrx_word' id='word_1_690' title='bbox 2005 2647 2186 2719; x_wconf 89' lang='lat' dir='ltr'><strong>Neque</strong></span> <span class='ocrx_word' id='word_1_691' title='bbox 2226 2653 2366 2707; x_wconf 90' lang='lat' dir='ltr'><strong>enim</strong></span> <span class='ocrx_word' id='word_1_692' title='bbox 2407 2654 2480 2710; x_wconf 90' lang='lat' dir='ltr'><strong>ibi</strong></span> <span class='ocrx_word' id='word_1_693' title='bbox 2519 2666 2603 2712; x_wconf 91' lang='lat' dir='ltr'><strong>est</strong></span> <span class='ocrx_word' id='word_1_694' title='bbox 2647 2667 2848 2741; x_wconf 76' lang='lat' dir='ltr'><strong>tantum</strong></span> <span class='ocrx_word' id='word_1_695' title='bbox 2890 2667 3112 2736; x_wconf 82' lang='lat' dir='ltr'><strong>angulus</strong></span> <span class='ocrx_word' id='word_1_696' title='bbox 3141 2669 3228 2726; x_wconf 88' lang='lat' dir='ltr'><strong>ubi</strong></span> <span class='ocrx_word' id='word_1_697' title='bbox 3268 2673 3492 2741; x_wconf 86' lang='lat' dir='ltr'><strong>videtur,</strong></span> <span class='ocrx_word' id='word_1_698' title='bbox 3517 2693 3577 2736; x_wconf 92' lang='lat' dir='ltr'><strong>ut</strong></span> 
     </span>
    </p>
   </div>
   <div class='ocr_carea' id='block_1_88' title="bbox 2007 2735 3571 2836">
    <p class='ocr_par' dir='ltr' id='par_1_88' title="bbox 2007 2735 3571 2836">
     <span class='ocr_line' id='line_1_88' title="bbox 2007 2735 3571 2836; baseline 0.018 -42"><span class='ocrx_word' id='word_1_699' title='bbox 2007 2752 2188 2812; x_wconf 85' lang='lat' dir='ltr'><strong>surgat</strong></span> <span class='ocrx_word' id='word_1_700' title='bbox 2215 2744 2265 2798; x_wconf 93' lang='lat' dir='ltr'><strong>in</strong></span> <span class='ocrx_word' id='word_1_701' title='bbox 2292 2746 2536 2816; x_wconf 87' lang='lat' dir='ltr'><strong>apicem:</strong></span> <span class='ocrx_word' id='word_1_702' title='bbox 2566 2765 2596 2804; x_wconf 92' lang='lat' dir='ltr'><strong>a</strong></span> <span class='ocrx_word' id='word_1_703' title='bbox 2641 2735 2982 2812; x_wconf 80' lang='lat' dir='ltr'><strong>fundamento</strong></span> <span class='ocrx_word' id='word_1_704' title='bbox 3024 2760 3164 2815; x_wconf 88' lang='lat' dir='ltr'><strong>enim</strong></span> <span class='ocrx_word' id='word_1_705' title='bbox 3210 2763 3410 2836; x_wconf 91' lang='lat' dir='ltr'><strong>incipit.</strong></span> <span class='ocrx_word' id='word_1_706' title='bbox 3447 2735 3571 2822; x_wconf 76' lang='lat' dir='ltr'><strong>Nan</strong></span> 
     </span>
    </p>
   </div>
   <div class='ocr_carea' id='block_1_89' title="bbox 2006 2837 3578 2930">
    <p class='ocr_par' dir='ltr' id='par_1_89' title="bbox 2006 2837 3578 2930">
     <span class='ocr_line' id='line_1_89' title="bbox 2006 2837 3578 2930; baseline 0.019 -44"><span class='ocrx_word' id='word_1_707' title='bbox 2006 2839 2067 2886; x_wconf 90' lang='lat' dir='ltr'><strong>ut</strong></span> <span class='ocrx_word' id='word_1_708' title='bbox 2110 2837 2360 2892; x_wconf 89' lang='lat' dir='ltr'><strong>noveritis</strong></span> <span class='ocrx_word' id='word_1_709' title='bbox 2389 2841 2512 2909; x_wconf 89' lang='lat' dir='ltr'><strong>quia</strong></span> <span class='ocrx_word' id='word_1_710' title='bbox 2557 2850 2613 2897; x_wconf 89' lang='lat' dir='ltr'><strong>et</strong></span> <span class='ocrx_word' id='word_1_711' title='bbox 2658 2844 3055 2907; x_wconf 83' lang='lat' dir='ltr'><strong>fundamentum</strong></span> <span class='ocrx_word' id='word_1_712' title='bbox 3088 2852 3332 2912; x_wconf 88' lang='lat' dir='ltr'><strong>Christus</strong></span> <span class='ocrx_word' id='word_1_713' title='bbox 3376 2868 3431 2914; x_wconf 90' lang='lat' dir='ltr'><strong>et</strong></span> <span class='ocrx_word' id='word_1_714' title='bbox 3472 2863 3578 2930; x_wconf 89' lang='lat' dir='ltr'><strong>pri-</strong></span> 
     </span>
    </p>
   </div>
   <div class='ocr_carea' id='block_1_90' title="bbox 2005 2929 3576 3019">
    <p class='ocr_par' dir='ltr' id='par_1_90' title="bbox 2005 2929 3576 3019">
     <span class='ocr_line' id='line_1_90' title="bbox 2005 2929 3576 3019; baseline 0.02 -44"><span class='ocrx_word' id='word_1_715' title='bbox 2005 2937 2149 2978; x_wconf 92' lang='lat' dir='ltr'><strong>mum</strong></span> <span class='ocrx_word' id='word_1_716' title='bbox 2171 2933 2224 2979; x_wconf 90' lang='lat' dir='ltr'><strong>et</strong></span> <span class='ocrx_word' id='word_1_717' title='bbox 2246 2929 2533 2984; x_wconf 76' lang='lat' dir='ltr'><strong>maximum</strong></span> <span class='ocrx_word' id='word_1_718' title='bbox 2564 2949 2580 2987; x_wconf 88' lang='lat'><strong>:</strong></span> <span class='ocrx_word' id='word_1_719' title='bbox 2609 2933 3038 3007; x_wconf 84' lang='lat' dir='ltr'><strong>Fundamentum,</strong></span> <span class='ocrx_word' id='word_1_720' title='bbox 3072 2945 3241 3014; x_wconf 92' lang='lat' dir='ltr'><strong>inquit</strong></span> <span class='ocrx_word' id='word_1_721' title='bbox 3271 2929 3576 3019; x_wconf 84' lang='lat' dir='ltr'><strong>Apostolus,</strong></span> 
     </span>
    </p>
   </div>
   <div class='ocr_carea' id='block_1_91' title="bbox 2004 3025 3579 3107">
    <p class='ocr_par' dir='ltr' id='par_1_91' title="bbox 2004 3025 3579 3107">
     <span class='ocr_line' id='line_1_91' title="bbox 2004 3025 3579 3107; baseline 0.019 -42"><span class='ocrx_word' id='word_1_722' title='bbox 2004 3028 2160 3107; x_wconf 72' lang='lat' dir='ltr'><strong>nemo</strong></span> <span class='ocrx_word' id='word_1_723' title='bbox 2192 3025 2349 3084; x_wconf 84' lang='lat' dir='ltr'><strong>potest</strong></span> <span class='ocrx_word' id='word_1_724' title='bbox 2377 3035 2560 3088; x_wconf 84' lang='lat' dir='ltr'><strong>ponere</strong></span> <span class='ocrx_word' id='word_1_725' title='bbox 2608 3033 2790 3092; x_wconf 66' lang='lat' dir='ltr'><strong>praeter</strong></span> <span class='ocrx_word' id='word_1_726' title='bbox 2815 3027 2870 3080; x_wconf 89' lang='lat' dir='ltr'><strong>id</strong></span> <span class='ocrx_word' id='word_1_727' title='bbox 2908 3031 3042 3098; x_wconf 88' lang='lat' dir='ltr'><strong>quod</strong></span> <span class='ocrx_word' id='word_1_728' title='bbox 3068 3035 3286 3100; x_wconf 84' lang='lat' dir='ltr'><strong>positum</strong></span> <span class='ocrx_word' id='word_1_729' title='bbox 3323 3048 3426 3106; x_wconf 70' lang='lat' dir='ltr'><strong>est,</strong></span> <span class='ocrx_word' id='word_1_730' title='bbox 3443 3041 3579 3107; x_wconf 83' lang='lat' dir='ltr'><strong>quod</strong></span> 
     </span>
    </p>
   </div>
   <div class='ocr_carea' id='block_1_92' title="bbox 2004 3104 3581 3199">
    <p class='ocr_par' dir='ltr' id='par_1_92' title="bbox 2004 3104 3581 3199">
     <span class='ocr_line' id='line_1_92' title="bbox 2004 3104 3581 3199; baseline 0.018 -41"><span class='ocrx_word' id='word_1_731' title='bbox 2004 3113 2076 3199; x_wconf 75' lang='lat' dir='ltr'><strong>est</strong></span> <span class='ocrx_word' id='word_1_732' title='bbox 2100 3104 2326 3199; x_wconf 78' lang='lat' dir='ltr'><strong>Christus</strong></span> <span class='ocrx_word' id='word_1_733' title='bbox 2347 3108 2498 3164; x_wconf 75' lang='lat' dir='ltr'><strong>Iesus</strong></span> <span class='ocrx_word' id='word_1_734' title='bbox 2524 3111 2544 3182; x_wconf 90' lang='lat'>(</span> <span class='ocrx_word' id='word_1_735' title='bbox 2558 3111 2574 3164; x_wconf 90' lang='grc' dir='ltr'><strong>Ι</strong></span> <span class='ocrx_word' id='word_1_736' title='bbox 2601 3112 2717 3168; x_wconf 85' lang='lat' dir='ltr'><strong>Cor.</strong></span> <span class='ocrx_word' id='word_1_737' title='bbox 2751 3131 2828 3183; x_wconf 85' lang='grc' dir='ltr'>ιιι,</span> <span class='ocrx_word' id='word_1_738' title='bbox 2863 3119 2974 3188; x_wconf 74' lang='lat' dir='ltr'><strong>ii).</strong></span> <span class='ocrx_word' id='word_1_739' title='bbox 2997 3120 3275 3188; x_wconf 86' lang='lat' dir='ltr'><strong>Quomodo</strong></span> <span class='ocrx_word' id='word_1_740' title='bbox 3301 3104 3435 3199; x_wconf 28' lang='lat' dir='ltr'><strong>ergo.</strong></span> <span class='ocrx_word' id='word_1_741' title='bbox 3457 3104 3581 3189; x_wconf 48' lang='lat' dir='ltr'><strong>fune</strong></span> 
     </span>
    </p>
   </div>
   <div class='ocr_carea' id='block_1_93' title="bbox 2004 3189 3576 3284">
    <p class='ocr_par' dir='ltr' id='par_1_93' title="bbox 2004 3189 3576 3284">
     <span class='ocr_line' id='line_1_93' title="bbox 2004 3189 3576 3284; baseline 0.017 -34"><span class='ocrx_word' id='word_1_742' title='bbox 2004 3189 2250 3253; x_wconf 82' lang='lat' dir='ltr'><strong>damenta</strong></span> <span class='ocrx_word' id='word_1_743' title='bbox 2298 3199 2577 3270; x_wconf 75' lang='lat' dir='ltr'><strong>Propheta:</strong></span> <span class='ocrx_word' id='word_1_744' title='bbox 2605 3213 2658 3260; x_wconf 91' lang='lat' dir='ltr'><strong>et</strong></span> <span class='ocrx_word' id='word_1_745' title='bbox 2703 3207 2961 3278; x_wconf 84' lang='lat' dir='ltr'><strong>Apostoli,</strong></span> <span class='ocrx_word' id='word_1_746' title='bbox 2995 3221 3050 3267; x_wconf 93' lang='lat' dir='ltr'><strong>et</strong></span> <span class='ocrx_word' id='word_1_747' title='bbox 3073 3218 3338 3284; x_wconf 89' lang='lat' dir='ltr'><strong>quomodo</strong></span> <span class='ocrx_word' id='word_1_748' title='bbox 3365 3189 3576 3277; x_wconf 49' lang='lat' dir='ltr'><strong>vfunda-</strong></span> 
     </span>
    </p>
   </div>
   <div class='ocr_carea' id='block_1_94' title="bbox 2003 3290 3578 3379">
    <p class='ocr_par' dir='ltr' id='par_1_94' title="bbox 2003 3290 3578 3379">
     <span class='ocr_line' id='line_1_94' title="bbox 2003 3290 3578 3379; baseline 0.017 -38"><span class='ocrx_word' id='word_1_749' title='bbox 2003 3297 2238 3342; x_wconf 90' lang='lat' dir='ltr'><strong>mentum</strong></span> <span class='ocrx_word' id='word_1_750' title='bbox 2259 3290 2504 3346; x_wconf 89' lang='lat' dir='ltr'><strong>Christus</strong></span> <span class='ocrx_word' id='word_1_751' title='bbox 2527 3293 2701 3361; x_wconf 85' lang='lat' dir='ltr'><strong>Jesus,</strong></span> <span class='ocrx_word' id='word_1_752' title='bbox 2729 3313 2837 3369; x_wconf 91' lang='lat' dir='ltr'><strong>quo</strong></span> <span class='ocrx_word' id='word_1_753' title='bbox 2871 3300 3097 3359; x_wconf 87' lang='lat' dir='ltr'><strong>ulterius</strong></span> <span class='ocrx_word' id='word_1_754' title='bbox 3126 3305 3256 3361; x_wconf 91' lang='lat' dir='ltr'><strong>nihil</strong></span> <span class='ocrx_word' id='word_1_755' title='bbox 3293 3311 3411 3365; x_wconf 88' lang='lat' dir='ltr'><strong>est?</strong></span> <span class='ocrx_word' id='word_1_756' title='bbox 3435 3311 3578 3379; x_wconf 89' lang='lat' dir='ltr'><strong>Quo-</strong></span> 
     </span>
    </p>
   </div>
   <div class='ocr_carea' id='block_1_95' title="bbox 2002 3376 3577 3468">
    <p class='ocr_par' dir='ltr' id='par_1_95' title="bbox 2002 3376 3577 3468">
     <span class='ocr_line' id='line_1_95' title="bbox 2002 3376 3577 3468; baseline 0.018 -38"><span class='ocrx_word' id='word_1_757' title='bbox 2002 3376 2163 3431; x_wconf 85' lang='lat' dir='ltr'><strong>modo</strong></span> <span class='ocrx_word' id='word_1_758' title='bbox 2214 3390 2483 3449; x_wconf 91' lang='lat' dir='ltr'><strong>putamus,</strong></span> <span class='ocrx_word' id='word_1_759' title='bbox 2515 3385 2617 3439; x_wconf 91' lang='lat' dir='ltr'><strong>nisi</strong></span> <span class='ocrx_word' id='word_1_760' title='bbox 2672 3391 3115 3458; x_wconf 86' lang='lat' dir='ltr'><strong>quemadmodum</strong></span> <span class='ocrx_word' id='word_1_761' title='bbox 3160 3409 3342 3468; x_wconf 88' lang='lat' dir='ltr'><strong>aperte</strong></span> <span class='ocrx_word' id='word_1_762' title='bbox 3383 3376 3577 3458; x_wconf 78' lang='lat' dir='ltr'><strong>dicitur</strong></span> 
     </span>
    </p>
   </div>
   <div class='ocr_carea' id='block_1_96' title="bbox 2001 3479 3574 3551">
    <p class='ocr_par' dir='ltr' id='par_1_96' title="bbox 2001 3479 3574 3551">
     <span class='ocr_line' id='line_1_96' title="bbox 2001 3479 3574 3551; baseline 0.02 -30"><span class='ocrx_word' id='word_1_763' title='bbox 2001 3479 2216 3524; x_wconf 89' lang='lat' dir='ltr'><strong>sanctus</strong></span> <span class='ocrx_word' id='word_1_764' title='bbox 2243 3483 2570 3540; x_wconf 88' lang='lat' dir='ltr'><strong>sanctorum,</strong></span> <span class='ocrx_word' id='word_1_765' title='bbox 2601 3480 2677 3532; x_wconf 92' lang='lat' dir='ltr'><strong>sic</strong></span> <span class='ocrx_word' id='word_1_766' title='bbox 2707 3480 2927 3551; x_wconf 84' lang='lat' dir='ltr'><strong>figurate</strong></span> <span class='ocrx_word' id='word_1_767' title='bbox 2956 3483 3352 3547; x_wconf 87' lang='lat' dir='ltr'><strong>fundamentum</strong></span> <span class='ocrx_word' id='word_1_768' title='bbox 3383 3494 3574 3550; x_wconf 87' lang='lat' dir='ltr'><strong>funda-</strong></span> 
     </span>
    </p>
   </div>
   <div class='ocr_carea' id='block_1_97' title="bbox 2000 3563 3576 3648">
    <p class='ocr_par' dir='ltr' id='par_1_97' title="bbox 2000 3563 3576 3648">
     <span class='ocr_line' id='line_1_97' title="bbox 2000 3563 3576 3648; baseline 0.021 -36"><span class='ocrx_word' id='word_1_769' title='bbox 2000 3564 2341 3616; x_wconf 88' lang='lat' dir='ltr'><strong>mentorum?</strong></span> <span class='ocrx_word' id='word_1_770' title='bbox 2367 3563 2420 3619; x_wconf 91' lang='lat' dir='ltr'><strong>Si</strong></span> <span class='ocrx_word' id='word_1_771' title='bbox 2450 3581 2578 3637; x_wconf 86' lang='lat' dir='ltr'><strong>ergo</strong></span> <span class='ocrx_word' id='word_1_772' title='bbox 2601 3583 2927 3630; x_wconf 88' lang='lat' dir='ltr'><strong>sacramenta</strong></span> <span class='ocrx_word' id='word_1_773' title='bbox 2954 3579 3174 3648; x_wconf 83' lang='lat' dir='ltr'><strong>cogites,</strong></span> <span class='ocrx_word' id='word_1_774' title='bbox 3191 3582 3435 3641; x_wconf 89' lang='lat' dir='ltr'><strong>Christus</strong></span> <span class='ocrx_word' id='word_1_775' title='bbox 3453 3603 3576 3645; x_wconf 85' lang='lat' dir='ltr'><strong>sau-</strong></span> 
     </span>
    </p>
   </div>
   <div class='ocr_carea' id='block_1_98' title="bbox 1999 3657 3574 3744">
    <p class='ocr_par' dir='ltr' id='par_1_98' title="bbox 1999 3657 3574 3744">
     <span class='ocr_line' id='line_1_98' title="bbox 1999 3657 3574 3744; baseline 0.023 -43"><span class='ocrx_word' id='word_1_776' title='bbox 1999 3658 2115 3704; x_wconf 88' lang='lat' dir='ltr'><strong>etus</strong></span> <span class='ocrx_word' id='word_1_777' title='bbox 2153 3664 2491 3708; x_wconf 89' lang='lat' dir='ltr'><strong>sanctorum:</strong></span> <span class='ocrx_word' id='word_1_778' title='bbox 2520 3657 2564 3711; x_wconf 92' lang='lat' dir='ltr'><strong>si</strong></span> <span class='ocrx_word' id='word_1_779' title='bbox 2597 3659 2813 3728; x_wconf 82' lang='lat' dir='ltr'><strong>gregem</strong></span> <span class='ocrx_word' id='word_1_780' title='bbox 2854 3666 3122 3725; x_wconf 87' lang='lat' dir='ltr'><strong>subditum</strong></span> <span class='ocrx_word' id='word_1_781' title='bbox 3163 3675 3386 3744; x_wconf 86' lang='lat' dir='ltr'><strong>cogites,</strong></span> <span class='ocrx_word' id='word_1_782' title='bbox 3415 3678 3574 3736; x_wconf 81' lang='lat' dir='ltr'><strong>Chri-</strong></span> 
     </span>
    </p>
   </div>
   <div class='ocr_carea' id='block_1_99' title="bbox 1999 3747 3573 3832">
    <p class='ocr_par' dir='ltr' id='par_1_99' title="bbox 1999 3747 3573 3832">
     <span class='ocr_line' id='line_1_99' title="bbox 1999 3747 3573 3832; baseline 0.022 -41"><span class='ocrx_word' id='word_1_783' title='bbox 1999 3747 2120 3832; x_wconf 81' lang='lat' dir='ltr'><strong>stus</strong></span> <span class='ocrx_word' id='word_1_784' title='bbox 2155 3753 2332 3809; x_wconf 91' lang='lat' dir='ltr'><strong>pastor</strong></span> <span class='ocrx_word' id='word_1_785' title='bbox 2369 3755 2639 3814; x_wconf 85' lang='lat' dir='ltr'><strong>pastorum</strong></span> <span class='ocrx_word' id='word_1_786' title='bbox 2666 3767 2680 3803; x_wconf 91' lang='lat'><strong>:</strong></span> <span class='ocrx_word' id='word_1_787' title='bbox 2712 3753 2756 3806; x_wconf 92' lang='lat' dir='ltr'><strong>si</strong></span> <span class='ocrx_word' id='word_1_788' title='bbox 2804 3753 3054 3812; x_wconf 79' lang='lat' dir='ltr'><strong>fabricam</strong></span> <span class='ocrx_word' id='word_1_789' title='bbox 3085 3763 3303 3832; x_wconf 87' lang='lat' dir='ltr'><strong>cogites,</strong></span> <span class='ocrx_word' id='word_1_790' title='bbox 3329 3767 3573 3826; x_wconf 90' lang='lat' dir='ltr'><strong>Christus</strong></span> 
     </span>
    </p>
   </div>
   <div class='ocr_carea' id='block_1_100' title="bbox 1999 3828 3629 3918">
    <p class='ocr_par' dir='ltr' id='par_1_100' title="bbox 1999 3828 3629 3918">
     <span class='ocr_line' id='line_1_100' title="bbox 1999 3828 3629 3918; baseline 0.023 -37"><span class='ocrx_word' id='word_1_791' title='bbox 1999 3828 2397 3888; x_wconf 90' lang='lat' dir='ltr'><strong>fundamentum</strong></span> <span class='ocrx_word' id='word_1_792' title='bbox 2425 3837 2907 3898; x_wconf 87' lang='lat' dir='ltr'><strong>fundamentorum.</strong></span> <span class='ocrx_word' id='word_1_793' title='bbox 2941 3846 2996 3901; x_wconf 89' lang='lat' dir='ltr'><strong>ln</strong></span> <span class='ocrx_word' id='word_1_794' title='bbox 3034 3828 3427 3912; x_wconf 34' lang='lat' dir='ltr'><strong>:ediliciis&#39;istis</strong></span> <span class='ocrx_word' id='word_1_795' title='bbox 3464 3877 3570 3918; x_wconf 91' lang='lat' dir='ltr'><strong>non</strong></span> <span class='ocrx_word' id='word_1_796' title='bbox 3619 3831 3629 3844; x_wconf 43' lang='lat'><strong>.</strong></span> 
     </span>
    </p>
   </div>
   <div class='ocr_carea' id='block_1_101' title="bbox 2001 3928 3574 4009">
    <p class='ocr_par' dir='ltr' id='par_1_101' title="bbox 2001 3928 3574 4009">
     <span class='ocr_line' id='line_1_101' title="bbox 2001 3928 3574 4009; baseline 0.023 -37"><span class='ocrx_word' id='word_1_797' title='bbox 2001 3931 2173 3990; x_wconf 83' lang='lat' dir='ltr'><strong>potest</strong></span> <span class='ocrx_word' id='word_1_798' title='bbox 2196 3939 2314 3986; x_wconf 83' lang='lat' dir='ltr'><strong>esse</strong></span> <span class='ocrx_word' id='word_1_799' title='bbox 2341 3928 2480 3981; x_wconf 92' lang='lat' dir='ltr'><strong>idem</strong></span> <span class='ocrx_word' id='word_1_800' title='bbox 2509 3931 2644 3999; x_wconf 91' lang='lat' dir='ltr'><strong>lapis</strong></span> <span class='ocrx_word' id='word_1_801' title='bbox 2668 3933 2720 3988; x_wconf 90' lang='lat' dir='ltr'><strong>in</strong></span> <span class='ocrx_word' id='word_1_802' title='bbox 2749 3935 2857 3990; x_wconf 89' lang='lat' dir='ltr'><strong>imo</strong></span> <span class='ocrx_word' id='word_1_803' title='bbox 2881 3948 2935 3991; x_wconf 91' lang='lat' dir='ltr'><strong>et</strong></span> <span class='ocrx_word' id='word_1_804' title='bbox 2960 3939 3011 3994; x_wconf 90' lang='lat' dir='ltr'><strong>in</strong></span> <span class='ocrx_word' id='word_1_805' title='bbox 3041 3956 3252 3999; x_wconf 87' lang='lat' dir='ltr'><strong>suntme</strong></span> <span class='ocrx_word' id='word_1_806' title='bbox 3283 3964 3295 4002; x_wconf 91' lang='lat'><strong>:</strong></span> <span class='ocrx_word' id='word_1_807' title='bbox 3327 3949 3371 4002; x_wconf 90' lang='lat' dir='ltr'><strong>si</strong></span> <span class='ocrx_word' id='word_1_808' title='bbox 3415 3951 3574 4009; x_wconf 91' lang='lat' dir='ltr'><strong>fuerit</strong></span> 
     </span>
    </p>
   </div>
   <div class='ocr_carea' id='block_1_102' title="bbox 1999 4013 3568 4108">
    <p class='ocr_par' dir='ltr' id='par_1_102' title="bbox 1999 4013 3568 4108">
     <span class='ocr_line' id='line_1_102' title="bbox 1999 4013 3568 4108; baseline 0.021 -42"><span class='ocrx_word' id='word_1_809' title='bbox 1999 4013 2048 4066; x_wconf 92' lang='lat' dir='ltr'><strong>iu</strong></span> <span class='ocrx_word' id='word_1_810' title='bbox 2079 4015 2206 4079; x_wconf 88' lang='lat' dir='ltr'><strong>imo,</strong></span> <span class='ocrx_word' id='word_1_811' title='bbox 2235 4016 2286 4070; x_wconf 91' lang='lat' dir='ltr'><strong>in</strong></span> <span class='ocrx_word' id='word_1_812' title='bbox 2329 4033 2536 4073; x_wconf 91' lang='lat' dir='ltr'><strong>summo</strong></span> <span class='ocrx_word' id='word_1_813' title='bbox 2566 4038 2670 4077; x_wconf 93' lang='lat' dir='ltr'><strong>non</strong></span> <span class='ocrx_word' id='word_1_814' title='bbox 2710 4026 2844 4090; x_wconf 85' lang='lat' dir='ltr'><strong>erit;</strong></span> <span class='ocrx_word' id='word_1_815' title='bbox 2891 4029 2936 4084; x_wconf 83' lang='lat' dir='ltr'><strong>si</strong></span> <span class='ocrx_word' id='word_1_816' title='bbox 2977 4031 3030 4084; x_wconf 83' lang='lat' dir='ltr'><strong>in</strong></span> <span class='ocrx_word' id='word_1_817' title='bbox 3061 4048 3268 4090; x_wconf 91' lang='lat' dir='ltr'><strong>summo</strong></span> <span class='ocrx_word' id='word_1_818' title='bbox 3311 4040 3486 4108; x_wconf 87' lang='lat' dir='ltr'><strong>fuerit,</strong></span> <span class='ocrx_word' id='word_1_819' title='bbox 3517 4045 3568 4100; x_wconf 92' lang='lat' dir='ltr'><strong>in</strong></span> 
     </span>
    </p>
   </div>
   <div class='ocr_carea' id='block_1_103' title="bbox 1997 4106 3570 4202">
    <p class='ocr_par' dir='ltr' id='par_1_103' title="bbox 1997 4106 3570 4202">
     <span class='ocr_line' id='line_1_103' title="bbox 1997 4106 3570 4202; baseline 0.021 -44"><span class='ocrx_word' id='word_1_820' title='bbox 1997 4106 2103 4160; x_wconf 91' lang='lat' dir='ltr'><strong>imo</strong></span> <span class='ocrx_word' id='word_1_821' title='bbox 2134 4123 2238 4162; x_wconf 90' lang='lat' dir='ltr'><strong>non</strong></span> <span class='ocrx_word' id='word_1_822' title='bbox 2269 4111 2391 4164; x_wconf 91' lang='lat' dir='ltr'><strong>erit.</strong></span> <span class='ocrx_word' id='word_1_823' title='bbox 2439 4115 2723 4184; x_wconf 85' lang='lat' dir='ltr'><strong>Angustias</strong></span> <span class='ocrx_word' id='word_1_824' title='bbox 2765 4121 2904 4173; x_wconf 86' lang='lat' dir='ltr'><strong>enim</strong></span> <span class='ocrx_word' id='word_1_825' title='bbox 2950 4123 3123 4177; x_wconf 89' lang='lat' dir='ltr'><strong>omnia</strong></span> <span class='ocrx_word' id='word_1_826' title='bbox 3169 4144 3303 4196; x_wconf 88' lang='lat' dir='ltr'><strong>pene</strong></span> <span class='ocrx_word' id='word_1_827' title='bbox 3342 4106 3570 4202; x_wconf 85' lang='lat' dir='ltr'><strong>corpora</strong></span> 
     </span>
    </p>
   </div>
   <div class='ocr_carea' id='block_1_104' title="bbox 1999 4197 3566 4296">
    <p class='ocr_par' dir='ltr' id='par_1_104' title="bbox 1999 4197 3566 4296">
     <span class='ocr_line' id='line_1_104' title="bbox 1999 4197 3566 4296; baseline 0.02 -48"><span class='ocrx_word' id='word_1_828' title='bbox 1999 4197 2296 4266; x_wconf 88' lang='lat' dir='ltr'><strong>patiuntur;</strong></span> <span class='ocrx_word' id='word_1_829' title='bbox 2338 4217 2437 4257; x_wconf 89' lang='lat' dir='ltr'><strong>nec</strong></span> <span class='ocrx_word' id='word_1_830' title='bbox 2481 4205 2672 4276; x_wconf 83' lang='lat' dir='ltr'><strong>ubique</strong></span> <span class='ocrx_word' id='word_1_831' title='bbox 2721 4221 2838 4264; x_wconf 85' lang='lat' dir='ltr'><strong>esse</strong></span> <span class='ocrx_word' id='word_1_832' title='bbox 2884 4223 3129 4279; x_wconf 87' lang='lat' dir='ltr'><strong>possunt,</strong></span> <span class='ocrx_word' id='word_1_833' title='bbox 3180 4232 3280 4274; x_wconf 91' lang='lat' dir='ltr'><strong>nec</strong></span> <span class='ocrx_word' id='word_1_834' title='bbox 3320 4197 3566 4296; x_wconf 81' lang='lat' dir='ltr'><strong>semper:</strong></span> 
     </span>
    </p>
   </div>
   <div class='ocr_carea' id='block_1_105' title="bbox 1997 4289 3570 4386">
    <p class='ocr_par' dir='ltr' id='par_1_105' title="bbox 1997 4289 3570 4386">
     <span class='ocr_line' id='line_1_105' title="bbox 1997 4289 3570 4386; baseline 0.022 -45"><span class='ocrx_word' id='word_1_835' title='bbox 1997 4289 2249 4345; x_wconf 82' lang='lat' dir='ltr'><strong>Divinitas</strong></span> <span class='ocrx_word' id='word_1_836' title='bbox 2274 4304 2450 4348; x_wconf 88' lang='lat' dir='ltr'><strong>autem</strong></span> <span class='ocrx_word' id='word_1_837' title='bbox 2499 4312 2618 4367; x_wconf 65' lang='lat' dir='ltr'><strong>qua:</strong></span> <span class='ocrx_word' id='word_1_838' title='bbox 2643 4300 2832 4370; x_wconf 88' lang='lat' dir='ltr'><strong>ubique</strong></span> <span class='ocrx_word' id='word_1_839' title='bbox 2858 4313 3050 4372; x_wconf 62' lang='lat' dir='ltr'><strong>praesto</strong></span> <span class='ocrx_word' id='word_1_840' title='bbox 3087 4317 3187 4374; x_wconf 87' lang='lat' dir='ltr'><strong>est,</strong></span> <span class='ocrx_word' id='word_1_841' title='bbox 3226 4289 3458 4386; x_wconf 73' lang='lat' dir='ltr'><strong>undique</strong></span> <span class='ocrx_word' id='word_1_842' title='bbox 3501 4320 3570 4374; x_wconf 87' lang='lat' dir='ltr'><strong>ad</strong></span> 
     </span>
    </p>
   </div>
   <div class='ocr_carea' id='block_1_106' title="bbox 1996 4386 3572 4473">
    <p class='ocr_par' dir='ltr' id='par_1_106' title="bbox 1996 4386 3572 4473">
     <span class='ocr_line' id='line_1_106' title="bbox 1996 4386 3572 4473; baseline 0.022 -39"><span class='ocrx_word' id='word_1_843' title='bbox 1996 4397 2112 4435; x_wconf 89' lang='lat' dir='ltr'><strong>eam</strong></span> <span class='ocrx_word' id='word_1_844' title='bbox 2165 4393 2338 4450; x_wconf 89' lang='lat' dir='ltr'><strong>potest</strong></span> <span class='ocrx_word' id='word_1_845' title='bbox 2384 4386 2503 4441; x_wconf 89' lang='lat' dir='ltr'><strong>duci</strong></span> <span class='ocrx_word' id='word_1_846' title='bbox 2551 4390 2882 4459; x_wconf 88' lang='lat' dir='ltr'><strong>similitudo;</strong></span> <span class='ocrx_word' id='word_1_847' title='bbox 2926 4405 2981 4451; x_wconf 90' lang='lat' dir='ltr'><strong>et</strong></span> <span class='ocrx_word' id='word_1_848' title='bbox 3025 4407 3191 4458; x_wconf 90' lang='lat' dir='ltr'><strong>totum</strong></span> <span class='ocrx_word' id='word_1_849' title='bbox 3237 4414 3412 4473; x_wconf 85' lang='lat' dir='ltr'><strong>potest</strong></span> <span class='ocrx_word' id='word_1_850' title='bbox 3451 4425 3572 4468; x_wconf 89' lang='lat' dir='ltr'><strong>esse</strong></span> 
     </span>
    </p>
   </div>
   <div class='ocr_carea' id='block_1_107' title="bbox 1998 4472 3567 4570">
    <p class='ocr_par' dir='ltr' id='par_1_107' title="bbox 1998 4472 3567 4570">
     <span class='ocr_line' id='line_1_107' title="bbox 1998 4472 3567 4570; baseline 0.021 -45"><span class='ocrx_word' id='word_1_851' title='bbox 1998 4472 2049 4526; x_wconf 93' lang='lat' dir='ltr'><strong>in</strong></span> <span class='ocrx_word' id='word_1_852' title='bbox 2092 4474 2542 4544; x_wconf 88' lang='lat' dir='ltr'><strong>similitudinibus,</strong></span> <span class='ocrx_word' id='word_1_853' title='bbox 2574 4482 2694 4550; x_wconf 90' lang='lat' dir='ltr'><strong>quia</strong></span> <span class='ocrx_word' id='word_1_854' title='bbox 2736 4485 2863 4538; x_wconf 90' lang='lat' dir='ltr'><strong>nihil</strong></span> <span class='ocrx_word' id='word_1_855' title='bbox 2894 4485 3081 4544; x_wconf 90' lang='lat' dir='ltr'><strong>horum</strong></span> <span class='ocrx_word' id='word_1_856' title='bbox 3115 4501 3197 4548; x_wconf 89' lang='lat' dir='ltr'><strong>est</strong></span> <span class='ocrx_word' id='word_1_857' title='bbox 3235 4472 3288 4550; x_wconf 87' lang='lat' dir='ltr'><strong>in</strong></span> <span class='ocrx_word' id='word_1_858' title='bbox 3331 4503 3567 4570; x_wconf 83' lang='lat' dir='ltr'><strong>proprie-</strong></span> 
     </span>
    </p>
   </div>
   <div class='ocr_carea' id='block_1_108' title="bbox 1997 4567 3571 4658">
    <p class='ocr_par' dir='ltr' id='par_1_108' title="bbox 1997 4567 3571 4658">
     <span class='ocr_line' id='line_1_108' title="bbox 1997 4567 3571 4658; baseline 0.018 -38"><span class='ocrx_word' id='word_1_859' title='bbox 1997 4567 2211 4623; x_wconf 86' lang='lat' dir='ltr'><strong>tatibus.</strong></span> <span class='ocrx_word' id='word_1_860' title='bbox 2260 4568 2520 4641; x_wconf 85' lang='lat' dir='ltr'><strong>Numquid</strong></span> <span class='ocrx_word' id='word_1_861' title='bbox 2568 4575 2808 4631; x_wconf 87' lang='lat' dir='ltr'><strong>Christus</strong></span> <span class='ocrx_word' id='word_1_862' title='bbox 2857 4578 3018 4647; x_wconf 89' lang='lat' dir='ltr'><strong>janua</strong></span> <span class='ocrx_word' id='word_1_863' title='bbox 3071 4594 3186 4652; x_wconf 90' lang='lat' dir='ltr'><strong>est,</strong></span> <span class='ocrx_word' id='word_1_864' title='bbox 3228 4567 3571 4658; x_wconf 65' lang='lat' dir='ltr'><strong>quemadmoo</strong></span> 
     </span>
    </p>
   </div>
   <div class='ocr_carea' id='block_1_109' title="bbox 1995 4661 3572 4751">
    <p class='ocr_par' dir='ltr' id='par_1_109' title="bbox 1995 4661 3572 4751">
     <span class='ocr_line' id='line_1_109' title="bbox 1995 4661 3572 4751; baseline 0.018 -37"><span class='ocrx_word' id='word_1_865' title='bbox 1995 4661 2119 4716; x_wconf 88' lang='lat' dir='ltr'><strong>dum</strong></span> <span class='ocrx_word' id='word_1_866' title='bbox 2152 4663 2389 4718; x_wconf 86' lang='lat' dir='ltr'><strong>videmus</strong></span> <span class='ocrx_word' id='word_1_867' title='bbox 2412 4667 2602 4734; x_wconf 89' lang='lat' dir='ltr'><strong>januas</strong></span> <span class='ocrx_word' id='word_1_868' title='bbox 2633 4667 2796 4724; x_wconf 88' lang='lat' dir='ltr'><strong>factas</strong></span> <span class='ocrx_word' id='word_1_869' title='bbox 2834 4687 2864 4725; x_wconf 91' lang='lat' dir='ltr'><strong>a</strong></span> <span class='ocrx_word' id='word_1_870' title='bbox 2895 4671 3083 4728; x_wconf 82' lang='lat' dir='ltr'><strong>fabro?</strong></span> <span class='ocrx_word' id='word_1_871' title='bbox 3126 4678 3238 4733; x_wconf 90' lang='lat' dir='ltr'><strong>Non</strong></span> <span class='ocrx_word' id='word_1_872' title='bbox 3276 4685 3489 4751; x_wconf 87' lang='lat' dir='ltr'><strong>utique:</strong></span> <span class='ocrx_word' id='word_1_873' title='bbox 3518 4698 3572 4742; x_wconf 94' lang='lat' dir='ltr'><strong>et</strong></span> 
     </span>
    </p>
   </div>
   <div class='ocr_carea' id='block_1_110' title="bbox 1997 4754 3565 4841">
    <p class='ocr_par' dir='ltr' id='par_1_110' title="bbox 1997 4754 3565 4841">
     <span class='ocr_line' id='line_1_110' title="bbox 1997 4754 3565 4841; baseline 0.016 -34"><span class='ocrx_word' id='word_1_874' title='bbox 1997 4763 2170 4808; x_wconf 87' lang='lat' dir='ltr'><strong>tamen</strong></span> <span class='ocrx_word' id='word_1_875' title='bbox 2213 4756 2365 4819; x_wconf 78' lang='lat' dir='ltr'><strong>dixit,</strong></span> <span class='ocrx_word' id='word_1_876' title='bbox 2397 4754 2506 4827; x_wconf 84' lang='lat' dir='ltr'><strong>Ego</strong></span> <span class='ocrx_word' id='word_1_877' title='bbox 2549 4776 2660 4812; x_wconf 90' lang='lat' dir='ltr'><strong>sum</strong></span> <span class='ocrx_word' id='word_1_878' title='bbox 2689 4762 2874 4832; x_wconf 85' lang='lat' dir='ltr'><strong>janua.</strong></span> <span class='ocrx_word' id='word_1_879' title='bbox 2922 4766 3024 4820; x_wconf 84' lang='lat' dir='ltr'><strong>Aut</strong></span> <span class='ocrx_word' id='word_1_880' title='bbox 3069 4774 3322 4841; x_wconf 91' lang='lat' dir='ltr'><strong>numquid</strong></span> <span class='ocrx_word' id='word_1_881' title='bbox 3370 4776 3448 4831; x_wconf 87' lang='lat' dir='ltr'><strong>sie</strong></span> <span class='ocrx_word' id='word_1_882' title='bbox 3491 4789 3565 4832; x_wconf 90' lang='lat' dir='ltr'><strong>est</strong></span> 
     </span>
    </p>
   </div>
   <div class='ocr_carea' id='block_1_111' title="bbox 1997 4849 3568 4934">
    <p class='ocr_par' dir='ltr' id='par_1_111' title="bbox 1997 4849 3568 4934">
     <span class='ocr_line' id='line_1_111' title="bbox 1997 4849 3568 4934; baseline 0.016 -36"><span class='ocrx_word' id='word_1_883' title='bbox 1997 4855 2196 4914; x_wconf 90' lang='lat' dir='ltr'><strong>pastor,</strong></span> <span class='ocrx_word' id='word_1_884' title='bbox 2236 4849 2502 4917; x_wconf 89' lang='lat' dir='ltr'><strong>quomodo</strong></span> <span class='ocrx_word' id='word_1_885' title='bbox 2540 4851 2780 4906; x_wconf 89' lang='lat' dir='ltr'><strong>videmus</strong></span> <span class='ocrx_word' id='word_1_886' title='bbox 2817 4864 3054 4922; x_wconf 86' lang='lat' dir='ltr'><strong>pastores</strong></span> <span class='ocrx_word' id='word_1_887' title='bbox 3095 4860 3224 4918; x_wconf 91' lang='lat' dir='ltr'><strong>istos</strong></span> <span class='ocrx_word' id='word_1_888' title='bbox 3259 4867 3568 4934; x_wconf 71' lang='lat' dir='ltr'><strong>prmpositos</strong></span> 
     </span>
    </p>
   </div>
   <div class='ocr_carea' id='block_1_112' title="bbox 1999 4938 3568 5013">
    <p class='ocr_par' dir='ltr' id='par_1_112' title="bbox 1999 4938 3568 5013">
     <span class='ocr_line' id='line_1_112' title="bbox 1999 4938 3568 5013; baseline 0.013 -24"><span class='ocrx_word' id='word_1_889' title='bbox 1999 4938 2288 5004; x_wconf 86' lang='lat' dir='ltr'><strong>pecorum?</strong></span> <span class='ocrx_word' id='word_1_890' title='bbox 2313 4939 2378 4993; x_wconf 87' lang='lat' dir='ltr'><strong>Et</strong></span> <span class='ocrx_word' id='word_1_891' title='bbox 2414 4939 2567 5005; x_wconf 79' lang='lat' dir='ltr'><strong>dixit,</strong></span> <span class='ocrx_word' id='word_1_892' title='bbox 2597 4940 2708 5012; x_wconf 84' lang='lat' dir='ltr'><strong>Ego</strong></span> <span class='ocrx_word' id='word_1_893' title='bbox 2733 4960 2842 4996; x_wconf 80' lang='lat' dir='ltr'><strong>sum</strong></span> <span class='ocrx_word' id='word_1_894' title='bbox 2871 4957 3061 5013; x_wconf 72' lang='lat' dir='ltr'><strong>pastor.</strong></span> <span class='ocrx_word' id='word_1_895' title='bbox 3093 4950 3157 5004; x_wconf 82' lang='grc' dir='ltr'>Ει</span> <span class='ocrx_word' id='word_1_896' title='bbox 3182 4968 3286 5006; x_wconf 85' lang='grc' dir='ltr'>ιιιιο</span> <span class='ocrx_word' id='word_1_897' title='bbox 3309 4954 3428 5008; x_wconf 88' lang='lat' dir='ltr'><strong>loco</strong></span> <span class='ocrx_word' id='word_1_898' title='bbox 3452 4972 3568 5010; x_wconf 83' lang='lat' dir='ltr'><strong>am-</strong></span> 
     </span>
    </p>
   </div>
   <div class='ocr_carea' id='block_1_113' title="bbox 1997 5027 3567 5116">
    <p class='ocr_par' dir='ltr' id='par_1_113' title="bbox 1997 5027 3567 5116">
     <span class='ocr_line' id='line_1_113' title="bbox 1997 5027 3567 5116; baseline 0.015 -38"><span class='ocrx_word' id='word_1_899' title='bbox 1997 5027 2091 5080; x_wconf 87' lang='lat' dir='ltr'><strong>bas</strong></span> <span class='ocrx_word' id='word_1_900' title='bbox 2120 5044 2204 5083; x_wconf 90' lang='lat' dir='ltr'><strong>res</strong></span> <span class='ocrx_word' id='word_1_901' title='bbox 2231 5029 2383 5083; x_wconf 82' lang='lat' dir='ltr'><strong>dixit.</strong></span> <span class='ocrx_word' id='word_1_902' title='bbox 2418 5031 2471 5082; x_wconf 90' lang='lat' dir='ltr'><strong>lu</strong></span> <span class='ocrx_word' id='word_1_903' title='bbox 2504 5032 2791 5102; x_wconf 84' lang='lat' dir='ltr'><strong>Evangelio</strong></span> <span class='ocrx_word' id='word_1_904' title='bbox 2820 5035 2956 5090; x_wconf 85' lang='lat' dir='ltr'><strong>dixit</strong></span> <span class='ocrx_word' id='word_1_905' title='bbox 2997 5039 3115 5107; x_wconf 89' lang='lat' dir='ltr'><strong>quia</strong></span> <span class='ocrx_word' id='word_1_906' title='bbox 3148 5051 3325 5110; x_wconf 88' lang='lat' dir='ltr'><strong>pastor</strong></span> <span class='ocrx_word' id='word_1_907' title='bbox 3357 5060 3450 5113; x_wconf 89' lang='lat' dir='ltr'><strong>per</strong></span> <span class='ocrx_word' id='word_1_908' title='bbox 3483 5047 3567 5116; x_wconf 86' lang='lat' dir='ltr'><strong>ja-</strong></span> 
     </span>
    </p>
   </div>
   <div class='ocr_carea' id='block_1_114' title="bbox 1999 5121 3572 5202">
    <p class='ocr_par' dir='ltr' id='par_1_114' title="bbox 1999 5121 3572 5202">
     <span class='ocr_line' id='line_1_114' title="bbox 1999 5121 3572 5202; baseline 0.016 -30"><span class='ocrx_word' id='word_1_909' title='bbox 1999 5135 2155 5174; x_wconf 86' lang='lat' dir='ltr'><strong>nuam</strong></span> <span class='ocrx_word' id='word_1_910' title='bbox 2196 5121 2394 5175; x_wconf 88' lang='lat' dir='ltr'><strong>intrat:</strong></span> <span class='ocrx_word' id='word_1_911' title='bbox 2426 5133 2480 5177; x_wconf 91' lang='lat' dir='ltr'><strong>et</strong></span> <span class='ocrx_word' id='word_1_912' title='bbox 2514 5125 2580 5180; x_wconf 88' lang='lat' dir='ltr'><strong>ihi</strong></span> <span class='ocrx_word' id='word_1_913' title='bbox 2611 5125 2768 5188; x_wconf 81' lang='lat' dir='ltr'><strong>dixit,</strong></span> <span class='ocrx_word' id='word_1_914' title='bbox 2799 5126 2909 5198; x_wconf 76' lang='lat' dir='ltr'><strong>Ego</strong></span> <span class='ocrx_word' id='word_1_915' title='bbox 2937 5147 3048 5184; x_wconf 88' lang='lat' dir='ltr'><strong>sum</strong></span> <span class='ocrx_word' id='word_1_916' title='bbox 3087 5141 3258 5201; x_wconf 87' lang='lat' dir='ltr'><strong>pastor</strong></span> <span class='ocrx_word' id='word_1_917' title='bbox 3282 5133 3476 5202; x_wconf 83' lang='lat' dir='ltr'><strong>bonus;</strong></span> <span class='ocrx_word' id='word_1_918' title='bbox 3519 5151 3572 5197; x_wconf 89' lang='lat' dir='ltr'><strong>et</strong></span> 
     </span>
    </p>
   </div>
   <div class='ocr_carea' id='block_1_115' title="bbox 1999 5213 3606 5291">
    <p class='ocr_par' dir='ltr' id='par_1_115' title="bbox 1999 5213 3606 5291">
     <span class='ocr_line' id='line_1_115' title="bbox 1999 5213 3606 5291; baseline 0.014 -26"><span class='ocrx_word' id='word_1_919' title='bbox 1999 5213 2244 5280; x_wconf 81' lang='lat' dir='ltr'><strong>ibi-dixit,</strong></span> <span class='ocrx_word' id='word_1_920' title='bbox 2280 5214 2388 5286; x_wconf 88' lang='lat' dir='ltr'><strong>Ego</strong></span> <span class='ocrx_word' id='word_1_921' title='bbox 2413 5233 2524 5270; x_wconf 88' lang='lat' dir='ltr'><strong>sum</strong></span> <span class='ocrx_word' id='word_1_922' title='bbox 2542 5219 2706 5288; x_wconf 81' lang='lat' dir='ltr'><strong>janua</strong></span> <span class='ocrx_word' id='word_1_923' title='bbox 2736 5219 2916 5288; x_wconf 72' lang='lat' dir='ltr'><strong>(latin.</strong></span> <span class='ocrx_word' id='word_1_924' title='bbox 2950 5239 3008 5283; x_wconf 68' lang='grc' dir='ltr'><strong>χ.</strong></span> <span class='ocrx_word' id='word_1_925' title='bbox 3039 5225 3094 5283; x_wconf 89' lang='lat'><strong>9.</strong></span> <span class='ocrx_word' id='word_1_926' title='bbox 3127 5225 3240 5291; x_wconf 83' lang='grc' dir='ltr'><strong>Η).</strong></span> <span class='ocrx_word' id='word_1_927' title='bbox 3273 5227 3459 5284; x_wconf 82' lang='lat' dir='ltr'><strong>Pastor</strong></span> <span class='ocrx_word' id='word_1_928' title='bbox 3490 5235 3571 5286; x_wconf 89' lang='lat' dir='ltr'><strong>in-</strong></span> <span class='ocrx_word' id='word_1_929' title='bbox 3603 5235 3606 5238; x_wconf 74' lang='grc'><strong>’</strong></span> 
     </span>
    </p>
   </div>
   <div class='ocr_carea' id='block_1_116' title="bbox 2001 5309 3572 5392">
    <p class='ocr_par' dir='ltr' id='par_1_116' title="bbox 2001 5309 3572 5392">
     <span class='ocr_line' id='line_1_116' title="bbox 2001 5309 3572 5392; baseline 0.013 -35"><span class='ocrx_word' id='word_1_930' title='bbox 2001 5314 2098 5359; x_wconf 88' lang='lat' dir='ltr'><strong>trat</strong></span> <span class='ocrx_word' id='word_1_931' title='bbox 2144 5321 2237 5374; x_wconf 91' lang='lat' dir='ltr'><strong>per</strong></span> <span class='ocrx_word' id='word_1_932' title='bbox 2278 5309 2493 5377; x_wconf 87' lang='lat' dir='ltr'><strong>januam</strong></span> <span class='ocrx_word' id='word_1_933' title='bbox 2521 5327 2532 5361; x_wconf 89' lang='lat'><strong>:</strong></span> <span class='ocrx_word' id='word_1_934' title='bbox 2564 5312 2761 5380; x_wconf 84' lang='lat' dir='ltr'><strong>etquis</strong></span> <span class='ocrx_word' id='word_1_935' title='bbox 2801 5321 2882 5366; x_wconf 90' lang='lat' dir='ltr'><strong>est</strong></span> <span class='ocrx_word' id='word_1_936' title='bbox 2927 5322 3110 5382; x_wconf 90' lang='lat' dir='ltr'><strong>pastor</strong></span> <span class='ocrx_word' id='word_1_937' title='bbox 3133 5315 3219 5384; x_wconf 92' lang='lat' dir='ltr'><strong>qui</strong></span> <span class='ocrx_word' id='word_1_938' title='bbox 3269 5317 3430 5374; x_wconf 90' lang='lat' dir='ltr'><strong>intrat</strong></span> <span class='ocrx_word' id='word_1_939' title='bbox 3477 5338 3572 5392; x_wconf 90' lang='lat' dir='ltr'><strong>per</strong></span> 
     </span>
    </p>
   </div>
   <div class='ocr_carea' id='block_1_117' title="bbox 1995 5397 3570 5484">
    <p class='ocr_par' dir='ltr' id='par_1_117' title="bbox 1995 5397 3570 5484">
     <span class='ocr_line' id='line_1_117' title="bbox 1995 5397 3570 5484; baseline 0.013 -35"><span class='ocrx_word' id='word_1_940' title='bbox 1995 5398 2249 5466; x_wconf 87' lang='lat' dir='ltr'><strong>januam?</strong></span> <span class='ocrx_word' id='word_1_941' title='bbox 2295 5397 2406 5469; x_wconf 81' lang='lat' dir='ltr'><strong>Ego</strong></span> <span class='ocrx_word' id='word_1_942' title='bbox 2436 5417 2547 5454; x_wconf 89' lang='lat' dir='ltr'><strong>sum</strong></span> <span class='ocrx_word' id='word_1_943' title='bbox 2576 5413 2747 5470; x_wconf 84' lang='lat' dir='ltr'><strong>pastor</strong></span> <span class='ocrx_word' id='word_1_944' title='bbox 2772 5402 2948 5455; x_wconf 87' lang='lat' dir='ltr'><strong>bonus.</strong></span> <span class='ocrx_word' id='word_1_945' title='bbox 2983 5403 3050 5457; x_wconf 85' lang='lat' dir='ltr'><strong>Et</strong></span> <span class='ocrx_word' id='word_1_946' title='bbox 3077 5421 3195 5474; x_wconf 67' lang='lat' dir='ltr'><strong>qua:</strong></span> <span class='ocrx_word' id='word_1_947' title='bbox 3222 5416 3306 5463; x_wconf 87' lang='lat' dir='ltr'><strong>est</strong></span> <span class='ocrx_word' id='word_1_948' title='bbox 3341 5425 3466 5482; x_wconf 88' lang='lat' dir='ltr'><strong>ergo</strong></span> <span class='ocrx_word' id='word_1_949' title='bbox 3490 5417 3570 5484; x_wconf 80' lang='lat' dir='ltr'><strong>ja-</strong></span> 
     </span>
    </p>
   </div>
   <div class='ocr_carea' id='block_1_118' title="bbox 2000 5490 3568 5572">
    <p class='ocr_par' dir='ltr' id='par_1_118' title="bbox 2000 5490 3568 5572">
     <span class='ocr_line' id='line_1_118' title="bbox 2000 5490 3568 5572; baseline 0.013 -32"><span class='ocrx_word' id='word_1_950' title='bbox 2000 5503 2098 5542; x_wconf 88' lang='lat' dir='ltr'><strong>nua</strong></span> <span class='ocrx_word' id='word_1_951' title='bbox 2145 5504 2244 5556; x_wconf 89' lang='lat' dir='ltr'><strong>qua</strong></span> <span class='ocrx_word' id='word_1_952' title='bbox 2296 5490 2461 5544; x_wconf 90' lang='lat' dir='ltr'><strong>intras</strong></span> <span class='ocrx_word' id='word_1_953' title='bbox 2507 5504 2582 5554; x_wconf 91' lang='lat' dir='ltr'><strong>tu,</strong></span> <span class='ocrx_word' id='word_1_954' title='bbox 2633 5503 2813 5559; x_wconf 89' lang='lat' dir='ltr'><strong>pastor</strong></span> <span class='ocrx_word' id='word_1_955' title='bbox 2856 5492 3032 5548; x_wconf 86' lang='lat' dir='ltr'><strong>bone?</strong></span> <span class='ocrx_word' id='word_1_956' title='bbox 3077 5495 3190 5567; x_wconf 81' lang='lat' dir='ltr'><strong>Ego</strong></span> <span class='ocrx_word' id='word_1_957' title='bbox 3234 5517 3346 5553; x_wconf 87' lang='lat' dir='ltr'><strong>sum</strong></span> <span class='ocrx_word' id='word_1_958' title='bbox 3382 5504 3568 5572; x_wconf 84' lang='lat' dir='ltr'><strong>janua.</strong></span> 
     </span>
    </p>
   </div>
   <div class='ocr_carea' id='block_1_119' title="bbox 1998 5580 3566 5660">
    <p class='ocr_par' dir='ltr' id='par_1_119' title="bbox 1998 5580 3566 5660">
     <span class='ocr_line' id='line_1_119' title="bbox 1998 5580 3566 5660; baseline 0.01 -27"><span class='ocrx_word' id='word_1_959' title='bbox 1998 5580 2274 5648; x_wconf 85' lang='lat' dir='ltr'><strong>Quomodo</strong></span> <span class='ocrx_word' id='word_1_960' title='bbox 2299 5597 2426 5650; x_wconf 85' lang='lat' dir='ltr'><strong>ergo</strong></span> <span class='ocrx_word' id='word_1_961' title='bbox 2455 5591 2509 5635; x_wconf 88' lang='lat' dir='ltr'><strong>tu</strong></span> <span class='ocrx_word' id='word_1_962' title='bbox 2538 5585 2753 5638; x_wconf 83' lang='lat' dir='ltr'><strong>omnia?</strong></span> <span class='ocrx_word' id='word_1_963' title='bbox 2793 5585 3067 5652; x_wconf 88' lang='lat' dir='ltr'><strong>Quomodo</strong></span> <span class='ocrx_word' id='word_1_964' title='bbox 3098 5605 3195 5660; x_wconf 88' lang='lat' dir='ltr'><strong>per</strong></span> <span class='ocrx_word' id='word_1_965' title='bbox 3223 5608 3306 5648; x_wconf 90' lang='lat' dir='ltr'><strong>me</strong></span> <span class='ocrx_word' id='word_1_966' title='bbox 3337 5599 3509 5650; x_wconf 86' lang='lat' dir='ltr'><strong>omnia</strong></span> <span class='ocrx_word' id='word_1_967' title='bbox 3531 5600 3566 5655; x_wconf 77' lang='grc' dir='ltr'>ι.</span> 
     </span>
    </p>
   </div>
   <div class='ocr_carea' id='block_1_120' title="bbox 2071 5771 3569 5853">
    <p class='ocr_par' dir='ltr' id='par_1_120' title="bbox 2071 5771 3569 5853">
     <span class='ocr_line' id='line_1_120' title="bbox 2071 5771 3569 5853; baseline 0.005 -19"><span class='ocrx_word' id='word_1_968' title='bbox 2071 5783 2088 5814; x_wconf 79' lang='grc'><strong>⁸</strong></span> <span class='ocrx_word' id='word_1_969' title='bbox 2109 5783 2179 5835; x_wconf 84' lang='lat' dir='ltr'><strong>Sic</strong></span> <span class='ocrx_word' id='word_1_970' title='bbox 2197 5780 2428 5832; x_wconf 85' lang='lat' dir='ltr'><strong>meliores</strong></span> <span class='ocrx_word' id='word_1_971' title='bbox 2449 5787 2556 5831; x_wconf 72' lang='lat' dir='ltr'><strong>Mss.</strong></span> <span class='ocrx_word' id='word_1_972' title='bbox 2579 5790 2632 5830; x_wconf 82' lang='grc' dir='ltr'>Αι</span> <span class='ocrx_word' id='word_1_973' title='bbox 2657 5783 2787 5833; x_wconf 81' lang='lat' dir='ltr'><strong>Edd.:</strong></span> <span class='ocrx_word' id='word_1_974' title='bbox 2817 5771 3057 5845; x_wconf 73' lang='lat' dir='ltr'><strong>quomodo</strong></span> <span class='ocrx_word' id='word_1_975' title='bbox 3072 5800 3183 5852; x_wconf 74' lang='lat' dir='ltr'><strong>ergo</strong></span> <span class='ocrx_word' id='word_1_976' title='bbox 3203 5803 3289 5853; x_wconf 80' lang='lat' dir='ltr'><strong>per</strong></span> <span class='ocrx_word' id='word_1_977' title='bbox 3315 5799 3357 5840; x_wconf 68' lang='lat' dir='ltr'><strong>te</strong></span> <span class='ocrx_word' id='word_1_978' title='bbox 3377 5789 3569 5841; x_wconf 65' lang='lat' dir='ltr'><strong>omnia!</strong></span> 
     </span>
    </p>
   </div>
  </div>
