4024 6210
389 285 522 339 1105

389 393 544 447 Verbi
573 389 760 462 gratia,
789 403 909 444 cum
958 386 1150 442 Paulus
1193 384 1353 438 intrat
1395 397 1486 451 per
1510 381 1746 452 januam.
1776 396 1950 435 nonne

384 485 625 538 Christus
651 482 811 535 intrat
841 495 935 550 per
957 475 1208 548 januam?
1234 473 1447 540 Quare?
1483 473 1594 527 Non
1618 476 1736 543 quia
1762 473 1952 526 Paulus

382 574 656 639 Christus;
690 571 784 628 sed
827 569 948 640 quia
986 569 1036 622 in
1086 566 1251 622 Paulo
1277 565 1533 630 Christus,
1561 576 1614 618 et
1656 579 1752 635 per
1792 563 1950 618 Chri-

381 675 520 719 stum
547 663 762 718 Paulus.
795 661 912 731 Ipse
940 657 1073 712 dixit
1101 677 1114 712 :
1143 656 1222 711 An
1251 657 1639 728 experimentum
1668 657 1775 724 eius
1803 655 1952 710 vultis

381 756 624 823 accipere,
653 753 739 822 qui
777 751 830 804 in
857 766 937 803 me
965 749 1183 818 loquitur
1208 747 1433 803 Christus
1463 746 1535 818 (ll
1563 745 1680 801 Cor.
1714 762 1826 812 aut,
1857 745 1951 815 5)?

378 846 512 900 Cum
552 843 718 897 sancti
755 841 870 911 ejus
899 849 953 895 et
978 839 1161 895 fideles
1197 839 1313 907 ejus
1342 838 1540 892 intrant
1581 851 1678 906 per
1712 835 1948 904 januam,

383 952 555 992 nonne
575 934 820 991 Christus
849 933 1009 988 intrat
1047 946 1140 1001 per
1161 929 1418 1001 januam?
1443 927 1720 996 Quomodo
1760 927 1951 997 proba-

380 1031 535 1086 mus?
562 1029 692 1098 Quia
722 1028 866 1098 ipsos
894 1035 1106 1081 sanctos
1151 1023 1265 1094 ejus
1291 1021 1706 1094 persequebatur
1740 1020 1948 1084 Saulus,

379 1121 612 1177 nondum
644 1120 858 1185 Paulus,
888 1115 1097 1188 quando
1125 1115 1173 1170 ei
1201 1105 1445 1169 clamavit
1480 1112 1548 1167 de
1569 1112 1742 1168 ccelo:
1771 1109 1948 1176 Saule,

378 1215 558 1278 Saule,
573 1213 693 1284 quid
712 1229 788 1266 me
808 1210 1112 1283 persequeris
1130 1208 1263 1280 (Act.
1281 1223 1354 1270 ιχ,
1369 1205 1457 1279 4)⁶ἒ
1479 1205 1617 1275 Ergo
1637 1203 1948 1258 fundamen-

379 1319 487 1361 tum
505 1315 558 1361 et
572 1305 706 1373 lapis
722 1302 987 1374 angularis
1005 1302 1116 1370 ipse
1131 1309 1232 1364 est,
1248 1299 1314 1353 ab
1328 1299 1434 1353 imo
1446 1310 1699 1367 surgens;
1719 1294 1763 1350 si
1778 1307 1950 1350 tamen

378 1397 446 1452 ab
467 1398 593 1451 imo.
631 1396 837 1451 Etenim
863 1395 1011 1464 origo
1039 1391 1362 1447 fundamenti
1399 1389 1559 1458 hujus
1593 1387 1950 1443 summitatem

1603 271 1664 328 S.
1705 275 1744 326 A
1757 271 2063 328 UGUSTlNl
2106 271 2401 328 EPISCOPI

3486 275 3619 330 illl'o

2058 382 2216 435 decim
2247 383 2405 448 sedes,
2429 383 2714 452 judicantes
2745 383 3006 437 duodecim
3035 384 3190 438 tribus
3219 382 3382 440 Israel
3411 384 3622 458 (Matth.

2058 491 2167 540 Illi,
2197 475 2310 545 28).
2341 475 2396 530 Si
2443 476 2720 530 duodecim
2768 478 2914 532 sella:
2958 477 3028 532 ibi
3075 489 3230 544 sunt;
3276 494 3380 534 non
3420 490 3501 535 est
3536 482 3623 535 uhi

2056 566 2238 620 sedeat
2269 566 2456 620 tertius
2482 566 2720 622 decimus
2749 567 2945 624 Paulus
2980 570 3268 639 apostolus,
3299 579 3354 626 et
3380 587 3484 627 non
3524 573 3628 627 erit

2055 643 2319 726 quomodo
2361 657 2559 725 judicet
2586 677 2599 712 :
2631 667 2686 713 et
2728 659 2841 730 ipse
2865 675 2922 715 se
2959 659 3312 730 iudicaturum
3338 661 3487 730 dixit,
3518 679 3624 717 non

2057 746 2301 802 homines
2331 757 2555 812 tantum,
2587 748 2680 804 sed
2707 758 2762 804 et
2789 753 3028 822 angelos.
3059 752 3203 819 Quos
3239 754 3488 824 angelos,
3520 756 3624 810 nisi

2055 847 2324 908 apostatas
2347 839 2602 908 angelos?
2631 839 2872 907 Nescitis,
2891 842 3076 914 inquit,
3104 845 3224 915 quia
3249 845 3454 916 angelos
3471 847 3624 916 judi-

2055 928 2277 983 cabimus
2305 929 2356 1002 (Ι
2380 930 2496 985 Cor.
2522 947 2596 999 vr,
2619 932 2716 1002 3)?
2745 932 3110 1003 Responderet
3128 951 3254 1006 ergo
3279 936 3463 991 turba:
3489 937 3626 1006 Quid

2056 1032 2108 1078 te
2132 1023 2301 1091 jactas
2323 1025 2715 1093 judicaturum?
2747 1026 2846 1082 Ubi
2873 1027 3118 1083 sedebis?
3157 1028 3442 1086 Duodecim
3472 1031 3628 1086 sedes

2055 1112 2188 1169 dixit
2216 1115 2468 1170 Dominus
2498 1116 2776 1172 duodecim
2805 1118 3112 1188 Apostolis;
3160 1135 3300 1176 unus
3323 1121 3514 1176 cecidit
3538 1121 3630 1176 Ju-

2056 1205 2171 1273 das,
2200 1208 2251 1262 in
2279 1207 2454 1264 locum
2493 1209 2658 1280 ipsius
2685 1209 2932 1266 Matthias
2953 1212 3226 1268 ordinatus
3248 1222 3347 1278 est,
3379 1215 3629 1285 impletus

2056 1308 2139 1355 est
2182 1299 2538 1356 duodenarius
2586 1317 2842 1358 numerus
2891 1303 3096 1358 sedium
3141 1303 3280 1375 (Act.
3323 1305 3627 1376 “15-26):

2058 1392 2228 1462 primo
2253 1393 2427 1447 locum
2467 1392 2642 1448 inveni
2684 1393 2774 1448 ubi
2817 1394 3028 1458 sedeas,
3055 1403 3110 1450 et.
3135 1397 3211 1450 sic
3239 1403 3290 1450 te
3313 1396 3517 1453 minare
3535 1396 3629 1466 ju-

382 1498 528 1544 tenet
554 1505 567 1541 :
597 1495 651 1543 et
684 1483 1126 1557 quemadmodum
1155 1482 1553 1536 fundamentum
1577 1491 1848 1548 corporea:
1872 1476 1948 1530 fa.
1976 1483 2371 1559 édicaturum.
2403 1485 2690 1541 Duodecim
2725 1501 2854 1557 ergo
2879 1486 3034 1543 sedes
3055 1488 3182 1558 quid
3209 1489 3310 1545 sibi
3334 1491 3517 1558 velint,
3541 1492 3627 1546 vi-

383 1581 542 1635 bricze
564 1580 614 1634 in
637 1578 744 1633 imo
760 1585 874 1642 est;
902 1575 978 1630 sic
1002 1573 1399 1629 fundamentum
1426 1569 1715 1641 spiritualis
1739 1567 1952 1623 fabricae

380 1673 432 1725 in
457 1684 664 1725 summo
689 1677 789 1724 est.
818 1667 872 1722 Si
901 1664 967 1720 ad
994 1673 1187 1720 terram
1217 1662 1622 1728 :edilicaremur,
1651 1659 1706 1714 in
1732 1659 1839 1714 imo
1863 1672 1955 1714 no-

361 1763 460 1818 .bis
486 1760 789 1832 ponendum
820 1767 934 1813 erat
961 1755 1362 1810 fundamentum
1388 1770 1403 1808 :
1435 1749 1555 1822 quia
1601 1748 1834 1805 caelestis
1873 1747 1950 1802 fa-

383 1855 522 1909 brica
552 1862 652 1919 est,
669 1851 734 1905 ad
762 1849 929 1905 cmlos
958 1845 1232 1918 praicessit
1259 1844 1656 1900 fundamentum
1687 1850 1948 1896 nostrum.

381 1947 496 2015 ipse
524 1959 652 2015 ergo
679 1941 948 2013 angularis
975 1939 1131 2009 lapis,
1163 1945 1479 2006 montesque
1523 1933 1785 2005 Apostoli,
1815 1931 1950 1986 Pro-

381 2037 553 2108 pheta:
597 2034 794 2105 magni,
844 2041 1118 2104 portantes
1161 2028 1414 2086 fabricam
1462 2027 1706 2094 civitatis,
1753 2024 1954 2079 faciunt

379 2129 552 2182 vivum
583 2124 846 2197 quoddam
871 2122 1174 2178 adificium.
1212 2121 1322 2176 lloc
1348 2119 1630 2175 aedificium
1660 2117 1819 2172 modo
1843 2117 1952 2171 cla-

379 2227 487 2274 mat
509 2218 576 2274 de
600 2216 848 2272 cordibus
875 2214 1110 2270 vestris?
1153 2213 1256 2268 hoc
1303 2212 1410 2283 agit
1449 2210 1732 2266 artificiosa
1765 2224 1952 2264 manus

381 2314 472 2369 Dei
502 2314 662 2368 etiam
705 2325 803 2380 per
839 2309 1068 2378 linguam
1097 2316 1354 2372 nostram,
1383 2312 1442 2360 ut
1469 2303 1534 2359 ad
1577 2303 1718 2358 illius
1743 2296 1952 2356 :edilicii

379 2407 626 2462 fabricam
657 2399 1115 2474 conquadremini.
1154 2398 1269 2454 Non
1300 2398 1443 2454 enim
1481 2395 1674 2451 frustra
1702 2395 1858 2449 etiam
1885 2392 1952 2447 de

377 2498 530 2569 lignis
557 2495 826 2567 quadratis
857 2491 1115 2548 ardilicata
1143 2498 1224 2544 est
1248 2483 1388 2543 area'
1412 2487 1523 2542 Noe
1565 2485 1714 2558 (Gen.
1743 2493 1815 2549 vi,
1863 2484 1948 2546 14,

377 2607 477 2645 sec.
509 2588 710 2658 LXX),
738 2602 856 2657 quae
903 2582 1248 2638 nihilominus
1293 2580 1512 2650 figuram
1562 2580 1798 2648 gestabat
1851 2576 1951 2630 Ec-

375 2680 575 2736 clesia).
603 2676 740 2746 Quid
783 2684 866 2731 est
895 2674 1037 2730 enim
1063 2670 1352 2744 quadrari?
1393 2667 1663 2724 Attendite
1708 2667 1952 2722 similitu-

375 2773 553 2826 dinem
580 2767 822 2840 quadrati
852 2765 1039 2836 lapidis
1069 2781 1084 2818 :
1117 2762 1308 2818 similis
1335 2760 1494 2816 debet
1538 2775 1656 2816 esse
1703 2759 1951 2814 christia-

379 2877 498 2916 nus.
546 2861 604 2915 ln
631 2858 775 2914 omni
807 2855 1098 2912 tentatione
1142 2868 1236 2909 sua
1280 2851 1599 2908 cbristianus
1643 2867 1745 2904 non
1775 2849 1948 2910 cadit;

377 2953 476 3007 etsi
527 2949 835 3020 impellitur,
864 2956 918 3002 et
944 2945 1094 3016 quasi
1138 2942 1411 3009 vertitur‘,
1463 2957 1586 3020 non,
1615 2939 1757 2996 cadit
1786 2957 1798 2992 :
1831 2955 1949 2992 nam

376 3044 686 3114 quadratum
714 3039 942 3110 lapidem
969 3050 1302 3108 quacumque
1326 3032 1570 3096 verteris,
1604 3041 1725 3086 stat.
1749 3030 1952 3086 Cadere

381 3135 477 3188 visi
500 3143 621 3188 sunt
639 3131 918 3203 Martyres,
946 3143 1065 3184 cum
1088 3133 1526 3198 percuterentur;
1558 3122 1649 3178 sed
1675 3121 1799 3192 quid
1822 3122 1953 3175 dixit
2001 3183 2012 3193 _

377 3227 616 3298 quaedam
653 3240 754 3279 vos
783 3222 1020 3278 Cantici?
1062 3220 1187 3274 Cum
1221 3217 1452 3272 ceciderit
1484 3217 1649 3287 iustus
1687 3232 1787 3268 non
1827 3231 1951 3267 con-

378 3319 693 3382 turbabitur;
732 3315 972 3390 quoniam
1014 3312 1260 3366 Dominus
1298 3309 1564 3377 conﬁrmat
1612 3323 1816 3360 manum
1843 3308 1952 3376 ejus

379 3412 553 3481 (Psal.
579 3426 758 3476 xxxx-1,
785 3407 900 3478 24).
928 3406 1018 3462 Sic
1044 3419 1172 3474 ergo
1200 3401 1654 3472 conquadramini,
1677 3400 1741 3454 ad
1767 3414 1954 3453 omnes

381 3503 702 3560 tentationes
727 3501 927 3571 parati;
956 3495 1207 3568 quidquid
1236 3493 1523 3565 impulerit,
1545 3507 1650 3548 non
1679 3507 1775 3547 vos
1803 3507 1950 3547 ever-

382 3605 474 3650 tat.
507 3595 748 3650 Stantem
779 3601 830 3646 te
859 3589 1096 3645 inveniat
1141 3585 1316 3641 omnis
1343 3599 1517 3639 casus.
1552 3583 1783 3651 Erigeris
1827 3597 1954 3650 ergo

383 3701 438 3741 in
468 3685 605 3740 hanc
630 3681 884 3738 fabricam
926 3678 1115 3733 affectu
1145 3679 1252 3747 pio,
1275 3673 1531 3743 religione
1559 3673 1784 3736 sinCera,
1829 3670 1950 3736 fide,

339 3805 354 3822 -
381 3793 496 3847 spe,
522 3774 816 3838 charilate;
863 3779 921 3826 et
959 3769 1130 3840 ipsum
1176 3765 1426 3820 aedificari
1467 3763 1738 3818 ambulare
1765 3770 1863 3817 est.
1900 3760 1954 3814 ln

385 3869 495 3923 istis
521 3863 822 3921 civitatibus
849 3861 949 3916 alia
980 3868 1060 3914 est
1089 3857 1283 3912 fabrica
1313 3853 1678 3919 (EdiﬁClOI‘lllll,
1705 3853 1794 3906 alii
1835 3861 1957 3906 sunt

383 3960 526 4012 cives
551 3955 907 4011 inhabitantes
949 3952 1002 4005 in
1033 3949 1224 4003 fabrica
1250 3965 1263 4000 :
1293 3946 1379 4000 illa
1405 3945 1590 3999 civitas
1623 3944 1823 3998 civibus
1847 3943 1956 3997 suis

382 4050 693 4114 aedificatur,
729 4045 829 4115 ipsi
859 4053 982 4098 sunt
1011 4040 1214 4110 lapides
1244 4039 1332 4108 qui
1379 4049 1500 4092 sunt
1529 4042 1704 4099 cives;
1756 4035 1956 4104 lapides

384 4141 523 4196 enim
551 4136 658 4192 vivi
694 4144 838 4190 sunt.
883 4131 952 4187 Et
995 4148 1101 4196 vos,
1132 4131 1318 4199 inquit,
1352 4139 1589 4196 tanquam
1633 4127 1825 4195 lapides
1862 4127 1957 4178 vivi

386 4228 702 4299 a'diﬁcamini
746 4227 800 4278 in
850 4225 1056 4277 domum
1107 4220 1420 4289 spiritualem
1470 4217 1523 4286 (Ι
1573 4216 1714 4270 Petr.
1769 4232 1826 4280 ιι,
1875 4215 1952 4285 5).

386 4322 463 4374 Ad
516 4335 612 4374 nos
658 4319 858 4372 directa
910 4330 1008 4367 vox
1063 4321 1164 4365 est.
1221 4311 1359 4378 Ergo
1410 4323 1694 4378 sequamur
1736 4307 1802 4361 de
1858 4308 1954 4361 ista

383 4412 619 4464 civitate.

453 4500 508 4555 4.
550 4495 903 4551 Fundamenta
929 4495 1037 4564 ejus
1062 4493 1113 4544 in
1144 4491 1392 4544 montibus
1412 4492 1636 4543 sanctis:
1663 4490 1824 4560 diligit
1855 4488 1958 4542 Do-

384 4565 547 4647 minus
573 4597 742 4660 portas
766 4585 911 4638 Sion.
945 4583 1060 4638 Jam
1093 4581 1210 4635 idco
1254 4580 1569 4650 prmlocutus
1597 4596 1734 4643 sum,
1764 4595 1828 4634 ne
1859 4597 1953 4649 pu-

382 4683 505 4737 tctis
547 4679 653 4732 alia
687 4691 805 4732 esse
847 4674 1205 4736 fundamenta,
1249 4672 1379 4725 alias
1409 4678 1605 4741 portas.
1636 4669 1808 4737 Quare
1838 4682 1959 4724 sunt

382 4773 721 4826 lundamenta
777 4766 1014 4837 Apostoli
1047 4773 1101 4819 et
1143 4762 1458 4832 Prophetas?
1487 4759 1617 4826 Quia
1648 4775 1832 4814 eorum
1860 4776 1955 4814 au-

381 4866 598 4920 rtoritas
652 4868 824 4932 portat
877 4857 1235 4912 infirmitatem
1296 4865 1554 4908 nostram.
1613 4852 1788 4920 Quare
1835 4864 1958 4907 sunt

383 4956 591 5029 νητιωῖ
637 4952 772 5020 Quia
824 4965 916 5019 per
961 4950 1103 5018 ipsos
1152 4948 1409 5000 intramus
1446 4945 1512 4999 ad
1560 4959 1778 5015 regnum
1830 4945 1951 4998 Dei'

386 5049 673 5118 pra-diezint
696 5044 839 5100 enim
881 5041 1048 5094 nobis.
1093 5039 1304 5093 Etcum
1357 5053 1449 5107 per
1497 5038 1639 5107 ipsos
1676 5037 1954 5102 intramus,

387 5159 479 5211 per
503 5141 770 5196 Christum
804 5138 1057 5189 intramus
1087 5149 1099 5184 :
1132 5132 1244 5201 ipse
1273 5141 1354 5185 est
1389 5131 1529 5184 enim
1555 5130 1736 5199 janua.
1784 5131 1849 5184 Et
1873 5131 1957 5184 di-

383 5243 572 5288 cuntur
601 5229 877 5286 duodecim
927 5234 1090 5296 portae
1131 5222 1428 5278 Jerusalem
1465 5222 1644 5293 (Apoc.
1699 5239 1807 5286 xxi,
1845 5223 1956 5293 l2),

384 5335 438 5380 et
464 5341 566 5379 una
595 5335 746 5394 porta
780 5319 1042 5386 Christus,
1083 5327 1137 5373 et
1167 5314 1444 5370 duodecim
1492 5323 1658 5384 portae
1683 5313 1955 5378 Christus;

385 5417 507 5487 quia
535 5417 586 5468 iu
614 5414 894 5469 duodecim
928 5409 1096 5480 portis
1120 5405 1367 5484 Christus
1396 5422 1409 5459 :
1442 5413 1495 5460 et
1538 5405 1656 5459 ideo
1684 5405 1956 5460 duodena-

387 5510 498 5564 rius
541 5521 791 5560 numerus
838 5503 1228 5572 Apostolorum.
1261 5497 1660 5553 Saeramentum
1709 5513 1956 5568 magnum

387 5595 870 5667 hujusduodenarii
905 5594 1130 5646 muneri.
1155 5589 1420 5653 Sedebitis,
1451 5590 1636 5659 inquit,
1661 5605 1813 5659 super
1839 5589 1960 5643 duo-

457 5715 472 5745 ι
499 5715 580 5762 δίον
595 5715 700 5758 uss.
727 5705 976 5764 Edd.vero,
995 5711 1039 5754 et
1062 5705 1102 5752 si
1123 5717 1216 5766 qua
1240 5704 1459 5755 vertitur.

2055 1576 2301 1632 deamus.
2355 1577 2756 1634 Saeramentum
2799 1590 2882 1635 est
2927 1580 3200 1650 cujusdam
3235 1583 3626 1651 universitatis;

2055 1669 2178 1738 quia
2209 1684 2303 1738 per
2329 1678 2494 1724 totum
2517 1669 2703 1726 orbem
2733 1679 2992 1726 terrarum
3022 1672 3198 1728 futura
3227 1684 3342 1730 erat
3366 1675 3626 1742 Ecclesia,

2055 1758 2196 1813 unde
2237 1769 2455 1814 vocatur
2498 1759 2601 1815 hoc
2641 1759 2919 1816 aedilicium
2949 1762 3014 1816 ad
3049 1761 3244 1820 Christi
3272 1779 3623 1834 compagem:

2056 1858 2110 1903 et
2136 1848 2255 1904 ideo
2273 1851 2402 1923 quia
2434 1850 2666 1922 undique
2694 1851 2903 1907 venitur
2931 1851 3000 1908 ad
3025 1853 3388 1923 judicandum,
3424 1855 3629 1912 duode-

2057 1939 2160 1995 cim
2187 1939 2342 1995 sedes
2368 1949 2524 2004 sunt;
2571 1943 2708 1998 sicut
2731 1943 2853 2013 quia
2884 1943 3116 2015 undique
3152 1947 3377 2002 intratur
3404 1947 3455 2002 in
3483 1948 3626 2002 illam

2055 2029 2346 2097 civitatem,
2378 2031 2657 2088 duodecim
2687 2045 2852 2104 porta:
2885 2045 3026 2090 sunt.
3051 2035 3168 2090 Non
3195 2036 3365 2092 solum
3396 2052 3524 2108 ergo
3553 2039 3628 2094 illi

2055 2121 2332 2178 duodecim
2362 2133 2416 2178 et
2440 2125 2712 2194 apostolus
2742 2125 2954 2193 Paulus,
2987 2127 3082 2183 sed
3124 2135 3384 2199 quotquot
3418 2130 3628 2200 judica-

2057 2214 2165 2269 turi
2207 2223 2352 2278 sunt,
2400 2223 2614 2286 propter
2661 2216 3100 2286 significationem
3143 2219 3524 2288 universitatis,
3558 2223 3626 2278 ad

2057 2303 2211 2360 sedes
2239 2302 2514 2359 duodecim
2545 2305 2846 2374 pertinent;
2895 2307 3338 2377 quemadmodum
3367 2319 3628 2382 quotquot

2057 2395 2349 2464 intrabunt,
2369 2395 2434 2451 ad
2459 2396 2735 2451 duodecim
2761 2408 2943 2468 portas
2970 2401 3255 2468 pertinent.
3279 2401 3464 2458 Partes
3485 2403 3627 2456 enim

2057 2486 2236 2540 mundi
2268 2496 2493 2556 quatuor
2516 2496 2658 2554 sunt,
2686 2485 2895 2554 Oriens,
2923 2488 3203 2558 Occidens,
3231 2492 3422 2563 Aquilo
3449 2501 3504 2548 et
3526 2493 3630 2549 Me-

2057 2578 2240 2633 ridies.
2292 2580 2409 2633 Ista:
2446 2588 2672 2648 quatuor
2717 2587 2891 2649 partes
2932 2581 3144 2637 assidue
3190 2583 3530 2639 nominantur
3575 2585 3630 2639 in

2057 2669 2362 2737 Scripturis.
2412 2668 2494 2722 Ab
2540 2669 2787 2724 omnibus
2835 2671 2950 2726 istis
2997 2681 3222 2742 quatuor
3257 2674 3451 2739 ventis,
3493 2675 3631 2730 sicut

2055 2759 2182 2813 dicit
2211 2759 2467 2814 Dominus
2496 2759 2547 2812 in
2581 2760 2864 2830 Evangelio
2906 2776 2936 2815 a
2967 2770 3192 2832 quatuor
3219 2766 3390 2819 ventis
3429 2781 3488 2821 se
3511 2766 3627 2820 col-

2057 2850 2315 2904 lecturum
2361 2849 2561 2904 electos
2606 2865 2732 2905 suos
2781 2850 2969 2922 (Marc.
3021 2868 3135 2919 xm,
3165 2852 3298 2924 27);
3343 2854 3411 2909 ab
3452 2855 3628 2910 omni-

2057 2939 2156 2993 bus
2187 2953 2314 3010 ergo
2344 2939 2457 2994 istis
2482 2950 2708 3014 quatuor
2735 2941 2906 2996 ventis
2934 2951 3152 2998 vocatur
3181 2945 3435 3001 Ecclesia.
3481 2946 3628 3014 Quo-

2057 3029 2216 3084 modo
2241 3029 2502 3084 vocatur?
2556 3029 2798 3102 Undique
2843 3032 2897 3088 in
2923 3033 3180 3090 Trinitate
3222 3048 3479 3092 vocatur:
3524 3051 3628 3092 non

2056 3131 2273 3174 vocatur
2301 3120 2399 3174 nisi
2430 3121 2704 3190 Baptismo
2734 3123 2788 3176 in
2818 3123 3036 3180 nomine
3083 3126 3272 3192 Patris,
3303 3137 3358 3182 et
3408 3128 3547 3195 Filii,
3575 3139 3632 3183 et

2055 3212 2282 3280 Spiritus
2330 3212 2523 3268 sancti.
2568 3212 2804 3280 Quatuor
2843 3229 2972 3286 ergo
3015 3225 3095 3271 ter
3139 3217 3316 3282 ducta,
3348 3219 3629 3276 duodecim

2057 3303 2413 3357 inveniuntur.

2128 3394 2182 3449 5.
2224 3394 2436 3449 Pulsate
2464 3410 2593 3466 ergo
2621 3397 2813 3453 all'ectu
2859 3399 2926 3454 ad
2976 3399 3070 3455 has
3123 3411 3323 3470 portas,
3355 3413 3409 3459 et
3438 3403 3633 3460 clamet

2058 3485 2109 3536 in
2141 3485 2290 3540 vobis
2317 3484 2559 3541 Christus
2583 3505 2596 3539 :
2638 3486 2841 3559 Aperite
2868 3489 2991 3543 mihi
3017 3500 3187 3560 portas
3213 3493 3430 3562 justitia:
3457 3494 3629 3565 (Psal.

2057 3590 2218 3639 cxvu,
2251 3577 2361 3647 19).
2396 3577 2674 3632 Prazcessit
2709 3580 2851 3633 enim
2879 3581 2930 3634 in
2959 3581 3162 3650 capite;
3191 3584 3431 3653 sequitur
3457 3588 3544 3640 se'
3577 3587 3630 3640 in

2058 3683 2303 3746 corpore.
2338 3667 2525 3723 Videte
2569 3670 2694 3739 quid
2743 3670 2878 3724 dixit
2925 3672 3230 3741 Apostolus,
3262 3675 3382 3744 quia
3416 3677 3466 3730 in
3515 3678 3632 3746 ipso

2057 3743 2302 3814 Christus
2346 3761 2643 3830 patiebatur
2672 3780 2685 3815 :
2729 3761 2794 3816 Ut
2822 3763 3147 3834 adimpleam,
3182 3743 3368 3836 inquit,
3401 3783 3512 3838 qua:
3534 3743 3632 3824 de-

2057 3863 2175 3906 sunt
2204 3870 2548 3922 pressurarum
2578 3853 2764 3909 Christi
2795 3856 2845 3908 in
2875 3871 3025 3910 carne
3053 3875 3164 3912 mea
3202 3859 3416 3929 (Coloss.
3449 3860 3630 3931 1,24).

2063 3941 2130 3996 Ut
2156 3944 2459 4013 adimpleam
2484 3961 2501 3998 :
2527 3944 2706 4012 Quid?
2737 3945 2862 4011 Quae
2882 3948 3077 4001 desunt.
3104 3949 3201 4004 Cui
3231 3949 3454 4006 desunt?
3482 3951 3634 4009 Pres-

2061 4050 2294 4087 surarum
2317 4035 2520 4089 Christi.
2563 4035 2631 4090 Et
2658 4036 2743 4090 ubi
2771 4037 3001 4100 desunt?
3029 4037 3096 4094 In
3131 4058 3280 4096 conte
3309 4060 3438 4096 mea.
3469 4044 3633 4099 Num-

2059 4128 2185 4196 quid
2213 4128 2409 4197 aliquid
2441 4144 2808 4198 pressurarum
2838 4129 3021 4187 deerat
3047 4133 3097 4187 in
3125 4135 3214 4188 illo
3235 4134 3467 4201 homine,
3489 4139 3630 4206 quod

2061 4218 2251 4272 factum
2282 4229 2364 4273 est
2393 4219 2621 4274 Verbum
2651 4221 2764 4285 Dei,
2790 4233 2913 4276 nato
2937 4223 3003 4279 de
3028 4225 3188 4278 Maria
3233 4227 3470 4298 virgine?
3504 4229 3633 4285 Pas-

2061 4327 2150 4366 sus
2176 4312 2315 4366 enim
2347 4321 2428 4366 est
2453 4313 2702 4382 quidquid
2731 4315 2836 4383 pati
2859 4315 3097 4379 deberet,
3126 4315 3191 4372 ex
3220 4334 3313 4372 sua
3341 4321 3632 4392 voluntate,

2063 4420 2165 4458 non
2207 4421 2271 4460 ex
2319 4407 2518 4475 peccati
2567 4409 2916 4476 necessitate;
2954 4420 3008 4466 et
3033 4411 3237 4466 videtur
3264 4414 3385 4483 quia
3423 4416 3631 4471 omnia:

2064 4497 2116 4549 in
2157 4511 2313 4552 cruce
2359 4495 2501 4550 enim
2550 4499 2753 4566 positus
2793 4503 2998 4570 accepit
3037 4512 3245 4557 acetum
3289 4505 3549 4571 ultimum,
3579 4518 3636 4563 et

2061 4590 2154 4655 ait,
2183 4587 2472 4657 Perfectum
2514 4601 2620 4654 est;
2666 4601 2711 4643 et
2738 4591 2976 4646 inclinato
3015 4595 3174 4662 capite
3202 4596 3363 4649 emisit
3401 4598 3635 4666 spiritum

2063 4678 2242 4748 (Joau.
2289 4695 2398 4744 χιχ,
2447 4681 2559 4749 50).
2591 4680 2724 4746 Quid
2772 4690 2873 4749 est,
2917 4681 3204 4752 Perfectum
3248 4686 3363 4739 est?
3405 4687 3521 4742 Jam
3567 4689 3636 4744 de

2062 4785 2308 4824 mensura
2339 4772 2640 4840 passionum
2685 4771 2816 4826 nihil
2845 4773 2972 4827 mihi
3002 4773 3184 4840 deest;
3213 4779 3389 4832 omnia
3418 4795 3536 4848 qua:
3564 4781 3634 4835 de

2062 4877 2147 4916 me
2195 4861 2444 4930 praedicta
2492 4872 2639 4927 sunt,
2691 4865 2952 4935 completa
3002 4875 3126 4920 sunt
3166 4885 3178 4920 :
3223 4876 3468 4939 tanquam
3514 4872 3636 4926 idco

2065 4963 2395 5023 exspectaret
2423 4963 2480 5008 ut
2510 4956 2920 5024 complerentur.
2951 4956 3078 5024 Quis
3100 4968 3181 5013 est
3206 4961 3294 5030 qui
3321 4961 3399 5016 sic
3428 4961 3636 5031 proﬁci-

2061 5054 2256 5109 scatur,
2289 5044 2552 5114 quomodo
2580 5045 2668 5101 ille
2696 5046 2763 5101 de
2804 5061 3029 5117 corpore
3075 5064 3319 5118 egressus
3365 5053 3484 5106 est?
3527 5053 3634 5108 Sed

2061 5136 2179 5204 quis
2207 5145 2289 5190 est
2312 5137 2399 5204 qui
2432 5136 2531 5191 hoc
2558 5138 2762 5206 potuit?
2799 5138 2898 5206 Qui
2927 5141 3097 5208 primo
3135 5141 3377 5197 dixerat:
3417 5163 3436 5197 ‹
3474 5145 3634 5200 Pote-

2063 5234 2253 5280 statem
2291 5227 2458 5281 habeo
2489 5227 2713 5296 ponendi
2746 5230 2974 5283 animam
3017 5246 3212 5296 meam,
3241 5243 3292 5288 ct
3322 5244 3638 5304 potestatem

2064 5315 2234 5370 habeo
2276 5316 2463 5371 iterum
2495 5317 2736 5372 sumendi
2765 5334 2882 5374 eam
2909 5339 2922 5373 :
2954 5335 3111 5376 nemo
3141 5324 3275 5378 tollit
3313 5341 3429 5380 eam
3458 5342 3486 5379 a
3518 5343 3638 5388 me;

2067 5407 2159 5461 sed
2186 5421 2285 5477 ego
2315 5421 2453 5476 pono
2481 5422 2642 5462 cama
2675 5424 2780 5473 me,
2816 5421 2871 5464 et
2916 5412 3106 5467 iterum
3136 5430 3289 5469 sumo
3319 5431 3435 5469 eam
3471 5434 3489 5467 ι
3529 5417 3636 5483 (lit.

2067 5515 2120 5560 χ.
2155 5500 2238 5562 l7,
2288 5500 2397 5571 18).
2443 5501 2624 5555 Posuit
2665 5503 2876 5571 quando
2920 5505 3117 5572 voluit;
3164 5509 3388 5575 sumpsit
3425 5511 3640 5578 quando

2068 5591 2228 5646 voluit
2257 5609 2268 5642 :
2303 5607 2457 5646 nemo
2486 5592 2718 5658 abstulit,
2753 5609 2910 5650 nemo
2952 5601 3193 5652 extorsit.
3240 5596 3379 5668 Ergo
3409 5599 3640 5672 impleta

2140 5707 2154 5736 ι
2183 5710 2252 5752 Er.
2282 5712 2332 5752 ct
2355 5704 2469 5753 edit.
2497 5712 2676 5755 Veneta
2697 5719 2790 5755 non
2811 5707 3009 5767 habent,
3026 5721 3090 5758 se.
3192 5717 3245 5757 st.
