4024 6210
322 401 453 456 1105

318 524 464 573 erant
503 525 692 568 omnes
740 510 1038 581 passiones,
1092 511 1184 568 sed
1228 511 1279 566 in
1330 512 1501 582 capite
1546 529 1562 568 :
1609 509 1879 566 restabant

319 610 484 665 adhuc
508 607 705 662 Christi
750 605 1024 676 passiones
1051 604 1104 659 in
1143 620 1384 676 corpore.
1415 604 1520 659 Vos
1547 613 1722 658 autem
1751 601 1879 656 estis

318 717 500 774 corpus
521 699 718 756 Christi
741 707 795 754 et
815 697 1051 753 membra
1077 697 1129 766 (I
1161 697 1278 752 Cor.
1303 713 1395 766 xu,
1422 697 1535 765 27).
1566 697 1619 750 In
1645 696 1727 751 his
1752 710 1881 765 ergo

316 792 562 850 membris
591 806 714 848 cum
742 799 884 846 esset
923 789 1229 860 Apostolus,
1260 789 1392 844 dixit
1419 807 1430 842 :
1478 788 1545 843 Ut
1577 789 1882 858 adimpleam

311 904 418 959 qtae
443 887 626 942 desunt
675 900 1022 955 pressurarum
1052 882 1235 937 Christi
1278 883 1332 936 in
1373 898 1524 935 carne
1569 898 1697 934 mea.
1746 881 1882 950 Ergo

303 983 436 1035 illuc
461 979 600 1033 imus
623 993 732 1049 quo
753 976 994 1031 Christus
1035 975 1327 1045 praecessit,
1350 984 1402 1029 et
1427 973 1603 1027 adhuc
1638 972 1882 1027 Christus

314 1070 434 1124 illuc
461 1069 633 1139 pergit
670 1082 774 1138 quo
812 1067 1123 1137 praecessit:
1165 1066 1437 1136 prrecessit
1465 1064 1605 1118 enim
1641 1063 1883 1119 Christus

313 1165 359 1216 in
399 1162 597 1232 capite,
622 1160 863 1230 sequitur
888 1160 939 1214 in
968 1174 1212 1236 corpore.
1244 1158 1310 1212 Et
1336 1157 1508 1212 adhuc
1527 1155 1767 1211 Christus
1798 1156 1883 1210 hic

313 1255 547 1314 laborat;
593 1261 650 1307 et
676 1250 918 1306 Christus
960 1251 1046 1305 hic
1087 1249 1381 1320 patiebatur
1406 1264 1433 1301 a
1464 1248 1642 1313 Sanlo,
1670 1246 1883 1318 quando

312 1345 507 1399 audivit
547 1343 742 1400 Saulus
775 1360 790 1397 :
833 1341 1011 1410 Saule,
1047 1342 1225 1408 Saule,
1265 1341 1385 1408 quid
1415 1356 1494 1394 me
1540 1339 1885 1410 persequeris?

311 1433 588 1504 Quomodo
631 1434 770 1489 solet
817 1434 993 1504 lingua
1020 1431 1446 1492 dicere,Calcato
1490 1430 1625 1500 pede
1707 1429 1882 1483 calcas

313 1543 413 1581 me.
437 1527 694 1596 Linguam
725 1525 898 1580 nullus
926 1525 1128 1594 tetigit;
1153 1523 1522 1592 compassione
1547 1523 1755 1586 clamat,
1777 1537 1881 1574 non

313 1618 600 1673 attritione.
637 1616 823 1672 Adhuc
845 1615 1084 1670 Christus
1109 1615 1196 1670 hic
1215 1624 1354 1685 eget,
1387 1613 1626 1669 Christus
1648 1614 1733 1668 hic
1759 1629 1882 1683 per-

314 1709 601 1777 egi-inatur,
629 1707 873 1762 Christus
909 1707 993 1761 hic
1017 1714 1258 1776 argrotat,
1287 1705 1526 1761 Christus
1556 1704 1641 1758 hic
1671 1705 1722 1758 in
1767 1720 1884 1759 car-

316 1816 432 1855 cere
458 1799 764 1855 includitur.
788 1798 1037 1868 Injuriam
1055 1797 1104 1852 ei
1133 1797 1431 1862 facimus,si
1455 1812 1557 1850 non
1585 1796 1698 1866 ipse
1717 1796 1879 1850 dixit:

321 1911 336 1942 ι
381 1890 615 1955 Esurivi,
650 1899 705 1946 et
727 1888 948 1945 dedistis
975 1887 1103 1943 mihi
1141 1887 1491 1952 manducare;
1523 1887 1683 1956 sitivi,
1714 1896 1766 1941 et
1793 1902 1886 1957 p0-

316 1984 459 2037 tastis
488 1999 610 2048 me;
657 1982 872 2052 hospes,
910 1989 965 2036 et
1005 1979 1294 2050 collegistis
1323 1995 1442 2044 me;
1489 1978 1680 2044 nudus,
1710 1987 1765 2034 et
1791 1993 1882 2033 ve-

315 2075 476 2130 stistis
515 2090 634 2141 me;
679 2089 843 2145 aeger,
870 2080 924 2128 et
966 2071 1222 2126 visitastis
1262 2086 1368 2125 me.
1401 2071 1465 2125 Et
1511 2071 1630 2125 illi:
1661 2070 1883 2139 Quando

317 2177 364 2223 te
391 2167 625 2221 vidimus
648 2167 762 2219 harc
787 2165 1094 2235 patientem,
1126 2171 1181 2219 et
1206 2163 1618 2217 ministravimns
1648 2162 1775 2216 tibi?
1817 2163 1884 2217 Et

314 2259 572 2315 ille:Cum
603 2259 697 2313 uni
722 2273 786 2314 ex
817 2257 1049 2312 minimis
1067 2257 1201 2312 meis
1231 2255 1448 2322 fecistis,
1478 2254 1607 2309 mihi
1632 2253 1830 2310 fecistis
1857 2275 1877 2308 ι

315 2349 518 2420 (Matth.
550 2365 680 2414 xxv,
720 2347 930 2420 35-40).
977 2347 1115 2419 Ergo
1153 2345 1477 2402 aedificentur
1501 2346 1552 2401 in
1584 2345 1880 2402 Christum‘

315 2457 466 2511 super
516 2439 914 2495 fundamentum
959 2439 1334 2510 Apostolorum
1374 2447 1428 2492 et
1476 2437 1880 2508 Prophetarum,

316 2536 423 2605 ipso
464 2547 680 2590 summo
726 2531 964 2604 angulsri
1011 2531 1187 2602 lapide
1227 2531 1521 2597 existente;
1567 2531 1688 2601 quia
1720 2530 1883 2600 diligit

316 2628 554 2682 Dominus
598 2635 771 2697 portas
800 2625 928 2681 Sion
963 2640 1114 2694 super
1142 2623 1310 2677 omnia
1339 2622 1659 2689 tabernacula
1697 2619 1878 2674 Iacob.

313 2718 464 2787 Quasi
481 2731 614 2772 vero
627 2725 682 2771 et
703 2716 813 2786 ipsa
831 2715 958 2773 Sion
977 2731 1080 2770 non
1099 2713 1237 2768 inter
1257 2712 1594 2768 tabernacula
1615 2711 1798 2767 Jacob.
1815 2711 1882 2765 Et

315 2813 394 2866 ubi
415 2820 534 2867 erat
555 2810 684 2867 Sion
709 2809 807 2864 nisi
835 2810 886 2864 in
914 2808 1105 2879 populo
1126 2806 1323 2862 Jacob?
1359 2805 1526 2862 Jacob
1549 2805 1688 2859 enim
1715 2818 1882 2874 nepos

313 2902 556 2968 Abrahte,
590 2901 732 2956 unde
773 2910 928 2954 natus
956 2899 1181 2969 populus
1207 2896 1532 2964 Jndzeorum,
1559 2895 1752 2952 dicitur
1791 2911 1882 2966 po-

312 2996 459 3064 pulus
487 2995 680 3058 Israel,
711 2994 831 3064 quia
862 2993 975 3064 ipse
1013 2992 1176 3048 Jacob
1201 2991 1498 3062 appellatus
1522 2998 1605 3045 est
1640 2998 1693 3046 et
1720 2989 1880 3045 Israel

312 3085 459 3148 (Cen.
498 3100 679 3146 χχχιι,
709 3085 825 3153 28).
875 3083 999 3139 Iizec
1027 3084 1163 3139 bene
1205 3084 1350 3138 novit
1392 3082 1654 3138 Sanctitas
1681 3089 1878 3137 vestra.

311 3177 408 3232 Sed
437 3177 558 3244 quia
607 3184 760 3232 erant
803 3174 1042 3246 qnzcdam
1090 3173 1430 3230 tabernacula
1475 3172 1784 3243 temporalia
1828 3183 1883 3228 et

314 3267 658 3339 imaginaria;
709 3267 942 3338 loquitur
970 3274 1147 3320 autem
1175 3266 1275 3321 iste
1303 3265 1370 3321 de
1397 3265 1609 3320 civitate
1629 3264 1878 3336 quadam,

311 3377 461 3432 quam
507 3361 855 3432 spiritualiter
891 3359 1157 3430 intelligit,
1185 3359 1336 3428 cujus
1381 3357 1567 3413 umbra
1613 3367 1668 3413 et
1717 3358 1881 3427 figura

311 3465 418 3510 erat
458 3454 546 3509 illa
591 3463 838 3509 terrena:
873 3453 965 3519 ait,
1013 3451 1188 3523 Diligit
1241 3449 1486 3506 Dominus
1534 3459 1704 3520 portas
1750 3449 1878 3504 Sion

310 3563 452 3616 super
480 3546 651 3599 omnia
699 3544 1021 3599 tabernacula
1068 3541 1248 3599 Jacob.
1302 3542 1478 3613 Diligit
1529 3541 1671 3596 illam
1716 3541 1873 3611 spiri-

311 3639 499 3692 tnalem
528 3637 796 3693 civitatem
843 3651 1002 3707 super
1039 3635 1216 3691 omnia
1263 3634 1504 3706 ﬁgurata,
1534 3634 1724 3705 quibus
1753 3634 1882 3688 inti-

313 3730 550 3784 niabatnr
577 3729 665 3784 illa
692 3729 877 3784 civitas
905 3741 1118 3798 semper
1142 3742 1382 3794 manens,
1409 3734 1465 3782 et
1485 3740 1696 3796 semper
1723 3725 1884 3781 ctele-

312 3824 402 3876 stis
426 3823 480 3877 in
509 3837 659 3892 pace.

379 3914 434 3969 6.
472 3913 620 3986 (vers.
648 3915 704 3982 5,
735 3913 814 3988 4.]
843 3911 1073 3968 Gloriosa
1095 3913 1230 3966 dicta
1251 3921 1366 3966 sunt
1391 3911 1454 3965 de
1474 3921 1540 3977 te,
1562 3911 1734 3964 civitas
1761 3909 1880 3964 Dei.

313 4003 472 4071 Quasi
497 4005 800 4062 intuebatur
835 4005 1101 4060 civitatem
1130 4004 1271 4059 illam
1309 4002 1601 4059 Jerusalem
1639 4001 1690 4056 in
1719 4010 1880 4056 terra.

312 4095 439 4152 Nam
467 4097 638 4153 videte
666 4113 824 4168 quam
863 4097 1128 4152 civitatem
1158 4096 1318 4161 dicit,
1367 4095 1433 4152 de
1469 4111 1569 4167 qua
1597 4095 1734 4151 dicta
1760 4097 1884 4152 sdnt

310 4188 549 4258 quadam
575 4189 970 4260 gloriosissima.
1002 4188 1133 4244 Nam
1159 4188 1248 4243 illa
1286 4187 1548 4243 destructa
1581 4195 1662 4242 est
1692 4187 1743 4241 in
1770 4195 1883 4242 ter-

312 4296 406 4347 ra;
433 4281 609 4336 hostes
632 4296 787 4351 passa
814 4281 1005 4337 cecidit
1023 4281 1076 4336 in
1095 4290 1292 4336 terram
1312 4322 1326 4348 ,
1356 4280 1464 4351 jam
1493 4295 1596 4334 non
1630 4288 1714 4334 est
1741 4277 1882 4349 quod

312 4380 423 4426 erat
448 4388 464 4427 :
493 4370 759 4442 expressit
778 4373 1087 4444 imaginem,
1109 4371 1347 4426 transivit
1368 4370 1575 4424 umbra.
1603 4368 1755 4424 Unde
1785 4368 1882 4439 igi-

314 4473 416 4527 tur,
449 4462 680 4518 Gloriosa
703 4463 840 4517 dicta
863 4473 976 4517 sunt
1002 4464 1064 4517 de
1083 4472 1146 4531 te,
1175 4463 1346 4516 civitas
1363 4460 1506 4516 Dei?
1543 4459 1679 4515 Audi
1708 4459 1878 4516 unde:

314 4553 505 4608 Memor
523 4570 608 4609 cro
629 4554 770 4609 Raab
797 4565 844 4608 et
866 4553 1157 4624 Babylonis,
1179 4553 1443 4608 scientibus
1472 4569 1567 4606 me.
1599 4551 1656 4607 In
1684 4552 1770 4606 illa
1799 4553 1881 4607 ci-

315 4645 492 4711 vitate,
524 4646 694 4717 inquit
713 4646 821 4717 jam
851 4661 913 4702 ex
942 4661 1166 4716 persona
1193 4646 1328 4712 Dei,
1355 4659 1559 4700 memor
1586 4659 1679 4701 ero
1710 4644 1878 4712 Raab,

307 4749 362 4792 et
390 4754 595 4793 memor
623 4754 717 4793 ero
750 4738 1053 4810 Babylonis.
1098 4736 1244 4791 Raab
1275 4752 1380 4791 non
1422 4736 1648 4806 pertinet
1689 4735 1756 4790 ad
1782 4750 1880 4805 po-

313 4831 487 4896 ,olum
510 4829 814 4885 Judteorum
837 4847 851 4896 ;
877 4829 1110 4901 Babylon
1135 4844 1238 4882 non
1267 4829 1496 4898 pertinet
1532 4827 1598 4883 ad
1629 4828 1879 4898 p0pulum

307 4921 630 4976 Jodazorum.
660 4921 793 4976 Nam
819 4921 1055 4991 sequitur
1085 4938 1098 4974 :
1130 4919 1327 4973 Etenim
1357 4919 1670 4988 alienigena,
1698 4929 1745 4972 et
1777 4917 1880 4989 Ty-

310 5033 413 5077 rus,
438 5023 486 5067 et
505 5014 723 5084 populus
740 5013 1062 5084 Ethiopum,
1078 5013 1132 5066 hi
1149 5015 1351 5082 fuerunt
1375 5012 1462 5066 ibi.
1480 5011 1667 5066 Merito
1689 5011 1880 5082 glorio-

307 5124 362 5157 sn
383 5106 521 5159 dicta
553 5115 668 5160 sunt
695 5105 758 5158 de
779 5115 852 5171 te,
870 5106 1040 5159 civitas
1078 5104 1174 5160 Dei
1193 5121 1213 5160 :
1245 5105 1332 5160 ubi
1362 5119 1467 5159 non
1497 5102 1642 5159 solus
1671 5111 1753 5157 est
1792 5103 1875 5158 illt

310 5198 533 5267 populus
560 5197 865 5252 Judteorum
891 5206 1042 5250 natus
1081 5210 1146 5250 ex
1185 5210 1347 5250 carne
1373 5195 1600 5250 Abrahae
1626 5212 1641 5261 ;
1669 5192 1764 5249 sed
1811 5193 1882 5247 ibi

304 5302 493 5342 omnes
520 5297 707 5358 gentes
728 5328 744 5352 ,
769 5302 992 5358 quarum
1020 5285 1260 5358 quaedam
1304 5287 1587 5341 nominata:
1631 5294 1791 5352 sunt,
1826 5294 1883 5340 ut

303 5394 493 5433 omnes
521 5379 899 5450 intelligantur.
931 5377 1127 5432 Memor
1171 5394 1255 5432 ero
1278 5419 1292 5444 ,
1319 5377 1520 5447 inquit,
1544 5376 1688 5430 Raab
1715 5393 1734 5430 :
1762 5391 1880 5446 qua:

303 5471 404 5525 ista
433 5480 515 5525 est
534 5471 807 5536 meretrix,
834 5469 919 5524 illa
949 5470 999 5523 in
1024 5469 1236 5524 Jericho
1257 5469 1508 5526 meretrix
1540 5484 1659 5539 quae
1700 5483 1883 5522 susce-

302 5565 380 5631 pit
408 5565 620 5618 nuntios
641 5572 696 5618 et
713 5562 816 5616 alia
843 5561 924 5616 via
949 5561 1137 5630 ejecit;
1169 5577 1286 5632 qua:
1314 5561 1650 5632 praesumpsit
1680 5560 1734 5614 in
1759 5575 1882 5630 pro-

300 5656 576 5722 missione,
605 5670 725 5726 quze
764 5652 938 5708 timuit
982 5653 1168 5716 Deum,
1193 5653 1278 5707 cui
1320 5653 1519 5708 dictum
1561 5661 1644 5708 est
1682 5660 1741 5706 ut
1787 5667 1882 5721 per

296 5750 586 5802 fenestram
635 5747 869 5802 mitteret
913 5758 1129 5800 coccum
1150 5786 1163 5810 ,
1189 5743 1239 5799 id
1263 5753 1376 5813 est,
1405 5744 1535 5800 utin
1566 5745 1738 5801 fronte
1781 5742 1878 5798 ha-

369 5866 384 5894 '
411 5865 484 5913 sic
507 5869 613 5911 Mss.
643 5870 693 5912 ,ιιι
717 5861 851 5922 ΞΜ..
874 5859 1074 5912 Christo.

1330 392 1720 451 ENARRATIO
1759 390 1824 447 IN
1863 387 2178 448 PSALSIUM
2220 395 2500 452 LXXXVI.

3362 403 3365 406 ’
3423 409 3558 464 “Oli

1987 507 2137 566 beret
2165 511 2368 582 signum
2395 516 2661 585 sanguinis
2685 514 2898 573 Christi.
2926 520 3134 578 Salvata
3155 533 3238 580 est
3265 522 3336 579 ibi
3364 523 3564 597 (Iosue

1987 619 2023 656 ιι
2049 614 2094 657 et
2118 621 2190 670 vr,
2214 605 2305 676 25)
2329 647 2344 673 ,
2372 616 2425 662 et
2452 607 2743 664 Ecclesiam
2773 610 3016 666 Gentium
3051 615 3382 684 signiﬁCavit.
3412 614 3563 672 Unde

1988 695 2243 749 Dominus
2263 699 2683 768 superbientihus
2709 701 2986 758 Pharisaais
3015 721 3030 758 :
3057 707 3216 760 Amen
3251 708 3362 762 dico
3387 708 3522 764 vobis
3542 752 3558 774 ,

1989 786 2242 855 publicani
2265 799 2312 841 et
2339 793 2617 846 meretrices
2639 793 2925 863 prtecedunt
2961 812 3046 850 vos
3080 798 3134 850 in
3165 813 3373 867 regnum
3410 801 3562 854 caelo-

1987 893 2098 930 rum
2121 877 2329 950 (Matth.
2364 897 2471 948 xxI,
2501 882 2978 952 31).Prtcceduut,
3010 887 3131 958 quia
3177 889 3282 943 vim
3323 889 3562 946 faciunt:

1989 970 2263 1039 impellunt
2287 973 2569 1040 credendo,
2595 984 2649 1031 et
2675 976 2878 1032 ceditur
2908 978 3161 1047 fidei,nec
3186 981 3444 1038 obsistere
3463 998 3562 1054 ρον

1990 1069 2092 1116 test
2116 1062 2391 1132 quisquam
2415 1082 2428 1126 ;
2459 1066 2581 1135 quia
2610 1069 2697 1138 qui
2720 1070 2823 1122 vim
2849 1068 3047 1126 faciunt
3071 1113 3086 1139 ,
3113 1072 3368 1143 diripiunt
3409 1075 3558 1132 illud.

1987 1151 2060 1208 lbi
2089 1155 2227 1207 enim
2259 1157 2484 1224 positum
2515 1166 2598 1212 est
2627 1176 2640 1212 :
2672 1159 2902 1230 Regnum
2935 1163 3169 1216 caelorum
3205 1165 3301 1218 vim
3350 1167 3559 1235 patitur,

1987 1255 2034 1298 et
2057 1247 2142 1315 qui
2161 1247 2259 1300 vim
2283 1247 2494 1316 faciunt,
2518 1249 2760 1321 diripiunt
2778 1253 2910 1306 illud
2931 1253 3038 1324 (Id.
3063 1271 3134 1319 xr,
3163 1254 3273 1326 1‘2).
3303 1256 3415 1312 Hoc
3441 1258 3562 1314 fecit

1987 1339 2075 1392 ille
2105 1341 2256 1402 latro,
2288 1339 2472 1395 fortior
2495 1341 2546 1396 in
2571 1357 2727 1398 cruce
2759 1344 2904 1416 (Luc.
2935 1329 3083 1415 xxtn,
3109 1345 3299 1419 40-45)
3325 1365 3478 1418 quam
3508 1349 3559 1404 in

1987 1424 2138 1485 fauce
2168 1431 2206 1484 ‘.
2240 1432 2435 1488 Memor
2453 1453 2536 1490 ero
2557 1436 2700 1491 Raab
2725 1446 2769 1492 et
2795 1437 3086 1507 Babylonis.
3116 1440 3349 1513 Babylon
3379 1442 3561 1497 civitas

1987 1521 2179 1577 dicitur
2203 1526 2491 1580 secundum
2513 1529 2786 1582 saeculum.
2811 1528 3085 1596 Quomodo
3108 1549 3207 1586 una
3238 1533 3423 1588 civitas
3443 1549 3561 1588 san-

1989 1623 2094 1680 cta,
2127 1615 2417 1673 Jerusalem
2443 1636 2457 1686 ;
2486 1635 2588 1674 una
2612 1621 2796 1676 civitas
2821 1623 2997 1693 iniqua
3020 1667 3034 1690 ,
3066 1625 3300 1696 Babylon
3331 1643 3345 1680 :
3377 1641 3564 1682 omnes

1987 1707 2150 1778 iniqui
2203 1708 2268 1763 ad
2316 1709 2659 1783 Babyloniam
2717 1715 3014 1784 pertinent;
3065 1717 3331 1787 quomodo
3379 1732 3564 1773 omnes

1987 1800 2151 1853 sancti
2176 1800 2240 1854 ad
2261 1800 2572 1859 Jerusalem.
2597 1805 2702 1859 Sed
2741 1805 3002 1862 delabitur
3029 1809 3049 1839 ²
3078 1808 3146 1864 de
3190 1809 3458 1880 Babylone
3510 1810 3563 1865 in

1986 1891 2301 1948 Jerusalem.
2326 1894 2498 1961 Unde,
2529 1897 2628 1951 nisi
2662 1913 2757 1968 per
2780 1915 2898 1954 eum
2930 1902 3018 1970 qui
3053 1900 3308 1971 justificat
3348 1901 3563 1972 impium

1989 1984 2161 2055 (Rom.
2195 2003 2266 2041 IV.
2299 1986 2393 2057 5)?
2438 1989 2651 2071 Piorum
2691 1992 2876 2047 civitas
2912 1993 3239 2060 Jerusalem;
3281 1993 3564 2064 impiorum

1986 2077 2170 2132 civitas
2201 2078 2458 2150 Babylon.
2485 2079 2590 2137 Sed
2613 2083 2758 2137 venit
2783 2083 2872 2138 ille
2897 2083 2987 2153 qui
3016 2083 3274 2155 justificat
3309 2084 3562 2156 impium;

1985 2169 2129 2244 quia,
2155 2169 2353 2225 Memor
2377 2189 2460 2227 ero
2479 2213 2496 2240 ,
2527 2172 2730 2243 inquit,
2760 2190 2863 2228 non
2887 2175 3058 2230 solum
3085 2175 3229 2230 Raab
3248 2217 3264 2244 ,
3291 2175 3382 2231 sed
3407 2177 3564 2233 etiam

1986 2261 2280 2334 Babylonis.
2312 2263 2417 2319 Sed
2443 2280 2667 2334 quorum
2696 2281 2900 2322 memor
2942 2267 3044 2323 erit
3073 2267 3222 2322 Raab
3248 2277 3304 2324 et
3341 2267 3565 2339 Babylo-

1986 2353 2106 2406 nis?
2137 2353 2419 2407 Scientibus
2445 2371 2540 2409 me.
2566 2354 2690 2411 Ideo
2719 2355 2945 2425 quodam
2973 2357 3090 2411 loco
3111 2357 3238 2412 dicit
3261 2357 3561 2426 Scriptura:

1985 2441 2211 2509 E/I‘unde
2235 2444 2364 2497 iram
2391 2453 2529 2498 tuam
2553 2445 2606 2499 in
2650 2455 2819 2515 gentes
2841 2462 2952 2516 quae
2975 2455 3022 2501 te
3063 2464 3164 2502 non
3207 2459 3562 2519 cognoverant;

1991 2533 2163 2610 (Psal.
2189 2550 2405 2599 Lxxvnt,
2437 2533 2513 2605 6).
2546 2535 2641 2591 llic
2665 2535 2757 2603 ait,
2790 2535 3010 2604 Eﬂ'unde
3035 2537 3164 2591 iram
3193 2547 3330 2592 tuam
3365 2539 3415 2592 in
3447 2555 3562 2609 gcn~

1985 2611 2056 2678 tes
2080 2640 2192 2691 qua:
2217 2635 2263 2678 te
2287 2642 2388 2679 non
2411 2635 2781 2696 cognoverunt;
2807 2636 2860 2680 et
2880 2626 3001 2682 alibi
3025 2668 3041 2692 ,
3065 2625 3330 2682 Prtetende
3370 2629 3562 2682 miscri-

1985 2714 2206 2768 cordiam
2234 2723 2371 2768 tuam
2394 2716 2657 2770 scientibus
2680 2716 2912 2787 te(Psal.
2947 2734 3111 2786 xxxv,
3133 2718 3242 2790 II).
3276 2719 3342 2772 Et
3391 2728 3445 2774 ut
3472 2737 3565 2772 no«

1985 2809 2164 2863 veritis
2193 2810 2313 2879 quia
2340 2809 2405 2864 in'
2425 2810 2570 2865 Raab
2598 2819 2652 2865 et
2689 2810 2958 2882 Babylone
2985 2811 3182 2866 Gentes
3209 2811 3563 2881 signiﬁcavit;

1983 2900 2130 2969 quasi
2151 2899 2436 2966 diceretur,
2453 2900 2589 2968 Quid
2605 2909 2687 2956 est
2709 2903 2847 2971 quod
2878 2901 3076 2978 dixisti,
3096 2901 3392 2958 Memorem
3421 2901 3566 2973 Raab

1983 3004 2029 3045 et
2052 2989 2345 3062 Babylonis,
2368 2991 2632 3047 scientibus
2649 2993 2764 3048 me?
2790 3009 2954 3062 quare
2977 2993 3079 3049 hoc
3115 2993 3335 3048 dixisti?
3362 2993 3565 3047 Etenim

1983 3083 2295 3154 alienigenae,
2323 3083 2510 3154 inquit,
2539 3084 2589 3138 id
2619 3093 2735 3152 est,
2759 3085 3084 3154 pertinentes
3120 3084 3184 3138 ad
3229 3083 3373 3138 Raab
3397 3125 3410 3150 ,
3437 3099 3562 3150 per-

1986 3175 2296 3232 tinentes'ad
2322 3177 2666 3249 Babylonem,
2685 3185 2731 3231 et
2761 3176 2945 3248 Tyras.
2990 3176 3094 3233 Sed
3121 3191 3394 3246 quousque
3425 3173 3566 3231 Gen-

1983 3267 2104 3322 tes?
2132 3266 2311 3338 Usque
2346 3266 2413 3322 ad
2441 3269 2572 3322 lines
2614 3275 2800 3323 terras.
2821 3267 2994 3338 Elegit
3025 3267 3164 3321 enim
3197 3265 3447 3337 populum
3476 3265 3566 3336 qui

1985 3357 2039 3411 in
2071 3357 2174 3414 line
2201 3369 2354 3412 terra:
2392 3368 2474 3412 est
2500 3375 2512 3411 :
2546 3356 2615 3412 Et
2643 3359 2880 3430 papulas,
2910 3358 3112 3429 inquit,
3146 3357 3484 3430 ίΕιΙιὶοριιηι,
3513 3358 3567 3411 In'

1986 3455 2192 3526 fuerunt
2212 3451 2298 3505 ibi.
2321 3451 2375 3507 Si
2401 3467 2526 3521 ergo
2556 3452 2626 3508 ibi
2654 3452 2822 3520 Raab,
2848 3452 2918 3508 ibi
2937 3467 3001 3508 ex
3031 3452 3324 3523 Babylone,
3347 3454 3469 3523 quia
3496 3452 3565 3508 ibi

1985 3543 2317 3612 alienigenae,
2351 3542 2422 3597 ibi
2462 3542 2668 3615 Tyrus,
2698 3544 2768 3599 ibi
2809 3543 3034 3613 populus
3063 3543 3417 3614 EthiOpum:
3448 3558 3562 3598 me-

1985 3639 2109 3702 rito,
2137 3637 2501 3708 gloriosissima
2520 3638 2583 3691 de
2607 3648 2654 3691 te
2679 3638 2811 3692 dicta
2831 3647 2966 3706 sunt,
2994 3639 3168 3693 civitas
3191 3637 3310 3694 Dei.

2055 3731 2108 3784 7.
2151 3729 2300 3802 [vers.
2328 3727 2408 3801 5.]
2435 3729 2550 3784 Jam
2575 3729 2830 3784 attendite
2866 3739 3254 3785 sacramentum
3291 3745 3564 3801 magnum.

1984 3823 2086 3878 Per
2097 3839 2218 3878 eum
2231 3822 2336 3878 illic
2356 3822 2522 3889 Raab,
2541 3839 2634 3890 per
2648 3837 2803 3891 quem
2827 3822 2933 3878 illic
2953 3823 3207 3895 Babylon,
3219 3823 3329 3894 jam
3344 3840 3447 3878 non
3464 3825 3557 3879 Ba-

1984 3914 2164 3985 bylon;
2192 3922 2336 3969 caret
2351 3913 2490 3968 enim
2515 3914 2868 3984 Bahylone,et
2895 3914 3084 3984 incipit
3110 3930 3230 3970 esse
3247 3915 3563 3972 Jerusalem.

1985 4004 2253 4060 Dividitur
2267 4003 2368 4058 lilia
2386 4003 2641 4059 adversus
2657 4013 2877 4060 matrem
2891 4019 3060 4072 suam,
3074 4006 3299 4061 eteritin
3313 4007 3567 4064 membris

1984 4096 2183 4167 regina:
2209 4095 2348 4150 illius
2374 4095 2460 4150 cui
2498 4095 2690 4150 dicitur
2718 4113 2732 4148 :
2766 4095 3064 4150 Obliviscere
3091 4097 3333 4168 populum
3361 4108 3501 4151 tuum
3521 4107 3567 4153 et

1984 4187 2186 4241 domum
2209 4187 2365 4257 patris
2395 4187 2502 4252 tui;
2539 4187 2820 4256 concupivit
2861 4202 2952 4240 rex
2986 4187 3200 4258 speciem
3227 4197 3365 4241 tuam
3387 4187 3562 4258 (Psal.

1983 4293 2127 4342 xuv,
2159 4278 2244 4340 II,
2265 4276 2378 4348 l2).
2423 4277 2554 4331 Nam
2587 4276 2724 4331 unde
2752 4277 2986 4348 Babylon
3015 4277 3277 4346 aspiraret
3303 4273 3370 4332 ad
3409 4278 3564 4334 Jeru-

1984 4373 2189 4428 salem?
2219 4371 2358 4426 unde
2394 4371 2538 4426 Raab
2585 4370 2650 4424 ad
2690 4370 2774 4424 illa
2822 4370 3158 4426 fundamenta
3214 4370 3568 4441 perveniret?

1988 4464 2126 4519 unde
2153 4464 2461 4534 alienigena:
2481 4505 2496 4528 ,
2528 4462 2668 4518 unde
2691 4462 2863 4532 Tyrus
2885 4503 2899 4528 ,
2930 4462 3070 4518 unde
3097 4463 3322 4533 populus
3347 4462 3565 4519 Aithio-

1985 4556 2144 4627 pum?
2174 4555 2306 4610 Audi
2327 4555 2497 4610 unde:
2523 4553 2691 4608 Mater
2709 4551 2782 4626 (ά)
2806 4552 2955 4621 Sion,
2979 4553 3107 4607 dicet
3136 4554 3306 4608 homo.
3334 4555 3428 4609 Est
3446 4554 3567 4622 qui-

1985 4647 2106 4702 dam
2137 4647 2296 4702 homo
2319 4646 2407 4718 qui
2429 4645 2578 4709 dicit,
2601 4645 2766 4698 Mater
2795 4643 3030 4710 Sion;et
3058 4659 3152 4714 per
3175 4644 3318 4698 hunc
3345 4645 3568 4700 veniunt

1984 4741 2068 4797 isti
2095 4756 2299 4798 omnes.
2326 4740 2430 4797 Sed
2481 4740 2581 4797 iste
2619 4740 2778 4796 homo
2806 4739 2926 4810 quis
2951 4740 3069 4794 est?
3097 4739 3265 4804 Dicit,
3293 4739 3336 4793 si
3381 4739 3565 4794 audia-

1985 4847 2103 4887 mus
2122 4874 2138 4898 ,
2158 4831 2203 4887 si
2223 4830 2494 4902 capiamus
2521 4848 2536 4886 :
2567 4829 2732 4884 Mater
2757 4829 2905 4896 Sion,
2931 4830 3060 4884 dicet
3103 4830 3270 4884 homo.
3315 4829 3564 4900 Sequitur

1985 4923 2078 4990 ibi,
2105 4923 2254 4994 quasi
2282 4936 2568 4994 quaereres,
2591 4936 2684 4991 per
2709 4936 2866 4991 quem
2887 4922 3092 4976 venerit
3118 4921 3283 4988 Raab,
3304 4920 3562 4990 Babylon,

1984 5016 2326 5086 alienigena,
2358 5015 2560 5085 Tyrus,
2587 5012 2884 5083 Ethiopes.
2915 5012 3055 5068 Ecce
3097 5027 3194 5081 per
3220 5025 3377 5079 quem
3408 5025 3551 5063 vene

1931 5145 1950 5160 ς
1983 5114 2128 5170 runt,
2153 5105 2316 5159 Mater
2335 5105 2484 5173 Sion,
2512 5105 2642 5160 dicet
2665 5105 2812 5158 homo
2829 5121 2849 5170 ,°
2870 5113 2917 5158 et
2937 5105 3085 5157 homo
3113 5105 3276 5172 factus
3305 5110 3377 5155 est
3401 5101 3454 5153 in
3483 5117 3558 5156 ea.

1984 5207 2030 5251 et
2053 5197 2162 5267 ipse
2189 5197 2419 5268 fundavit
2437 5214 2548 5251 eam
2575 5196 2882 5252 Altissimus.
2903 5195 3040 5264 Quid
3067 5193 3319 5263 apertius,
3338 5193 3565 5248 fratres?

1986 5289 2124 5346 Vere
2144 5291 2265 5362 quia
2295 5291 2658 5363 gloriosissima
2683 5290 2746 5343 de
2780 5299 2828 5344 te
2865 5289 2998 5342 dicta
3025 5296 3140 5342 sunt
3159 5327 3173 5349 ,
3220 5287 3398 5341 civitas
3445 5285 3557 5342 Dei.

1986 5385 2146 5452 Ecce,
2174 5384 2342 5439 Mater
2363 5385 2510 5450 Sion,
2534 5385 2663 5438 dicet
2683 5383 2850 5437 homo.
2882 5382 3011 5448 Quis
3040 5380 3233 5433 homo?
3269 5379 3370 5446 Qui
3415 5379 3565 5433 homo

1986 5480 2148 5548 factus
2172 5485 2244 5530 est
2267 5477 2322 5530 in
2356 5491 2434 5529 ea.
2463 5475 2520 5528 In
2549 5489 2610 5530 ea
2636 5473 2806 5528 factus
2831 5482 2914 5527 est
2954 5470 3149 5538 homo,
3180 5479 3235 5526 et
3283 5471 3398 5541 ipse
3443 5487 3562 5527 eam

2048 5609 2067 5641 ί
2093 5607 2282 5668 Aliquot
2315 5603 2440 5664 libri,
2467 5602 2518 5652 in
2553 5601 2708 5664 falce:
2734 5600 2990 5662 mendose,
3023 5601 3096 5651 uti
3138 5601 3453 5654 observatum
3487 5610 3566 5653 est

2048 5681 2144 5715 ora.
2168 5665 2259 5715 col.
2284 5666 2393 5715 655.
2418 5680 2466 5714 n.
2495 5665 2570 5715 12.
2587 5666 2713 5714 circa
2735 5663 2900 5712 linem.

1983 5681 2144 5732 supra,
2168 5666 2259 5716 col.
2284 5666 2393 5723 655,
2418 5680 2466 5714 n.
2495 5666 2570 5723 12,
2587 5666 2713 5714 circa
2735 5666 2900 5712 tinem.

2048 5735 2068 5798 ξ
2093 5739 2191 5798 puo
2213 5737 2343 5798 Mssj,
2354 5725 2725 5798 derivatumalii
2746 5738 2897 5797 prope
2920 5738 3115 5798 omnes,
3136 5724 3394 5798 delibatur.

2048 5794 2122 5853 (al
2147 5790 2276 5856 Apud
2299 5785 2407 5838 LXX
2438 5802 2525 5852 pro
2547 5787 2674 5856 méti,
2699 5785 2971 5856 numquid_,__
2988 5787 3373 5856 legebantolim,
3390 5785 3560 5843 "rem,

1988 5851 2139 5908 mater
2169 5851 2195 5903 ;’
2208 5855 2276 5903 sic
2293 5861 2407 5903 ante
2442 5851 2755 5913 Augustinum
2775 5851 3116 5911 'l‘ei'tullianus,
3143 5851 3434 5908 Ambrosius,
3462 5857 3557 5896 etc.
