4024 6210
334 365 464 419 1⁸07

331 474 591 534 fundavit.
621 473 898 542 Quomodo
919 472 970 526 in
999 483 1059 524 ea
1083 469 1250 524 factus
1275 479 1374 534 est,
1407 479 1460 527 et
1487 469 1599 538 ipse
1626 484 1744 522 eam
1777 469 1896 522 fun-

328 567 508 621 davit?
536 565 604 622 Ut
625 567 678 620 in
705 581 765 620 ea
795 563 942 618 fieret
963 561 1140 626 homo,
1158 560 1266 630 jam
1289 559 1500 635 fundata
1530 568 1663 615 erat.
1695 559 1784 613 Sic
1812 559 1894 612 in-

331 659 526 731 telligo,
555 658 598 712 si
621 668 787 728 potes.
809 655 1034 718 Etenim,
1057 651 1223 706 Mater
1242 651 1389 717 Sion,
1407 651 1536 705 dicet
1553 649 1702 716 ;sed,
1726 651 1894 715 homo,

333 749 496 804 Mater
515 750 664 814 Sion,
693 749 854 810 dicet;
877 746 1024 798 homo
1053 753 1227 799 autem
1253 749 1416 816 factus
1465 753 1535 797 est
1572 743 1625 796 in
1659 759 1718 796 ea
1750 759 1768 796 :
1791 743 1898 808 ipse

329 854 504 898 autem
545 841 770 912 fundavit
817 855 955 904 eam,
988 853 1090 893 non
1123 837 1303 902 homo,
1339 836 1431 891 sed
1459 836 1762 890 Altissimus.
1811 835 1900 891 Sic

332 935 565 989 fundavit
586 931 849 986 civitatem
876 932 924 984 in
957 946 1058 1000 qua
1097 938 1435 994 nasceretur,
1464 928 1726 998 quomodo
1752 943 1900 983 crea-

329 1029 400 1080 vit
431 1039 670 1092 matrem,
694 1025 762 1080 de
787 1040 888 1095 qua
920 1033 1243 1078 nasceretur.
1268 1021 1401 1090 Quid
1426 1032 1507 1077 est
1534 1021 1656 1086 hoc,
1675 1020 1900 1074 fratres?

329 1118 519 1184 Quales
563 1117 971 1186 promissiOnes,
999 1122 1248 1184 quantam
1279 1128 1425 1182 spem
1468 1113 1738 1166 tenemus!
1765 1111 1900 1166 Ecce

330 1219 542 1278 propter
567 1223 664 1262 nos
693 1206 993 1262 Altissimus
1022 1205 1108 1275 qui
1138 1203 1373 1258 fundavit
1394 1203 1682 1267 civitatem,
1715 1200 1898 1267 Mater,

329 1300 451 1353 dicit
474 1299 572 1370 ipsi
601 1298 834 1363 civitati;
866 1305 920 1351 et
958 1296 1107 1349 homo
1134 1296 1187 1348 in
1215 1311 1272 1348 ea
1302 1298 1464 1363 factus
1502 1301 1595 1359 est,
1634 1302 1680 1346 et
1705 1291 1904 1352 Altissi:

328 1408 437 1444 mus
465 1407 574 1443 eam
603 1389 847 1468 fundavit.

399 1481 453 1536 8.
493 1479 639 1554 [vers.
664 1478 742 1551 6.]
764 1478 920 1546 Quasi
949 1478 1230 1542 diceretur,
1257 1475 1409 1531 Unde
1435 1475 1530 1528 ista
1561 1473 1740 1529 scitis?
1769 1473 1904 1528 Can-

332 1572 556 1625 tavimus
590 1571 606 1602 ‘
637 1571 750 1624 haec
801 1585 1007 1636 omnes,
1035 1579 1089 1624 et
1131 1577 1311 1623 cantat
1358 1566 1518 1620 homo
1562 1566 1613 1620 in
1658 1565 1903 1619 omnibus

326 1662 568 1718 Christus
595 1679 608 1715 :
639 1661 798 1716 homo
825 1669 1038 1731 propter
1059 1674 1176 1728 nos,
1195 1659 1336 1714 Deus
1355 1667 1479 1713 ante
1508 1672 1623 1712 nos.
1647 1656 1750 1712 Sed
1777 1657 1901 1727 quid

328 1771 571 1827 magnum
602 1764 726 1810 ante
764 1755 899 1809 nos?
924 1755 1061 1808 Ante
1091 1761 1285 1808 terram
1313 1761 1367 1807 et
1408 1751 1619 1817 ctelum,
1649 1759 1771 1806 ante
1797 1765 1901 1804 sa:-

327 1847 467 1901 cula.
490 1847 585 1901 llic
620 1861 746 1916 ergo
775 1846 932 1900 homo
962 1853 1178 1915 propter
1215 1859 1312 1897 nos
1356 1844 1522 1896 factus
1552 1843 1602 1895 in
1635 1857 1693 1895 ea
1717 1883 1732 1906 ,
1763 1841 1900 1895 idem

327 1939 440 2007 ipse
461 1939 763 1992 Altissimus
791 1937 1028 1991 fundavit
1056 1951 1193 1991 eam.
1220 1933 1372 1990 Unde
1401 1935 1499 1988 ista
1529 1932 1767 1987 scimus?
1793 1931 1902 1984 Do-

327 2031 491 2084 minus
511 2028 732 2083 narrabit
755 2032 776 2059 ’
801 2028 852 2081 in
871 2026 1137 2097 Scriptura
1165 2023 1485 2096 populorum.
1523 2023 1632 2078 lloc
1659 2024 1797 2077 enim
1819 2037 1904 2077 se-

325 2123 505 2190 quitur
533 2121 583 2175 in
606 2120 817 2176 Psalmo
846 2137 860 2174 :
890 2117 1056 2173 Mater
1098 2117 1224 2173 Sion
1243 2160 1259 2186 ,
1287 2117 1416 2171 dicet
1444 2117 1631 2182 homo;
1661 2125 1708 2169 et
1755 2115 1902 2168 homo

327 2215 489 2280 factus
513 2221 583 2264 est
607 2212 658 2264 in
674 2227 753 2275 ea,
779 2219 824 2263 et
840 2211 945 2280 ipse
977 2209 1204 2281 fundavit
1237 2224 1345 2262 eam
1389 2205 1694 2260 Altissimus.
1730 2205 1905 2259 Domi-

323 2317 421 2356 nus
474 2300 698 2354 narrabit
743 2300 796 2354 in
834 2300 1103 2371 Scriptura
1149 2299 1455 2370 populorum
1500 2306 1546 2350 et
1593 2296 1898 2367 principum.

325 2394 559 2460 Quorum
611 2391 943 2462 principum?
991 2391 1184 2445 llorum
1240 2388 1328 2460 qui
1369 2389 1487 2442 facti
1543 2397 1666 2441 sunt
1705 2387 1755 2441 in
1813 2402 1927 2455 ea._

327 2484 596 2554 Principes
617 2484 706 2554 qui
733 2482 851 2544 facti
873 2491 996 2538 sunt
1035 2483 1086 2536 in
1114 2497 1196 2545 ea,
1229 2481 1373 2536 in.ea
1417 2479 1540 2534 facti
1567 2489 1690 2534 sunt
1712 2479 1902 2548 princi-

327 2591 418 2644 pes
449 2593 462 2630 :
494 2590 614 2629 nam
645 2583 926 2645 antequam
955 2573 1006 2627 in
1048 2588 1109 2627 ea
1143 2573 1332 2627 ﬁerent
1362 2571 1663 2640 principes,
1691 2570 1897 2639 ahjecta

327 2666 506 2722 tuundi
531 2666 693 2738 elegit
720 2665 892 2730 Deus,
934 2674 990 2718 ut
1019 2663 1368 2720 confunderet
1412 2663 1586 2716 fortia.
1635 2659 1900 2730 Numquid

327 2759 569 2836 princeps
622 2755 897 2828 piscator?
952 2754 1204 2826 numquid
1249 2754 1495 2823 princeps
1545 2752 1902 2824 publicanus?

325 2851 595 2921 Principes
621 2849 807 2919 plane;
835 2848 928 2904 sed
947 2848 1066 2918 quia
1097 2847 1216 2902 facti
1237 2855 1360 2901 sunt
1388 2847 1442 2900 in
1462 2860 1544 2900 ea.
1576 2845 1770 2913 Quales
1813 2843 1902 2898 isti

327 2922 923 3011 principes?'Veneruut
950 2939 1016 2993 de
1046 2938 1317 3009 Babylone
1347 2937 1612 3007 principes
1631 2977 1647 3002 ,
1679 2934 1902 2990 creden-

324 3043 403 3086 tes
444 3030 511 3085 de
535 3017 730 3084 sze'culo
765 3029 1028 3098 principes
1051 3036 1304 3083 venerunt
1329 3026 1396 3081 ad
1437 3027 1622 3081 urbem
1654 3025 1898 3088 Romam,

321 3123 469 3192 quasi
498 3132 655 3194 caput
677 3121 988 3193 Babylonis;
1015 3136 1117 3175 non
1155 3121 1329 3175 ierunt
1352 3118 1418 3173 ad
1449 3119 1701 3188 templum
1730 3115 1901 3184 impe-

324 3213 535 3280 ratoris,
562 3212 653 3267 sed
680 3212 745 3266 ad
775 3211 1083 3266 memoriam
1113 3211 1413 3264 Piscatoris.
1448 3209 1595 3265 Unde
1634 3208 1774 3263 enim
1815 3209 1900 3262 isti

326 3302 629 3372 principes?
665 3297 877 3355 infirma
907 3300 1086 3356 mundi
1113 3300 1269 3370 elegit
1319 3301 1480 3366 Deus,
1511 3310 1566 3354 ut
1611 3299 1902 3354 confundat

323 3395 474 3448 fortia
492 3410 506 3445 :
525 3405 577 3448 et
597 3393 844 3464 ignobilia
866 3393 1024 3463 elegit
1049 3393 1206 3457 Deus,
1223 3402 1478 3461 eteaquae
1505 3408 1607 3445 non
1636 3403 1758 3445 sunt
1780 3401 1897 3443 tan-

323 3501 479 3556 quam
505 3501 623 3556 quze
647 3493 790 3549 sunt,
811 3495 866 3538 ut
887 3500 1004 3554 qua:
1030 3493 1151 3539 sunt
1177 3493 1497 3538 evaeuenlur
1523 3482 1564 3550 (l
1594 3481 1711 3536 Cor.
1740 3498 1776 3546 t,
1803 3481 1895 3548 9.7,

319 3579 435 3647 28).
454 3578 564 3634 Iloc
581 3578 705 3632 facit
722 3577 808 3647 qui
830 3577 984 3646 erigit
1002 3576 1068 3631 de
1095 3585 1232 3631 terra
1256 3576 1486 3644 inopem,
1505 3585 1555 3629 cl
1577 3574 1644 3629 de
1664 3585 1898 3630 stercore

319 3670 516 3725 exaltat
541 3684 845 3739 pauperem.
878 3667 1070 3738 thuid
1088 3667 1277 3738 erigit?
1298 3667 1365 3722 Ut
1381 3667 1604 3722 collocet
1626 3682 1746 3720 eum
1774 3681 1895 3720 cum

323 3760 674 3830 principibus,
705 3774 825 3814 cum
856 3757 1180 3830 principibus
1207 3757 1384 3827 populi
1406 3759 1484 3810 sui
1504 3755 1671 3824 (Psal.
1696 3771 1820 3821 exn,
1839 3751 1892 3822 7,

320 3851 397 3916 8).
429 3849 611 3921 Magna
631 3865 734 3915 res,
755 3865 1002 3921 magnum
1032 3849 1300 3919 gaudium,
1321 3863 1508 3917 magna
1525 3847 1723 3901 lwtitia.
1744 3847 1895 3906 Post-

319 3961 381 3999 ea
400 3954 658 4000 venerunt
686 3945 740 3997 in
767 3944 901 3997 hanc
913 3943 1176 3997 civitatem
1192 3951 1246 3995 et
1264 3949 1533 4005 oratores;
1556 3939 1649 3994 sed
1677 3955 1780 3992 non
1799 3954 1894 3992 ve-

321 4037 492 4091 nirent
507 4035 606 4090 nisi
626 4033 988 4108 prmeederent
1009 4034 1314 4104 piscatores.
1334 4031 1515 4102 Magna
1530 4032 1671 4094 luec;
1696 4030 1788 4084 sed
1806 4029 1893 4084 ubi

321 4130 433 4184 lucc
455 4169 473 4195 ,
504 4129 603 4184 nisi
631 4129 682 4184 in
711 4129 800 4183 illa
839 4127 1051 4181 civitate
1095 4125 1219 4190 Dei,
1244 4123 1310 4178 de
1361 4138 1463 4193 qua
1515 4121 1895 4192 gloriosissima

319 4221 457 4274 dicta
483 4235 625 4273 sum.

391 4311 442 4364 9.
469 4308 618 4382 [vers.
643 4307 719 4379 7.]
767 4305 892 4360 ideo
939 4303 1142 4359 collatis
1188 4301 1435 4356 omnibus
1485 4299 1688 4370 gaudiis
1734 4307 1894 4370 atque

320 4399 578 4462 conflatis,
622 4395 906 4466 quomodo
935 4393 1153 4448 clausit?
1192 4391 1454 4460 Tanquam
1496 4389 1894 4460 jncundatorum

320 4490 542 4542 omnium
602 4486 842 4539 habitatio
914 4485 966 4538 in
1013 4494 1077 4536 te.
1151 4483 1422 4550 Tanquam
1483 4480 1889 4549 jucuudalorum

322 4580 575 4636 habitatio
641 4578 876 4633 omnium
939 4575 1342 4646 jucundatorum
1393 4573 1445 4625 in
1507 4571 1604 4626 hac
1659 4572 1887 4626 civitate.

321 4673 374 4728 In
432 4671 852 4744 peregrinatione
905 4669 1001 4723 ista
1054 4666 1380 4722 conterintur
1429 4681 1442 4718 :
1492 4663 1745 4718 habitatio
1796 4680 1892 4716 no-

317 4763 765 4834 stra,jucumlitas
817 4763 926 4816 sola
981 4761 1100 4815 erit.
1127 4759 1322 4814 Peribit
1359 4756 1509 4811 labor
1531 4767 1584 4810 et
1617 4758 1885 4827 gemitus;

320 4863 592 4910 transeunt
621 4852 885 4906 orationes
905 4893 918 4916 ,
951 4849 1242 4904 succedunt
1281 4848 1628 4902 laudationes.
1659 4846 1732 4899 lbi
1762 4863 1888 4916 ergo

319 4945 568 5000 habitatio
589 4941 1019 5012 jucundatorum,
1052 4956 1156 4996 non
1196 4939 1297 4992 erit
1324 4939 1550 5008 gemitus
1577 4937 1885 4992 desiderau-

317 5039 466 5100 tium,
498 5032 591 5089 sed
623 5033 799 5087 lautitia
831 5031 1224 5101 perfruentium.
1252 5029 1433 5083 Aderit
1454 5030 1592 5082 enim
1614 5030 1696 5082 cui
1729 5029 1885 5082 modo

315 5127 675 5196 suspiramus;
713 5123 914 5178 similes
957 5121 1003 5176 ei
1040 5121 1272 5183 erimus,
1319 5123 1564 5190 quoniam
1593 5121 1884 5177 videbimus

313 5234 432 5271 eum
464 5218 616 5272 sicuti
647 5224 728 5270 est
752 5215 796 5284 (l
825 5213 982 5268 Joan.
1033 5229 1105 5276 Ill,
1139 5211 1214 5282 2)
1241 5228 1253 5264 :
1285 5213 1353 5265 ibi
1402 5221 1567 5266 totum
1617 5214 1881 5283 negotium

312 5317 548 5362 nostrum
579 5325 680 5362 non
710 5309 842 5370 erit,
874 5305 977 5361 nisi
1006 5303 1220 5358 laudare
1241 5305 1429 5369 Deum,
1457 5315 1508 5358 et
1539 5305 1634 5357 frui
1662 5306 1787 5358 Deo.
1820 5307 1883 5359 Et

311 5399 434 5469 quid
463 5400 603 5453 aliud
642 5414 939 5469 quarremus
964 5441 979 5465 ,
1006 5397 1094 5452 ubi
1136 5398 1278 5451 solus
1308 5395 1502 5451 suflicit
1523 5440 1537 5462 ,
1595 5413 1689 5467 per
1724 5413 1879 5465 quem

313 5496 443 5547 facta
467 5504 586 5547 Sunt
607 5494 820 5547 Omnia?
848 5491 1212 5552 llabitabimur
1245 5499 1298 5546 et
1326 5489 1678 5543 habitabimus
1710 5506 1722 5540 :
1755 5491 1880 5542 suh-

305 5590 556 5658 jicientur
593 5587 664 5638 illi
709 5587 905 5645 omnia,
937 5596 994 5639 ut
1036 5588 1102 5640 sit
1136 5587 1271 5639 Dens
1315 5586 1489 5638 omnia
1533 5585 1586 5636 in
1635 5583 1881 5635 omnibus

375 5685 387 5709 ‘
410 5683 480 5728 sic
503 5671 683 5785 aliquot
705 5682 808 5725 Mss.
835 5683 890 5724 At
913 5673 1044 5728 Edd..
1073 5670 1383 5722 cantabimus.
1617 5731 1627 5742 .
1692 5733 1700 5741 _
1854 5732 1861 5737 .

375 5747 391 5771 ἰ
416 5743 484 5785 su-
510 5755 587 5785 ιιιρ
611 5740 738 5785 iores
764 5746 865 5785 Mss.
892 5738 1025 5785 iuxta
1050 5740 1173 5782 LXX.
1208 5743 1261 5782 Al.
1285 5736 1418 5785 de..
1435 5748 1510 5783 nat
1529 5739 1645 5783 rartt
1685 5747 1735 5782 tn
1759 5741 1860 5781 Scr:

374 5747 391 5771 ἰ
416 5743 484 5787 sn-
510 5736 738 5789 meliores
764 5746 865 5786 Mss.
887 5738 1025 5798 juxta
1050 5740 1173 5782 LXX.
1208 5743 1261 5782 Al.
1285 5736 1418 5793 ειμι,
1435 5748 1510 5783 nat
1529 5736 1645 5783 rarit
1685 5736 1735 5782 in
1759 5736 1880 5781 Scri-

312 5803 476 5860 utaris.

1545 357 1601 410 S.
1643 355 2004 411 AUGUSTINI
2045 353 2345 409 EPISCOPI

3440 356 3571 416 1108

2011 467 2029 532 (
2053 465 2067 516 l
2111 463 2230 520 Cor.
2259 481 2344 528 xv,
2373 465 2442 519 9.3
2533 465 2676 520 Beati
2696 481 2822 537 ergo
2845 466 2932 536 qui
2959 464 3182 521 habitant
3209 466 3262 521 in
3287 465 3436 522 domo
3463 478 3571 524 tua.

2005 555 2157 610 Unde
2174 556 2336 610 beati?
2350 555 2600 611 [iubendo
2616 558 3069 625 aurum,habendo
3083 568 3578 629 argentum,nume-

2005 660 2179 698 rosam
2200 645 2468 708 familiam,
2489 647 2827 716 multiplicem
2851 647 3240 718 prolem?Unde
3256 649 3417 703 beati?
3434 649 3575 704 Beati

2005 739 2090 807 qui
2105 737 2328 791 habitant
2343 743 2393 791 in
2410 738 2556 792 domo
2587 751 2704 803 tua;
2724 740 2774 793 in
2790 741 2973 794 saecula
2982 741 3280 794 saeculorum
3301 741 3577 795 laudabunt

2008 838 2055 882 te
2093 828 2262 900 (Psat.
2300 847 2524 895 Lxxxut,
2547 832 2624 900 5).
2661 831 2772 887 Hoc
2818 849 2922 888 uno
2949 833 3087 888 beati
3116 832 3288 887 otioso
3334 836 3570 903 negotio.

2006 921 2119 975 lloe
2143 937 2268 992 ergo
2293 937 2455 976 unum
2481 921 2864 990 desideremus,
2893 923 3097 989 fratres,
3129 940 3252 983 cum
3276 925 3579 979 venerimus

2004 1012 2070 1066 ad
2118 1013 2248 1079 hoc;
2298 1029 2396 1069 nos
2439 1030 2684 1084 paremus
2730 1015 2959 1085 gaudere
3006 1015 3073 1070 ad
3127 1017 3315 1081 Deum,
3365 1015 3581 1070 laudare

2007 1105 2194 1160 Deum.
2225 1107 2395 1176 Opera
2426 1107 2562 1161 bona
2588 1124 2704 1178 qua:
2726 1107 2884 1163 modo
2911 1123 3007 1163 nos
3031 1109 3344 1177 perducunt,
3374 1124 3478 1163 non
3508 1109 3580 1163 ibi

2006 1208 2182 1253 erunt.
2214 1198 2455 1253 Diximus
2491 1209 2546 1254 et
2588 1200 2838 1255 hesterno
2875 1200 2961 1255 die
2995 1199 3092 1271 (a),
3124 1209 3375 1271 quantum
3404 1200 3581 1270 potui-

2007 1306 2156 1354 mus;
2187 1307 2291 1345 non
2319 1292 2388 1346 ibi
2416 1301 2571 1346 erunt
2592 1307 2752 1363 opera
2779 1292 3173 1354 misericordiae,
3199 1291 3287 1348 ubi
3315 1293 3456 1347 nulla
3481 1293 3583 1348 erit

2008 1381 2219 1435 miseria
2244 1399 2257 1433 ε
2289 1393 2529 1452 egentem
2552 1399 2653 1437 non
2682 1383 2936 1449 invenies,
2962 1383 3159 1439 thidum
3188 1399 3293 1438 non
3321 1385 3579 1454 invenies,

2009 1489 2168 1527 nemo
2214 1473 2306 1528 tibi
2349 1483 2595 1530 occurret
2643 1475 2849 1540 sitiens,
2895 1476 3069 1530 nullus
3109 1476 3414 1546 peregrinus
3457 1477 3578 1542 erit,

2008 1564 2184 1618 nullus
2227 1574 2456 1635 :egrotus
2499 1581 2655 1635 quem
2697 1566 2895 1633 visites,
2943 1566 3115 1621 nullus
3152 1577 3391 1622 mortuus
3424 1583 3581 1638 quem

2007 1655 2252 1722 sepelias,
2279 1654 2453 1708 nullus
2477 1655 2798 1725 litigatorum
2822 1655 2960 1710 inter
2988 1670 3122 1726 quos
3153 1671 3331 1725 pacem
3363 1671 3584 1726 compo-

2008 1760 2120 1798 nas.
2155 1741 2288 1811 Quid
2326 1744 2561 1800 facturus
2585 1761 2642 1799 es
2657 1746 2685 1826 ἶ(
2705 1748 2786 1800 An
2824 1746 2958 1800 forte
2985 1758 3200 1817 propter
3241 1748 3586 1803 necessitates

2006 1839 2244 1906 corporis
2271 1839 2435 1893 nostri
2463 1839 2862 1904 novellabimus,
2883 1849 2939 1894 et
2957 1840 3244 1907 arabimus,
3266 1850 3321 1896 et
3348 1843 3583 1912 negotia-

2007 1930 2201 1992 himur,
2228 1939 2284 1984 et
2315 1923 2809 2000 peregrinahimur?
2834 1931 3016 2000 Magna
3048 1932 3118 1985 ibi
3147 1934 3298 2002 quies
3327 1950 3340 1986 :
3368 1949 3487 1986 nam
3514 1933 3583 1988 ibi

2006 2021 2182 2074 omnia
2210 2035 2391 2090 opera.
2422 2038 2540 2091 quae
2585 2023 2872 2076 necessitas
2911 2022 3132 2093 ﬂagitat,
3177 2025 3582 2101 subtrahentur;

2008 2122 2213 2167 mortua
2242 2115 2579 2180 necessitate,
2609 2114 2854 2183 peribunt
2876 2130 3036 2184 opera
3065 2117 3415 2171 necessitatis.
3449 2116 3583 2184 Quid

2007 2220 2132 2275 ergo
2168 2206 2310 2261 erit?
2350 2207 2624 2272 Quomodo
2669 2207 2856 2276 potuit,
2903 2206 3044 2260 dixit
3089 2207 3262 2277 lingua
3309 2207 3580 2262 humana:

2009 2299 2271 2369 Tanquam
2296 2299 2699 2369 jucundatorum
2745 2299 2970 2352 omnium
2993 2299 3233 2353 habitatio
3270 2300 3322 2353 in
3350 2308 3414 2352 te.
3447 2300 3582 2365 Quid

2006 2401 2108 2456 est,
2137 2391 2408 2461 tanquam?
2433 2405 2616 2459 quare,
2644 2391 2921 2460 tanquam?
2947 2388 3079 2457 Quia
3111 2390 3230 2444 talis
3260 2389 3328 2444 ibi
3366 2390 3469 2444 erit
3493 2390 3582 2460 ju-

2005 2481 2265 2548 cunditas,
2294 2481 2502 2551 qualem
2540 2481 2623 2534 hic
2651 2497 2754 2535 non
2799 2480 3061 2534 novimus.
3094 2479 3254 2536 Video
3286 2480 3369 2534 hic
3395 2479 3584 2536 multas

2001 2573 2381 2644 jucunditates,
2424 2583 2478 2629 et
2525 2573 2672 2627 multi
2715 2573 2946 2643 gaudent
2974 2573 3027 2626 in
3073 2573 3287 2638 saeculo,
3315 2573 3402 2627 alii
3438 2573 3585 2639 hinc,

2005 2668 2092 2722 alii
2124 2667 2279 2732 inde;
2305 2675 2360 2721 et
2398 2682 2502 2720 non
2532 2663 2775 2736 estquod
2818 2665 2893 2720 illi
2919 2665 3112 2736 gaudio
3134 2679 3460 2735 comparem,
3489 2664 3581 2720 sed

2007 2769 2256 2829 tanquam
2294 2758 2597 2828 jucumlitas
2625 2758 2745 2812 erit.
2775 2756 2906 2812 Nam
2940 2757 2984 2812 si
3013 2757 3207 2823 dicam,
3235 2757 3581 2823 Jucunditas;

2006 2850 2187 2920 incipit
2209 2849 2409 2903 homini
2430 2863 2711 2903 occurrere
2737 2849 2854 2902 talis
2870 2847 3192 2918 jucunditas,
3216 2848 3423 2918 qualem
3450 2849 3583 2905 solet

2006 2941 2206 2997 habere
2232 2941 2287 2996 in
2321 2941 2540 3009 poculis.
2570 2940 2624 2993 in
2652 2941 2908 3011 prandiis,
2941 2941 2991 2994 in
3015 2941 3255 3006 avaritia,
3289 2940 3342 2995 in
3369 2941 3582 2996 honori-

2005 3031 2103 3087 bus
2123 3031 2320 3086 saeculi.
2355 3031 2693 3085 Extolluntur
2719 3032 2858 3086 enim
2889 3032 3150 3098 homines,
3173 3040 3226 3086 et
3246 3031 3423 3087 laetitia
3451 3049 3583 3103 qua-

2004 3122 2124 3176 datn
2157 3123 2423 3176 insaniunt
2453 3139 2466 3176 :
2499 3121 2592 3176 sed
2620 3138 2721 3176 non
2756 3131 2826 3175 est
2853 3123 3072 3193 gaudere
3104 3123 3294 3192 impiis,
3323 3123 3450 3178 dicit
3476 3125 3612 3179 Do-'

2005 3215 2177 3269 minus
2207 3213 2356 3287 (lsai.
2389 3230 2568 3279 XLVIII,
2618 3213 2708 3276 22,
2750 3231 2849 3268 sec.
2891 3214 3077 3285 LXX).
3109 3216 3201 3270 Est
3226 3217 3465 3286 quaedam
3497 3218 3582 3287 ju-

2003 3307 2242 3361 cunditas
2264 3321 2420 3376 quam
2449 3322 2546 3362 nec
2572 3306 2755 3360 oculus
2778 3306 2924 3372 vidit,
2953 3322 3050 3361 nec
3073 3307 3216 3360 auris
3235 3306 3452 3374 audivit,
3482 3324 3581 3364 nec

2005 3397 2055 3451 in
2101 3413 2193 3452 cor
2225 3396 2454 3450 hominis
2497 3395 2734 3450 ascendit
2777 3395 2821 3465 (l
2851 3395 2966 3449 Cor.
2998 3411 3057 3461 ll,
3097 3395 3173 3466 9).
3206 3394 3466 3467 Tanquam
3497 3399 3582 3461 iu-

2001 3491 2332 3543 cundatorum
2361 3489 2584 3541 onmium
2609 3487 2848 3540 habitatio
2870 3488 2922 3540 in
2948 3499 3014 3540 te.
3042 3487 3122 3541 Ad
3160 3487 3302 3541 aliud
3330 3488 3579 3557 gaudium

2002 3595 2101 3636 nos
2124 3595 2404 3650 paremus;
2429 3579 2550 3649 quia
2577 3579 2660 3633 hic
2692 3588 2936 3648 tanquam
2971 3577 3142 3632 simile
3169 3577 3488 3644 invenimus,
3522 3588 3579 3634 et

2002 3691 2108 3728 non
2137 3681 2222 3729 est
2251 3672 2387 3726 hoc:
2422 3687 2487 3726 ne
2525 3671 2673 3740 quasi
2710 3685 2954 3740 paremus
2981 3684 3078 3724 nos
3123 3669 3313 3725 talibus
3357 3670 3426 3724 ibi
3453 3686 3579 3739 per-

2000 3767 2125 3831 frui,
2149 3765 2394 3837 qualibus
2417 3763 2503 3819 hie
2530 3763 2848 3834 gaudemus;
2876 3763 3107 3833 alioquin
3134 3764 3455 3817 continentia
3482 3779 3578 3818 no-

1999 3870 2107 3916 stra
2143 3858 2361 3914 avaritia
2391 3858 2511 3912 erit.
2551 3859 2686 3913 Sunt
2718 3855 2856 3910 enim
2891 3855 3130 3911 homines
3160 3854 3248 3926 qui
3292 3855 3579 3911 invitantur

1999 3953 2064 4007 ad
2107 3966 2316 4008 centiam
2361 3951 2616 4020 Opimam,
2651 3949 2736 4004 ubi
2780 3949 2946 4002 multa
2981 3958 3030 4002 et
3071 3948 3300 4018 pretiosa
3337 3950 3576 4018 ponenda

1998 4054 2154 4110 sunt;
2183 4059 2286 4099 non
2313 4043 2575 4117 prandent
2606 4061 2618 4095 :
2646 4042 2755 4112 jam
2776 4041 2820 4096 si
2848 4056 3056 4111 quaeras
3083 4043 3150 4096 ab
3178 4041 3257 4096 eis
3281 4057 3443 4112 quare
3471 4059 3574 4097 non

1999 4135 2312 4205 prandeant,
2335 4134 2408 4206 (b)
2426 4133 2754 4204 Jejunamus.
2782 4131 3024 4202 Magnum
3050 4146 3202 4201 opus,
3231 4132 3574 4187 christianum

1998 4240 2130 4294 opus
2154 4225 2436 4294 jejunium.
2461 4223 2578 4276 Noli
2603 4222 2709 4276 cito
2736 4221 2949 4277 laudare
2976 4240 2988 4275 :
3013 4238 3190 4291 quzere
3213 4237 3456 4287 causam;
3483 4237 3575 4277 ne-

1997 4317 2194 4383 gotium
2223 4316 2422 4370 ventris
2441 4315 2635 4384 agitur,
2664 4328 2769 4368 non
2792 4313 3079 4384 religionis.
3101 4312 3274 4380 Quare
3296 4313 3575 4383 jejunant?

1997 4406 2074 4463 Ne
2098 4417 2332 4462 ventrem
2364 4411 2734 4476 prmoecupent
2764 4404 2904 4469 vilia,
2951 4412 3004 4458 et
3033 4420 3134 4456 non
3175 4403 3341 4472 possit
3376 4403 3573 4457 admit-

1999 4510 2109 4553 tere
2127 4500 2379 4570 pretiosa.
2409 4497 2546 4566 Ergo
2573 4495 2838 4565 negotium
2866 4493 3091 4565 gutturis
3115 4495 3249 4563 gerit
3274 4495 3323 4547 in
3344 4493 3570 4563 jejunio.

1996 4589 2177 4659 Magna
2205 4605 2291 4644 res
2317 4588 2493 4657 utique
2515 4586 2771 4657 jejunium
2803 4601 2816 4637 :
2841 4593 3022 4638 contra
3053 4590 3284 4637 venttem
3313 4593 3368 4638 et
3391 4594 3573 4653 guttur

1997 4690 2224 4750 pugnat;
2255 4678 2541 4750 aliquando
2569 4677 2669 4731 illis
2695 4677 2906 4730 militat.
2935 4676 3133 4744 Itaque,
3165 4674 3353 4728 fratres
3375 4676 3499 4738 mei,
3523 4677 3570 4731 si

1995 4771 2192 4848 putatis
2233 4769 2428 4838 aliquid
2463 4769 2563 4822 tale
2606 4767 2874 4820 habituros
2920 4780 3014 4818 nos
3054 4763 3104 4816 in
3138 4765 3224 4817 illa
3266 4767 3454 4834 patria,
3500 4766 3566 4820 ad

1995 4877 2150 4931 quam
2180 4877 2276 4915 nos
2308 4861 2617 4914 exhortatur
2643 4857 2763 4912 tuba
2790 4856 3042 4921 caelestis,
3087 4866 3137 4908 ct
3167 4866 3443 4924 propterea
3472 4871 3570 4912 vos

1994 4971 2023 5009 a
2055 4955 2406 5025 prmsentibus
2445 4952 2742 5015 abstinetis,
2777 4959 2832 5004 ut
2860 4946 2968 5002 illic
2995 4947 3112 5001 talia
3141 4949 3408 5017 copiosius
3437 4951 3569 5004 reci-

1995 5049 2176 5116 piatis;
2219 5049 2295 5099 sic
2337 5046 2464 5099 estis
2510 5043 2776 5114 quomodo
2827 5041 2904 5095 illi
2941 5041 3028 5110 qui
3064 5040 3304 5109 jejunant
3352 5053 3570 5111 propter

1992 5141 2175 5210 epulas
2199 5139 2443 5205 majores,
2473 5148 2526 5190 et
2549 5137 2820 5189 continent
2847 5149 2905 5189 se
2931 5133 3132 5203 majore
3160 5132 3564 5210 incontinentia.

1991 5206 2160 5284 N—olite
2185 5244 2311 5297 ergo
2349 5229 2424 5280 sic
2455 5245 2466 5276 :
2497 5225 2561 5280 ad
2589 5225 2782 5295 aliquid
2813 5239 2908 5278 vos
2943 5222 3206 5277 ineffabile
3243 5206 3563 5293 praeparate;

1992 5323 2242 5376 tumulate
2266 5336 2358 5374 cor
2380 5319 2446 5370 ah
2466 5315 2714 5370 omnibus
2734 5316 3101 5371 affectionibus
3131 5318 3320 5370 vestris
3343 5318 3566 5369 terrenis

1991 5417 2044 5461 et
2071 5401 2430 5458 swcularibus.
2462 5401 2632 5453 Visuri
2659 5416 2842 5454 sumus
2864 5401 3134 5470 quiddam,
3163 5416 3266 5469 quo
3288 5399 3400 5454 viso
3425 5399 3563 5453 beati

1991 5492 2208 5552 erimus,
2252 5496 2306 5541 et
2343 5487 2441 5540 hoc
2480 5485 2650 5538 solum
2682 5485 2832 5538 nobis
2861 5485 3104 5540 sufliciet.
3146 5481 3212 5539 Et
3255 5482 3418 5553 quid?
3455 5498 3564 5538 non

1991 5577 2465 5637 mandueabimus?
2497 5577 2604 5631 lmo
2643 5577 3108 5645 manducahimus;
3140 5585 3193 5630 et
3220 5575 3330 5645 ipse
3359 5575 3461 5629 erit
3488 5575 3566 5630 ci-

2055 5727 2127 5786 (a)
2155 5731 2202 5772 In
2223 5725 2527 5786 superiorem
2563 5722 2704 5780 PsaL,
2730 5737 2760 5771 n
2806 5724 2884 5772 2t.

2056 5788 2127 5849 (υ)
2161 5787 2353 5848 supple,
2380 5787 2677 5849 respondent.
