4024 6210
329 374 454 430 1109

326 490 414 542 hus
441 497 650 554 noster,
676 480 782 558 ’qui
808 497 864 544 et
901 486 1122 554 reﬁciat,
1150 496 1206 542 et
1241 501 1346 543 non
1373 487 1600 543 deﬁciat.
1633 486 1896 557 Tanquam

321 582 710 652 iumutatorum
743 581 965 634 omnium
994 579 1236 633 habitatio
1263 579 1316 633 in
1346 589 1413 634 te.
1445 577 1562 634 Jam
1593 578 1787 634 dictum
1815 587 1899 632 est

327 672 454 726 unde
476 670 890 738 jucundabimur
916 687 932 724 :
957 668 1102 724 Beati
1141 670 1226 740 qui
1252 667 1478 723 habitant
1512 669 1565 723 in
1593 668 1742 722 domo
1769 678 1896 732 tua;

325 763 370 814 in
393 761 574 814 secula
602 762 908 815 sucularum
935 759 1214 816 laudabunt
1233 769 1298 814 te.
1331 759 1630 814 Laudemus
1656 767 1712 815 et
1737 758 1896 815 modo

323 851 620 917 Dominum,
669 860 925 921 quantum
973 863 1277 921 possumus,
1341 849 1519 904 mixtis
1567 848 1890 919 gemitibus;

318 944 433 1014 quia
460 943 725 998 laudando
759 960 880 999 eum
909 943 1275 998 desideramus
1302 957 1446 1005 eum,
1476 949 1530 996 et
1552 939 1782 994 nondum
1812 948 1892 995 te-

319 1050 503 1090 nemus
530 1053 544 1090 :
572 1051 693 1090 cum
718 1035 1061 1100 tenuerimus,
1087 1032 1428 1088 subtrahetur
1449 1032 1623 1086 omnis
1641 1031 1890 1102 gemitus,

315 1137 367 1182 et
389 1127 682 1182 remanebit
703 1127 814 1182 sola
837 1135 893 1182 et
919 1140 1046 1196 pura
1063 1133 1119 1180 et
1141 1134 1340 1180 interna
1362 1123 1610 1178 laudatio.
1638 1122 1893 1186 Conversi

314 1217 376 1272 ad
404 1217 706 1272 Dominum.

681 1424 763 1485 IN
805 1423 1186 1486 PSALMUM
1227 1422 1586 1484 LXXXVII

845 1544 1241 1600 ENAthATlO
1279 1543 1379 1617 (a).

381 1660 432 1714 l.
461 1657 613 1732 [vers.
643 1657 719 1730 L]
750 1658 941 1714 Psalmi
985 1657 1138 1728 hujus
1163 1657 1472 1728 octogesimi
1499 1664 1554 1712 et
1577 1655 1788 1728 septimi
1821 1655 1892 1710 ti-

318 1750 452 1804 tulus
482 1750 642 1804 habet
662 1749 859 1820 aliquid
878 1749 1021 1820 quod
1050 1735 1249 1804 novum
1275 1749 1544 1819 negotium
1573 1746 1889 1816 disputatori

315 1844 515 1897 all‘crat.
555 1841 828 1911 Nusquam
858 1841 1001 1896 enim
1031 1841 1257 1896 aliorum
1301 1840 1625 1910 psalmorum
1655 1839 1886 1910 positum

313 1942 391 1989 est
413 1933 553 2004 quod
584 1931 670 1988 hic
712 1932 904 2002 legitur
937 1951 951 1986 :
988 1929 1090 1985 Pro
1126 1930 1313 1985 melech
1341 1929 1409 1983 ad
1455 1928 1884 2000 respondendum.

313 2022 436 2077 Nam
463 2021 536 2078 de
581 2022 794 2077 Psalmo
821 2021 1012 2076 cantici
1055 2028 1109 2076 et
1146 2019 1352 2075 cantico
1380 2019 1567 2090 psalmi
1609 2019 1740 2074 alias
1777 2016 1887 2088 iam

313 2115 430 2183 quid
459 2115 615 2170 nobis
651 2114 919 2169 videretur
943 2112 1171 2167 diximus
1193 2110 1264 2182 (b)
1299 2128 1313 2166 :
1340 2119 1414 2176 et,
1446 2111 1566 2178 ﬁliis
1596 2111 1752 2176 Core,‘
1780 2109 1887 2163 usi-

315 2217 472 2261 tatum
511 2207 564 2261 in
601 2206 768 2261 titulis
795 2206 1115 2273 psalmorum
1164 2204 1561 2274 saepissimeque
1603 2209 1884 2256 tractatum

312 2308 408 2362 est,
435 2307 488 2352 et
512 2297 638 2368 quid
668 2297 756 2362 sit,
785 2297 836 2349 in
861 2298 1013 2366 ﬁnem
1030 2313 1050 2363 ;
1079 2296 1171 2350 sed
1199 2295 1339 2366 quod
1365 2295 1620 2365 sequitur,
1654 2293 1758 2346 Pro
1784 2311 1885 2346 me-

312 2389 413 2441 lecli
437 2389 508 2441 ad
540 2389 966 2459 respondendum,
1000 2388 1100 2442 hoc
1132 2387 1442 2455 inusitatum
1478 2385 1641 2440 habet
1687 2385 1784 2439 iste
1815 2385 1882 2439 ti-

311 2480 468 2534 tulus.
496 2477 601 2532 Pro
623 2480 810 2533 meleclt
837 2488 1037 2545 autem,
1062 2478 1222 2532 latine
1243 2492 1339 2547 pro
1363 2476 1526 2532 choro
1551 2477 1654 2531 dici
1677 2484 1883 2546 potest:

315 2570 498 2624 meleeli
525 2570 667 2624 enim
705 2569 871 2624 verbo
902 2569 1124 2624 Hebraeo
1153 2566 1348 2622 chorus
1371 2566 1716 2636 signiﬁcatur.
1748 2565 1882 2632 Quid

312 2671 391 2715 est
414 2676 563 2730 ergo,
598 2661 700 2714 Pro
728 2659 892 2714 choro
918 2659 984 2714 ad
1025 2657 1450 2728 respondendum
1476 2672 1491 2721 ;
1535 2657 1635 2711 nisi
1665 2655 1802 2712 forte
1830 2665 1888 2710 ut

311 2753 517 2807 canenti
565 2750 762 2806 chorus
805 2749 1152 2805 consonando
1191 2745 1540 2818 respondeat?
1587 2746 1735 2802 Sicut
1778 2763 1886 2802 non

312 2843 466 2897 istum
506 2842 700 2908 solum,
731 2839 825 2895 sed
871 2829 1002 2894 alios
1045 2852 1255 2909 quoque
1288 2835 1522 2908 psalmos
1563 2835 1883 2891 credendum

309 2942 389 2987 est
427 2946 550 2986 esse
590 2939 847 2996 cantatos,
879 2921 1121 3000 qu'amvis
1164 2927 1298 2982 alios
1342 2926 1522 2982 titulos
1548 2926 1882 2995 acceperint;

309 3022 446 3092 quod
473 3024 664 3077 factum
692 3021 939 3078 existimo
965 3035 1124 3095 causa
1157 3019 1448 3086 varietatis,
1479 3034 1582 3088 qua
1615 3016 1885 3072 fastidium

310 3113 590 3168 levaretur.
639 3111 753 3168 Non
800 3111 942 3166 enim
986 3110 1131 3164 solus
1163 3109 1264 3164 iste
1301 3109 1538 3181 psalmus
1580 3107 1770 3179 dignus
1804 3116 1890 3163 est

312 3203 539 3268 habitus,
572 3203 661 3258 ubi
692 3201 1045 3272 responderet
1063 3199 1278 3266 chorus,
1311 3216 1430 3254 cum
1459 3199 1640 3268 utique
1678 3214 1784 3253 non
1815 3199 1886 3252 sit

311 3295 452 3349 solus
474 3293 541 3349 de
571 3293 779 3349 Domini
818 3292 1063 3362 passione
1087 3294 1442 3360 conscriptus.
1474 3291 1581 3344 Aut
1609 3288 1653 3343 si
1679 3298 1761 3344 est
1783 3288 1886 3342 alia

311 3401 463 3441 causa
519 3400 616 3441 cur
661 3394 804 3439 tanta
848 3383 918 3438 sit
962 3382 1191 3438 varietas
1241 3382 1532 3445 titulorum,
1571 3395 1674 3450 qua
1723 3380 1888 3450 possit

311 3476 518 3532 ostendi
547 3478 617 3531 ita
643 3475 882 3530 Psalmos
908 3488 1097 3528 omnes
1123 3487 1242 3528 esse
1269 3481 1610 3543 praenotatos,
1638 3471 1724 3540 qui
1764 3478 1889 3524 sunt

309 3570 462 3624 aliter
487 3579 649 3637 atque
678 3567 830 3621 aliter
861 3565 1157 3636 praenotati,
1191 3569 1248 3618 ut
1285 3563 1480 3618 nullius
1511 3562 1691 3634 titulps
1717 3561 1888 3614 valeat

307 3662 460 3716 alicui
486 3660 639 3716 alteri
667 3658 950 3714 convenire
970 3675 985 3725 ;
1009 3671 1106 3727 ego
1133 3671 1270 3721 eam,
1300 3653 1492 3720 fateor,
1517 3669 1638 3708 cum
1665 3651 1885 3706 multum

310 3763 531 3808 conatus
574 3765 772 3817 essem,
805 3757 1083 3820 penetrare
1124 3763 1231 3803 non
1271 3747 1455 3819 potui:
1488 3753 1540 3801 et
1582 3745 1628 3799 si
1664 3742 1791 3814 quid
1818 3742 1888 3799 de

311 3845 406 3901 hac
434 3861 491 3900 re
518 3845 624 3916 legi
663 3844 731 3899 ab
773 3843 852 3898 eis
877 3841 1098 3907 dictum,
1143 3839 1234 3911 qui
1275 3850 1398 3894 ante
1426 3853 1524 3892 nos
1564 3837 1660 3890 ista
1692 3844 1886 3890 tracta-

310 3946 453 4002 runt,
481 3953 584 3991 non
610 3933 866 3990 satisfecit
885 3920 1289 4002 exspectationi,
1325 3929 1438 3984 sive
1469 3926 1700 3982 tarditati
1726 3940 1884 3979 mete.

311 4029 368 4084 ln
418 4044 520 4098 quo
558 4028 718 4098 igitur
764 4025 1016 4096 mysterio
1059 4021 1260 4076 dictum
1299 4019 1429 4074 mihi
1480 4017 1739 4082 videatur,
1783 4015 1886 4070 Pro

307 4120 473 4174 choro
512 4117 580 4172 ad
608 4113 1058 4186 respondendum,
1091 4111 1144 4167 id
1185 4118 1287 4172 est,
1315 4117 1374 4164 ut
1399 4107 1606 4162 canenti
1634 4121 1727 4177 per
1755 4105 1889 4160 cho-

310 4226 427 4264 rnm
458 4207 861 4278 respondeatur,
893 4217 1174 4275 exponam.
1206 4199 1416 4256 Domini
1446 4199 1531 4253 hic
1557 4198 1733 4269 passio
1755 4213 1885 4267 pro-

315 4300 582 4370 phetatur.
615 4297 752 4352 Dicit
775 4304 954 4351 autem
993 4294 1266 4364 apostolus
1292 4291 1500 4354 Petrus,
1535 4289 1763 4345 Christus
1793 4307 1884 4360 pro

311 4392 452 4444 nobis
478 4405 656 4461 passus
698 4395 788 4449 est,
821 4387 1102 4456 relinquens
1126 4384 1266 4438 nobis
1294 4382 1594 4451 exemplum,
1623 4391 1679 4433 ut
1706 4397 1886 4451 sequa-

312 4501 426 4535 mur
453 4482 658 4552 vestigia
687 4481 795 4551 ejus
823 4480 866 4548 (ι
893 4477 1031 4532 Petr.
1065 4493 1120 4540 ιι,
1143 4477 1234 4546 21)
1264 4493 1275 4529 :
1309 4474 1409 4528 hoc
1433 4484 1512 4528 est
1541 4473 1882 4543 respondere.

313 4575 449 4631 Dicit
483 4573 640 4627 etiam
667 4569 940 4640 apostolus
964 4567 1216 4634 Joannes,
1254 4566 1400 4620 Sicut
1427 4562 1652 4617 Christus
1679 4580 1771 4634 pro
1797 4581 1888 4617 uo-

300 4670 382 4723 bis
425 4665 645 4717 animam
680 4679 824 4716 suam
853 4661 1037 4732 posuit,
1078 4660 1152 4712 ita
1191 4666 1237 4711 ct
1279 4673 1369 4711 nos
1397 4655 1630 4709 debemus
1666 4655 1887 4708 animant

307 4771 402 4822 pro
434 4755 679 4825 fratribus
718 4769 900 4823 ponere
925 4751 965 4821 (l
992 4748 1149 4803 Joan.
1173 4765 1250 4816 ιιι,
1279 4746 1368 4818 16)
1395 4765 1407 4801 :
1437 4745 1538 4800 hoc
1559 4755 1641 4800 est
1664 4761 1888 4816 respon-

305 4847 459 4901 dere.
503 4843 712 4900 Chorus
752 4852 926 4898 autem
971 4839 1305 4896 concordiam
1345 4837 1624 4909 signiﬁcat,
1668 4853 1785 4908 quae
1834 4838 1887 4892 in

307 4936 571 4991 citaritate
597 4935 857 4990 consistit.
892 4932 1142 5002 Quisquis
1167 4945 1293 5001 ergo
1314 4929 1462 5000 quasi
1491 4929 1766 4984 aemulator
1785 4929 1887 4983 do-

309 5030 522 5084 minio-1e
544 5015 805 5098 passionis
827 5025 1100 5081 tradiderit
1121 5038 1314 5091 corpus
1342 5037 1495 5076 suum
1529 5031 1586 5076 ut
1611 5021 1812 5088 ardeat,
1843 5023 1887 5077 si

307 5119 626 5174 charitatem
665 5131 770 5171 non
802 5116 1011 5181 habeat,
1065 5129 1168 5167 non
1205 5111 1489 5183 respondet
1533 5112 1584 5165 in
1612 5116 1805 5177 choro;
1834 5122 1888 5167 et

309 5211 433 5264 ideo
461 5208 593 5263 nihil
629 5207 677 5263 ei
703 5205 921 5277 prodest
949 5205 988 5278 (l
1009 5203 1127 5258 Cor.
1146 5219 1258 5266 xui,
1279 5203 1356 5273 3).
1384 5202 1610 5257 Proinde
1633 5203 1888 5272 quemad-

308 5301 531 5354 modum
553 5294 803 5354 dicuntur
832 5299 883 5350 in
910 5305 1024 5350 arte
1056 5295 1274 5358 musica,
1304 5294 1438 5348 sicut
1464 5309 1524 5348 ea
1551 5293 1690 5348 docti
1716 5293 1890 5348 homi-

308 5410 411 5448 nes
442 5394 602 5449 latine
627 5392 804 5447 dicere
834 5396 1137 5460 potuerunt,
1164 5395 1462 5456 praecentor
1497 5396 1550 5442 et
1575 5395 1884 5455 suceentor;

308 5494 614 5555 praecentor
633 5483 835 5539 scilicet
859 5483 948 5552 qui
979 5495 1160 5535 vocem
1188 5478 1462 5549 praemittit
1486 5479 1537 5533 in
1563 5486 1743 5545 cantu,
1766 5493 1888 5534 suc-

375 5594 451 5658 (a)
475 5596 656 5644 metata
679 5600 788 5658 post
805 5590 1079 5654 expositum
1100 5587 1221 5639 Psal.
1245 5601 1341 5651 xu,
1360 5587 1426 5638 de
1445 5600 1542 5650 quo
1564 5584 1684 5637 infra
1697 5584 1746 5636 n'.
1772 5587 1821 5648 7,
1838 5593 1888 5638 et

305 5657 442 5706 forte
465 5663 574 5718 post
591 5657 712 5705 Psal.
733 5667 904 5718 ιξιιινιι.Δ
1048 5708 1064 5718 _
1327 5690 1336 5696 ,
1425 5679 1454 5718 _.

381 5718 452 5779 (b)
466 5708 545 5766 'ne
565 5717 656 5779 hac
675 5727 735 5764 re
748 5715 871 5764 dixit
891 5713 940 5761 in
960 5708 1084 5779 psal.
1106 5724 1249 5779 LXVII_,
1271 5712 1540 5779 expositum
1564 5709 1770 5779 an._4_15._
1790 5721 1889 5770 quo

306 5771 447 5829 forte
472 5777 692 5833 remittit,
729 5782 926 5837 promer
960 5773 1101 5834 hujus
1143 5773 1307 5833 psalmi
1335 5771 1536 5822 Ititulum
1575 5774 1658 5835 qui
1697 5773 1882 5821 habet:

313 5840 566 5891 Canticum
586 5833 780 5898 Paulini,
800 5833 911 5898 ﬁliis
928 5833 1066 5894 core,
1086 5842 1179 5883 etc.

1345 372 1734 428 ENARRATIO
1772 371 1837 427 ΙΝ
1877 371 2191 429 PSALMUM
2232 371 2535 431 LXXXV".

2005 496 2191 543 centor
2226 499 2401 546 autem
2427 491 2516 560 qui
2556 488 2937 560 subsequenter
2965 495 3207 552 canendo
3246 497 3574 568 respondet:

2002 579 2072 633 ita
2104 581 2153 634 in
2181 581 2283 636 hoc
2327 583 2533 637 cantico
2563 583 2846 652 passionis,
2877 587 3267 654 praecedentem
3303 586 3575 646 Christum

1999 670 2341 741 subsequitur
2383 673 2579 728 chorus
2623 685 2914 745 martyrum
2958 675 3011 730 in
3061 677 3220 733 tinem
3275 681 3577 736 antestium

1999 775 2334 816 coronarum.
2365 763 2478 818 Hoc
2495 763 2637 818 enim
2659 767 2866 819 canitur
2887 764 3011 833 ﬁliis
3035 764 3184 833 Core,
3211 768 3264 822 id
3297 778 3380 824 est
3405 771 3577 826 imita-

2000 854 2203 908 toribus
2232 855 2492 924 passionis
2533 852 2726 910 Christi
2756 871 2770 909 :
2798 855 3047 925 quoniam
3087 855 3140 912 in
3165 854 3422 915 Calvarite
3453 859 3575 916 loco

1997 944 2280 999 crucifixus
2306 955 2390 1001 est
2420 945 2662 1000 Christus
2691 946 2901 1018 (Matth.
2928 963 3098 1012 xxvn,
3129 948 3218 1020 53)
3245 965 3261 1015 ;
3294 966 3411 1020 quae
3435 951 3574 1008 illius

1998 1032 2194 1087 hebrtei
2222 1035 2451 1089 nominis
2469 1035 2837 1105 interpretatio
2855 1036 3178 1106 perhibetur,
3207 1037 3258 1092 id
3287 1048 3388 1106 est,
3410 1039 3571 1098 Core.

1996 1124 2063 1178 Et
2096 1124 2194 1179 'hic
2228 1132 2311 1180 est
2353 1126 2627 1181 intellectus
2665 1125 2860 1182 xEman
2899 1126 3148 1184 Israelita:
3173 1128 3248 1202 (a)
3279 1148 3293 1185 :
3321 1131 3463 1201 quod
3516 1132 3569 1189 in

1997 1217 2133 1271 tituli
2172 1216 2328 1287 hujus
2349 1218 2534 1272 ultimo
2569 1220 2796 1288 positum
2832 1229 2933 1274 est.
2965 1219 3157 1276 .Eman
3179 1222 3377 1291 quippe
3405 1222 3574 1278 inter-

1993 1307 2190 1375 pretari
2231 1307 2440 1373 dicitur,
2489 1308 2677 1363 Frater
2719 1309 2853 1378 ejus.
2896 1310 3001 1366 Eos
3029 1312 3171 1367 enim
3210 1310 3400 1366 fratres
3445 1326 3574 1367 suos

1993 1399 2234 1455 Christus
2261 1400 2438 1456 facere
2461 1401 2706 1470 dignatus
2731 1411 2833 1468 est,
2863 1403 2956 1472 qui
2975 1413 3366 1459 sacramentum
3394 1404 3568 1462 crucis

1993 1490 2107 1557 ejus
2137 1491 2457 1562 intelligunt,
2483 1502 2664 1548 etnon
2692 1495 2864 1549 solum
2884 1494 2949 1550 de
2974 1496 3062 1554 illa
3079 1511 3194 1552 .non
3219 1496 3566 1564 erubescunt,

1995 1597 2176 1636 verum
2218 1585 2458 1639 etiamin
2509 1585 2596 1639 illa
2639 1585 2869 1654 ﬁdeliter
2909 1587 3222 1657 gloriantur,
3266 1605 3373 1644 non
3417 1605 3476 1646 se
3502 1589 3602 1646 de'

1991 1672 2101 1727 suis
2129 1674 2331 1729 meritis
2353 1676 2691 1743 extollentes,
2719 1677 2814 1732 sed
2853 1678 2968 1747 ejus
2995 1681 3181 1750 gratia:
3205 1696 3308 1736 non
3335 1681 3568 1752 ingrati;

1992 1773 2048 1819 ut
2074 1765 2356 1836 unicuique
2379 1781 2563 1822 eorum
2589 1767 2694 1824 dici
2721 1770 2908 1840 possit,
2938 1770 3071 1826 Ecce
3089 1787 3199 1828 vere
3220 1771 3478 1843 Israelita,
3509 1775 3564 1829 iu

1989 1872 2086 1924 quo
2129 1856 2274 1911 dolus
2321 1874 2421 1912 non
2461 1870 2534 1914 est
2574 1859 2756 1931 (Joan.
2786 1877 2824 1928 ι,
2856 1862 2947 1934 47)
2974 1883 2988 1918 :
3013 1864 3148 1919 sicut
3191 1866 3363 1935 ipsum
3403 1865 3567 1924 Israel

1988 1945 2258 2016 Scriptura
2283 1948 2398 2004 sine
2425 1948 2549 2004 dolo
2574 1950 2738 2008 luisse
2757 1954 3096 2013 commendat
3115 1954 3267 2028 (Gen.
3291 1973 3421 2024 xxv,
3445 1958 3566 2030 27).

1988 2035 2104 2092 Jam
2147 2040 2323 2109 itaque
2367 2039 2562 2096 Christi
2602 2057 2786 2100 vocem
2826 2045 2878 2100 in
2911 2046 3185 2117 prophetia
3232 2049 3568 2118 praecinentis

1986 2129 2284 2196 audiamus,
2316 2132 2402 2186 cui
2431 2148 2560 2188 suus
2588 2133 2782 2192 chorus
2806 2137 2888 2191 vel
2917 2136 3232 2205 imitatione,
3269 2141 3351 2195 vel
3373 2140 3569 2211 gratia-

1989 2233 2106 2272 rum
2135 2220 2344 2275 actione
2370 2222 2713 2291 respondeat.

2056 2309 2110 2363 2.
2138 2309 2286 2381 [νει-ε.
2315 2312 2370 2379 2,
2399 2311 2480 2385 5.]
2516 2312 2732 2368 Domine
2755 2314 2892 2370 Deus
2911 2317 3090 2372 salutis
3111 2334 3252 2385 mete,
3275 2320 3329 2375 in
3357 2321 3439 2374 die
3462 2320 3566 2375 cla-

1985 2401 2119 2455 mari
2143 2412 2188 2456 et
2211 2411 2352 2458 nocte
2377 2420 2548 2459 coram
2581 2414 2646 2460 te.
2677 2403 2840 2460 Intret
2877 2407 2931 2462 in
2973 2419 3239 2481 conspectu
3279 2420 3363 2466 tuo
3401 2413 3564 2468 oratio

1988 2509 2133 2558 mea;
2174 2495 2364 2548 inclina
2407 2511 2582 2551 aurem
2623 2505 2760 2552 tuam
2805 2497 2873 2552 ad
2920 2516 3112 2569 precem
3155 2518 3338 2557 meam.
3383 2501 3594 2560 Oravit.

1986 2585 2127 2639 enim
2158 2594 2212 2640 ct
2238 2585 2512 2653 Dominus,
2561 2601 2668 2642 non
2711 2587 3007 2644 secundum
3035 2589 3262 2648 formam
3306 2592 3422 2660 Dei,
3465 2593 3564 2650 sed

1986 2676 2278 2732 secundum
2323 2678 2545 2734 formam
2585 2679 2763 2736 servi:
2793 2681 3085 2738 secundum
3138 2683 3274 2740 lianc
3319 2685 3462 2740 enim
3509 2696 3566 2743 et

1987 2781 2173 2836 passus
2193 2777 2295 2824 est.
2324 2767 2505 2826 Oravit
2530 2779 2710 2828 autem
2732 2780 2926 2829 etcum
2948 2773 3002 2830 iu
3029 2774 3164 2830 laetis
3181 2775 3340 2837 rebus
3358 2785 3565 2849 ειμι-ων.

1987 2859 2126 2940 quod
2151 2859 2257 2914 diei
2298 2863 2552 2930 nomine;
2587 2874 2641 2920 et
2683 2879 2804 2920 cum
2836 2865 2890 2921 in
2933 2865 3192 2935 adversis,
3223 2868 3366 2941 quod
3393 2869 3564 2926 noctis

1987 2941 2204 3006 nomine
2256 2952 2542 3022 signiﬁcari
2592 2955 2843 3011 arbitror.
2893 2955 3166 3028 Ingressus
3211 2961 3464 3016 orationis
3508 2962 3564 3017 in

1989 3050 2278 3112 conspectu
2321 3043 2438 3110 Dei,
2480 3046 2776 3115 acceptatio
2811 3046 2928 3117 ejus
2967 3055 3081 3112 est;
3119 3048 3392 3106 inclinatio
3418 3052 3563 3108 auris

1989 3131 2103 3198 Dei,
2163 3132 2467 3190 misericors
2515 3135 2784 3192 exauditio
2832 3146 2916 3193 est
2943 3155 2958 3194 :
2984 3153 3106 3193 nam
3152 3139 3392 3195 membra
3437 3140 3564 3196 talia

1987 3226 2161 3296 qualia
2183 3241 2281 3281 nos
2309 3226 2564 3282 habemus
2604 3229 2656 3284 in
2684 3243 2930 3300 corpore,
2954 3245 3062 3286 non
3093 3230 3255 3288 habet
3274 3232 3434 3288 Deus.
3465 3231 3566 3290 Est

1987 3324 2164 3371 autem
2199 3315 2354 3370 solita
2395 3317 2642 3388 repetitio
2666 3337 2680 3374 :
2704 3334 2826 3374 nam
2870 3319 3011 3391 quod
3039 3330 3141 3389 est,
3168 3319 3330 3377 Intret
3357 3323 3413 3377 iu
3438 3339 3563 3377 con-

1986 3414 2158 3476 spectu
2202 3417 2287 3461 tuo
2329 3409 2490 3462 oratio
2539 3426 2686 3475 mea;
2727 3409 2953 3482 idipsum
2993 3419 3096 3479 est,
3149 3410 3350 3467 Inclina
3393 3428 3564 3467 aurem

1989 3510 2127 3554 tuam
2155 3501 2223 3555 ad
2249 3518 2445 3570 precem
2474 3519 2655 3558 meam.

2060 3593 2113 3648 5.
2157 3590 2306 3664 [vers.
2332 3591 2410 3665 4.]
2453 3594 2704 3660 Quoniam
2728 3597 2918 3667 repleta
2955 3605 3027 3651 est
3062 3598 3211 3652 malis
3234 3598 3404 3652 anima
3429 3611 3561 3672 mea,

1989 3695 2036 3739 et
2065 3687 2164 3740 vita
2202 3703 2312 3740 mea
2335 3687 2388 3740 in
2415 3687 2614 3756 inferno
2640 3689 3078 3759 apprOpinquavit.
3112 3688 3451 3746 Audemusne
3479 3691 3568 3744 di—~

1989 3789 2110 3830 cere
2130 3777 2362 3830 animam
2385 3776 2580 3831 Christi
2607 3778 2860 3845 repletam
2889 3777 3064 3845 malis,
3093 3794 3214 3833 cum
3242 3780 3329 3835 illa
3362 3785 3566 3851 passio-

1991 3869 2074 3922 nis
2105 3867 2324 3922 amictio
2355 3869 2406 3923 in
2435 3883 2598 3924 carne
2638 3868 3160 3941 valuerit,_quidquid
3198 3870 3392 3926 valuit?
3415 3873 3566 3932 Unde

1992 3968 2047 4014 et
2098 3958 2211 4028 ipse
2251 3973 2380 4013 suos
2408 3959 2473 4012 ad
2505 3959 2832 4014 tolerantiam
2860 3960 3471 4032 passionis'accendens,
3511 3976 3568 4023 et

1997 4061 2242 4120 tanquam
2266 4049 2330 4105 ad
2359 4050 2785 4119 respondendum
2810 4052 3096 4108 exhortans
3117 4053 3338 4111 chorum
3365 4073 3519 4113 suum
3545 4077 3564 4117 :

1995 4142 2192 4210 Nolite,
2222 4141 2411 4212 inquit,
2431 4143 2603 4196 timere
2629 4159 2714 4196 eos
2737 4143 2825 4212 qui
2845 4159 3030 4212 corpus
3053 4144 3310 4213 occidunt,
3341 4149 3566 4204 animum

1989 4245 2156 4290 autem
2183 4251 2284 4290 non
2309 4242 2517 4304 possunt
2561 4232 2783 4288 occidere
2809 4233 3020 4306 (Matth.
3051 4249 3107 4300 ι,
3147 4235 3261 4306 28).
3287 4237 3369 4292 An
3395 4240 3565 4295 occidi

1990 4339 2019 4379 a
2053 4324 2481 4394 persecutoribus
2507 4325 2684 4378 anima
2729 4339 2835 4378 non
2871 4333 3066 4394 potest,
3097 4325 3252 4383 malis
3274 4336 3449 4384 autem
3481 4345 3565 4384 re-

1993 4418 2125 4487 pleri
2168 4417 2380 4485 potest?
2419 4415 2570 4481 Quod
2613 4416 2658 4469 si
2707 4417 2776 4470 ita
2817 4423 2920 4507 est,
2964 4417 3307 4486 qumrendum
3350 4418 3562 4490 quibus.

1991 4509 2104 4564 Non
2132 4508 2270 4564 enim
2296 4507 2458 4573 vitiis,
2490 4523 2585 4577 per
2613 4523 2730 4577 quae
2751 4507 2950 4561 homini
2971 4507 3274 4564 dominatur
3292 4509 3562 4580 iniquitas,

1990 4601 2220 4656 animam
2250 4600 2389 4654 illam
2430 4599 2684 4668 repletam
2730 4613 3011 4668 possumus
3036 4599 3248 4666 dicere;
3292 4601 3389 4656 sed
3428 4601 3566 4658 forte

1993 4693 2283 4756 doloribus,
2313 4691 2505 4762 quibus
2541 4690 2715 4744 anima
2754 4705 2867 4745 sua:
2891 4679 3039 4747 αιδηὶ
3081 4690 3134 4745 in
3164 4691 3280 4761 ejus
3317 4695 3565 4762 passione

1991 4783 2328 4854 compatitur.
2378 4781 2493 4836 Non
2530 4780 2671 4835 enim
2707 4781 2790 4835 vel
2832 4781 2943 4850 ipse
2971 4781 3058 4851 qui
3086 4781 3283 4838 dicitur
3321 4785 3563 4854 corporis

1993 4875 2165 4940 dolor,
2209 4880 2387 4943 potest
2428 4885 2547 4926 esse
2596 4871 2711 4925 sine
2751 4871 2947 4938 anima,
2993 4887 3150 4941 quem
3196 4873 3567 4928 inevitabilitcr

1993 4967 2355 5022 imminentem
2386 4964 2637 5035 praecedit
2664 4965 2895 5030 tristitia,
2923 4981 3041 5035 quae
3062 4967 3226 5021 solius
3251 4967 3443 5021 anima:
3469 4967 3558 5021 do-

1994 5060 2074 5114 lor
2105 5067 2206 5114 est.
2238 5058 2430 5113 Dolere
2464 5067 2596 5128 ergo
2623 5059 2818 5124 anima,
2845 5058 3004 5112 etiam
3048 5073 3153 5112 non
3194 5058 3406 5112 dolente
3447 5072 3558 5112 cor.

1995 5163 2143 5218 pore,
2185 5156 2390 5218 potest;
2423 5147 2603 5202 dolere
2645 5157 2820 5202 autem
2867 5162 3062 5216 corpus
3102 5148 3217 5201 sine
3248 5147 3420 5200 anima
3459 5161 3564 5200 non

1995 5247 2185 5308 potest.
2214 5237 2322 5295 Cur
2357 5238 2533 5308 itaque
2561 5254 2664 5293 nou
2690 5239 2929 5293 dicamus
2968 5252 3074 5292 non
3101 5236 3345 5290 humanis
3369 5250 3560 5306 pecca-

1993 5333 2082 5397 tis,
2111 5331 2204 5385 sed
2227 5342 2400 5386 tamen
2427 5329 2671 5385 humanis
2690 5329 2841 5383 malis
2864 5328 3118 5398 repletam
3147 5325 3309 5380 fuisse
3332 5326 3564 5384 animam

1993 5421 2235 5478 Christi?
2264 5421 2336 5476 De
2371 5436 2476 5490 quo
2511 5421 2646 5474 alius
2683 5419 2937 5490 prepheta
2965 5417 3092 5472 dicit
3118 5416 3259 5487 quod
3287 5433 3382 5488 pro
3404 5418 3561 5475 nobis

1993 5511 2222 5568 doluerit
2250 5510 2405 5580 (Isai.
2437 5508 2670 5586 mu,‘4)‘:
2693 5517 2746 5564 et
2769 5507 3109 5577 evangelista,
3152 5506 3443 5580 Assumpto,
3475 5510 3560 5564 in-

2055 5706 2127 5767 (o)
2150 5711 2215 5754 Ex
2237 5703 2583 5768 interpretandi
2605 5704 2792 5768 ratione
2818 5700 2973 5768 liquet
2998 5711 3119 5766 aug.
3143 5703 3346 5768 legisse,
3373 5705 3564 5756 Israeli-

1992 5763 2172 5818 tw':'at
2197 5763 2467 5829 invulgati
2487 5773 2562 5829 est
2587 5763 2884 5829 gara/titur
2902 5764 3026 5816 forte
3062 5763 3164 5829 pro,
3193 5763 3400 5818 Zaraittc
3419 5805 3431 5827 ,
3459 5769 3558 5816 vid.

1997 5829 2132 5892 inira,
2159 5826 2273 5876 Psal.
2294 5825 2376 5888 88;
2397 5825 2487 5876 col.
2519 5825 2649 5888 llz’O,
2679 5835 2775 5877 not.
2798 5826 2889 5891 (b).

3441 384 3500 440 I-‘l
3517 384 3613 440 ια-

3658 2205 3668 2256 ι

3659 2257 3668 2338 ξ

3661 2481 3669 2558 ἓ
