4024 6210
371 426 504 521 quit,
531 442 681 499 Petro
710 450 756 497 et
780 439 976 496 duobus
1000 437 1119 508 [iliis
1139 434 1386 501 Zebedtei,
1416 436 1565 505 coepit
1585 434 1871 488 contristari
1898 443 1945 486 et

372 546 578 591 nitu-stus
602 550 742 599 esse;
765 540 822 587 ct
854 532 968 602 ipse
998 526 1248 583 Dominus
1272 527 1340 581 de
1366 527 1559 596 seipso.
1577 536 1699 581 tunc
1726 527 1799 579 ait
1820 525 1944 588 illis,

375 628 554 683 Tristis
586 636 658 682 est
685 625 858 679 animo
897 637 1009 676 mea
1034 635 1193 689 usque
1229 618 1298 672 ad
1322 628 1529 671 mortem
1560 615 1770 687 (Matth.
1798 631 1941 681 χιιι,

372 721 463 786 57,
496 715 610 789 58).
632 716 755 772 Haec
778 713 953 768 futura
984 711 1280 779 praevidens
1306 708 1588 777 Propheta,
1632 707 1817 776 psalmi
1852 705 1950 760 hu-

375 809 521 879 jusce
537 804 887 873 conscriptnr,
905 800 1162 856 inducens
1181 814 1303 853 eum
1327 798 1628 868 loquentem
1656 816 1669 852 :
1698 796 1952 863 Quoniam

375 903 570 971 repleta
609 906 699 963 est,
719 896 911 967 inquit,
938 894 1086 948 malis
1114 893 1285 946 animo
1304 908 1435 954 mea,
1458 900 1504 943 et
1529 891 1629 943 vita
1654 906 1765 942 utea
1792 889 1846 942 in
1871 889 1952 943 in—

374 998 521 1066 {eruo
540 987 982 1062 appropinquavit.
1014 984 1143 1039 Nam
1178 984 1344 1052 ipsam
1386 981 1704 1038 sententiam
1734 981 1952 1034 omnino

376 1082 552 1138 verbis
603 1081 722 1136 aliis
765 1078 1067 1149 explicavit,
1110 1090 1213 1146 qua
1261 1074 1458 1130 dictum
1503 1083 1605 1134 est,
1656 1072 1834 1127 Tristis
1877 1082 1951 1126 est

378 1175 549 1228 anima
574 1189 687 1226 mea
722 1186 878 1240 usque
917 1168 984 1222 ad
1014 1176 1245 1220 mortem.
1290 1164 1441 1233 Quod
1482 1164 1622 1219 enim
1650 1164 1743 1223 ait,
1771 1161 1952 1217 Tristis

378 1278 446 1328 est
462 1267 631 1321 anima
651 1281 796 1328 mea;
819 1262 921 1318 hoc
941 1261 1139 1315 dictum
1159 1269 1261 1325 est,
1286 1257 1499 1327 Repleta
1519 1267 1592 1310 est
1612 1257 1758 1310 malis
1781 1256 1953 1309 anima

376 1376 486 1415 mea
507 1374 526 1413 :
546 1368 600 1414 et
624 1356 765 1427 quod
794 1355 1052 1425 sequitur,
1078 1369 1232 1424 usque
1257 1351 1326 1404 ad
1354 1360 1598 1415 mortem;
1626 1350 1728 1404 hoc
1750 1349 1950 1404 dictum

373 1464 477 1519 est,
499 1463 545 1508 et
574 1453 674 1507 vita
700 1467 811 1505 mea
836 1450 890 1502 in
924 1448 1123 1518 inferno
1149 1443 1587 1515 appropinquavit.
1627 1442 1735 1496 llos
1772 1450 1951 1496 autem
1986 1482 1989 1485 ρ

375 1545 621 1599 humanm
647 1539 966 1596 inﬁrmitatis
1008 1536 1246 1602 affectus,
1273 1533 1410 1591 sicut
1435 1533 1601 1603 ipsam
1626 1546 1839 1587 carnem
1869 1531 1950 1584 in-

375 1633 637 1692 tirmitatis
662 1632 927 1694 humanm,
953 1642 1016 1682 ac
1043 1635 1268 1681 mortem
1291 1623 1466 1680 carnis
1491 1622 1736 1677 humanm
1766 1621 1948 1676 Domi-

376 1741 478 1782 nus
511 1724 687 1787 Jesus,
725 1736 831 1775 non
873 1716 1190 1773 conditionis
1223 1712 1555 1774 necessitate,
1597 1711 1690 1766 sed
1730 1711 1952 1766 misera-

375 1815 534 1871 tionis
556 1813 826 1869 voluntate
853 1808 1106 1877 suscepit,
1136 1814 1198 1861 ut
1225 1805 1621 1874 transﬁguraret
1652 1803 1703 1857 in
1733 1817 1791 1858 se
1828 1817 1952 1857 cor-

374 1920 474 1976 pus
503 1919 680 1971 suum,
703 1900 844 1974 quod
878 1908 961 1956 est
993 1898 1246 1962 Ecclesia,
1269 1896 1352 1951 cui
1377 1903 1536 1965 caput
1560 1909 1679 1949 esse
1707 1894 1952 1964 dignatus

370 2008 476 2064 est,
518 1999 620 2052 hoc
643 2004 727 2051 est
755 1992 989 2048 membra
1019 2004 1112 2045 sua
1141 1988 1194 2044 in
1220 1987 1418 2044 sanctis
1442 1994 1497 2041 et
1521 1978 1761 2040 fidelibus
1798 1987 1948 2038 suis:

378 2098 431 2145 ut
450 2088 495 2143 si
518 2086 605 2142 oni
644 2099 829 2141 eorum
865 2082 1004 2137 inter
1028 2080 1284 2135 humanas
1307 2076 1625 2133 tentationes
1648 2073 1949 2130 contristari

373 2188 427 2233 et
464 2177 648 2233 dolere
678 2174 1026 2244 contingeret,
1056 2185 1161 2226 non
1204 2168 1323 2224 ideo
1346 2182 1405 2223 se
1430 2167 1498 2221 ab
1519 2167 1632 2237 ejus
1654 2167 1820 2236 gratia
1847 2180 1949 2235 pu-

370 2280 511 2326 taret
533 2264 763 2324 aliemnn
787 2282 803 2332 ;
825 2274 881 2321 et
910 2279 1015 2319 non
1040 2277 1159 2318 esse
1189 2261 1291 2316 ista
1318 2268 1556 2330 peccata,
1583 2258 1677 2314 sed
1706 2258 1950 2312 humanm

376 2360 700 2417 inﬁrmitatis
742 2357 956 2422 indicia,
995 2356 1246 2426 tanquam
1291 2352 1409 2408 voci
1446 2352 1733 2421 praemissa:
1765 2349 1949 2404 conci-

375 2467 508 2508 nens
529 2451 747 2515 chorus,
793 2449 863 2503 ita
887 2461 1081 2516 corpus
1103 2445 1219 2515 ejus
1242 2458 1306 2498 ex
1329 2443 1444 2513 ipso
1476 2457 1573 2497 suo
1601 2441 1772 2512 capite
1799 2439 1953 2495 addi-

371 2552 568 2601 sceret.
609 2543 665 2597 In
694 2544 796 2597 hoc
834 2539 1029 2610 quippe
1065 2549 1291 2604 corpore
1317 2534 1637 2604 prmcipuum
1676 2532 1951 2587 membro-

372 2652 489 2692 rum
518 2633 817 2706 apostolum
851 2628 1069 2685 Paulum
1095 2626 1318 2697 legimus
1342 2632 1395 2679 et
1420 2622 1662 2678 audimus
1685 2623 1949 2678 conﬁten-

376 2740 483 2783 tem
523 2725 713 2781 talibus
738 2722 892 2778 malis
915 2719 1173 2791 repletam
1200 2716 1430 2771 animam
1460 2729 1631 2777 suam,
1672 2728 1791 2769 cum
1821 2714 1953 2770 dicit

375 2818 645 2874 tristitiam
688 2813 788 2870 sibi
831 2827 951 2868 esse
980 2823 1244 2881 magnam,
1276 2816 1330 2862 et
1358 2805 1665 2862 continuum
1705 2804 1948 2860 dolorem

372 2913 520 2968 cordi
563 2924 663 2965 suo
690 2922 786 2977 pro
828 2904 1079 2961 fratribus
1116 2903 1227 2957 suis
1260 2899 1551 2956 secundum
1589 2912 1827 2963 carnem,
1855 2898 1949 2967 qui

373 3014 497 3058 sunt
533 2999 782 3056 Israelita:
816 2995 1003 3067 (Rom.
1035 3010 1108 3055 ix,
1132 2991 1272 3063 2-4).
1300 2991 1404 3047 Pro
1446 2988 1636 3060 quibus
1678 2988 1723 3043 si
1750 2987 1950 3042 contri-

374 3104 571 3150 statum
616 3092 855 3148 dicamus
892 3098 949 3144 et
972 3085 1275 3152 Dominum,
1316 3098 1436 3138 cum
1466 3081 1581 3152 ejus
1616 3080 1795 3152 passio
1821 3094 1949 3149 pro-

373 3187 674 3258 pinquaret,
706 3183 758 3236 in
784 3195 888 3249 qua
912 3179 987 3234 illi
1015 3193 1074 3232 se
1100 3172 1484 3231 immanissimo
1508 3171 1712 3227 scelere
1738 3168 1950 3224 fuerant

372 3274 674 3346 obligaturi,
706 3287 813 3326 non
835 3271 1123 3339 incongrue
1148 3278 1248 3320 nos
1275 3263 1455 3319 dicere
1477 3260 1746 3319 existimo.

444 3370 498 3422 4.
527 3366 675 3440 [verm
707 3364 762 3430 5,
788 3361 868 3434 6.]
898 3361 1134 3430 Denique
1157 3356 1285 3414 illud
1321 3354 1464 3428 quod
1501 3354 1556 3409 in
1583 3369 1742 3409 cruce
1781 3351 1946 3417 dixit,

374 3461 532 3516 Pater
555 3499 571 3522 ,
610 3457 810 3528 ignosce
833 3454 933 3508 illis
951 3493 967 3517 ,
991 3452 1111 3523 quia
1159 3449 1385 3503 nesciunt
1431 3445 1553 3519 quid
1578 3444 1768 3517 faciunt
1796 3442 1945 3527 (Luc.

374 3568 402 3606 χ
416 3567 509 3606 xm
530 3592 546 3617 ,
576 3546 687 3620 3i);
715 3547 874 3602 etiam
900 3544 955 3598 in
984 3543 1087 3598 isto
1112 3540 1316 3612 psalmo
1334 3537 1587 3607 deinceps
1608 3536 1822 3601 dicitur,
1844 3533 1947 3589 De-

376 3650 583 3712 pntatus
601 3654 713 3692 sum
731 3652 846 3691 cum
868 3628 1279 3689 descendentibus
1293 3646 1346 3684 tn
1366 3631 1531 3684 tuum
1549 3645 1569 3682 :
1592 3628 1770 3698 utique
1795 3642 1824 3679 a
1850 3641 1947 3682 ne-

374 3730 665 3788 scientibus
684 3726 809 3800 quid
829 3725 1081 3790 facerent,
1104 3722 1194 3794 qui
1208 3737 1331 3777 eum
1346 3722 1424 3776 sic
1439 3720 1573 3775 mori
1594 3726 1942 3788 putaverunt,

374 3837 429 3879 ut
476 3823 772 3879 moriuntur
820 3815 1317 3889 hominescmteri,
1344 3822 1595 3884 tanquam
1640 3810 1945 3867 necessitati

372 3916 638 3972 subditum
664 3920 821 3983 atque
844 3909 930 3965 illa
946 3907 1261 3964 necessitate
1278 3904 1564 3961 devictum.
1592 3901 1782 3957 Latum
1801 3901 1943 3957 enim

371 4007 523 4071 dixit,
551 4003 641 4059 vel
664 4000 892 4058 miseriae
920 3998 1003 4054 vel
1028 3996 1219 4053 inferni
1251 3993 1683 4064 profunditatem.

338 4148 343 4153 .
440 4101 492 4157 5.
523 4092 1057 4163 Fastussuminqtlit,
1078 4092 1205 4144 sicut
1239 4088 1509 4142 homosine
1528 4084 1802 4155 adjutorio,
1818 4084 1946 4137 inter

369 4202 591 4246 mortuos
617 4190 761 4268 lib/er.
794 4187 851 4242 In
885 4185 969 4240 his
996 4182 1175 4238 verbis
1215 4179 1447 4235 maxime
1484 4191 1706 4268 persona
1737 4174 1941 4268 Domitii

369 4290 606 4352 apparet.
634 4264 764 4348 Quis
804 4276 947 4332 enim
972 4273 1109 4327 alius
1129 4272 1266 4324 inter
1292 4278 1531 4323 mortuos
1559 4266 1714 4332 liber,
1741 4264 1841 4320 uisi
1887 4266 1943 4320 in

369 4370 717 4429 similitudine
757 4365 932 4423 carnis
959 4361 1158 4450 peccati
1190 4360 1364 4450 (liam.
1393 4372 1522 4450 vui,
1564 4357 1619 4427 5)
1650 4356 1789 4450 inter

370 4474 579 4521 eatores
605 4458 752 4515 solus
799 4456 916 4511 sine
965 4446 1217 4523 peccato?
1246 4447 1399 4505 Unde
1446 4448 1551 4505 illis
1588 4447 1678 4517 qui
1726 4462 1785 4501 se
1813 4446 1944 4502 insi-

367 4559 575 4630 pienter
601 4550 799 4607 liberos
826 4544 1098 4631 putabant,
1126 4540 1322 4608 Omnis,
1350 4540 1459 4604 ait,
1486 4537 1576 4631 qui
1619 4536 1741 4606 facit
1765 4553 1940 4631 pecca-

368 4628 567 4711 rntum,
597 4657 766 4697 seruus
816 4638 888 4694 est
926 4628 1134 4708 peccati.
1168 4631 1237 4688 Et
1284 4632 1404 4702 quia
1434 4628 1530 4702 per
1562 4644 1684 4685 eum
1714 4629 1803 4699 qui
1833 4642 1938 4683 non

367 4736 594 4794 habebat
634 4738 939 4804 peccatum,
966 4725 1243 4797 Oportebat
1281 4723 1493 4778 liberari
1513 4738 1544 4776 a
1571 4720 1801 4793 peceatis
1831 4737 1845 4773 :
1878 4720 1944 4775 Si

306 4798 319 4807 ἱ
366 4849 468 4897 ros,
527 4798 725 4898 inquit,
755 4821 921 4878 Filius
967 4817 1275 4882 liberaverit,
1309 4825 1427 4869 tunc
1471 4832 1582 4870 vere
1619 4814 1762 4869 liberi
1803 4812 1940 4868 eritis

366 4926 545 4995 (Joan.
577 4936 668 4976 vut
690 4960 705 4984 ,
734 4918 824 4982 54,
854 4912 968 4983 '56).
994 4911 1089 4966 Hic
1114 4926 1241 4981 ergo
1264 4909 1395 4963 inter
1423 4917 1648 4961 mortuos
1674 4907 1818 4972 liber,
1846 4906 1937 4976 qui

366 5021 416 5070 in
445 5021 707 5087 potestate
733 5007 959 5062 habebat
979 5017 1177 5073 ponere
1199 5001 1429 5055 animam
1455 5014 1604 5053 snam
1626 5039 1642 5063 ,
1670 5005 1726 5053 et
1747 4998 1936 5053 iterum

362 5123 574 5165 sumere
599 5118 750 5169 eam;
779 5117 812 5156 a
840 5112 946 5169 quo
965 5111 1083 5151 eam
1110 5108 1266 5149 nemo
1288 5092 1523 5155 tollebat,
1554 5090 1645 5145 sed
1675 5104 1793 5145 eam
1824 5090 1937 5157 ipse

364 5202 638 5255 voluntate
688 5194 919 5267 ponebat
965 5188 1087 5259 (Id..
1119 5202 1188 5250 ι,
1220 5184 1348 5253 18);
1377 5182 1467 5253 qui
1510 5183 1668 5236 etiam
1720 5196 1935 5283 carnem

360 5309 510 5349 suam
542 5303 788 5361 umquam
812 5286 1043 5344 solutum
1070 5282 1138 5335 ab
1182 5279 1261 5335 eis
1289 5276 1544 5345 templum
1568 5315 1584 5339 ,
1619 5276 1937 5329 resuscitarc

364 5395 609 5458 poterat,
652 5397 774 5439 cum
819 5378 1032 5436 volebat
1058 5373 1168 5446 (Id.
1196 5387 1267 5439 ιι,
1290 5369 1416 5441 19);
1456 5383 1612 5439 quem
1657 5381 1934 5472 passurum

359 5494 481 5535 cum
523 5489 709 5531 omnes
744 5470 1125 5534 deseruissent,
1165 5466 1314 5521 solus'
1348 5478 1454 5518 non
1500 5466 1779 5525 remansit,
1813 5466 1935 5529 quia

360 5575 519 5630 Pater
540 5582 662 5623 eum
688 5579 792 5619 non
817 5562 1076 5628 deseruit,
1101 5560 1238 5615 sicut
1261 5558 1376 5628 ipse
1418 5564 1643 5612 testatur
1664 5553 1774 5627 (Id.
1802 5569 1894 5609 vnt
1915 5591 1932 5616 ,

355 5665 454 5733 29)
485 5678 498 5714 :
531 5659 598 5714 ab
628 5655 855 5711 inimicis
876 5664 1053 5708 tamen
1093 5666 1190 5720 pro
1217 5650 1409 5719 quibus
1451 5648 1622 5703 oravit
1648 5646 1933 5702 nescienti-

363 5760 460 5814 bus
482 5752 609 5826 quid
636 5746 912 5810 faciebant,
949 5753 1000 5797 et
1045 5741 1378 5806 dicentibus,
1416 5740 1554 5795 Alios
1593 5741 1753 5793 salvos
1783 5739 1929 5805 fecit,

1609 318 1667 373 S.
1698 312 2061 372 AUGUSTIN!
2099 314 2401 373 EPISCOPI

3493 328 3633 386 Hi9.

2054 452 2274 524 seipsunt
2296 470 2395 507 non
2418 454 2667 524 potest.Si
2679 454 2849 511 Filius
2870 456 2967 513 Dei
2984 469 3058 514 est
3079 501 3095 526 ,
3117 459 3391 516 descendat
3410 478 3545 518 nunc
3571 464 3635 518 de

2054 559 2231 610 cruce,
2287 556 2335 598 et
2377 546 2627 601 credimus
2673 548 2741 601 ei.
2783 538 2994 604 Salvum
3042 552 3197 622 faciat
3246 569 3391 621 eum,
3440 552 3488 609 si
3529 556 3633 607 uult

2054 628 2169 689 enin
2199 635 2219 708 (
2242 635 2428 692 Matth.
2451 655 2621 704 xxvn,
2652 639 2870 712 40-43);
2897 641 3067 698 factus
3107 653 3223 711 est,
3252 644 3306 700 id
3339 654 3423 701 est
3446 646 3632 704 existi-

2055 736 2230 783 matus
2273 737 2352 783 est
2380 770 2395 794 ,
2428 739 2664 798 tanquam
2710 732 2858 787 homo
2906 733 3014 789 sine
3050 734 3324 806 adjutorio.
3368 735 3634 809 Tanquam

2055 818 2301 873 vulnerati
2346 820 2649 877 dormientes
2683 823 2736 878 in
2778 824 3025 894 sepulcro.
3067 825 3171 882 Sed
3213 828 3390 893 addit,
3418 846 3635 900 quorum

2056 925 2156 963 non
2187 912 2455 966 meministi
2481 914 2648 968 adhuc
2671 929 2690 968 :
2711 914 2799 969 ubi
2843 926 2926 971 est
2952 917 3159 972 Domini
3200 917 3397 973 Christi
3422 935 3451 972 a
3475 930 3636 977 caete.

2056 1000 2131 1055 ris
2176 1003 2400 1057 mortuis
2444 1004 2910 1060 animadvertenda
2952 1007 3224 1063 discretio.
3266 1008 3397 1064 Nam
3437 1021 3492 1066 et
3521 1012 3636 1081 ipse

2056 1090 2365 1147 vulneratus
2386 1105 2500 1159 est,
2527 1103 2583 1149 et
2610 1104 2848 1151 mortuus
2876 1099 3080 1168 positus
3104 1101 3156 1154 in
3176 1101 3421 1171 sepulcro
3445 1101 3629 1175 (Ibid.,

2056 1179 2146 1244 50,
2177 1180 2268 1253 60)
2298 1198 2312 1235 :
2346 1183 2438 1238 sed
2465 1183 2537 1239 illi
2577 1187 2664 1255 qui
2707 1186 3012 1243 nesciebant
3039 1190 3164 1260 quid
3200 1190 3492 1258 faciebant,
3515 1194 3635 1263 quis

2056 1281 2199 1328 esset
2248 1275 2428 1344 utique
2477 1278 2809 1344 nescientes,
2847 1279 3076 1335 similem
3120 1281 3265 1336 illum
3318 1294 3635 1354 putaverunt

2056 1360 2173 1417 aliis
2201 1364 2418 1420 vulnere
2445 1367 2636 1422 occisis
2661 1378 2712 1423 et
2732 1369 3118 1427 dormientibus
3147 1372 3199 1427 in
3220 1372 3487 1444 sepulcro,
3509 1392 3636 1447 quo-

2055 1467 2174 1507 rum
2201 1453 2342 1510 Deus
2368 1456 2542 1512 adhuc
2585 1474 2689 1514 non
2717 1461 2988 1527 meminit,
3016 1462 3068 1517 id
3098 1473 3213 1531 est,
3246 1481 3469 1535 quorum
3501 1484 3636 1523 non-

2055 1542 2181 1599 dum
2225 1554 2431 1616 tempus
2458 1550 2766 1620 resurgendi
2810 1552 3042 1607 advenit.
3071 1553 3196 1609 Ideo
3236 1571 3463 1628 namque
3492 1574 3633 1614 mor-

2057 1646 2174 1693 tuos
2198 1642 2476 1696 consuevit
2499 1641 2768 1713 Scriptura
2798 1645 2975 1701 dicere
3001 1646 3346 1715 dormientes,
3376 1651 3497 1720 quia
3523 1653 3659 1715 evi-,

2054 1730 2332 1799 gilaturos,
2358 1731 2409 1786 id
2437 1743 2538 1801 est,
2562 1728 2959 1793 resurrecturds
2986 1739 3098 1793 vult
3139 1739 3378 1811 intelligi.
3416 1741 3519 1798 Sed
3546 1742 3634 1799 hic

2055 1823 2361 1879 vulneratus
2397 1834 2452 1879 et
2477 1814 2760 1883 dormiens
2781 1829 2834 1883 in
2862 1828 3140 1902 sepulcrq,
3172 1830 3258 1886 die
3289 1833 3443 1887 tertio
3469 1834 3634 1905 evigi-

2055 1913 2221 1982 lavit,
2265 1925 2320 1971 et
2349 1917 2515 1972 factus
2565 1928 2649 1974 est
2689 1919 2826 1975 sicut
2868 1935 3050 1989 passer
3092 1921 3376 1993 singularis
3415 1925 3467 1979 in
3493 1936 3633 1983 tecto

2056 2005 2225 2073 (Psal.
2250 2008 2438 2079 c1,‘8),
2469 2008 2520 2064 id
2546 2019 2648 2075 est,
2676 2011 2742 2065 ad
2772 2010 3043 2067 dexteram
3074 2012 3244 2068 Patris
3263 2015 3312 2068 in
3343 2017 3509 2082 coelo;
3534 2031 3634 2074 nec

2050 2099 2158 2168 jam
2188 2101 2431 2167 moritur,
2463 2111 2518 2156 et
2541 2108 2687 2157 mors‘
2709 2103 2758 2173 ei
2776 2103 2912 2158 ultra
2940 2120 3044 2159 non
3066 2105 3423 2163 dominabitur
3451 2109 3629 2179 (Rom.

2056 2204 2127 2255 vt,
2155 2189 2230 2261 9).
2261 2190 2414 2247 Unde
2442 2193 2597 2264 longe
2624 2195 2784 2249 distat
2809 2196 2877 2250 ab
2900 2197 2977 2252 eis
3018 2213 3243 2268 quorum
3270 2200 3335 2254 ad
3363 2203 3523 2257 talem
3550 2219 3633 2258 re-

2054 2283 2451 2338 surrectionem.
2472 2285 2613 2340 Deus
2647 2302 2753 2341 non
2794 2287 3035 2344 meminit
3072 2290 3248 2346 adhuc
3277 2308 3292 2346 :
3322 2293 3461 2363 quod
3487 2295 3630 2350 enim

2056 2373 2358 2441 praecedere
2405 2376 2683 2446 oportebat
2732 2378 2785 2432 in
2812 2379 3018 2450 capite,
3040 2382 3252 2451 corpori
3286 2392 3529 2440 servatur
3574 2387 3628 2442 in

2055 2464 2181 2519 line.
2209 2464 2359 2520 Tunc
2382 2476 2558 2522 autem
2581 2467 2774 2524 dicitur
2803 2470 2941 2526 Deus
2966 2473 3299 2540 meminisse,
3332 2475 3543 2546 quando
3564 2478 3631 2532 ia-

2052 2553 2158 2620 cit;
2211 2563 2334 2610 tunc
2375 2557 2648 2625 oblivisci,
2675 2560 2888 2631 quando
2931 2578 3037 2617 non
3077 2563 3248 2620 facit:
3294 2581 3414 2621 nam
3461 2583 3631 2639 neque

2053 2647 2251 2702 oblivio
2277 2648 2419 2704 cadit
2448 2650 2500 2705 in
2530 2650 2694 2706 Deum
2714 2693 2730 2719 ,
2752 2654 2875 2724 quia
2904 2655 3049 2711 nullo
3068 2656 3227 2711 modo
3255 2669 3508 2725 mutatur;
3539 2676 3632 2715 ne-

2053 2753 2158 2808 que
2200 2739 2525 2807 recordatio,
2556 2741 2678 2811 quia
2722 2759 2829 2798 non
2871 2743 3218 2802 obliviscitur.
3279 2746 3472 2804 Factus
3515 2732 3629 2806 sum

2052 2845 2219 2899 ergo,
2261 2831 2331 2886 ab
2358 2832 2436 2889 eis
2474 2834 2837 2890 nescientibus
2883 2836 3011 2907 quid
3052 2837 3352 2908 faciebant,
3392 2850 3628 2912 tanquam

2054 2923 2203 2977 homo
2238 2926 2346 2979 sine
2380 2926 2668 2998 adjutorio;
2692 2942 2811 2982 cum
2836 2942 3013 2983 essem
3044 2930 3172 2984 inter
3209 2941 3433 2987 mortuos
3460 2933 3584 2988 liber
3608 2951 3628 2989 :

2054 3014 2224 3069 factus
2264 3031 2379 3070 sum
2405 3016 2475 3071 ab
2514 3016 2592 3072 eis
2620 3020 2976 3076 nescientibus
3002 3023 3142 3091 quod
3187 3021 3471 3092 iaciebant,
3501 3027 3629 3081 velut

2052 3106 2297 3160 vulnerati
2325 3108 2626 3164 dormientes
2652 3109 2706 3163 in
2748 3112 3002 3179 sepulcro.
3050 3113 3115 3166 Et
3139 3114 3237 3184 ipsi
3276 3118 3475 3186 expulsi
3512 3126 3628 3172 sunt

2052 3196 2116 3250 de
2134 3213 2286 3249 manu
2306 3206 2395 3250 tua
2414 3214 2433 3252 :
2458 3197 2509 3252 id
2535 3208 2618 3253 est
2639 3240 2654 3263 ,
2684 3215 2805 3255 cum
2840 3201 2954 3258 hmc
2980 3204 3049 3258 ah
3070 3205 3150 3260 cis
3173 3206 3339 3260 factus
3358 3224 3496 3274 sum,
3528 3210 3626 3280 ipsi

2052 3287 2250 3357 expulsi
2291 3300 2407 3342 sunt
2436 3289 2500 3342 de
2537 3307 2690 3345 manu
2729 3304 2849 3357 tua;
2879 3294 2980 3364 ipsi
3008 3296 3271 3366 adjutorio
3310 3315 3498 3356 manus
3522 3311 3627 3358 tusc

2051 3380 2236 3446 privati
2266 3389 2421 3445 sunt,
2449 3383 2540 3452 qui
2582 3399 2669 3439 me
2702 3384 2818 3440 sine
2840 3386 3103 3457 adjutorio
3131 3405 3250 3446 esse
3285 3401 3623 3461 putaverunt.

2050 3466 2312 3524 Foderunt
2336 3471 2496 3538 enim,
2529 3473 2663 3528 sicut
2687 3474 2816 3532 dicit
2841 3477 2896 3532 in
2920 3479 3027 3535 alio
3055 3481 3279 3550 psalmo,
3306 3495 3425 3538 ante
3443 3487 3625 3556 faciem

2049 3575 2211 3614 meam
2237 3561 2430 3630 foveam
2449 3604 2462 3629 ,
2489 3576 2535 3618 et
2560 3566 2840 3623 inciderunt
2867 3570 2920 3624 in
2943 3570 3228 3642 eant(Psal.
3258 3591 3341 3631 LVI
3361 3616 3377 3641 ,
3407 3578 3487 3647 7).
3519 3578 3624 3634 Me-

2049 3653 2151 3708 lius
2181 3655 2321 3709 enim
2364 3656 2442 3713 sic
2486 3655 2885 3729 intelligendum
2931 3663 3214 3731 existimo,
3258 3664 3416 3737 quani
3465 3678 3523 3723 ut
3572 3670 3623 3728 id

2048 3747 2190 3817 quod
2218 3747 2415 3808 dictum
2443 3759 2558 3817 est,
2589 3750 2656 3810 Et
2679 3752 2781 3823 ipsi
2793 3754 2991 3825 expulsi
3016 3767 3133 3811 sunt
3156 3758 3219 3811 de
3239 3777 3392 3815 manu
3418 3772 3524 3825 tua,
3554 3765 3623 3822 ad

2049 3837 2169 3893 illos
2198 3839 2458 3897 referatur
2498 3841 2822 3899 dormientes
2857 3846 2909 3900 in
2942 3849 3215 3918 sepulcro,
3244 3867 3469 3922 quorum
3516 3871 3624 3912 non

2049 3931 2292 3986 meminit
2309 3932 2508 3990 adhuc:
2530 3950 2649 3989 cum
2670 3936 2776 3990 sint
2792 3937 2844 3992 in
2866 3938 2944 3993 eis
2960 3939 3114 4009 justi,
3131 3958 3355 4011 quorutu
3380 3945 3501 4000 licet
3517 3963 3622 4002 non

2048 4025 2349 4081 meminerit
2381 4027 2553 4083 adhuc
2587 4038 2646 4086 ut
2684 4043 2987 4102 resurgant;
3026 4032 3093 4089 de
3120 4035 3201 4090 his
3230 4045 3405 4095 tamen
3426 4038 3623 4096 dictum

1982 4152 1987 4161 .
2046 4123 2148 4180 est,
2176 4116 2440 4173 Justorum
2474 4121 2657 4176 animo:
2698 4123 2751 4176 in
2775 4140 2929 4179 manu
2959 4124 3055 4183 Dei
3090 4137 3207 4186 sunt
3235 4128 3387 4200 (Sap.
3412 4146 3500 4195 ιιι,
3529 4130 3582 4202 l)
3602 4171 3619 4197 ,

2048 4203 2151 4260 hoc
2175 4217 2295 4271 est,
2326 4207 2563 4264 habitant
2592 4210 2642 4265 in
2686 4212 2951 4283 adjutorio
2984 4217 3258 4285 Altissimi,
3285 4231 3340 4274 et
3363 4221 3418 4280 in
3447 4233 3622 4292 prote-

2045 4298 2220 4354 Ctione
2267 4301 2359 4356 Dei
2386 4302 2505 4358 coeli
2535 4316 2933 4362 commorantur
2978 4308 3152 4379 (Psal.
3177 4326 3247 4369 xc
3266 4354 3278 4373 ,
3307 4312 3379 4382 Ι).
3412 4314 3517 4369 Sed
3545 4316 3619 4372 illi

2046 4391 2248 4459 eXpttlsi
2269 4402 2393 4447 sunt
2411 4393 2478 4448 de
2502 4410 2660 4450 manu
2690 4396 2805 4463 Dei,
2837 4400 2923 4467 qni
2957 4398 3238 4455 Domimun
3265 4401 3532 4460 Christum
3556 4409 3622 4464 tle

2046 4496 2204 4538 manu
2234 4484 2348 4554 ejus
2374 4486 2650 4553 expulsum
2677 4503 2795 4544 esse
2815 4490 3172 4558 crediderunt,
3198 4493 3317 4564 quia
3342 4512 3460 4551 eum
3484 4499 3623 4555 inter

2045 4573 2251 4643 iniquos
2278 4574 2583 4645 deputatum
2613 4580 2854 4638 occidere
2876 4593 3177 4653 potuerunt.

2115 4667 2168 4719 6.
2201 4664 2346 4737 [vers.
2376 4665 2455 4740 7.]
2482 4667 2765 4727 Posuerunt
2786 4689 2883 4739 me,
2911 4674 3111 4744 inquit,
3133 4675 3185 4729 in
3222 4674 3336 4729 lactt
3360 4677 3619 4749 inferiore;

2043 4758 2128 4811 vel
2151 4757 2339 4825 potius,
2373 4759 2553 4814 inlacu
2576 4761 2750 4831 infimo
2773 4780 2793 4817 :
2821 4765 2898 4819 sic
2926 4766 3064 4820 enim
3095 4775 3178 4821 est
3223 4768 3278 4827 in
3316 4785 3488 4838 gnuco
3516 4771 3616 4840 (τι).

2043 4847 2177 4915 Quid
2207 4859 2287 4905 est
2310 4861 2486 4907 autem
2510 4853 2656 4909 lacus
2683 4854 2925 4915 iniimus.
2950 4856 3049 4911 nisi
3078 4858 3487 4927 profundissima
3515 4862 3617 4915 mi-

2041 4940 2200 5006 soria,
2222 4957 2321 5009 qua
2349 4958 2453 4998 non
2478 4944 2546 4999 sit
2577 4944 2908 5015 profundior?
2932 4946 3082 5002 Unde
3097 4949 3221 5002 alibi
3239 4949 3452 5015 dicitur,
3478 4951 3620 5007 Edu-

2039 5036 2159 5089 tristi
2177 5051 2254 5091 me
2271 5038 2334 5089 de
2357 5037 2471 5093 lacu
2491 5040 2704 5094 miserim
2730 5039 2899 5110 (Psal.
2927 5056 3088 5095 xxxix
3111 5082 3126 5105 ,
3155 5040 3231 5111 3).
3262 5040 3326 5097 In
3351 5044 3619 5100 tenebrosis

2041 5136 2087 5179 ct
2112 5127 2164 5179 in
2186 5128 2358 5181 umbra
2379 5131 2551 5182 mortis
2572 5145 2591 5183 :
2619 5140 2906 5198 posuerunt
2943 5133 3123 5202 utique
3152 5133 3200 5186 ιιι
3228 5135 3617 5204 existimantes,

2040 5217 2250 5285 quando
2274 5218 2401 5288 quid
2425 5218 2683 5276 faciebant
2710 5222 3039 5285 nesciebant,
3071 5233 3124 5277 et
3153 5225 3464 5293 igum‘ubnnl
3493 5242 3615 5284 eum

2041 5326 2196 5377 quem
2218 5326 2375 5366 nemo
2395 5312 2689 5382 principum
2729 5314 2883 5384 hujus
2910 5315 3087 5370 smculi
3114 5320 3360 5387 cognovit
3392 5319 3446 5389 (l
3493 5320 3614 5374 Cor.

2041 5413 2099 5467 ιι,
2125 5400 2201 5467 8).
2224 5398 2420 5456 Umbra
2436 5402 2583 5461 enim
2604 5402 2809 5468 mortis,
2833 5406 3012 5461 nescio
3037 5417 3211 5462 utrum
3253 5422 3395 5462 mors
3420 5423 3615 5477 corpo-

2041 5493 2116 5545 ris
2156 5490 2243 5548 bic
2288 5492 2625 5563 intelligenda
2663 5496 2732 5549 sit
2762 5513 2867 5550 :an
2900 5499 2985 5552 illa
3022 5500 3196 5569 potius
3237 5499 3305 5552 dc
3346 5513 3445 5568 qua
3476 5500 3615 5555 scri-

2043 5590 2186 5651 ptum
2233 5592 2349 5649 est,
2378 5582 2481 5647 Qui
2505 5585 2738 5641 sedebant
2779 5588 2831 5643 in
2856 5589 3067 5645 tenebris
3092 5602 3139 5671 et
3182 5590 3355 5649 umbra
3398 5591 3609 5661 mortis,

2066 5820 2077 5825 ,
2106 5769 2179 5830 (ιῐ)
2203 5773 2349 5816 Gram.
2376 5764 2595 5819 katétatb.
