4024 6210
177 355 302 411 1113

173 477 258 527 tus
278 481 394 524 orta
420 479 494 524 est
534 465 607 522 eis
631 466 652 538 (
665 464 796 520 Isai.
829 480 882 520 rx
901 505 916 530 ,
937 463 996 535 2)
1020 481 1036 528 ;
1063 464 1186 534 quia
1211 462 1476 520 credendo
1506 462 1559 517 in
1582 462 1754 538 lucem

172 575 222 618 et
269 563 324 617 in
376 561 556 622 vitam,
589 534 655 612 ex
697 555 933 612 tenebris
967 534 1023 611 et
1062 564 1234 610 morte
1260 553 1547 624 impietatis
1576 534 1752 606 educti

173 664 311 709 sum.
345 652 524 707 Talem
554 664 684 719 ergo
730 647 807 702 illi
833 647 922 718 qui
949 645 1257 700 nesciebant
1285 644 1410 714 quid
1451 641 1752 707 faciebant,

176 744 452 796 bmninum
485 746 837 809 putaverunt,
865 727 922 792 et
955 736 1093 790 inter
1119 736 1248 790 tales
1283 733 1566 789 nesciendo
1599 746 1755 802 posu-

175 843 348 896 erunt,
377 829 622 900 qualibus
650 843 718 882 ne
745 830 846 882 hoc
870 835 1050 881 essent
1077 826 1189 894 ipse
1213 825 1479 879 subvenit.

237 925 292 976 7.
335 921 485 994 [vers.
522 917 601 990 8.]
633 916 698 971 In
729 934 807 970 me
843 917 1140 984 conﬁrmata
1188 924 1258 968 est
1298 913 1580 983 indignatio
1627 922 1756 977 tua;

177 1017 274 1076 vel,
322 1015 460 1068 sicut
501 1011 589 1064 alii
649 1009 862 1064 codiCcs
918 1006 1132 1072 habent,
1188 1006 1266 1059 ira
1317 1015 1438 1069 tua;
1487 1004 1572 1059 vel
1620 1005 1756 1059 sicut

180 1109 282 1169 alii,
313 1111 462 1176 furor
487 1111 621 1156 tuus.
663 1101 815 1170 Quod
842 1100 982 1155 enim
1013 1114 1186 1170 graece
1226 1099 1450 1169 positum
1481 1107 1562 1151 est
1593 1106 1751 1165 ουμός,

181 1201 378 1254 diverse
443 1195 774 1266 interpretati
829 1203 950 1247 sunt
1019 1192 1206 1246 nostri.
1269 1190 1400 1244 Nam
1458 1190 1545 1245 ubi
1597 1191 1754 1260 ειπιεί

182 1295 381 1349 codices
433 1289 634 1344 habent
681 1293 830 1357 ὀργὴ,
882 1285 950 1340 ibi
990 1285 1120 1339 iram
1169 1283 1327 1337 latine
1362 1283 1541 1337 dicere
1583 1283 1756 1336 nullus

185 1384 284 1438 fere
325 1379 585 1436 dubitavit
632 1371 932 1447 interpres;
985 1375 1074 1430 ubi
1118 1384 1291 1429 autem
1332 1379 1472 1441 θυμὸς
1526 1373 1756 1443 positum

188 1486 277 1538 est,
305 1475 542 1543 plerique
587 1487 693 1525 non
733 1475 1052 1539 putaverunt
1099 1461 1231 1520 iram
1273 1479 1392 1520 esse
1432 1463 1707 1518 dicendam
1736 1505 1752 1530 ,

188 1585 296 1622 cuni
345 1564 520 1635 magni
551 1573 799 1616 auctores
842 1560 1018 1613 latinae
1066 1556 1381 1627 eloquentiae
1425 1555 1491 1609 de
1517 1555 1756 1624 philoso-

191 1660 396 1728 phorum
421 1668 718 1724 graecorum
753 1651 902 1706 libris
931 1653 1091 1704 etiam
1135 1647 1236 1702 hoc
1265 1647 1358 1702 irae
1387 1646 1601 1700 nomine
1630 1661 1752 1700 ver-

193 1751 336 1804 terint
362 1749 414 1801 in
454 1746 676 1800 latinum
705 1760 719 1796 :
745 1757 916 1813 neque
951 1741 1018 1795 de
1042 1741 1142 1794 hac
1170 1754 1229 1793 re
1267 1736 1464 1793 diutius
1483 1737 1758 1807 diSputano

195 1842 308 1896 dum
327 1851 423 1903 est;
450 1838 534 1894 cui
582 1847 762 1892 tamen
801 1836 846 1889 si
871 1841 926 1889 et
955 1848 1052 1888 nos
1081 1831 1221 1887 aliud
1265 1846 1456 1885 nomen
1503 1829 1757 1885 adhibere

195 1935 464 1997 debemus,
497 1930 826 1986 tolerabilius
868 1927 1280 1998 indignationem
1326 1924 1549 1980 dixerim
1594 1937 1752 1993 quam

195 2028 427 2082 furorem.
461 2025 634 2079 Furor
661 2023 858 2094 quippe
880 2063 894 2086 ,
925 2021 1062 2076 sicut
1099 2034 1158 2075 se
1182 2019 1402 2073 latinum
1455 2016 1614 2071 habet
1641 2015 1756 2070 elo-

193 2120 375 2190 quium,
399 2133 502 2172 non
543 2117 681 2171 solet
704 2129 824 2170 esse
849 2127 1119 2167 sanorum.
1156 2109 1291 2178 Quid
1310 2123 1438 2178 ergo
1461 2117 1562 2174 est,
1593 2105 1660 2161 In
1681 2123 1759 2160 me

193 2211 466 2278 conﬁrmata
488 2207 660 2261 estira
702 2213 828 2268 tua;
854 2203 952 2258 nisi
989 2199 1436 2273 quemadmodum
1487 2199 1562 2254 illi
1609 2207 1760 2268 puta-

192 2311 382 2369 verunt,
409 2302 498 2371 qui
525 2298 803 2353 Dominum
830 2296 1013 2368 gloriae
1042 2310 1146 2350 non
1177 2291 1562 2364 cognoverunt?
1593 2292 1746 2361 Apud

192 2411 273 2451 eos
302 2397 438 2450 enim
470 2394 550 2448 sic
572 2401 708 2456 erat,
739 2389 878 2461 quod
908 2390 982 2443 ira
1006 2388 1098 2443 Dei
1136 2404 1241 2442 non
1254 2387 1434 2458 solum
1461 2394 1752 2451 commota,

191 2505 356 2544 verum
377 2489 534 2542 etiam
556 2487 864 2540 conﬁrmata
894 2480 1048 2536 fuerit
1068 2497 1224 2550 super
1237 2495 1380 2546 eum,
1407 2493 1562 2548 quem
1582 2491 1750 2546 usque

190 2581 247 2633 ad
297 2591 512 2634 mortem
540 2621 554 2644 ,
583 2592 682 2631 nec
721 2575 1009 2646 quamlibet
1037 2582 1260 2628 mortem
1285 2614 1300 2638 ,
1331 2570 1424 2627 sed
1455 2585 1610 2640 quam
1643 2583 1752 2638 prae

190 2674 378 2726 ceteris
397 2669 779 2727 exsecrabilius
803 2667 1096 2729 habebant,
1123 2665 1170 2719 id
1193 2673 1294 2729 est,
1327 2678 1494 2732 usque
1521 2661 1586 2715 ad
1613 2675 1757 2715 mor-

191 2777 280 2819 tem
299 2744 467 2820 erucis
495 2761 786 2832 perducere
831 2766 1132 2830 potuerunt.
1176 2755 1328 2810 Unde
1355 2754 1483 2809 dicit
1523 2755 1753 2822 Aposto-

191 2855 296 2909 lus:
326 2853 555 2908 Christus
583 2868 673 2905 nos
716 2849 924 2904 redemit
976 2849 1038 2902 de
1075 2846 1340 2901 maledicto
1365 2843 1545 2914 Legis,
1589 2847 1754 2912 factus

189 2962 267 3015 pro
315 2946 455 2998 nobis
481 2941 1106 3008 maledictunt;scriptum
1141 2947 1214 2991 est
1253 2937 1415 2998 enim,
1452 2932 1753 2987 Maledictus

185 3037 332 3089 omnis
351 3036 434 3104 qui
463 3034 647 3104 pendet
667 3033 720 3086 in
749 3032 886 3101 ligno
917 3029 1110 3102 (Galat.
1140 3044 1216 3092 ιιι,
1247 3026 1358 3091 15).
1391 3025 1457 3078 Et
1482 3023 1601 3078 ideo
1628 3038 1748 3076 cum

183 3127 286 3194 ejus
335 3125 696 3180 obedientiam
742 3137 912 3191 usque
958 3119 1022 3173 ad
1071 3127 1364 3173 extremam
1403 3113 1750 3168 humilitatem

183 3219 550 3275 commendare
579 3216 775 3280 vellet,
806 3213 1107 3268 Humiliavit
1125 3251 1138 3275 ,
1172 3208 1372 3279 inquit,
1393 3206 1714 3273 semetipsum
1733 3245 1748 3270 ,

180 3315 334 3382 [actus
376 3309 611 3363 obediens
652 3321 808 3377 usque
834 3307 904 3357 ad
941 3311 1148 3356 mortem
1169 3316 1187 3353 :
1213 3297 1351 3368 quod
1397 3310 1517 3350 cum
1566 3309 1750 3364 parum

179 3402 452 3466 videretur,
475 3399 692 3468 adjecit,
710 3407 918 3451 mortem
935 3405 1102 3447 autem
1117 3391 1278 3445 crucis
1297 3387 1554 3462 (Philipp.
1584 3401 1641 3448 ιι,
1669 3384 1747 3454 8).

180 3494 394 3564 Propter
445 3493 586 3556 hoc,
618 3498 872 3560 quantum
916 3485 1043 3540 mihi
1086 3483 1314 3543 videtur,
1359 3479 1518 3533 etiam
1555 3477 1607 3530 in
1649 3477 1750 3530 isto

177 3588 370 3654 psalmo
399 3585 520 3638 talis
549 3595 733 3637 versus
778 3579 1014 3649 sequitur
1051 3594 1063 3630 :
1095 3574 1163 3629 Et
1190 3589 1359 3628 omnes
1395 3570 1750 3638 suspensiones

177 3689 310 3743 tuas;
339 3677 459 3743 vel,
489 3678 626 3730 sicut
652 3673 866 3743 quidam
901 3677 1024 3725 sunt
1049 3663 1376 3735 interpretati
1399 3705 1413 3726 ,
1443 3679 1613 3717 omnes
1638 3663 1745 3732 ﬂu-

175 3779 272 3822 etus
292 3779 443 3831 tuos;
471 3776 582 3831 aut,
605 3764 742 3820 sicut
764 3762 874 3827 alii,
905 3775 1074 3815 omnes
1099 3758 1339 3811 elationes
1358 3764 1466 3808 tuas
1491 3769 1644 3824 super
1672 3769 1751 3807 me

176 3861 428 3913 induisti.
465 3858 732 3927 Scriptum
763 3865 846 3910 cst
871 3862 924 3908 et
950 3853 1004 3906 in
1029 3851 1134 3906 alio
1161 3849 1383 3920 psalmo,
1416 3846 1603 3900 Omnes
1631 3861 1746 3898 sus-

174 3953 432 4020 pensiones
481 3959 612 4016 tute,
661 3957 708 4003 et
751 3949 934 4016 ﬂuctus
970 3945 1042 3998 tui
1077 3959 1228 4012 super
1271 3958 1351 3994 me
1391 3939 1602 4011 ingressi
1635 3947 1749 3992 sunt

172 4041 334 4107 (Psal.
373 4058 463 4096 ιιι
487 4081 502 4106 ,
531 4040 624 4111 8):
657 4040 780 4102 vel,
817 4039 952 4093 sicut
980 4035 1199 4106 quidam
1246 4031 1437 4093 melius
1465 4031 1748 4085 transtule-

170 4145 302 4196 runt,
331 4151 491 4204 super
517 4149 598 4185 me
623 4130 925 4186 transierunt
937 4143 957 4193 ;
983 4133 1167 4190 διῆλθον
1186 4124 1328 4180 enim
1349 4132 1431 4178 cst
1457 4123 1507 4176 in
1533 4137 1707 4192 graeco
1725 4163 1741 4189 ,

169 4240 264 4279 non
295 4233 532 4288 ἀθεεὶοον.
555 4221 662 4278 Ubi
690 4237 818 4291 ergo
847 4228 1128 4287 utrumque
1163 4215 1392 4286 positum
1421 4221 1521 4280 est,
1553 4221 1608 4268 et
1631 4227 1745 4266 sus-

168 4319 426 4384 pensionis
450 4324 507 4370 et
529 4316 742 4384 ﬂuctus,
770 4327 875 4366 non
905 4310 976 4364 ibi
1007 4314 1287 4378 potuerunt
1318 4305 1439 4374 poni
1483 4318 1578 4374 pro
1622 4317 1744 4358 sus-

169 4407 515 4476 pensionibus
555 4405 765 4459 ﬂuctus.
824 4402 953 4470 Qua:
1005 4399 1111 4454 duo
1162 4398 1241 4452 sic
1287 4394 1658 4467 exposuimus,
1689 4401 1746 4448 ut

164 4500 542 4567 suspensiones
572 4498 866 4552 diceremus
904 4489 1380 4551 comminationes,
1407 4486 1598 4540 ﬂuctus
1641 4500 1741 4539 au-

166 4601 260 4644 u-m
302 4591 422 4657 jam
465 4589 604 4658 ipsas
651 4585 924 4656 passiones
963 4583 1042 4652 (a)
1071 4600 1084 4636 :
1115 4596 1234 4651 qua:
1274 4588 1496 4648 utraque
1530 4576 1746 4632 veniunt

162 4682 449 4749 dejudicio
484 4681 596 4736 Dei.
625 4678 731 4734 Sed
759 4678 865 4731 illic
906 4675 1104 4730 dictum
1132 4681 1213 4728 est
1233 4714 1247 4739 ,
1281 4670 1465 4726 Omnes
1485 4663 1637 4738 super
1664 4685 1744 4723 me

162 4778 502 4833 transierunt;
526 4774 612 4828 hic
637 4785 766 4827 vero
785 4811 800 4835 ,
833 4770 1016 4824 Omnes
1063 4782 1213 4836 super
1233 4781 1311 4818 me
1335 4761 1600 4817 induxisti.
1633 4760 1744 4816 Illic

162 4883 283 4935 ergo
335 4866 440 4919 etsi
492 4847 735 4934 quaedam
779 4859 1125 4920 acciderunt;
1164 4856 1339 4909 omnia
1385 4864 1556 4907 tamen
1605 4852 1740 4906 mala

162 4973 272 5025 qua:
301 4958 410 5010 illis
440 4956 619 5028 verbis
644 4952 864 5021 intelligi
893 4950 1060 5004 voluit
1085 4990 1098 5012 ,
1131 4963 1280 5016 super
1301 4963 1378 4999 me
1406 4945 1737 5010 transierunt,

160 5049 288 5102 dixit
320 5065 337 5101 :
371 5048 458 5102 hic
488 5060 650 5108 vero,
679 5059 832 5112 super
860 5039 1224 5094 meinduxisti.
1251 5038 1546 5090 Transeunt
1575 5036 1737 5101 enim,

159 5139 267 5193 sive
293 5155 418 5209 qttaz
445 5153 553 5191 non
581 5136 873 5204 attingunt,
901 5133 1037 5186 sicut
1057 5128 1459 5198 suspensiones;
1488 5127 1597 5180 sive
1622 5141 1739 5195 qua:

156 5233 420 5302 attingunt
439 5273 456 5293 ,
487 5230 627 5284 sicut
666 5227 873 5282 ﬂuctus.
913 5223 1045 5278 Cum
1087 5231 1260 5276 autem
1280 5262 1294 5282 ,
1321 5218 1503 5273 Omnes
1525 5235 1738 5287 suspen-

156 5327 344 5390 siones,
367 5341 475 5378 non
505 5323 602 5388 ait,
624 5335 786 5391 super
807 5334 893 5372 Inc
915 5315 1256 5378 transierunt,
1279 5312 1372 5367 sed
1389 5329 1538 5380 super
1557 5327 1634 5363 me
1660 5310 1740 5363 in-

156 5419 348 5471 duisti
371 5433 387 5482 ;
415 5416 591 5470 omnia
615 5428 736 5483 quae
765 5407 1136 5478 impendebant
1162 5404 1405 5458 evenisse
1430 5399 1686 5470 signiﬁcat
1713 5415 1726 5453 :

155 5509 542 5578 impendebant
562 5515 762 5567 autem,
792 5499 1040 5570 quamdiu
1068 5497 1119 5550 in
1142 5493 1414 5564 prephetia
1443 5493 1610 5546 futura
1637 5490 1735 5543 im-

152 5604 451 5662 minuebant.
486 5600 663 5655 omnia
681 5611 800 5667 quze
815 5595 881 5649 de
905 5594 1042 5647 illius
1058 5588 1301 5659 passione
1324 5585 1567 5645 onedicta
1588 5592 1730 5638 sunt.

217 5697 273 5750 8.
332 5695 485 5768 (vers.
515 5693 572 5755 9.
603 5688 718 5762 10.]
747 5687 940 5758 Longe,
966 5683 1153 5756 inquit,
1185 5681 1344 5753 fecisti
1371 5689 1510 5733 natos
1547 5693 1678 5731 meos
1705 5691 1738 5728 a

203 5809 284 5871 (a)
311 5819 480 5873 supra,
505 5805 597 5858 col.
630 5805 730 5864 174,
757 5817 803 5852 ιι.
832 5803 894 5850 15.

1197 347 1590 406 ΕΝΑΠΙΚᾸΤΙΟ
1629 347 1692 404 IN
1732 347 2397 405 Ρεςιιιιυιιιιχιιχγιι.

3298 359 3432 414 illi

1863 477 1961 516 me.
1983 460 2042 516 Si
2057 475 2152 516 eos
2170 477 2305 533 quos
2324 473 2544 519 noverat
2563 464 2923 534 acceperimus
2943 465 3142 524 dictum
3155 483 3274 524 esse
3289 483 3436 525 notos

1861 569 2017 618 meos,
2036 569 2222 610 omnes
2247 563 2407 609 erunt
2435 573 2449 609 :
2478 571 2599 610 nam
2624 571 2781 626 quem
2813 556 2900 610 ille
2921 572 3026 612 non
3054 555 3297 615 novérat?
3321 562 3427 617 Sed

1862 659 1957 699 eos
1981 645 2278 712 dieitnotos,
2301 647 2493 717 quibus
2509 657 2561 703 et
2581 649 2692 716 ipse
2714 657 2868 702 notus
2889 658 3022 716 erat,
3043 662 3294 720 quantum
3312 669 3436 708 emn

1863 745 1990 792 tunc
2002 752 2160 793 nosse
2177 747 2476 807 potuerunt;
2500 750 2643 794 certe
2664 740 2744 794 vel
2765 739 3020 795 hactenus
3036 742 3176 810 quod
3199 744 3439 800 sciebant

1861 844 1981 885 eum
2006 831 2360 894 innocentem,
2379 831 2584 885 etiamsi
2606 829 2875 885 hominem
2911 831 3273 886 tantummodo
3291 875 3306 900 ,
3330 850 3436 888 non

1861 931 1914 977 et
1940 924 2104 977 Deum
2137 923 2412 993 putabant.
2441 924 2690 992 Quamvis
2708 933 2771 978 .et
2811 924 2979 978 bonos
3003 940 3134 994 quos
3162 925 3432 994 probaret,

1860 1027 2004 1070 notos
2025 1016 2200 1072 dicere
2238 1018 2492 1087 potuerit;
2531 1017 2666 1071 sicut
2699 1018 2866 1072 malos
2910 1032 3041 1087 quos
3086 1018 3431 1086 improbaret,

1861 1108 2102 1178 ignotos,
2152 1109 2339 1178 quibus
2379 1109 2429 1162 in
2459 1110 2560 1164 ﬁne
2603 1107 2840 1163 dicturus
2878 1117 2993 1172 est,
3028 1107 3148 1162 Non
3193 1109 3308 1163 novi
3351 1126 3437 1163 vos

1866 1199 2074 1270 (Matth.
2103 1215 2193 1265 vn,
2227 1197 2338 1270 ‘25).
2380 1199 2529 1265 Quod
2573 1213 2698 1254 vero
2745 1199 2999 1269 adjungit,
3031 1197 3321 1252 Posuerunt
3362 1217 3442 1253 me

1862 1291 2280 1344 abominationem
2319 1291 2414 1344 sibi
2455 1306 2472 1344 :
2515 1299 2735 1360 possunt
2767 1300 2822 1345 ct
2863 1291 2937 1344 illi
2973 1290 3185 1359 quidem
3225 1290 3440 1359 intelligi

1861 1398 1995 1453 quos
2019 1392 2170 1438 notos
2190 1397 2315 1437 suos
2343 1382 2508 1449 dixit,
2531 1383 2651 1452 quia
2692 1391 2744 1438 et
2772 1381 2867 1451 ipsi
2890 1397 3056 1452 genus
3087 1381 3226 1436 illius
3257 1383 3441 1436 mortis

1863 1474 2180 1540 horrebant;
2211 1474 2302 1529 sed
2338 1473 2527 1529 melius
2571 1474 2881 1543 intelligitur
2924 1473 2989 1528 de
3019 1473 3102 1528 his
3149 1473 3216 1527 de
3252 1472 3443 1542 quibus
3531 1497 3538 1508 ι

1863 1567 1973 1622 suis
2024 1565 2455 1636 persecutoribus
2515 1565 2758 1634 superius
2811 1564 3140 1634 loquebatur.
3201 1561 3444 1616 Traditus

1861 1675 1993 1724 sum,
2019 1658 2205 1727 inquit,
2234 1667 2279 1712 et
2309 1673 2410 1711 non
2439 1655 2742 1728 egrediebar.
2771 1655 2958 1712 Utrum
2991 1655 3110 1724 quia
3141 1653 3268 1708 foris
3289 1664 3442 1708 erant

1863 1750 2105 1820 discipuli
2128 1749 2263 1818 ejus,
2293 1747 2503 1818 quando
2531 1747 2646 1817 ipse
2674 1748 2814 1801 intus
2844 1745 3220 1816 jndicahatur?
3247 1760 3313 1798 an
3342 1761 3438 1816 po-

1863 1841 1986 1906 tius,
2012 1855 2118 1896 non,
2141 1838 2450 1910 egrediebar,
2478 1838 2634 1892 altius
2662 1837 2858 1891 dictum
2884 1836 3138 1891 debemus
3177 1835 3437 1904 accipere.

1862 1929 1914 1985 id
1945 1939 2046 1995 est,
2071 1930 2121 1984 in
2153 1929 2493 1984 interioribus
2517 1927 2651 1983 meis
2678 1926 2926 1995 latebam,
2960 1942 3063 1982 non
3091 1925 3436 1982 ostendebam

1863 2022 1982 2091 quis
2009 2036 2206 2088 essem,
2257 2035 2360 2075 non
2407 2021 2743 2091 prepalabar,
2771 2034 2875 2073 non
2925 2017 3338 2074 manifestabar?
3380 2027 3436 2074 et

1863 2112 1982 2168 ideo
2032 2098 2312 2182 sequitur':
2345 2111 2494 2166 Oculi
2541 2112 2637 2166 mei
2679 2111 2922 2180 inﬁrmati
2965 2121 3084 2165 sunt
3131 2112 3193 2164 ab
3239 2111 3432 2181 inapia.

1860 2206 1991 2261 Nam
2019 2219 2154 2276 quos
2181 2205 2294 2275 ejus
2318 2205 2502 2260 oculos
2530 2203 2844 2280 intellecturi
2875 2204 3096 2259 sumus?
3125 2204 3180 2260 Si
3209 2205 3438 2258 exterio-

1863 2314 1948 2353 res
1977 2298 2029 2351 in
2067 2311 2229 2351 carne
2272 2297 2323 2350 in
2355 2311 2457 2365 qua
2507 2295 2802 2364 patiebatur
2843 2294 3076 2365 positos,
3123 2310 3226 2348 non
3262 2309 3355 2348 cos
3386 2295 3438 2349 in

1861 2392 1976 2464 ejus
2016 2392 2262 2462 passione
2299 2390 2518 2460 legimus
2547 2389 2841 2444 inﬁrmatos
2881 2387 2948 2442 ab
2982 2387 3156 2456 inepia
3181 2426 3195 2450 ,
3224 2385 3276 2440 ιιι
3319 2393 3437 2452 εει,

1861 2491 2110 2553 tanquam
2153 2481 2326 2548 fame,
2355 2488 2414 2534 ut
2453 2478 2682 2546 assolet,
2729 2477 2994 2548 languisse
3027 2493 3041 2530 :
3074 2485 3190 2544 post
3231 2489 3438 2530 comam

1859 2575 2057 2646 quippe
2076 2588 2224 2629 suam
2257 2571 2499 2636 traditus,
2528 2581 2582 2625 et
2601 2569 2786 2624 eodem
2830 2569 2916 2623 die
2948 2566 3230 2622 cruciﬁxus
3253 2576 3354 2622 est.
3380 2565 3436 2622 Si

1859 2667 2138 2722 interiores
2161 2707 2176 2732 ,
2208 2662 2474 2734 quomodo
2501 2662 2751 2717 inﬁrmati
2778 2647 2898 2714 Sunt
2922 2659 2990 2714 ab
3011 2659 3206 2730 inopia,
3234 2673 3352 2712 cum
3384 2661 3436 2713 in

1857 2759 1936 2814 eis
1974 2766 2118 2812 esset
2156 2757 2244 2811 lux
2275 2754 2626 2811 indeﬁciens?
2665 2752 2771 2808 Sed
2819 2751 3064 2806 nimirum
3099 2750 3280 2804 oculos
3313 2763 3438 2805 suos

1857 2848 1988 2904 dixit
2015 2847 2254 2902 membra
2283 2861 2402 2916 quae
2429 2846 2481 2900 in
2505 2861 2604 2900 suo
2633 2859 2858 2913 corpore
2884 2843 2968 2898 cui
2988 2851 3147 2911 caput
3182 2851 3262 2896 est
3301 2842 3435 2912 ipse,
3531 2899 3535 2904 ,

1855 2942 2082 2998 clariora
2107 2949 2162 2996 et
2186 2939 2534 2994 eminentiora
2567 2946 2622 2992 et
2647 2937 2908 3006 praecipua
2933 2935 3201 3003 diligebat.
3233 2935 3306 2989 De
3331 2951 3436 3005 quo

1855 3047 2078 3101 corpore
2107 3029 2392 3099 Apostolus
2412 3028 2662 3096 loquens,
2699 3035 2753 3078 et
2782 3024 2848 3078 de
2891 3034 3074 3078 nostro
3114 3039 3338 3095 corpore
3364 3026 3434 3079 εἰς

1854 3122 2204 3180 militudinem
2233 3119 2490 3175 adhibens
2515 3159 2529 3182 ,
2560 3117 2673 3174 ait:
2705 3136 2723 3168 ι
2761 3116 2816 3171 Si
2861 3125 3028 3171 totum
3071 3131 3264 3186 corpus
3306 3132 3433 3171 ocu~

1853 3219 1957 3284 lus,
1983 3215 2069 3271 ubi
2095 3212 2348 3270 auditus?
2385 3213 2430 3266 si
2472 3218 2637 3265 totum
2667 3208 2876 3263 auditus
2895 3249 2910 3275 ,
2941 3207 3027 3262 ubi
3068 3207 3358 3261 odoratus?
3387 3208 3433 3264 si

1853 3308 2075 3364 fuissent
2115 3305 2292 3360 omnia
2329 3317 2491 3358 unum
2538 3299 2870 3366 membrum,
2899 3297 2986 3354 ubi
3029 3298 3260 3368 corpus?
3286 3298 3434 3353 Nunc

1854 3410 2032 3455 autem
2063 3397 2225 3451 multa
2255 3393 2492 3449 membra
2513 3433 2528 3458 ,
2553 3407 2712 3446 unum
2746 3397 2925 3445 autem
2963 3403 3176 3460 corpus.
3203 3388 3316 3445 Non
3344 3405 3435 3460 po-

1854 3499 1958 3552 test
1983 3489 2162 3544 dicere
2181 3485 2366 3542 oculus
2397 3483 2660 3549 manibus,
2683 3481 2828 3553 Opus
2847 3481 2998 3536 vobis
3018 3496 3124 3536 non
3146 3481 3336 3538 habeo.
3363 3481 3434 3538 Et

1851 3583 1897 3637 si
1936 3580 2129 3636 dixerit
2148 3591 2366 3641 manus,
2391 3575 2526 3644 Quia
2558 3589 2664 3629 non
2703 3587 2819 3628 sum
2845 3571 3048 3636 oculus,
3078 3586 3184 3626 non
3223 3585 3340 3627 sum
3367 3572 3434 3627 de

1851 3690 2108 3746 corpore;
2139 3688 2264 3728 num
2290 3671 2409 3726 ideo
2435 3685 2539 3724 non
2565 3678 2648 3723 est
2667 3665 2736 3722 de
2759 3666 3020 3736 corpore?
3048 3685 3068 3718 ι
3092 3665 3224 3734 Quid
3251 3674 3430 3722 autem

1851 3768 1936 3823 his
1959 3767 2135 3823 verbis
2163 3764 2328 3819 vellet
2355 3760 2598 3831 intelligi,
2619 3757 2915 3813 evidentius
2934 3755 3196 3826 expressit
3222 3755 3427 3823 dicens,

1859 3859 1959 3913 Vos
1979 3867 2146 3911 autem
2169 3855 2286 3910 estis
2313 3869 2497 3923 corpus
2543 3849 2728 3904 Christi
2763 3858 2813 3902 et
2841 3847 3062 3901 membra
3103 3845 3146 3918 (Ι
3171 3845 3287 3900 Cor.
3322 3863 3429 3915 xu,

1852 3951 2058 4019 ηοξ-ι).
2089 3949 2418 4016 Quapropter
2457 3949 2513 3998 et
2551 3941 2626 3995 illi
2665 3938 2834 4008 oeuli,
2865 3939 2918 3994 id
2956 3947 3039 3994 est
3076 3939 3244 3994 sancti
3277 3939 3430 4010 Apo-

1849 4047 1992 4112 stoli,
2017 4043 2208 4115 quibus
2260 4054 2365 4094 non
2413 4035 2735 4092 revelaverat
2785 4047 2910 4088 caro
2961 4043 3016 4088 et
3064 4033 3300 4101 sanguis.
3331 4033 3428 4089 sed

1851 4139 2008 4194 Pater
2030 4135 2143 4205 ejus
2163 4133 2249 4204 qui
2299 4131 2352 4186 in
2381 4128 2531 4184 cmlis
2555 4133 2656 4191 est,
2687 4133 2746 4180 ut
2786 4124 2976 4180 Petrus
3010 4123 3240 4188 diceret,
3270 4123 3350 4177 Tu
3376 4140 3429 4178 es

1850 4229 2078 4285 Christus
2119 4224 2287 4280 Filius
2311 4222 2404 4276 Dei
2428 4221 2522 4276 vivi
2552 4218 2766 4289 (Matth.
2795 4233 2906 4285 xvr,
2939 4217 3027 4283 16,
3055 4216 3163 4288 17),
3187 4216 3427 4273 videntes

1849 4338 1971 4376 eum
2000 4319 2152 4382 tradi,
2175 4331 2237 4371 ac
2264 4323 2404 4370 tanta
2425 4311 2628 4383 perpeti
2657 4309 2829 4374 mala;
2871 4307 3118 4379 quoniam
3159 4323 3262 4364 non
3304 4323 3426 4362 eum

1850 4413 2102 4469 videbant
2127 4408 2336 4481 qualem
2365 4404 2636 4468 volebant,
2664 4401 2786 4472 quia
2823 4415 2928 4454 non
2959 4398 3346 4470 egrediebatur,
3375 4398 3429 4454 id

1848 4514 1959 4571 est,
1999 4519 2105 4558 non
2153 4497 2586 4556 manifestabatur
2625 4494 2678 4548 in
2707 4493 2902 4547 virtute
2939 4500 2992 4548 et
3041 4491 3270 4561 potentia
3308 4505 3427 4557 sua,

1848 4598 1942 4654 sed
1971 4598 2020 4651 in
2050 4593 2160 4650 suis
2187 4590 2523 4648 interioribus
2551 4586 2788 4642 occultus
2808 4585 2849 4651 ¹,
2878 4583 3054 4637 omnia
3079 4582 3228 4652 quasi
3270 4595 3427 4651 supe-

1847 4703 1993 4748 ratus
2021 4687 2180 4760 atque
2209 4687 2471 4754 impotens
2497 4679 2814 4753 perferebat,
2843 4676 3085 4746 inﬁrmati
3109 4685 3225 4729 sunt
3261 4673 3323 4729 ab
3357 4675 3428 4728 in-

1847 4785 1984 4854 opia,
2014 4782 2157 4836 velut
2174 4779 2442 4834 subtracto
2461 4774 2558 4829 sibi
2579 4772 2698 4827 cibo
2722 4785 2839 4835 suo,
2867 4769 3065 4824 lumine
3093 4781 3210 4821 suo.

1919 4875 1972 4931 9.
2013 4874 2080 4928 Et
2107 4870 2340 4932 clamavi,
2374 4866 2562 4937 inquit,
2589 4866 2658 4917 ad
2682 4873 2728 4916 te
2748 4903 2763 4928 ,
2788 4861 3025 4914 Domine.
3069 4857 3178 4912 l'loc
3212 4856 3423 4927 quidem

1846 4978 1897 5022 et
1920 4965 2249 5036 apertissime
2292 4959 2433 5024 fecit,
2460 4971 2580 5011 cum
2609 4952 2863 5020 penderet
2889 4951 2938 5004 in
2967 4950 3125 5018 ligno.
3148 4947 3251 5003 Sed
3281 4944 3420 5015 quod

1845 5061 2106 5130 sequitur,
2137 5054 2262 5108 Tota
2300 5051 2382 5104 die
2415 5049 2632 5118 expendi
2658 5047 2678 5078 ³
2705 5061 2883 5098 manus
2916 5058 3056 5112 ineas.
3083 5039 3150 5092 ad
3173 5049 3246 5104 te,
3285 5053 3414 5105 quo-

1847 5128 2002 5206 modo
2024 5153 2266 5216 oporteat
2289 5142 2486 5210 accipi,
2516 5139 2703 5194 merito
2723 5136 2994 5206 quaeritur.
3027 5132 3080 5186 Si
3109 5130 3249 5186 enim
3280 5128 3329 5181 in
3353 5141 3420 5181 eo

1844 5241 1985 5312 quod
2013 5241 2102 5300 ait.
2135 5235 2373 5304 Expandi
2422 5231 2599 5285 manus
2643 5245 2797 5292 meas,
2827 5219 3000 5282 crucis
3028 5219 3311 5290 patibulum
3339 5219 3415 5272 in-

1848 5311 2237 5392 tellexerimus;
2265 5321 2532 5396 quomodo
2556 5319 2871 5374 intellecturi
2894 5329 3095 5379 sumus,
3130 5311 3255 5364 Tota
3293 5311 3416 5364 die!

1844 5419 2104 5492 Numquid
2136 5427 2242 5472 tota
2285 5416 2370 5469 die
2420 5411 2670 5482 pependit
2709 5409 2760 5462 in
2787 5409 2945 5475 ligno.
2970 5410 3192 5492 cumet
3217 5417 3318 5454 nox
3349 5400 3414 5455 ad

1847 5489 2013 5570 totum
2037 5513 2172 5565 diem
2203 5505 2496 5577 pertineat?
2522 5501 2578 5556 Si
2602 5509 2776 5553 autem
2807 5497 2904 5548 hoc
2936 5493 3052 5546 loco
3072 5489 3211 5544 diem
3255 5493 3418 5544 voluit

1845 5605 2083 5675 intelligi,
2132 5601 2218 5670 qni
2271 5603 2464 5665 praeter
2518 5598 2726 5644 noctem
2773 5585 2887 5639 dics
2934 5581 3184 5652 appellari
3240 5587 3410 5647 solet;

1910 5719 1923 5748 ί
1961 5718 2030 5764 sic
2053 5709 2280 5760 meliores
2302 5713 2406 5754 Mss.
2434 5701 2544 5751 Edd.
2564 5711 2698 5755 vero,
2713 5693 2924 5764 occultis.

1909 5783 1930 5812 ι
1962 5755 2190 5834 ﬁliiﬁlii
2201 5755 2306 5818 iis.
2328 5768 2416 5816 hoc
2441 5775 2491 5815 et
2515 5764 2730 5826 [vapxitno
2752 5758 2873 5820 loco,
2896 5755 3108 5808 extendi.
