4024 6210
582 359 720 416 ιιιε

573 485 732 538 etiam
772 481 891 535 talis
914 478 1046 539 diei.
1073 472 1284 544 quando
1302 469 1584 528 cruciﬁxus
1609 480 1689 526 est
1707 511 1724 536 ,
1748 470 1856 540 jam
1883 479 2004 538 pars
2031 461 2142 532 pri—

576 591 659 628 ma
690 584 743 628 et
765 589 866 627 non
895 585 1051 641 parva
1083 566 1386 621 transierat.
1418 565 1472 620 Si
1499 573 1673 618 autem
1704 563 1844 618 diem
1873 577 1971 633 pro
2006 570 2143 616 tem-

575 682 702 737 pore
725 665 954 732 positum
977 660 1200 714 velimus
1221 659 1463 721 accipere
1491 658 1741 730 (maxime
1767 657 1886 725 quia
1914 656 2016 709 hoc
2043 669 2149 736 no:

575 775 694 812 men
745 769 937 825 genere
961 753 1210 807 feminino
1237 753 1440 821 posuit,
1469 750 1608 821 quod
1640 753 1692 804 in
1733 749 1896 803 latino
1933 747 2142 816 eloquio

573 845 782 901 nonnisi
818 853 1023 914 tempus
1052 843 1348 912 signiﬁcare
1376 842 1510 896 solet
1540 858 1555 897 :
1593 840 1837 911 quamvis
1873 840 1924 892 in
1968 852 2142 908 graeco

572 953 673 991 non
707 938 774 989 ita
802 936 910 1000 sit;
931 949 1144 1004 semper
1166 934 1356 1004 quippe
1388 933 1441 987 in
1464 947 1524 986 ea
1548 931 1721 1002 lingua
1743 930 1856 984 dies
1890 928 2143 984 feminino

570 1045 766 1099 genere
792 1027 1004 1090 dicitur,
1029 1037 1081 1080 et
1103 1025 1222 1080 ideo
1248 1034 1457 1080 nostros
1495 1024 1572 1078 sic
1599 1022 1932 1091 interpretari
1971 1019 2140 1090 puto),

569 1121 766 1174 arctius
818 1119 1041 1188 quaestio
1091 1117 1441 1186 colligabitur.
1486 1113 1762 1182 Quomodo
1820 1115 1959 1168 enim
2031 1120 2143 1166 toto

477 1215 479 1218 ‘
571 1220 838 1280 tempore.
867 1211 908 1264 si
933 1224 1031 1264 nec
1055 1209 1240 1265 saltem
1274 1223 1380 1262 uno
1410 1217 1520 1262 tcto
1555 1207 1640 1260 die
1682 1219 1870 1260 manus
1903 1205 2144 1260 extendit

571 1305 624 1357 in
646 1303 839 1358 cruce?
871 1303 1034 1358 Porro
1057 1303 1100 1356 si
1126 1311 1294 1356 totum
1335 1316 1430 1370 pro
1459 1283 1605 1370 parte
1637 1298 2000 1368 accipiendum
2023 1314 2144 1354 esse

570 1399 806 1451 dicamus
825 1438 841 1462 ,
870 1397 988 1468 quia
1011 1397 1112 1451 isto
1149 1411 1343 1466 genere
1371 1394 1650 1449 locutionis
1677 1393 1753 1446 uti
1778 1393 1934 1446 etiam
1961 1400 2140 1446 sancta

573 1489 842 1559 Scriptura
883 1490 1190 1554 consuevit;
1231 1504 1335 1543 non
1370 1487 1500 1542 mihi
1542 1487 1772 1541 occurrit
1803 1485 2138 1554 exemplum,

574 1593 739 1637 totum
777 1599 873 1653 pro
917 1593 1064 1652 parte
1105 1582 1262 1636 etiam
1309 1590 1433 1635 tunc
1480 1593 1634 1650 posse
1675 1578 1878 1649 accipi,
1931 1577 2142 1646 quando

573 1679 743 1746 ipsum
766 1675 980 1730 verbum
1008 1674 1216 1728 additur
1245 1682 1296 1728 et
1321 1673 1512 1728 dicitur
1536 1681 1723 1728 totum.
1753 1670 1885 1726 Nam
1911 1680 1965 1726 et
1997 1672 2049 1725 in
2076 1686 2142 1726 eo

571 1767 708 1836 quod
750 1765 881 1820 dixit
927 1765 1180 1819 Dominus
1217 1765 1266 1818 in
1300 1764 1616 1832 Evangelia,
1657 1763 1746 1817 Sic
1771 1763 1862 1815 erit
1902 1771 1947 1816 et
1978 1761 2142 1816 Filius

572 1861 788 1914 hominis
820 1861 873 1913 in
911 1859 1060 1913 corde
1090 1868 1234 1912 terra:
1261 1855 1416 1911 tribus
1451 1855 1621 1911 diebus
1648 1865 1692 1910 et
1724 1855 1878 1910 tribus
1915 1855 2142 1910 noctibus

573 1953 784 2030 (Matth.
811 1969 902 2018 xu,
938 1951 1023 2022 £0)
1046 1968 1060 2016 ;
1082 1951 1198 2005 ideo
1225 1959 1389 2004 totum
1418 1965 1514 2018 pro
1549 1956 1697 2018 parte
1719 1963 1822 2001 non
1855 1947 2142 2001 insolenter

568 2045 844 2114 accipitur,
886 2044 1006 2114 quia
1050 2059 1154 2097 non
1198 2043 1291 2108 ait,
1323 2041 1473 2096 Totis
1498 2040 1664 2095 tribus
1707 2037 1894 2112 diebus
1925 2047 1978 2092 et
2017 2038 2140 2094 totis

569 2138 737 2193 tribus
763 2121 1001 2193 noctibus
1033 2153 1045 2190 :
1076 2150 1210 2191 unus
1247 2137 1442 2206 quippe
1476 2133 1681 2188 medius
1711 2131 1803 2187 fuit
1831 2141 1971 2187 totus
2002 2131 2135 2195 dies,

568 2229 792 2284 duorum
836 2239 1010 2284 autem
1057 2236 1263 2298 partes;
1303 2227 1458 2296 primi
1498 2225 1717 2291 ultima,
1741 2223 1906 2278 ultimi
1947 2223 2135 2292 prima.

569 2320 624 2375 Si
653 2329 828 2374 autem
859 2335 964 2373 non
997 2333 1209 2373 crucem
1237 2333 1388 2372 suam
1419 2318 1468 2370 in
1515 2317 1612 2370 hac
1639 2313 1911 2384 prophetia
1943 2312 2138 2368 Psalmi

567 2411 884 2481 signiﬁcavit
911 2409 992 2464 his
1020 2409 1197 2465 verbis
1217 2451 1231 2474 ,
1263 2408 1357 2464 sed
1382 2409 1674 2462 oralionem
1695 2447 1709 2468 ,
1737 2421 1894 2474 quam
1922 2419 2039 2459 eum
2071 2420 2138 2458 ex

574 2505 742 2559 forma
771 2503 908 2559 servi
939 2502 1137 2557 fudisse
1166 2503 1274 2557 Deo
1301 2499 1764 2569 Patri,Evangelio
1783 2507 1934 2560 teste,
1952 2497 2138 2551 didici-

575 2613 713 2662 mus,
729 2596 814 2652 ubi
831 2609 952 2650 eum
983 2606 1037 2649 et
1062 2595 1214 2662 longe
1229 2602 1350 2652 ante
1369 2591 1688 2660 passionem,
1715 2595 1769 2643 et
1785 2589 1882 2643 sub
1902 2589 1987 2642 die
2013 2603 2138 2659 pas-

567 2689 766 2754 sionis,
792 2697 846 2743 et
875 2689 924 2741 in
947 2687 1057 2756 ipsa
1083 2701 1237 2741 cruce
1265 2700 1447 2740 orasse
1476 2682 1848 2748 meminimus;
1880 2697 2138 2752 nusquam

567 2779 669 2836 hoc
689 2795 808 2834 eum
836 2787 947 2834 t0to
971 2777 1056 2833 die
1077 2777 1266 2834 fecisse
1286 2777 1527 2847 legimus.
1559 2775 1787 2831 Proinde
1815 2775 2139 2830 convenien-

567 2879 650 2926 ter
671 2885 767 2942 per
801 2876 1042 2925 extentas
1081 2879 1268 2922 manus
1299 2876 1415 2932 tota
1451 2865 1536 2921 die
1562 2866 2008 2920 continuationem
2036 2865 2140 2919 bo-

566 2977 755 3016 norum
784 2975 1001 3030 operum
1033 2959 1326 3029 intelligere
1352 2971 1666 3028 possumus,
1697 2971 1727 3010 a
1749 2971 1969 3027 quorum
2005 2972 2140 3011 nun-

567 3069 725 3125 quam
758 3053 1047 3108 intentione
1073 3051 1315 3106 cessavit.

638 3135 724 3201 10.
757 3143 906 3218 [vers.
931 3141 1044 3216 11.]
1071 3143 1174 3198 Sed
1197 3143 1316 3212 quia
1335 3141 1463 3197 solis
1487 3139 1872 3210 praedestinatis
1891 3137 1956 3193 ad
1982 3147 2140 3193 mter-

569 3253 689 3294 nam
734 3238 978 3302 salutem,
1030 3251 1133 3290 non
1183 3244 1355 3288 autem
1402 3232 1647 3286 omnibus
1683 3231 2141 3296 hominibus,nec

569 3330 696 3400 ipsis
724 3331 860 3384 inter
887 3343 1022 3398 quos
1065 3327 1201 3381 facta
1242 3334 1399 3390 sunt,
1428 3323 1543 3392 ejus
1573 3326 1705 3376 bona
1753 3337 1912 3392 opera
1951 3319 2136 3390 profu-

568 3430 756 3485 erunt;
789 3419 909 3473 ideo
950 3425 1336 3485 consequenter
1380 3413 1571 3483 adjecit
1599 3431 1614 3468 :
1643 3411 1906 3482 Numquid
1931 3413 2140 3466 mortuis

570 3513 725 3585 facies
752 3509 1043 3565 mirabilia?
1067 3507 1178 3563 Iloc
1205 3507 1344 3562 enim
1375 3506 1418 3560 si
1449 3505 1514 3559 de
1544 3503 1626 3558 his
1654 3503 1849 3558 dictum
1877 3502 2142 3573 putaveri-

568 3618 709 3669 mus,
742 3616 964 3672 quornm
986 3614 1110 3655 caro
1129 3597 1386 3653 exanimis
1413 3595 1548 3650 facta
1575 3603 1684 3660 est;
1715 3609 1903 3665 magna
1928 3593 2141 3648 mirabi-

569 3696 636 3750 lia
666 3698 796 3749 iacta
827 3701 951 3747 sunt
970 3690 1222 3756 mortuis,
1251 3704 1368 3743 cum
1403 3686 1615 3758 quidam
1645 3699 1825 3740 eorum
1855 3685 2014 3740 etiam
2049 3699 2138 3738 re-

569 3789 814 3843 vixerunt
839 3783 948 3855 (Id.
971 3798 1136 3848 xxvu,
1165 3780 1254 3852 52)
1285 3797 1297 3834 :
1321 3788 1374 3835 et
1398 3777 1536 3849 quod
1565 3777 1814 3831 Dominus
1850 3775 2142 3846 penetravit

570 3880 793 3936 inferna.
826 3886 983 3947 atque
1021 3874 1141 3930 inde
1163 3871 1348 3927 mortis
1391 3871 1558 3925 victor
1585 3867 1860 3933 ascendit,
1895 3879 2138 3936 magnum

571 3971 791 4027 mortuis
808 3967 1115 4024 miraculum
1138 3964 1327 4020 factum
1354 3972 1453 4018 est.
1472 3959 1734 4032 Signiﬁcat
1756 3955 1882 4029 ergo
1899 3959 1999 4013 isto
2017 3972 2140 4011 ver-

572 4063 639 4118 bo
665 4077 771 4132 quo
795 4061 887 4126 ait,
913 4057 1174 4129 Numquid
1201 4055 1410 4110 mortuis
1435 4054 1587 4124 facies
1608 4050 1876 4113 mirabilia,
1899 4047 2141 4102 homines

571 4154 734 4209 corde
761 4154 830 4208 ita
857 4161 1115 4213 mortuos,
1147 4157 1205 4202 ut
1232 4161 1326 4201 eos
1353 4144 1417 4198 ad
1446 4145 1604 4198 vitam
1631 4141 1750 4196 ﬁdei
1781 4149 1921 4194 tanta
1944 4137 2140 4192 Christi
2160 4142 2183 4209 Ἰ

574 4245 837 4302 mirabilia
868 4258 972 4297 non
1003 4247 1296 4295 moverent.
1327 4236 1508 4304 Neque
1529 4233 1668 4288 enim
1712 4240 1986 4301 pr0pterea
2010 4229 2142 4282 dixit

575 4354 680 4392 non
703 4337 780 4391 eis
810 4335 922 4388 ﬁeri
951 4331 1228 4393 mirabilia,
1257 4329 1376 4398 quia
1417 4339 1519 4379 non
1561 4338 1623 4380 ea
1651 4321 1862 4386 vident;
1890 4318 1982 4374 sed
2019 4319 2141 4390 quia

575 4444 682 4483 non
712 4427 790 4482 eis
815 4431 1055 4495 prosunt.
1093 4421 1222 4476 Nam
1256 4420 1392 4473 sicut
1430 4415 1515 4471 hic
1541 4414 1634 4482 ait,
1667 4413 1791 4468 Tota
1817 4412 1897 4466 die
1925 4411 2144 4483 expandi

576 4535 756 4574 manus
789 4533 924 4571 meas
961 4516 1027 4569 ad
1063 4524 1141 4580 te;
1168 4512 1288 4582 quia
1329 4508 1502 4564 omnia
1533 4519 1692 4577 Opera
1715 4521 1809 4560 sua
1839 4503 2046 4559 nonnisi
2075 4500 2143 4558 ad

575 4613 902 4666 voluntatem
928 4607 1122 4662 referat
1147 4603 1356 4666 Patris;
1379 4599 1669 4676 smpissime
1697 4604 1999 4651 contestans
2025 4593 2144 4648 ideo

579 4721 638 4762 se
657 4704 888 4769 venisse,
903 4709 960 4754 ut
974 4699 1294 4754 voluntatem
1311 4693 1479 4748 Patris
1496 4689 1737 4759 impleret
1757 4682 2013 4758 (Joati.vr,
2029 4681 2139 4754 38):

585 4798 653 4851 ita
674 4837 689 4863 ,
720 4793 842 4864 quia
889 4791 1075 4846 eadem
1106 4802 1265 4858 opera
1295 4784 1452 4838 etiam
1485 4778 1709 4835 inﬁdelis
1732 4776 1956 4847 populus
1993 4773 2142 4841 vidit,

579 4890 713 4945 alius
753 4883 1009 4956 prOpheta
1039 4881 1192 4942 dicit,
1229 4877 1353 4932 Tota
1379 4877 1460 4929 die
1482 4871 1700 4942 expandi
1721 4884 1898 4924 manus
1918 4884 2052 4922 meas
2080 4867 2147 4920 ad

583 4979 826 5052 papulum
855 4992 954 5030 non
980 4973 1261 5027 credentem
1307 4979 1351 5021 et
1376 4965 1789 5021 contradicentent
1827 4959 1976 5030 (Isai.
2018 4973 2143 5022 va,

581 5050 658 5144 9).
688 5069 790 5142 ipsi
811 5075 934 5123 sunt
954 5063 1165 5127 mortui,
1197 5059 1386 5131 quibus
1413 5073 1515 5110 non
1545 5063 1665 5110 sunt
1695 5053 1828 5108 facta
1859 5050 2144 5115 mirabilia;

583 5183 687 5224 non
727 5160 867 5234 quod
899 5175 959 5214 ea
1003 5171 1108 5211 non
1145 5153 1406 5216 viderunt,
1461 5148 1552 5204 sed
1601 5146 1739 5216 quod
1789 5157 1883 5214 per
1925 5159 1988 5198 ea
2042 5157 2148 5196 non

583 5232 903 5315 revixerunt.
933 5247 1083 5319 Quod
1105 5254 1280 5301 autem
1320 5241 1577 5311 sequitur,
1607 5239 1705 5293 Aut
1723 5235 1902 5288 medici
1927 5232 2148 5287 exsusci-

587 5353 776 5414 tabunt,
809 5357 855 5404 et
879 5340 1246 5414 conﬁtebuntur
1271 5335 1392 5390 ubi?
1418 5333 1468 5388 id
1497 5341 1610 5397 est,
1638 5329 1758 5399 quia
1788 5344 1892 5382 non
1921 5342 1950 5380 a
1979 5323 2149 5414 medi-

587 5445 662 5496 cis
690 5413 1154 5496 exsuscitabuntur
1189 5428 1458 5491 homines,
1485 5433 1542 5479 ιιι
1574 5419 1924 5477 conﬁteantur
1950 5417 2063 5472 tibi.
2091 5413 2150 5469 In

590 5535 800 5588 ltchrmo
825 5531 1034 5602 quidem
1063 5527 1214 5582 aliter
1250 5537 1308 5577 se
1333 5517 1528 5574 habere
1573 5513 1840 5577 ﬁrmatur;
1867 5525 1972 5564 non
2012 5506 2152 5602 enim

592 5625 816 5684 medici,
843 5595 960 5676 iscd
1004 5621 1237 5690 gigantes
1273 5626 1388 5668 esse
1417 5605 1798 5680 perhibentur:
1834 5615 2017 5656 verum
2058 5595 2155 5652 Se-

594 5723 857 5783 'tlt'agillln
889 5722 1218 5777 interpretes,
1245 5717 1467 5774 quorum
1496 5696 1778 5753 auctoritas
1806 5699 1949 5745 tanta
1971 5696 2074 5783 est,
2096 5693 2155 5740 ut

593 5779 695 5866 neu
724 5779 983 5862 immerito
1012 5807 1223 5873 propter
1246 5794 1536 5853 mirabilem
1559 5783 1949 5845 consonantiam
1974 5779 2151 5836 divino

1767 348 1826 407 8.
1869 335 2227 402 AUGUS'HNI
2268 337 2565 401 EPlSCOPl

3687 335 3826 404 ιιιϐ

2249 454 2444 526 Spiritu
2469 460 2797 530 interpretati
2817 475 2935 520 esse
2961 462 3279 529 credantur;
3309 462 3377 518 de
3407 463 3552 518 vocis
3577 464 3826 524 similitu-

2247 549 2370 603 dine
2390 590 2406 614 ,
2434 567 2538 620 qua
2581 553 2634 607 in
2664 553 2872 610 hebrata
2915 555 3088 625 lingua
3131 556 3368 625 gigantes
3386 564 3443 610 et
3464 553 3656 610 medici
3686 571 3826 626 pene

2246 643 2432 697 eodem
2455 644 2614 700 modo
2635 654 2846 711 sonant,
2867 655 2922 702 et
2948 647 3134 716 exigua
3161 646 3459 701 differentia
3483 645 3822 716 distinguun-

2249 742 2352 798 tur,
2375 750 2479 788 non
2507 751 2688 791 errore
2711 777 2725 799 ,
2753 737 2846 792 sed
2875 739 3050 806 potius
3077 738 3356 792 occasione
3376 778 3392 802 ,
3421 738 3690 807 quomodo
3719 739 3826 796 isto

2249 825 2364 880 loco
2393 828 2682 900 accipiendi
2709 840 2888 885 essent
2907 831 3164 901 gigantes,
3196 830 3492 900 signiﬁcare
3516 831 3815 889 voluerunt.

2248 915 2302 970 Si
2329 919 2469 972 enim
2491 920 2748 988 superbos
2775 922 3041 990 gigantum
3063 921 3277 976 nomine
3306 921 3598 976 insinuatus
3621 923 3815 978 intelli—

2245 1023 2432 1076 gamus
2454 1049 2468 1073 ,
2511 1010 2578 1064 de
2605 1011 2797 1080 quibus
2839 1011 2966 1066 dicit
2993 1012 3279 1082 Apostolus
3302 1052 3316 1074 ,
3345 1010 3442 1067 Ubi
3469 1013 3711 1084 sapiens?
3737 1011 3825 1067 ubi

2247 1099 2450 1154 scriba?
2499 1101 2598 1154 ubi
2629 1102 2932 1170 conquisitor
2982 1101 3133 1172 hujus
3181 1103 3352 1156 steculi
3378 1101 3424 1172 (l
3448 1102 3562 1157 Cor.
3610 1120 3646 1163 ι,
3687 1103 3822 1172 20)?

2248 1203 2351 1242 non
2375 1189 2469 1242 fuit
2494 1190 2837 1260 incongruum
2863 1191 3076 1247 eosdem
3106 1193 3340 1247 medicos
3361 1194 3644 1262 nuncupari
3662 1235 3676 1255 ,
3703 1196 3826 1247 vel-

2247 1289 2304 1331 ut
2340 1294 2436 1349 per
2463 1290 2628 1335 artem
2659 1282 2930 1351 sapientiae
2965 1297 3075 1337 sua:
3115 1283 3482 1353 promittentes
3521 1284 3820 1338 animarum

2245 1371 2467 1426 salutem
2502 1390 2515 1426 :
2542 1385 2722 1427 contra
2747 1390 2879 1444 quos
2906 1375 3117 1450 dicitur,
3155 1374 3360 1430 Domini
3378 1385 3450 1430 est
3475 1377 3617 1431 salus
3640 1376 3818 1445 (Psal.

2244 1477 2322 1525 tu,
2355 1463 2430 1532 9).
2463 1463 2517 1519 Si
2543 1474 2715 1519 autem
2750 1467 2800 1520 in
2833 1461 2970 1521 bono
3013 1467 3372 1535 acceperimus
3399 1466 3662 1537 gigantes,
3691 1467 3820 1538 quia

2245 1563 2298 1609 et
2317 1553 2384 1609 de
2426 1555 2542 1625 ipso
2571 1557 2793 1612 Domino
2825 1557 3021 1612 dictum
3057 1568 3156 1619 est,
3180 1556 3464 1612 Exsultavit
3491 1567 3545 1612 ut
3584 1562 3727 1630 gigas
3749 1560 3821 1612 ad

2243 1647 2542 1700 currendum
2585 1647 2715 1701 viam
2754 1647 2922 1720 (Psal.
2950 1652 3109 1710 xviii,
3143 1648 3236 1718 6);
3274 1646 3414 1718 quod
3450 1649 3520 1702 ita
3565 1649 3633 1702 sit
3670 1650 3819 1720 gigas

2242 1735 2510 1806 gigantum
2532 1778 2548 1804 ,
2580 1754 2887 1808 magnorum
2932 1740 3138 1795 scilicet
3170 1747 3225 1794 et
3268 1739 3694 1805 fortissimorum,
3723 1743 3816 1811 qui

2244 1825 2297 1880 in
2326 1827 2440 1896 ejus
2467 1828 2704 1884 Ecclesia
2731 1829 2989 1899 spirituali
3019 1830 3210 1885 robore
3236 1831 3528 1894 excellunt;
3557 1831 3707 1886 sicuti
3734 1842 3822 1888 est

2244 1931 2397 1972 mons
2425 1918 2704 1983 montium,
2735 1919 2856 1989 quia
2881 1919 2948 1975 de
2974 1920 3064 1975 illo
3088 1921 3338 1990 scriptum
3363 1931 3476 1985 est,
3506 1921 3616 1976 Erit
3642 1923 3695 1976 in
3718 1939 3820 1977 no-

2241 2007 2454 2062 vissimis
2480 2011 2782 2080 temporibus
2803 2011 3094 2080 manifestus
3120 2028 3262 2066 mons
3287 2011 3510 2076 Domini,
3534 2024 3738 2084 paratus
3762 2015 3819 2069 in

2242 2102 2498 2156 cacumine
2537 2102 2779 2156 utentium
2814 2101 2963 2173 (Isai.
2994 2118 3067 2169 ιι,
3093 2102 3182 2170 2);
3228 2104 3366 2159 sicut
3402 2104 3560 2159 etiam
3605 2113 3820 2161 sanctus

2242 2200 2544 2245 sanctorum
2576 2209 2589 2245 :
2620 2207 2724 2247 non
2753 2202 2836 2248 est
2859 2193 3142 2262 absurdum
3175 2202 3229 2248 nt
3250 2195 3405 2250 iidem
3435 2195 3530 2264 ipsi
3561 2197 3731 2266 magni
3765 2206 3820 2251 et

2240 2280 2404 2337 fortes
2439 2283 2596 2337 etiam
2636 2284 2826 2338 medici
2874 2295 3146 2339 vocentur.
3189 2284 3339 2341 Unde
3380 2285 3507 2340 dicit
3542 2287 3820 2356 apostolus

2242 2373 2436 2428 Paulus
2464 2390 2478 2428 :
2511 2373 2574 2428 Si
2612 2391 2708 2444 quo
2735 2376 2882 2428 modo
2915 2376 3146 2436 aemulari
3184 2387 3354 2446 potero
3390 2394 3590 2431 carnem
3630 2395 3816 2446 meam,

2241 2475 2295 2517 ut
2340 2465 2503 2519 salvos
2539 2465 2723 2534 faciant
2755 2466 2950 2536 aliquos
2993 2482 3055 2520 ea:
3078 2467 3178 2521 illis
3219 2466 3392 2540 (Rom.
3437 2484 3524 2531 χι,
3558 2469 3666 2540 14).
3709 2470 3818 2525 Sed

2241 2557 2399 2611 etiam
2425 2556 2559 2611 tales
2585 2556 2808 2620 medici,
2839 2558 3079 2627 quamvis
3101 2573 3205 2612 non
3233 2558 3300 2613 de
3326 2573 3424 2613 suo
3448 2569 3632 2614 curent
3651 2601 3665 2622 ,
3692 2561 3816 2630 quia

2242 2662 2339 2702 nec
2360 2646 2544 2701 medici
2563 2648 2801 2717 corporis
2829 2659 3016 2702 curant
3043 2648 3110 2703 de
3152 2663 3282 2713 suo;
3309 2657 3485 2704 tamen
3500 2651 3819 2720 quantumli-

2243 2736 2330 2792 bet
2355 2753 2449 2808 per
2475 2737 2634 2794 ﬁdele
2656 2738 3004 2793 ministerium
3027 2739 3350 2808 opitulentur
3376 2739 3552 2807 saluti,
3581 2741 3819 2797 viventes

2241 2841 2429 2882 curare
2451 2836 2691 2897 possunt,
2721 2842 2823 2882 non
2852 2838 3089 2882 mortuos
3109 2819 3341 2884 excitare
3371 2848 3384 2883 :
3416 2829 3483 2884 de
3519 2830 3705 2900 quibus
3729 2831 3816 2885 di-

2241 2929 2384 2974 ctum
2417 2928 2533 2987 est,
2565 2918 2828 2990 Numquid
2870 2920 3079 2974 mortuis
3110 2921 3266 2990 facies
3313 2921 3600 2975 mirabilia?
3649 2920 3816 2977 Nimis

2241 3011 2381 3066 enim
2425 3011 2631 3066 occulta
2675 3011 2766 3066 Dei
2813 3010 2980 3081 gratia
3007 3020 3120 3080 est,
3151 3027 3252 3082 qua
3294 3011 3566 3067 hominum
3609 2997 3816 3067 mentes

2241 3101 2468 3172 quodam
2513 3101 2670 3156 modo
2709 3101 3060 3168 reviviscunt,
3085 3112 3142 3156 ιιι
3190 3103 3394 3173 possint
3433 3119 3463 3157 a
3493 3103 3816 3173 quibuslibet

2240 3194 2356 3262 ejus
2385 3195 2641 3250 ministris
2682 3206 2944 3264 prmcepta
2969 3195 3211 3250 sanitatis
3248 3195 3450 3251 audire.
3481 3196 3648 3264 Quam
3693 3211 3818 3266 gra-

2243 3288 2366 3342 tiam
2397 3286 2730 3341 commendat
2769 3288 2822 3340 in
2851 3287 3139 3357 Evangelio
3171 3287 3374 3353 dicens,
3405 3305 3424 3339 ι
3447 3287 3613 3342 Nemo
3640 3295 3816 3356 potest

2241 3379 2422 3433 venire
2443 3378 2507 3432 ad
2531 3392 2634 3443 me,
2659 3377 2758 3432 nisi
2780 3377 2935 3433 Pater
2953 3378 3043 3448 qui
3069 3379 3209 3432 misit
3238 3393 3343 3444 me,
3365 3377 3590 3432 traxerit
3612 3393 3730 3432 cum
3761 3394 3809 3432 :s

2241 3481 2295 3525 et
2317 3469 2473 3540 paulo
2501 3478 2621 3540 post
2644 3468 2876 3539 apertius
2898 3467 2999 3524 hoc
3025 3468 3197 3539 ipsum
3223 3476 3491 3537 repetens,
3511 3467 3601 3531 ait,
3625 3485 3652 3535 ,ι
3683 3466 3817 3522 Ver-

2241 3560 2306 3615 ba
2333 3575 2449 3629 qua:
2478 3573 2576 3628 ego
2604 3557 2810 3612 locutus
2836 3572 2952 3611 sum
2978 3557 3125 3612 vobis
3144 3597 3160 3622 ,
3190 3557 3404 3627 spiritus
3439 3566 3490 3612 et
3520 3556 3624 3610 vita
3649 3565 3812 3620 sunt;

2241 3651 2334 3706 sed
2357 3660 2484 3708 sunt
2507 3649 2720 3719 quidam
2745 3665 2810 3704 ex
2849 3648 2998 3704 vobis
3022 3648 3110 3718 qui
3149 3663 3252 3702 non
3283 3647 3523 3702 credunt.
3559 3667 3577 3699 ι
3612 3641 3816 3702 Deinde

2241 3741 2531 3812 interponit
2557 3739 2914 3810 Evangelista,
2943 3758 2963 3792 ι
2989 3738 3199 3795 Sciebat
3224 3740 3363 3794 enim
3386 3738 3453 3792 ab
3481 3738 3630 3792 initio
3659 3739 3818 3794 Jesus

2242 3835 2331 3905 qui
2379 3842 2560 3890 essent
2605 3832 2884 3888 credentes
2927 3832 2970 3900 ⁸,
3000 3842 3054 3886 et
3095 3832 3211 3902 quis
3257 3832 3542 3886 traditurus
3582 3847 3703 3886 eum
3724 3847 3815 3888 es-

2243 3938 2325 3984 set
2353 3945 2367 3981 :
2409 3944 2428 3980 ι
2459 3935 2514 3983 et
2530 3937 2743 3983 secutus
2771 3934 2928 3996 atque
2969 3926 3132 3995 ipsius
3158 3924 3364 3980 Domini
3407 3926 3563 3980 verba
3589 3927 3816 3994 conjun-

2242 4033 2393 4088 gens,
2423 4018 2528 4083 ait,
2574 4035 2594 4070 ι
2631 4016 2699 4071 Ει
2725 4015 2964 4082 dicebat,
2997 4016 3283 4086 Pr0pterea
3326 4016 3434 4071 dixi
3463 4017 3610 4071 vobis
3631 4057 3647 4083 ,
3689 4018 3818 4087 quia

2243 4126 2401 4166 nemo
2431 4117 2604 4181 potest
2625 4109 2810 4165 venire
2834 4108 2900 4164 ad
2929 4124 3033 4173 me,
3061 4109 3160 4163 nisi
3193 4108 3351 4163 fuerit
3378 4108 3426 4164 ei
3454 4108 3629 4163 datum
3656 4123 3685 4161 a
3713 4108 3820 4162 Pa-

2244 4213 2324 4258 tre
2343 4218 2464 4258 meo
2497 4221 2516 4254 ι
2551 4201 2727 4273 (Ιοιὺι.
2770 4218 2843 4268 vi,
2873 4203 2963 4268 M,
2993 4202 3083 4265 64,
3117 4201 3204 4267 65,
3233 4203 3343 4272 66).
3377 4203 3541 4270 Supra
3584 4200 3817 4271 dixerat,

2246 4293 2351 4350 Sed
2376 4301 2492 4348 sunt
2517 4292 2720 4364 quidam
2748 4309 2810 4347 ea:
2831 4292 2966 4346 vobis
2987 4292 3074 4364 qui
3096 4307 3193 4345 non
3215 4291 3460 4356 credunt;
3487 4300 3540 4346 et
3565 4301 3818 4360 tanquam

2245 4386 2400 4454 hujus
2425 4384 2501 4440 rei
2550 4399 2762 4439 causam
2805 4398 3116 4453 exponens,
3153 4381 3422 4452 Propterea
3448 4383 3586 4447 dixi,
3611 4382 3817 4451 inquit,

2243 4476 2399 4540 vobis,
2425 4475 2543 4545 quia
2574 4491 2716 4528 nemo
2744 4484 2901 4542 potest
2929 4473 3092 4527 venire
3116 4471 3184 4524 ad
3211 4487 3320 4534 me,
3357 4470 3452 4524 nisi
3477 4473 3626 4542 fuerit
3655 4471 3698 4524 ei
3722 4471 3820 4524 da-

2247 4581 2351 4623 tum
2392 4585 2423 4620 a
2455 4566 2605 4620 Patre
2632 4581 2779 4620 utea:
2807 4576 2864 4619 ut
2904 4563 3205 4618 ostenderet
3245 4561 3401 4615 etiam
3449 4561 3614 4631 ipsam
3660 4561 3821 4616 ﬁdem

2247 4676 2347 4732 qua
2387 4660 2574 4723 credit,
2601 4667 2654 4714 et
2681 4674 2746 4712 ex
2780 4666 2949 4710 tnorte
2978 4656 3058 4710 sui
3107 4653 3282 4708 cordis
3307 4653 3493 4708 “anima
3529 4654 3822 4722 reviviscit,

2247 4753 2360 4808 dari
2408 4752 2562 4806 nobis
2602 4766 2630 4803 a
2676 4750 2806 4804 Deo.
2852 4745 3246 4815 Quantumlibet
3287 4746 3456 4814 ergoa
3495 4745 3825 4799 excellentes

2252 4844 2395 4899 verbi
2441 4841 2844 4913 praedicatores,
2872 4847 2924 4892 et
2966 4837 3202 4891 veritatis
3243 4836 3401 4889 etiam
3430 4850 3524 4904 per
3565 4834 3825 4890 miracula

2249 4949 2514 4997 suasores,
2549 4944 2790 5002 tanquam
2823 4927 2994 4998 magni
3022 4925 3233 4988 tnedici,
3257 4933 3414 4995 agant
3437 4939 3556 4978 cum
3587 4923 3823 4978 homini-

2249 5025 2376 5088 bus;
2419 5024 2463 5076 si
2503 5022 2693 5076 mortui
2738 5028 2859 5074 sunt
2899 5027 2953 5072 et
2997 5025 3083 5070 tua
3135 5016 3299 5085 gratia
3347 5029 3448 5068 non
3491 5014 3822 5081 revixerunt,

2254 5114 2518 5185 Numquid
2545 5113 2755 5167 mortuis
2795 5109 2949 5180 facies
2973 5107 3255 5172 mirabilia;
3281 5114 3366 5157 aut
3395 5104 3574 5158 ntedici
3601 5105 3827 5156 exsusci-

2253 5209 2458 5269 tabunt,
2484 5213 2530 5258 et
2556 5204 2605 5256 hi
2640 5218 2772 5272 quos
2819 5199 3243 5262 exsuscitabunt,
3289 5195 3653 5264 conﬁtebuntur
3688 5193 3828 5249 tibi?

2253 5299 2379 5354 Ηωο
2415 5296 2553 5351 enim
2597 5293 2858 5348 confessio
2901 5290 3098 5346 indicat
3147 5289 3294 5342 vivos
3322 5305 3335 5340 :
3366 5303 3468 5341 non
3512 5286 3649 5340 sicut
3695 5283 3827 5340 alibi

2254 5392 2505 5459 scriptum
2533 5393 2631 5447 est,
2666 5384 2708 5437 Α
2728 5392 2944 5450 mortuo,
2976 5380 3107 5436 velut
3132 5380 3219 5453 qui
3245 5395 3344 5433 nou
3364 5379 3444 5443 sit,
3471 5377 3597 5446 perit
3624 5374 3830 5443 confes-

2255 5483 2330 5536 sio
2353 5478 2534 5550 (Ecclt'.
2567 5491 2693 5539 xvu,
2723 5473 2838 5545 9.6).

2318 5593 2338 5624 ι
2370 5591 2504 5649 Edd.,
2522 5587 2770 5638 credituri.
2802 5592 2934 5646 Mss,
2971 5582 3234 5635 credentes.
3256 5587 3313 5630 At
3342 5580 3391 5629 in
3421 5577 3693 5642 Evangelio,
3731 5591 3833 5630 non

2257 5652 2562 5762 "idéig‘iiés.
2592 5717 2644 5760 At
2664 5708 2776 5757 aid.
2799 5707 2978 5758 addunt
2993 5708 3090 5765 hic,
3113 5705 3351 5760 επίδιαηις
3375 5709 3427 5751 et
3456 5699 3596 5766 paulo
3612 5710 3718 5763 post
3741 5703 3834 5752 Isa-

2261 5781 2396 5843 bent,
2419 5787 2502 5838 per
2525 5772 2756 5824 miracula
2777 5784 2863 5821 sua
2882 5771 3044 5830 fortes,
3066 5775 3307 5828 twtquam,
3333 5772 3425 5814 etc.
