4024 6210
163 338 298 391 Ill?

230 455 323 507 11.
552 445 665 521 19.]
692 445 956 518 Numquid
981 448 1232 503 enarrabit
1286 447 1394 519 quis
1429 449 1482 501 in
1513 450 1743 518 sepulcro

153 544 560 599 misericordiam
600 551 739 594 tuam
761 581 777 607 ,
798 548 846 594 et
877 541 1129 607 veritatem
1168 548 1306 592 tuam
1340 539 1392 592 in
1430 538 1745 610 perditione?

153 634 496 690 Subauditur
512 631 650 702 quod
676 645 835 700 supra
865 631 1061 684 dictum
1089 639 1199 696 est,
1231 639 1287 683 ut
1305 630 1464 684 etiam
1506 629 1603 684 iste
1623 645 1743 684 ver-

154 741 248 778 sus
276 727 359 778 ita
383 740 442 778 se
468 722 678 786 habeat,
708 737 772 776 ac
800 722 844 774 si
877 721 1073 774 dictum
1102 721 1205 787 sit,
1233 719 1496 790 Numquid
1522 735 1740 774 enarra-

159 816 238 869 bit
258 816 390 884 quis
416 814 692 869 veritatem
725 823 865 866 tuam
897 813 948 866 in
971 811 1310 893 perditione?‘
1329 811 1740 866 Misericordiam

156 911 363 980 quippe
405 919 460 964 et
489 909 765 964 veritatem
793 915 936 960 amat
957 906 1230 975 Scriptura
1257 905 1594 974 conjungere,
1623 906 1756 957 ma-'

157 1006 301 1058 sime
335 1003 386 1056 in
413 1001 659 1056 Psalmis.
705 999 857 1068 Quod
895 1014 1021 1053 vero
1064 1000 1165 1063 ait,
1210 999 1261 1052 in
1304 998 1610 1069 perditione,
1637 998 1740 1052 alio

157 1094 325 1148 verbo
373 1093 618 1160 repetivit
653 1090 792 1160 quod
837 1105 992 1159 supra
1019 1089 1261 1152 dixerat,
1293 1090 1345 1143 in
1371 1091 1620 1159 sepulcro.
1653 1089 1740 1144 Sic

157 1198 338 1238 autem
365 1185 564 1237 dictum
597 1193 711 1248 est,
742 1183 795 1236 in
819 1182 1069 1252 sepulcro,
1103 1190 1158 1235 ut
1196 1181 1548 1250 intelligantur
1587 1181 1621 1234 ii
1650 1180 1739 1251 qui

158 1288 280 1330 sunt
313 1277 366 1332 in
395 1276 642 1347 sepulcro
662 1316 676 1337 ,
709 1275 798 1344 qui
824 1282 879 1329 et
906 1274 1148 1343 superius
1191 1274 1465 1344 signiﬁcati
1495 1283 1618 1328 sunt
1641 1289 1740 1330 no-

160 1371 299 1422 mine
346 1379 698 1432 mortuorum,
749 1366 838 1420 ubi
877 1367 967 1428 ait,
1023 1365 1285 1437 Numquid
1332 1366 1539 1418 mortuis
1586 1366 1740 1436 facies

162 1451 457 1512 mirabilia?
482 1458 690 1512 Anima:
715 1472 943 1526 namque
971 1468 1193 1511 mortuae
1221 1471 1413 1525 corpus
1435 1457 1736 1526 sepulcrum

159 1563 257 1604 est.
287 1549 446 1606 Unde
478 1549 732 1603 Dominus
759 1549 811 1602 in
857 1549 1142 1618 Evangelia
1178 1548 1369 1603 talibus
1404 1548 1532 1602 dicit
1562 1566 1577 1607 :
1611 1567 1629 1600 ι
1657 1549 1739 1604 Si-

164 1642 313 1695 miles
348 1641 483 1696 estis
533 1639 794 1711 sepulcris
839 1639 1096 1695 dealbatis
1119 1681 1135 1706 ,
1176 1655 1294 1711 qua:
1329 1639 1458 1695 foris
1485 1652 1737 1710 apparent

167 1734 470 1788 hominibus
515 1731 778 1803 speciosa,
832 1733 974 1787 intus
1018 1749 1145 1787 vero
1191 1732 1342 1802 plena
1369 1742 1492 1788 sunt
1530 1733 1738 1788 ossibus

166 1839 490 1881 mortuorum
534 1837 592 1881 et
615 1826 760 1883 omni
789 1826 1043 1896 spurcitia
1074 1844 1088 1881 :
1117 1826 1194 1881 sic
1217 1833 1272 1881 et
1298 1839 1392 1880 vos
1427 1825 1590 1880 al'oris
1615 1826 1734 1896 qui-

166 1923 278 1976 dem
308 1922 512 1990 paretis
547 1919 850 1975 hominibus
873 1919 1029 1987 justi;
1060 1920 1200 1973 intus
1236 1927 1411 1974 autem
1443 1918 1582 1988 pleni
1609 1918 1738 1973 estis

166 2013 422 2084 hypocrisi
452 2023 507 2066 et
558 2011 835 2082 iniquitate
862 2009 1070 2082 (Matth.
1099 2026 1254 2076 χχιιι,
1282 2010 1352 2064 27
1371 2010 1540 2082 et28).

229 2102 313 2157 19..
355 2101 532 2175 [κη.
563 2099 692 2173 15.]
741 2099 1002 2169 Numquid
1033 2109 1388 2172 cognoscentur
1428 2100 1480 2153 in
1519 2099 1736 2154 tenebris

162 2196 406 2247 mirabiiia
442 2203 550 2258 tua,
583 2203 628 2246 et
647 2193 850 2263 justitia
880 2203 962 2246 tua
991 2193 1041 2245 in
1071 2200 1203 2246 terra
1224 2190 1380 2245 oblita
1402 2191 1428 2244 ?
1453 2190 1603 2256 Quod
1631 2199 1731 2256 cst,

162 2287 209 2338 in
244 2285 507 2348 tenebris;
548 2283 653 2338 hoc
690 2292 805 2348 est,
831 2283 884 2336 in
906 2292 1054 2335 .terra
1095 2280 1269 2336 oblita.
1316 2279 1561 2335 lnﬁdeles
1593 2281 1734 2336 enim

164 2379 530 2448 signiﬁcantur
559 2376 773 2430 nomine
799 2375 1135 2430 tenebrarum
1169 2391 1182 2427 :
1212 2375 1335 2428 hinc
1362 2373 1489 2429 dicit
1509 2374 1736 2443 Αροειο-

163 2473 254 2536 las,
285 2470 484 2525 Fuistis
519 2471 654 2524 enim
680 2469 953 2540 aliquando
988 2468 1202 2522 tenebrae
1226 2467 1440 2540 (Epltes.
1463 2485 1518 2535 v,
1542 2468 1619 2542 8).
1649 2468 1736 2525 Sic

161 2573 210 2617 et
234 2574 374 2617 terra
402 2563 603 2628 oblita,
636 2561 795 2617 homo
831 2571 914 2617 est
944 2562 1032 2630 qui
1061 2560 1254 2616 oblitus
1281 2570 1365 2615 est
1394 2561 1555 2616 Deum
1590 2579 1602 2616 :
1639 2577 1733 2630 po-

164 2664 253 2709 test
282 2669 523 2722 namque
550 2653 728 2706 anima
755 2652 980 2707 inﬁdelis
1007 2667 1175 2721 usque
1198 2651 1263 2705 ad
1290 2660 1458 2706 tantas
1487 2651 1734 2706 tenebras

164 2747 460 2815 pervenire,
483 2754 544 2799 ut
568 2744 711 2798 dicat
738 2745 928 2800 stultus
953 2745 1004 2798 in
1033 2742 1195 2798 corde
1221 2757 1338 2807 suo,
1364 2741 1485 2795 Non
1505 2751 1575 2794 est
1594 2739 1736 2796 Deus

162 2837 322 2903 (Paul.
349 2853 472 2901 xm,
497 2836 580 2906 1).
610 2835 775 2890 Totus
800 2850 926 2904 ergo
964 2835 1063 2890 iste
1087 2849 1274 2889 sensus
1305 2833 1373 2888 ita
1399 2833 1736 2888 continuatur

159 2944 308 3002 atque
331 2931 645 3004 contexitur
673 2945 686 2982 :
718 2927 945 2984 Ctamavi
973 2927 1040 2981 ad
1069 2938 1135 2994 te,
1169 2925 1416 2993 Domine,
1446 2926 1583 2980 inter
1612 2940 1735 2995 pas-

161 3027 331 3077 siones
358 3037 517 3076 meas
542 3036 559 3085 ;
591 3031 697 3074 tota
723 3019 806 3074 die
838 3019 1059 3089 δωρητιάὶ
1085 3035 1262 3072 manus
1299 3033 1435 3070 meas
1463 3016 1531 3069 ad
1565 3025 1652 3070 te:
1683 3015 1735 3070 id

157 3125 265 3180 est,
296 3129 406 3168 non
439 3110 622 3167 destiti
648 3110 714 3164 ad
746 3120 795 3165 te
823 3108 1219 3180 gloriﬁcandum
1260 3106 1546 3162 extendere
1573 3120 1734 3176 opera

161 3221 294 3259 nn-a.
325 3205 441 3260 Cur
465 3218 597 3273 ergo
623 3204 675 3257 in
701 3217 787 3256 me
811 3202 952 3271 impii
977 3201 1218 3266 s'azviunt,
1245 3199 1343 3254 nisi
1368 3199 1487 3268 quia
1513 3198 1735 3252 mortuis

156 3313 257 3349 nan
285 3295 454 3350 facies
485 3292 790 3349 mirabilia?
834 3291 886 3346 id
924 3299 1039 3358 εει,
1086 3305 1193 3344 non
1222 3289 1298 3344 eis
1335 3297 1736 3343 commoventur

158 3389 214 3439 ad
247 3387 434 3448 ﬁdem,
459 3399 563 3440 nec
589 3383 779 3439 medici
806 3396 900 3436 eos
927 3380 1342 3445 exsuscitabunt,
1365 3389 1421 3433 ut
1445 3377 1735 3433 conﬁtean-

159 3493 236 3535 tur
267 3470 399 3546 tibi,
446 3481 501 3534 in
550 3478 741 3548 quibus
781 3474 987 3531 occulta
1013 3473 1179 3544 gratia
1211 3479 1299 3526 tua
1326 3487 1432 3526 non
1461 3477 1731 3540 operatur,

158 3589 249 3640 qna
293 3571 580 3644 trahantur
619 3577 678 3622 ut
711 3567 964 3630 credant;
1009 3564 1130 3635 quia
1173 3577 1330 3618 nemo
1353 3562 1498 3616 venit
1531 3560 1598 3616 ad
1626 3574 1732 3628 me,

161 3663 250 3717 nisi
275 3677 439 3731 quem
467 3671 524 3714 tu
549 3659 855 3713 attraxeris.
879 3655 1010 3711 Nam
1032 3655 1143 3724 quis
1163 3653 1412 3708 enarrabit
1432 3653 1485 3706 in
1504 3652 1736 3724 sepulcro

161 3751 556 3807 misericordiam
593 3759 772 3813 tuam;
811 3747 862 3802 id
906 3755 1020 3813 est,
1056 3745 1247 3800 anima:
1291 3752 1541 3808 mortuae,
1585 3742 1736 3811 cujus

162 3858 296 3896 mors
316 3842 468 3911 jacet
489 3842 506 3871 ¹
539 3837 641 3894 sub
656 3837 892 3908 corporis
916 3835 1192 3906 pondere?
1229 3843 1276 3887 et
1303 3833 1560 3886 veritatem
1598 3839 1736 3884 tuam

160 3937 208 3989 in
247 3933 578 4004 perditione;
617 3929 719 3985 hoc
759 3937 875 3996 est,
915 3929 969 3982 in
998 3927 1085 3981 tali
1125 3933 1298 3978 morte
1338 3922 1469 3977 nihil
1506 3921 1734 3975 horum'

161 4027 342 4081 talenti
372 4025 606 4081 credere
629 4027 788 4092 atque
814 4017 1051 4074 sentire?
1083 4014 1344 4083 Numquid
1367 4013 1508 4068 enim
1529 4014 1581 4066 in
1603 4021 1738 4066 tene-

161 4121 249 4172 bris
275 4117 444 4187 hujus
475 4113 701 4179 mortis,
732 4110 834 4166 hoc
869 4118 984 4175 est,
1013 4108 1064 4162 in
1096 4104 1310 4160 homine
1338 4103 1426 4174 qui
1467 4111 1519 4158 te
1545 4102 1735 4156 oblivi-

159 4210 346 4264 scenda
393 4208 527 4261 vita:
570 4204 748 4258 lumen
789 4201 998 4265 amisit,
1043 4208 1130 4253 tua
1166 4195 1415 4250 mirabilia
1458 4203 1505 4248 et
1535 4193 1738 4265 ⁸ᾔιιειὶιὶα

155 4308 519 4371 agnoscente:-
540 4297 567 4350 ?
958 4339 964 4347 .

219 4393 302 4448 15.
340 4391 503 4464 [πη.
537 4385 651 4459 14.]
676 4383 996 4441 Occurrebat
1027 4391 1202 4436 autem
1227 4380 1470 4450 quaestio,
1495 4378 1733 4448 quisnam

153 4486 214 4536 sit
238 4498 382 4540 usus
413 4483 642 4536 istorum
683 4488 1044 4539 mortuorum;
1085 4472 1210 4542 quid
1236 4488 1299 4525 ex
1342 4469 1423 4525 his
1449 4476 1572 4539 agat
1598 4468 1736 4522 Deus

151 4576 209 4629 ad
237 4576 537 4628 utilitatem
568 4569 808 4639 corporis
836 4565 1052 4627 Christi,
1081 4562 1222 4633 quod
1262 4571 1344 4616 est
1367 4560 1602 4614 Ecclesia
1632 4577 1645 4612 :
1679 4567 1737 4612 ut

153 4668 197 4719 in
224 4669 302 4720 eis
344 4665 756 4719 demonstretur
781 4673 899 4729 quae
927 4657 996 4711 sit
1023 4655 1117 4727 Dei
1161 4654 1326 4724 gratia
1367 4653 1418 4706 in
1458 4651 1734 4721 przedesti-

149 4758 296 4817 nalis,
341 4754 441 4825 qui
486 4750 781 4806 secundum
825 4745 1152 4818 propositum
1190 4743 1360 4797 vocati
1399 4751 1540 4796 sunt.
1573 4739 1736 4795 .Undc

148 4848 315 4916 ipsum
346 4858 558 4914 corpus
587 4843 637 4895 in
668 4841 771 4894 alio
802 4837 1006 4908 psalmo
1029 4835 1156 4890 dicit
1186 4852 1198 4886 :
1229 4833 1364 4887 Deus
1392 4848 1550 4892 meus,
1581 4831 1734 4884 mise-

147 4940 368 4991 Yic'Wdia
415 4937 531 5000 eius
571 4931 836 5002 prteveniet
874 4944 970 4981 me.
1013 4927 1152 4980 Deus
1180 4939 1328 4978 meus
1354 4921 1738 4976 demonstrabit

141 5031 270 5082 nubi
312 5031 370 5081 in
407 5024 643 5082 inimicis
665 5021 796 5076 meis
827 5018 1006 5090 (Psal.
1031 5032 1154 5071 Lvut
1175 5058 1189 5081 ,
1219 5015 1278 5068 ιι
1298 5025 1343 5066 ει
1369 5012 1487 5082 12).
1521 5012 1660 5081 Ergo
1683 5020 1738 5065 et

136 5126 223 5176 hic
255 5122 511 5192 sequitur
549 5133 610 5170 ac
639 5115 798 5180 dicit,
823 5112 887 5166 Et
921 5128 1011 5180 ego
1048 5111 1114 5164 ad
1144 5121 1208 5173 te,
1239 5107 1471 5173 Domine,
1503 5106 1732 5159 clamavi.

134 5221 188 5269 la
224 5215 436 5286 quibus
466 5208 648 5264 verbis
673 5207 782 5276 jam
811 5201 1176 5273 intelligendus
1203 5210 1284 5254 est
1305 5198 1560 5253 Dominus
1582 5195 1736 5250 Chri-

129 5322 254 5360 «τηε
301 5321 374 5360 ex
405 5316 544 5356 voce
589 5297 828 5368 corporis
870 5295 948 5350 sui
991 5291 1161 5363 loqui,
1205 5291 1256 5345 id
1293 5297 1409 5355 est,
1441 5287 1734 5342 Ecclesite:

129 5401 264 5466 .gnid
293 5407 388 5451 ί-ει
421 5393 600 5457 enim,
634 5389 701 5443 Et
729 5402 856 5460 ego;
897 5386 994 5441 nisi
1026 5386 1146 5455 quia
1187 5381 1376 5435 luimus
1405 5389 1458 5433 et
1497 5392 1593 5432 nos
1635 5377 1734 5431 ali-

127 5492 360 5550 quando
393 5496 586 5540 natura
614 5484 706 5538 ﬁlii
736 5483 848 5544 ira},
881 5480 1015 5533 sicut
1042 5486 1096 5532 ει
1119 5474 1293 5530 czeteri
1323 5472 1532 5545 (Ephes.
1557 5486 1614 5536 ιι,
1640 5469 1735 5540 5)?

271 5584 344 5634 ad
395 5589 449 5633 te
490 5573 739 5640 clamavi,
771 5580 828 5626 ut
864 5571 1042 5626 salvus
1083 5581 1277 5623 essem.
1325 5564 1454 5633 Quis
1483 5562 1623 5621 enim
1650 5578 1736 5617 me

184 5742 208 5770 ³
253 5743 434 5786 Forte,
453 5730 584 5779 latet.

185 5805 210 5834 ι
251 5813 334 5847 mc
358 5803 475 5845 uss.
503 5800 557 5843 At
589 5790 723 5851 edd,
746 5787 931 5838 bonum.

1198 333 1594 389 ENARRATIO
1633 332 1697 388 IN
1737 333 2052 390 PSALMUM
2091 336 2391 393 LXXXVII.

3291 325 3478 404 ms”

1853 449 2106 506 discernit
2132 453 2199 508 ab
2240 454 2356 508 aliis
2398 454 2519 508 ﬁliis
2546 455 2637 510 ira;
2659 497 2675 522 ,
2725 471 2846 512 cum
2874 459 3183 527 Apostolum
3211 461 3418 517 audiam

1851 540 2082 610 ingratos
2113 544 2416 600 terribiliter
2441 544 2833 614 increpantem,
2865 563 2929 601 ac
2952 549 3211 606 dicentem
3288 553 3414 618 Quis

1848 633 1980 685 enim
2009 644 2058 687 te
2091 634 2326 688 discernit
2349 636 2376 688 .7
2422 635 2556 701 Quid
2582 647 2748 690 autem
2773 638 2954 704 habes,
2983 641 3118 710 quod
3144 659 3244 696 non
3270 661 3418 698 acce-

1849 725 1965 789 pisti
1985 725 2011 779 ?
2052 725 2114 780 Si
2140 737 2304 780 autem
2333 738 2376 781 et
2405 729 2666 797 accepisti,
2697 730 2819 799 quid
2859 730 3094 800 gloriaris
3131 733 3278 803 quasi
3315 751 3416 788 non

1847 822 2094 890 acceperis
2121 820 2172 889 (Ι
2200 821 2314 874 Cor.
2344 838 2414 875 IV.
2442 823 2556 892 7)?
2598 823 2806 877 Domini
2835 831 2914 877 εει
2938 823 3081 879 salus
3107 842 3121 877 :
3152 825 3298 894 gigas
3323 841 3418 880 au-

1850 922 1954 966 tem
1987 914 2036 965 in
2063 914 2397 969 multitudine
2421 914 2758 968 virtutisisuae
2788 930 2894 968 non
2918 915 3019 969 erit
3044 915 3218 969 salvus
3243 914 3413 983 (Psat.

1846 1019 2011 1070 χχιιι,
2038 1003 2160 1077 16),
2191 1005 2305 1070 sed,
2337 1006 2474 1060 sicut
2501 1006 2750 1075 scriptum
2781 1015 2881 1071 est,
2918 1024 2937 1057 ι
2969 1005 3067 1072 Qui
3097 1007 3418 1062 invocaverit

1845 1113 2037 1152 nomen
2069 1099 2272 1152 Domini
2297 1141 2312 1164 ,
2343 1099 2520 1153 salvus
2549 1099 2669 1153 erit.
2702 1098 2978 1166 Quomodo
3002 1109 3179 1152 autem
3207 1099 3418 1154 invoca-

1844 1190 2010 1255 bunt,
2045 1189 2094 1242 in
2122 1204 2279 1259 quem
2322 1205 2424 1242 non
2466 1189 2843 1243 crediderunt?
2884 1197 2976 1242 aut
3003 1188 3267 1257 quomodo
3296 1203 3411 1243 crc-

1817 1353 1822 1360 _
1845 1281 1968 1335 dent
1989 1281 2035 1336 ei
2061 1296 2216 1350 quem
2239 1295 2342 1334 non
2370 1280 2683 1335 audierunt?
2709 1279 2982 1346 Quomodo
3005 1289 3180 1334 autem
3203 1279 3418 1334 audient

1843 1375 1958 1430 sine
1987 1373 2343 1444 praedicante?
2387 1383 2477 1427 aut
2517 1372 2784 1442 quomodo
2815 1357 3218 1439 praedicabunt,
3237 1371 3282 1424 si
3311 1385 3415 1424 non

1843 1466 2160 1520 mittuntur?
2207 1465 2344 1518 sicut
2372 1465 2624 1534 scriptum
2653 1473 2769 1530 est,
2805 1463 2974 1530 Quam
3004 1463 3229 1532 ερεείοεί
3255 1461 3416 1532 pedes

1842 1573 2025 1614 eorum
2052 1556 2140 1627 qui
2166 1557 2479 1610 annuntiant
2517 1571 2697 1626 pacem
2721 1595 2735 1618 ,
2765 1556 2853 1625 qui
2883 1555 3190 1609 annuntiant
3231 1554 3368 1610 bona
3392 1572 3412 1606 ι

1843 1648 2016 1718 (Rom.
2043 1665 2100 1713 x,
2128 1647 2356 1718 l5-15)!
2403 1646 2502 1717 Ipsi
2547 1655 2669 1702 sunt
2694 1645 2885 1701 medici
2923 1653 3170 1700 curantes
3193 1659 3224 1698 a
3254 1645 3418 1699 latro-

1844 1740 1999 1795 nibus
2025 1739 2349 1804 sauciatam;
2386 1738 2479 1794 sed
2507 1739 2762 1793 Dominus
2788 1753 2908 1793 eum
2940 1736 3184 1807 perduxit
3209 1735 3274 1790 ad
3303 1745 3417 1791 sta-

1841 1829 2020 1885 bulum
2055 1828 2215 1901 (Luc.
2242 1845 2275 1883 x
2295 1870 2310 1896 ,
2339 1827 2443 1901 34)
2469 1847 2482 1883 :
2511 1829 2630 1900 quia
2661 1828 2762 1898 ipsi
2799 1837 2922 1882 sunt
2950 1827 3108 1882 ctiam
3137 1833 3418 1896 operantes

1842 1920 1894 1975 in
1923 1936 2050 1991 agro
2079 1920 2378 1984 Dominico;
2421 1935 2519 1974 nec
2546 1929 2719 1973 tamen
2745 1919 2834 1989 qui
2863 1918 3067 1988 plantat
3093 1927 3172 1972 est
3196 1917 3414 1986 aliquid,

1840 2023 1930 2067 aut
1952 2012 2041 2083 qui
2066 2016 2234 2083 rigat,
2262 2012 2358 2067 sed
2399 2012 2488 2082 qui
2517 2015 2899 2066 incrementum
2928 2010 3021 2065 dat
3045 2010 3184 2064 Deus
3212 2007 3264 2080 (l
3294 2008 3414 2063 Cor.

1841 2119 1918 2170 tn,
1953 2104 2030 2171 7).
2063 2101 2186 2157 [deo
2225 2112 2278 2156 et
2322 2117 2420 2172 ego
2443 2101 2509 2156 ad
2547 2101 2829 2155 Dominum
2867 2100 3122 2164 clamavi;
3171 2099 3272 2155 hoc
3311 2108 3413 2166 est,

1842 2195 2120 2250 Dominum
2150 2203 2206 2249 ut
2230 2194 2408 2249 salvus
2441 2209 2613 2249 essem
2645 2194 2903 2248 invocavi.
2935 2191 3212 2261 Quomodo
3237 2202 3423 2247 autem.

1841 2287 2137 2341 invocarem
2157 2327 2173 2350 ,
2199 2285 2300 2340 nisi
2327 2285 2643 2339 crederem?
2683 2283 2947 2352 quomodo
2973 2281 3242 2338 crederem
3264 2323 3280 2348 ,
3308 2281 3424 2344 nisi

1839 2376 2120 2431 audirem?
2161 2374 2265 2431 Sed
2292 2384 2349 2429 ut
2371 2374 2546 2428 audita
2571 2373 2842 2429 crederem
2859 2413 2874 2438 ,
2903 2374 3014 2443 ipse
3041 2386 3130 2427 me
3154 2371 3407 2436 attraxit;

1840 2468 1961 2538 quia
1992 2468 2045 2522 in
2083 2467 2290 2522 occulto
2321 2480 2352 2520 a
2391 2473 2560 2520 morte
2596 2463 2772 2518 cordis
2802 2478 2908 2517 non
2941 2461 3160 2532 quilibet
3197 2461 3410 2528 medici,

1839 2556 1933 2613 sed
1980 2557 2094 2626 ipse
2135 2555 2403 2610 excitavit.
2451 2554 2582 2608 Nam
2630 2553 2782 2608 multi
2831 2552 3150 2617 audierunt;
3197 2549 3321 2622 quia
3357 2553 3414 2610 in

1839 2665 2050 2704 omnem
2079 2658 2274 2704 terram
2316 2647 2450 2702 exiit
2483 2661 2644 2700 sonus
2678 2659 2862 2701 eorum
2887 2685 2902 2709 ,
2931 2655 2986 2700 et
3014 2644 3067 2699 in
3106 2643 3237 2698 lines
3265 2643 3414 2698 orbis

1841 2751 1998 2795 terrae
2022 2738 2181 2795 Verba
2210 2754 2396 2794 eorum
2424 2737 2596 2809 (Psal.
2616 2753 2764 2804 xvtu,
2787 2735 2843 2807 5)
2870 2753 2883 2790 :
2917 2735 3012 2791 sed
3041 2750 3147 2790 non
3178 2734 3412 2789 omnium

1839 2839 1922 2886 est
1954 2830 2086 2885 ﬁdes
2113 2831 2134 2898 (
2151 2829 2191 2884 ll
2211 2829 2386 2884 Thess.
2417 2844 2493 2896 ιιι,
2519 2828 2576 2899 2)
2603 2846 2617 2892 ;
2645 2836 2700 2883 et
2726 2829 2874 2884 novit
2899 2827 3152 2882 Dominus
3179 2827 3268 2896 qui
3293 2835 3416 2882 sunt

1838 2920 1956 2992 ejus
1979 2920 2058 2994 (ιι
2087 2919 2215 2974 Tim.
2243 2936 2301 2984 ιι,
2331 2919 2444 2989 19).
2472 2921 2547 2974 Αε
2575 2934 2668 2986 per
2697 2919 2818 2986 hoc,
2847 2933 2946 2974 nec
2969 2917 3188 2974 credere
3215 2917 3416 2987 potuis-

1838 3027 1975 3078 sem,
2020 3012 2119 3066 nisi
2147 3026 2234 3067 me
2263 3011 2354 3066 Dei
2392 3009 2756 3065 misericordia
2785 3011 3165 3079 praevenisset;
3209 3017 3262 3064 et
3291 3009 3412 3078 quia

1840 3111 2077 3158 mortuos
2100 3101 2340 3168 suscitat,
2369 3110 2425 3155 et
2448 3108 2602 3154 vocat
2627 3113 2690 3155 ea
2716 3114 2832 3169 quae
2861 3113 2967 3154 nou
2991 3106 3133 3161 sunt,
3162 3106 3408 3167 tanquam

1839 3210 1956 3264 qua:
1980 3200 2105 3248 sunt
2123 3234 2138 3260 ,
2165 3207 2252 3247 me
2281 3193 2331 3249 in
2371 3190 2589 3245 occultis
2613 3189 2884 3257 vocando,
2908 3197 2962 3243 et
2997 3187 3296 3243 suscitando
3314 3227 3329 3250 ,
3360 3194 3416 3242 et

1839 3285 2120 3352 trahendo,
2147 3300 2175 3337 a
2202 3282 2433 3339 tenebris
2462 3281 2750 3347 eduxisset,
2777 3289 2831 3336 ct
2854 3279 2917 3334 ad
2947 3280 3122 3334 lumen
3148 3277 3268 3333 ﬁdei
3295 3293 3416 3347 per-

1839 3379 2096 3435 duxisset.
2142 3375 2266 3432 Ideo
2305 3375 2545 3445 sequitur
2570 3391 2583 3427 :
2607 3372 2675 3427 Et
2713 3389 2859 3427 mane
2885 3372 3046 3426 oratio
3087 3387 3196 3426 mea
3227 3385 3416 3440 prame-

1839 3475 1940 3525 m'et
1978 3463 2041 3524 te.
2086 3468 2203 3525 Jam
2234 3481 2424 3534 mane,
2469 3475 2809 3536 posteaquam
2851 3479 2957 3520 nox
3001 3463 3322 3519 inﬁdelitatis
3361 3473 3416 3519 et

1841 3563 2073 3618 tenebrae
2105 3559 2443 3615 transierunt.
2477 3556 2626 3623 Quod
2652 3571 2804 3610 mane
2828 3564 2884 3609 ut
2908 3555 3038 3610 mihi
3060 3563 3223 3621 esset,
3251 3539 3438 3608 mise-'

1840 3652 2065 3709 ricordia
2107 3651 2320 3721 quidem
2360 3657 2447 3704 tua
2491 3648 2745 3718 prmvcnit
2789 3661 2877 3702 me
2905 3663 2919 3698 :
2951 3646 3044 3701 sed
3087 3645 3207 3715 quia
3251 3652 3416 3698 restat

1841 3745 1926 3800 illa
1964 3743 2300 3804 clarilicatio,
2331 3740 2420 3795 ubi
2463 3739 2896 3794 illuminabuntur
2920 3737 3126 3792 occulta
3169 3735 3414 3790 tenebra-

1840 3853 1980 3904 rum,
2006 3843 2060 3890 et
2084 3832 2565 3890 manifestabuntur
2609 3829 2954 3900 cogitationes
2988 3828 3187 3892 cordis,
3222 3837 3276 3881 et
3298 3827 3414 3883 laus

1839 3927 1940 3982 erit
1982 3924 2262 3993 unicuique
2290 3939 2321 3977 a
2350 3931 2404 3977 te
2439 3919 2634 3992 (lCor.
2661 3935 2732 3982 tv,
2755 3920 2824 3990 5)
2849 3936 2865 3983 ;
2906 3932 3046 3973 nunc
3075 3918 3125 3972 in
3153 3905 3253 3972 ista
3283 3917 3413 3982 vita,

1842 4019 1894 4073 in
1922 4017 2020 4072 ista
2046 4013 2489 4085 peregrinatione,
2519 4011 2573 4066 in
2597 4012 2698 4066 hac
2723 4011 2840 4065 luce
2868 4009 3008 4074 lidei,
3035 4026 3153 4080 qua:
3184 4010 3236 4064 in
3265 4023 3414 4064 com-

1841 4107 2112 4179 paratione
2133 4105 2472 4161 tenebrarum
2498 4100 2788 4157 inﬁdelium
2813 4100 2923 4171 jam
2959 4099 3072 4155 dies
3105 4109 3209 4166 est,
3237 4098 3330 4154 sed
3359 4099 3411 4159 in

1840 4195 2238 4268 comparatione
2278 4193 2383 4249 diei
2430 4193 2522 4248 ubi
2567 4191 2862 4248 videbimus
2905 4191 3039 4246 facie
3081 4190 3148 4246 ad
3201 4188 3410 4256 faciem,

1840 4288 2015 4344 adhuc
2037 4301 2142 4342 nox
2167 4296 2269 4351 est,
2297 4283 2470 4339 adhuc
2493 4283 2652 4337 oratio
2677 4299 2786 4336 mea
2812 4282 3074 4354 praeveniet
3103 4291 3169 4336 te.

1912 4383 2001 4436 M.
2025 4377 2173 4452 [oers.
2199 4375 2310 4448 15.]
2335 4376 2406 4432 Ut
2425 4384 2600 4430 autem
2629 4374 2726 4429 ista
2753 4373 3011 4428 fervescat
3031 4381 3085 4427 et
3104 4378 3416 4427 exerceatur

1840 4471 2032 4538 oratio,
2059 4469 2199 4540 quod
2230 4467 2382 4523 nobis
2408 4476 2661 4538 quantum
2691 4464 2938 4534 expediat
2957 4505 2971 4529 ,
3004 4463 3184 4528 nullis,
3218 4473 3272 4517 ut
3293 4461 3414 4531 opi-

1842 4579 1958 4626 nor,
1985 4561 2158 4616 verbis
2183 4559 2432 4629 explicari
2461 4566 2678 4629 potest;
2710 4556 2947 4611 diﬁ'ertur
2973 4555 3166 4623 bonum
3195 4553 3334 4624 quod
3361 4553 3412 4607 iu

1841 4665 2094 4710 aeternum
2147 4651 2391 4714 dabitur,
2435 4659 2490 4705 ct
2534 4649 2668 4704 mala
2716 4648 3002 4702 transitura
3049 4645 3412 4719 crebrescunt.

1841 4747 1966 4802 Ideo
2004 4745 2240 4814 sequitur
2282 4760 2296 4796 :
2343 4740 2550 4811 thuid,
2593 4737 2829 4804 Domine,
2873 4735 3100 4808 repulisti
3142 4734 3416 4788 orationem

1841 4838 2046 4891 meam?
2073 4836 2185 4890 Hoc
2214 4845 2268 4891 et
2293 4834 2345 4888 in
2374 4833 2473 4886 illis
2500 4831 2673 4886 verbis
2702 4831 2899 4885 dictum
2931 4840 3011 4884 est
3031 4869 3046 4895 ,
3074 4826 3213 4882 Deus
3231 4867 3247 4892 ,
3281 4826 3415 4881 Deus

1841 4946 2002 4992 meus,
2030 4929 2219 4998 respice
2245 4927 2296 4980 in
2327 4941 2441 4988 me;
2470 4924 2645 4992 utquid
2672 4940 2747 4975 me
2773 4920 3076 4991 dereliquisti
3104 4918 3272 4991 (Paul.
3301 4933 3412 4978 XXI,

1841 5019 1875 5072 2
1896 5018 1959 5089 )?
1999 5018 2165 5072 Causa
2194 5011 2558 5085 cognoscenda
2588 5013 2853 5082 proposita
2879 5019 2962 5066 est
2981 5051 2994 5074 ,
3025 5027 3128 5064 non
3166 5018 3412 5076 tanquam

1841 5111 1956 5165 sine
1983 5123 2140 5163 causa
2168 5107 2269 5160 hoc
2297 5106 2493 5160 faceret
2532 5103 2628 5158 Dei
2656 5103 2864 5174 culpata
2890 5103 2907 5134 ι
2930 5101 3186 5171 sapientia
3217 5116 3231 5152 :
3263 5099 3332 5151 ita
3360 5106 3415 5151 ct

1844 5202 1948 5266 hic,
1976 5198 2182 5268 thuid,
2202 5195 2439 5262 Domine,
2463 5195 2693 5264 repulisti
2717 5193 2991 5246 orationem
3015 5205 3175 5244 meam
3192 5187 3219 5241 ?
3245 5185 3413 5255 Hujus

1845 5303 2022 5346 tamen
2049 5289 2124 5342 rei
2151 5302 2309 5342 causa
2346 5286 2392 5341 si
2432 5285 2712 5354 diligenter
2745 5283 3082 5343 advertatur,
3106 5279 3218 5348 jam
3255 5291 3414 5346 supe-

1843 5385 1953 5438 rius
1996 5379 2219 5433 indicata
2262 5387 2344 5430 est
2391 5393 2404 5429 :
2452 5375 2518 5430 ad
2586 5376 2685 5428 hoc
2728 5373 2868 5429 enim
2899 5371 3067 5424 oratio
3107 5375 3412 5424 sanctorum

1842 5470 2096 5528 dilatione
2122 5469 2250 5522 tanti
2281 5465 2548 5532 beneﬁcii,
2582 5473 2636 5519 et
2677 5461 3065 5517 tribulationum
3093 5456 3412 5514 adversitate

1843 5565 1992 5636 quasi
2038 5559 2309 5630 repellitur
2329 5597 2343 5622 ,
2375 5567 2434 5612 ut
2462 5566 2706 5625 tanquam
2747 5553 2882 5623 ignis
2907 5551 3034 5606 ﬂatu
3055 5553 3413 5624 \reperoussus

1815 5669 1822 5675 ‘
1845 5659 2197 5712 inllammetur
2221 5648 2508 5705 ardentius.

1921 5771 1936 5801 ¹
1973 5769 2044 5818 Sic
2065 5771 2172 5817 Hss.
2197 5762 2307 5812 Edd.
2333 5774 2468 5820 vero,
2489 5756 2690 5810 occulta.
