4024 6210
525 347 662 404 1119

603 462 690 516 15.
719 460 881 534 [vera
907 458 1116 530 1ϐο19.)
1145 458 1460 528 Exsequitur
1481 457 1656 528 itaque
1680 456 1909 512 breviter
1928 457 2088 511 etiam

527 554 891 610 trihulationcs
933 551 1170 620 corporis
1213 549 1428 606 Christi.
1475 549 1656 619 Neque
1700 551 1839 603 enim
1882 550 1933 602 in
1975 549 2090 602 solo

525 645 698 715 capite
726 644 875 698 facta:
900 652 1050 708 sunt,
1087 657 1206 696 cum
1233 652 1287 696 et
1313 640 1473 696 Saulo
1499 640 1695 695 dictum
1728 640 1816 703 sit,
1847 639 1978 704 Quid
2013 655 2091 692 me

526 736 828 808 persequeris
854 735 990 802 (Act.
1019 751 1068 788 ιιι
1089 775 1104 800 ,
1133 733 1240 804 ὂ)⁴ῑ
1277 743 1331 788 ει
1356 734 1466 804 ipse
1488 733 1595 801 jam
1624 733 1815 786 Paulus
1842 741 2088 800 tanquam

525 831 747 895 electum
779 815 1072 879 membrum
1113 825 1164 878 in
1207 823 1394 878 eodem
1423 838 1646 892 corpore
1690 822 1888 891 positus
1926 820 2087 886 dicat,

534 938 551 969 ι
590 918 656 973 Ut
691 916 962 986 suppleam
1003 932 1120 985 qua:
1162 915 1354 969 desimt
1393 929 1756 981 pressurarnm
1799 913 1992 967 Christi
2038 913 2090 966 in

525 1025 684 1063 carne
710 1024 824 1062 tnea
851 1027 868 1058 ι
897 1006 1109 1079 (Coloss.
1134 1023 1171 1071 ι,
1193 1006 1308 1074 24).
1333 1025 1350 1057 ι
1379 1006 1569 1076 thuid
1602 1026 1620 1057 ι
1648 1021 1772 1074 ergo
1798 1023 1815 1055 ι
1847 1005 2090 1070 Domine,

527 1083 760 1169 repulisti
806 1101 1096 1155 orationem
1142 1115 1312 1154 meam
1339 1142 1354 1165 ,
1395 1100 1589 1154 avertis
1619 1100 1633 1130 ¹
1668 1099 1848 1154 faciem
1891 1109 2032 1152 tuam
2061 1113 2092 1154 a

527 1196 648 1248 tne?
679 1195 832 1263 Inops
857 1210 972 1248 sum
999 1209 1117 1263 ego,
1141 1203 1193 1246 ct
1219 1195 1269 1246 in
1298 1193 1564 1247 laboribus
1591 1209 1620 1245 a
1645 1193 1917 1262 juventute
1941 1206 2091 1257 mea;

524 1286 784 1340 exaltatus
827 1296 1001 1338 autem
1051 1285 1354 1338 humiliatus
1405 1299 1520 1337 sum
1573 1295 1626 1337 et
1675 1284 2020 1337 conturbatus
2049 1285 2091 1336 ⁸.

529 1377 584 1430 ln
615 1395 698 1432 rne
733 1378 1054 1431 transierunt
1083 1379 1174 1431 ira:
1203 1387 1336 1442 tum,
1369 1385 1424 1430 et
1450 1387 1678 1430 terrores
1709 1377 1778 1429 ttti
1808 1377 2098 1430 conturhao

526 1477 715 1521 verunt
741 1484 844 1522 me.
885 1467 1359 1522 Circnmdcderunt
1398 1482 1483 1520 me
1511 1466 1646 1519 sicut
1688 1481 1822 1534 aqua
1853 1475 1958 1519 tota
1989 1467 2094 1530 die,

529 1558 997 1621 circumdederunt
1039 1573 1122 1610 me
1152 1556 1328 1612 simul.
1377 1556 1556 1626 Longe
1583 1555 1751 1610 fecisti
1782 1571 1812 1608 a
1842 1572 1924 1610 tne
1962 1556 2099 1608 alni-

528 1667 651 1706 cum
674 1652 716 1717 ³,
739 1660 793 1706 ει
815 1660 966 1705 ιιοιοε
990 1665 1138 1704 ιιιεοε
1165 1665 1196 1704 a
1222 1649 1453 1703 miseria.
1483 1668 1500 1700 ι
1525 1649 1869 1718 Contigernnt
1893 1657 1944 1702 et
1967 1663 2100 1701 con-

532 1745 739 1813 tingunt
781 1741 953 1796 omnia
987 1742 1099 1796 haec
1125 1741 1176 1794 in
1221 1741 1474 1795 membris
1507 1740 1748 1808 corporis
1792 1738 2006 1793 Christi.
2039 1739 2104 1792 Et

533 1836 722 1888 avertit
750 1833 888 1888 Deus
915 1832 981 1886 ab
1015 1831 1287 1886 orantibus
1312 1829 1521 1894 faciem,
1553 1847 1656 1884 non
1685 1829 2014 1884 exattdiendo
2037 1828 2103 1883 ad

532 1924 586 1978 id
615 1923 752 1993 quod
781 1923 1000 1988 volunt,
1041 1921 1252 1992 quando
1281 1921 1380 1975 sibi
1424 1921 1664 1974 nesciunt
1707 1936 1810 1974 non
1857 1919 2105 1987 expedire

531 2016 672 2087 quod
696 2024 895 2085 petunt.
936 2015 1000 2069 Et
1023 2015 1176 2084 inops
1200 2024 1282 2069 est
1308 2015 1559 2077 Ecclesia,
1583 2027 1704 2068 cum
1731 2013 1895 2068 esurit
1921 2024 1973 2066 et
1996 2012 2106 2066 sitit

532 2106 830 2176 peregrina,
853 2104 990 2159 unde
1013 2105 1234 2160 satietur
1256 2105 1307 2160 in
1336 2107 1522 2174 patria.
1561 2103 1628 2157 Et
1657 2103 1709 2156 in
1735 2101 2000 2156 laboribus
2025 2110 2108 2157 est

531 2214 563 2252 a
600 2198 875 2265 jnventute
921 2212 1016 2252 sua
1051 2215 1064 2251 :
1103 2197 1272 2266 ipsum
1315 2197 1455 2250 enim
1499 2211 1692 2266 corpus
1718 2195 1912 2250 Christi
1957 2204 2009 2250 et
2055 2195 2105 2249 in

533 2297 639 2351 alio
664 2294 866 2365 psalmo
891 2293 1047 2358 dicit,
1085 2293 1235 2364 Swpe
1258 2300 1665 2362 expugnaverunt
1694 2307 1771 2344 me
1797 2306 1828 2343 a
1848 2291 2109 2361 juventute

533 2404 645 2440 mea
673 2385 840 2458 (Psal.
871 2400 1087 2450 cxxvnt,
1112 2383 1189 2456 1).
1230 2385 1296 2438 Et
1319 2383 1384 2438 ad
1414 2383 1515 2438 hoc
1539 2383 1838 2438 exaltantur
1862 2382 2020 2436 etiam
2053 2382 2104 2436 in

534 2476 730 2532 swculo
757 2478 859 2531 isto
886 2475 1125 2546 quaedam
1151 2475 1387 2530 membra
1413 2474 1550 2543 ejus,
1579 2482 1636 2528 ut
1670 2474 1721 2526 in
1748 2473 1826 2528 eis
1850 2474 1918 2526 sit
1943 2473 2112 2538 major

538 2567 826 2622 humilitas.
877 2567 944 2621 Et
980 2581 1141 2634 super
1179 2565 1348 2634 ipsum
1385 2579 1596 2634 corpus,
1643 2563 1694 2618 id
1735 2571 1817 2618 est
1854 2564 2108 2618 unitatem

537 2667 844 2717 sanctorum
887 2666 1046 2732 atque
1081 2655 1352 2729 fidelium,
1399 2654 1481 2709 cui
1527 2663 1686 2730 caput
1723 2663 1804 2714 εει
1843 2653 2108 2726 Christus,

541 2764 816 2808 transeunt
842 2753 936 2808 ira:
962 2754 1088 2819 Dei;
1129 2769 1232 2807 non
1261 2763 1437 2807 autem
1464 2763 1678 2807 manent
1704 2767 1717 2805 :
1753 2753 1872 2822 quia
1911 2768 2016 2805 non
2045 2753 2113 2808 de

541 2845 698 2910 fideli,
733 2845 826 2900 sed
856 2845 921 2900 de
955 2843 1147 2899 infideli
1175 2845 1369 2898 dictum
1392 2853 1472 2898 est
1491 2886 1507 2912 ,
1535 2842 1627 2896 Ira
1650 2843 1748 2897 Dei
1772 2853 1937 2897 manet
1965 2859 2114 2913 super

539 2953 651 2990 eum
678 2934 857 3005 (Joan.
887 2951 964 3002 nt,
988 2934 1058 2990 56
1076 2933 1116 3007 ).
1150 2935 1214 2988 Et
1242 2943 1475 2989 terrores
1502 2935 1594 2989 Dei
1619 2933 1936 2988 conturbant
1963 2933 2111 2986 infir-

541 3029 778 3084 mitatem
808 3028 1081 3095 ﬁdelium;
1120 3027 1241 3097 quia
1273 3043 1429 3081 omne
1469 3027 1607 3097 quod
1647 3026 1888 3080 accidere
1920 3034 2111 3095 potest,

541 3119 748 3175 etiamsi
776 3135 880 3174 non
907 3118 1132 3181 accidat,
1160 3117 1450 3188 prudenter
1476 3119 1710 3172 timetur.
1743 3117 1806 3171 Et
1829 3115 2114 3184 aliquando

543 3219 776 3265 terrores
815 3210 913 3280 ipsi
960 3210 1032 3264 ita
1077 3209 1395 3264 conturbant
1431 3209 1662 3262 animum
1701 3207 1979 3275 cogitantis
2007 3207 2114 3260 cir-

543 3302 1020 3373 ctnnpendeutibus
1044 3301 1218 3366 malis,
1241 3309 1298 3354 ut
1322 3300 1457 3354 sicut
1477 3315 1610 3369 aqua
1635 3297 1866 3368 undique
1888 3298 2118 3354 circum-

544 3391 711 3447 iiut-re
751 3391 1054 3454 videantur,
1105 3399 1159 3445 et
1201 3389 1358 3444 simul
1397 3387 1726 3444 circumdare
1771 3398 2113 3443 metuentem.

545 3485 613 3539 Et
639 3483 760 3551 quia
791 3480 1038 3536 Ecclesia:
1062 3480 1115 3533 in
1141 3478 1241 3532 hoc
1266 3477 1463 3533 mundo
1493 3477 1845 3547 peregrinanti
1885 3477 1982 3532 ista
2008 3492 2116 3532 non

545 3575 758 3638 desunt,
785 3570 910 3625 dum
937 3569 1094 3625 modo
1121 3569 1171 3623 in
1204 3569 1306 3633 his,
1331 3568 1488 3624 modo
1513 3569 1563 3622 in
1591 3568 1695 3622 illis
1719 3567 1972 3623 membris
2001 3567 2116 3636 ejus

516 3653 926 3733 -usquequaque
967 3661 1316 3732 contingunt;
1363 3659 1482 3714 ideo
1507 3659 1670 3725 dixit,
1702 3667 1804 3712 tota
1832 3659 1914 3712 die
1934 3699 1949 3723 ,
1985 3673 2117 3712 con-

548 3754 896 3809 tinuationem
923 3751 1223 3823 significans
1256 3751 1510 3822 temporis
1530 3791 1545 3816 ,
1573 3749 1741 3804 donec
1767 3749 1979 3803 finiatur
2017 3749 2118 3805 hoc

547 3847 821 3902 sarculum.
863 3845 930 3899 Et
963 3857 1104 3913 saepe
1135 3843 1290 3897 amici
1330 3851 1384 3896 et
1410 3841 1517 3895 noti
1548 3841 1905 3910 periclitantes
1927 3854 2120 3894 secun-

549 3939 674 3992 dum
695 3936 968 4000 saeculum,
992 3943 1202 3990 sanctos
1225 3933 1506 3989 formidine
1529 3933 1815 3988 deserunt:
1839 3932 1907 3987 de
1927 3933 2119 4003 quibus

547 4029 671 4084 dicit
701 4028 984 4098 Apostolus
1003 4068 1018 4092 ,
1053 4025 1238 4080 Omnes
1267 4041 1343 4078 me
1369 4025 1673 4095 reliquerunt
1689 4041 1710 4090 ;
1749 4040 1849 4077 non
1879 4023 1982 4077 illis
2019 4024 2118 4078 im-

551 4130 752 4190 putetur
777 4116 856 4190 (ll
882 4116 1011 4171 Tim.
1039 4132 1108 4182 tv,
1139 4113 1262 4185 l6).
1292 4115 1397 4170 Sed
1429 4113 1611 4184 utquid
1639 4113 1752 4168 haec
1776 4114 1986 4178 omnia,
2019 4112 2120 4167 nisi

551 4220 610 4264 ιιι
650 4208 821 4263 oratio
861 4207 1016 4273 hujus
1052 4205 1220 4260 sancti
1259 4203 1498 4272 corporis
1537 4217 1726 4266 mane,
1770 4201 1821 4256 id
1861 4211 1964 4264 est,
2003 4211 2123 4271 post

551 4310 762 4356 noctem
806 4296 1130 4352 infidelitatis
1173 4295 1223 4348 in
1279 4294 1395 4347 luce
1440 4291 1562 4346 fidei
1608 4291 1894 4360 praeveniat
1931 4292 2119 4360 Deum,

552 4391 724 4446 donec
743 4388 919 4443 veniat
941 4387 1084 4442 salus
1119 4385 1227 4448 illa,
1253 4385 1304 4438 in
1335 4385 1487 4452 cujus
1521 4383 1752 4439 nondum
1788 4400 1866 4450 re,
1897 4385 1988 4440 sed
2011 4385 2122 4454 jam

552 4496 649 4550 spe
683 4478 813 4534 salvi
847 4477 967 4532 facti
995 4491 1199 4542 sumus,
1221 4491 1444 4546 eamque
1463 4491 1583 4528 cum
1614 4475 1863 4546 patientia
1900 4475 2125 4531 fideliter

553 4584 928 4644 exspectamus
969 4572 1142 4642 (Rom.
1169 4586 1292 4634 vtn,
1315 4567 1592 4640 24,25)?
1629 4569 1729 4624 Ubi
1769 4584 1870 4625 nec
1905 4570 2125 4638 repellet

557 4667 811 4721 Dominus
840 4664 1131 4719 orationem
1158 4671 1415 4725 nostram,
1441 4660 1688 4732 quoniam
1718 4669 1844 4717 tunc
1867 4662 1998 4716 nihil
2023 4662 2126 4718 erit

557 4747 840 4830 petendum
859 4796 876 4821 ,
905 4755 998 4812 sed
1027 4755 1279 4826 quidquid
1318 4763 1462 4810 recte
1501 4754 1722 4825 petitum
1747 4763 1848 4821 est,
1877 4755 2126 4811 obtineno

555 4849 727 4904 dum:
760 4861 860 4902 nec
903 4844 1093 4902 faciem
1140 4861 1288 4900 suam
1335 4853 1538 4899 avertet
1579 4859 1608 4898 a
1652 4843 1826 4910 nobis,
1876 4847 2123 4914 quoniam

555 4938 851 4994 videbimus
873 4951 998 4991 eum
1035 4935 1192 4992 sicuti
1217 4945 1300 4991 est
1327 4934 1384 5005 (ι
1407 4933 1561 4988 Joan.
1587 4950 1664 5000 ιιι,
1691 4933 1748 5007 2)
1777 4952 1789 4988 :
1819 4950 1918 4990 nec
1942 4936 2127 5006 inopes

555 5033 787 5097 erimus,
830 5029 955 5100 quia
981 5029 1133 5100 copia
1175 5039 1354 5082 nostra
1395 5027 1507 5096 ipse
1538 5027 1678 5082 Deus
1721 5026 1824 5082 erit
1851 5029 2027 5092 omnia
2072 5030 2126 5084 in

556 5122 804 5179 omnibus
829 5119 889 5191 (I
913 5119 1030 5176 Cor.
1052 5135 1143 5186 xv,
1164 5118 1256 5191 28)
1284 5137 1296 5173 :
1326 5133 1423 5173 nec
1443 5118 1819 5185 laborabimus,
1843 5120 1961 5190 quia
1987 5121 2127 5175 nulla

557 5213 854 5272 remanebit
891 5211 1170 5267 infirmitas
1205 5227 1218 5264 :
1252 5225 1349 5264 nec
1387 5209 1606 5264 exaltati
1647 5209 2040 5266 humiliabimur
2075 5221 2127 5268 et

503 5292 511 5299 ’
555 5305 1020 5372 conturbabimur,
1060 5303 1184 5374 quia
1226 5299 1367 5354 nulla
1413 5298 1490 5354 ibi
1527 5299 1630 5354 erit
1667 5299 1999 5356 adversitas:
2030 5317 2128 5358 nec

559 5399 690 5453 iram
713 5398 810 5456 Dei
836 5398 920 5454 vel
955 5403 1321 5453 transeuntem
1348 5390 1748 5460 sustinebimus,
1771 5396 1891 5463 quia
1927 5395 1978 5450 in
2013 5393 2129 5464 ejus

622 5528 640 5559 ⁸
673 5530 747 5579 ste
761 5535 867 5578 uss.
892 5535 949 5580 At
968 5528 1100 5588 Edd.,
1124 5525 1352 5588 avertisti.

623 5589 644 5649 ε
678 5588 879 5639 Melioris
899 5597 1026 5640 notae
1046 5584 1171 5649 Mss,
1194 5587 1438 5649 confusus,
1453 5585 1744 5649 iuxtatxx.
1771 5591 1987 5636 Attamen
2012 5584 2130 5649 infra

564 5648 956 5758 “respondet
971 5650 1105 5712 illud,
1131 5645 1218 5701 nec
1240 5645 1440 5701 ciuitati
1456 5645 1811 5698 hmm‘tiabimur
1825 5654 1870 5696 et
1883 5648 2133 5698 conturba-

627 5772 647 5803 ³
677 5769 787 5822 Hdd.
801 5769 997 5835 addunt,
1013 5778 1057 5823 et
1077 5773 1349 5835 praxinatm
1369 5785 1386 5823 :
1408 5773 1534 5834 quod
1557 5771 1693 5820 abest
1717 5782 1744 5818 a
1767 5777 1872 5820 Mss.
1892 5777 1943 5822 et
1958 5783 1985 5820 a
2004 5777 2128 5821 ιλιι.

1741 345 1797 400 S.
1840 341 2200 400 AUGUSTINI
2240 344 2542 402 EPISCOPI

3630 359 3782 414 “‘20

2199 457 2522 530 benignitate
2550 470 2797 518 manente
2819 464 2834 494 ¹
2859 466 3188 523 manebimus
3219 486 3233 524 :
3263 483 3362 524 nec
3392 478 3623 526 terrores
3649 475 3781 540 ejus

2198 564 2296 602 nos
2334 551 2745 620 conturbabunt,
2785 555 2905 623 quia
2947 559 3202 626 promissa
3253 559 3456 614 reddita
3499 576 3597 615 nos
3639 563 3778 615 bea-

2198 639 2368 693 bunt'
2395 659 2408 696 :
2439 657 2535 696 nec
2563 643 2776 698 territus
2803 646 2954 716 longe
2993 647 3084 702 fiet
3107 664 3149 734 a.
3171 651 3322 705 nobis
3361 662 3518 706 notus
3556 661 3610 707 et
3639 655 3783 707 ami-

2199 747 2314 800 cus,
2348 734 2434 788 ubi
2463 736 2639 790 nullus
2665 737 2767 792 erit
2793 740 2878 808 qui
2911 739 3156 795 timeatur
3189 743 3451 796 inimicus.

2520 905 2601 966 IN
2643 906 2780 966 PSA
2792 909 3018 969 LMUM
3061 909 3452 972 LXXXVIII

2781 1008 3190 1064 ENARBATIO.

2795 1115 2963 1153 ssnno
3001 1116 3014 1153 ι
3073 1101 3171 1171 ((ι).

2639 1189 2716 1245 De
2755 1194 2917 1260 prima
2955 1205 3094 1264 parte
3124 1193 3339 1250 Psalmi.
3386 1231 3396 1248 .

2279 1304 2326 1356 1.
2360 1302 2507 1376 [υειοε.
2541 1303 2616 1377 1.]
2644 1305 2909 1360 Psalmum
2939 1308 3119 1375 istum,
3161 1307 3229 1364 de
3261 1325 3365 1380 quo
3401 1311 3542 1381 loqui
3581 1329 3786 1384 propo-

2204 1393 2404 1447 suimus
2441 1393 2695 1448 Charitati
2723 1395 2960 1464 Vestrae,
2997 1398 3512 1467 donante'Domino,
3555 1405 3790 1475 accipite

2205 1483 2270 1537 de
2300 1500 2392 1553 spe
2429 1501 2585 1554 quam
2631 1485 2886 1550 habemus
2929 1489 2978 1542 in
3014 1489 3223 1545 Christo
3248 1490 3640 1548 Jesu‘Domino
3681 1511 3788 1549 no-

2206 1584 2317 1628 stro
2347 1593 2361 1629 :
2391 1586 2444 1629 et
2483 1577 2669 1646 erigite
2708 1578 2935 1644 animos,
2979 1579 3100 1648 quia
3147 1580 3233 1635 ille
3275 1583 3362 1651 qui
3401 1585 3664 1656 promisit,
3712 1586 3788 1640 ita

2207 1680 2396 1724 castora
2441 1670 2802 1738 completurus
2843 1680 2960 1736 est,
3008 1683 3064 1725 ιιι
3107 1674 3268 1727 multa
3323 1676 3628 1744 complevit.
3685 1677 3793 1732 Dat

2208 1760 2349 1814 enim
2375 1760 2526 1813 nobis
2551 1760 2617 1814 ad
2655 1776 2774 1814 cum
2809 1761 3072 1827 fiduciam,
3100 1779 3203 1818 non
3231 1767 3474 1820 meritum
3517 1777 3785 1834 nostrum,

2209 1849 2301 1904 sed
2331 1850 2470 1904 illius
2498 1851 2879 1906 misericordia.
2910 1853 2974 1906 Et
2999 1854 3110 1922 ipse
3132 1863 3233 1920 est,
3256 1865 3508 1925 quantum
3530 1857 3786 1922 arbitror,

2208 1937 2502 1993 Intellectus
2529 1939 2727 1994 zEt/ian
2759 1941 3005 1996 Israelita:
3031 1945 3047 2014 (
3069 1945 3132 2015 ὁ)
3161 1962 3175 2011 ;
3223 1947 3362 2001 unde
3408 1947 3508 2002 iste
3545 1950 3788 2018 psalmus

2210 2031 2418 2086 titulum
2445 2033 2667 2100 accepit.
2696 2033 2903 2088 Videris
2927 2035 2947 2066 ³
2974 2037 3113 2090 ειιὶιιι
3144 2037 3264 2107 quis
3295 2037 3455 2094 homo
3487 2039 3663 2107 fuerit,
3689 2041 3785 2110 qui

2212 2124 2499 2179 vocabatur
2515 2124 2744 2191 Ethan;
2780 2127 3146 2198 interpretatio
3173 2139 3344 2184 tamen
3375 2132 3604 2186 nominis
3631 2134 3795 2201 hujus

2211 2213 2505 2268 Robustum
2533 2215 2746 2269 indicat.
2783 2217 2846 2270 Et
2878 2233 3034 2271 nemo
3075 2219 3124 2272 in
3170 2220 3269 2274 hoc
3305 2222 3499 2276 sreculo
3536 2223 3796 2278 robustus

2211 2313 2314 2365 est.
2361 2303 2463 2358 nisi
2506 2304 2556 2358 in
2603 2319 2698 2374 spe
2744 2307 3110 2374 promissionis
3150 2309 3242 2364 Dci
3288 2326 3301 2363 :
3343 2322 3596 2380 quantum
3644 2314 3795 2368 enim

2213 2396 2402 2452 attinet
2439 2397 2504 2452 ad
2549 2399 2734 2454 merita
2776 2412 2952 2454 nostra
2979 2445 2994 2467 ,
3038 2403 3233 2458 infirmi
3271 2418 3490 2470 sumus;
3535 2415 3795 2475 quantum

2213 2488 2278 2543 ad
2321 2489 2434 2558 ejus
2474 2491 2887 2546 misericordiam
2917 2535 2930 2558 ,
2958 2495 3164 2549 robusti
3209 2510 3412 2552 sumus.
3467 2498 3645 2569 Itaque
3689 2500 3799 2555 iste

2215 2580 2456 2635 infirmus
2495 2583 2545 2636 in
2582 2597 2660 2650 se,
2708 2584 2954 2639 robustus
3005 2586 3060 2646 in
3098 2587 3454 2649 misericordia
3500 2591 3626 2662 Dei,
3666 2593 3797 2652 inde

2215 2675 2394 2750 erepit.

2284 2774 2339 2829 2.
2379 2773 2544 2847 [verm
2569 2775 2620 2828 2.
2645 2774 2666 2848 ]
2698 2775 3070 2832 Misericordia:
3110 2787 3220 2834 tuas
3240 2821 3254 2841 ,
3282 2777 3496 2834 Domine
3517 2823 3532 2848 ,
3563 2783 3614 2836 in
3641 2793 3800 2836 mter-

2215 2882 2336 2919 num
2361 2866 2566 2919 cantabo
2590 2883 2608 2919 :
2631 2867 2685 2919 in
2722 2869 3089 2938 generationem
3113 2879 3158 2923 et
3195 2872 3560 2940 generationem
3595 2891 3802 2928 annun-

2217 2955 2348 3010 tiabo
2373 2958 2625 3011 veritatem
2649 2968 2783 3013 tuam
2807 2960 2859 3013 in
2878 2976 2961 3014 ore
2986 2977 3114 3015 meo.
3140 2963 3510 3033 Obsequantur
3535 2964 3797 3032 membra,

2216 3047 2404 3119 inquit,
2450 3063 2564 3104 mea
2603 3049 2827 3130 Domino
2862 3067 3021 3106 meo:
3054 3052 3262 3123 loquor,
3304 3054 3398 3109 sed
3442 3064 3530 3110 tua
3568 3056 3797 3126 loquor;

2216 3137 2523 3192 annuntiabo
2562 3139 2816 3192 veritatem
2846 3150 2981 3193 tuam
3015 3141 3065 3194 in
3112 3158 3197 3196 ore
3222 3159 3348 3197 meo.
3389 3143 3444 3200 Si
3490 3158 3594 3198 non
3633 3144 3800 3199 obse-

2217 3243 2371 3298 quor,
2400 3243 2587 3283 servus
2616 3244 2720 3283 non
2747 3244 2897 3295 sum;
2931 3230 2975 3284 si
3001 3246 3027 3283 a
3054 3246 3139 3286 me
3164 3231 3367 3302 loquor,
3399 3234 3622 3289 mendax
3649 3249 3797 3289 sum.

2219 3319 2358 3388 Ergo
2383 3328 2438 3372 ut
2465 3327 2518 3373 et
2543 3319 2638 3372 abs
2675 3327 2726 3372 te
2753 3318 2923 3373 dicam
2949 3361 2962 3382 ,
2991 3330 3043 3375 et
3071 3337 3169 3391 ego
3195 3321 3388 3388 dicam,
3417 3323 3524 3378 duo
3553 3324 3802 3393 quaedam

2217 3416 2382 3464 Slllll:
2430 3424 2591 3463 unum
2637 3417 2804 3475 tuum,
2861 3425 3019 3464 unum
3061 3426 3273 3477 meum;
3327 3413 3524 3468 veritas
3573 3423 3682 3478 tua,
3738 3430 3805 3471 05

2219 3513 2418 3554 meum.
2445 3498 2612 3565 Quam
2641 3513 2767 3568 ergo
2790 3499 3064 3554 veritatem
3091 3501 3368 3557 annuntict
3385 3544 3400 3569 ,
3429 3518 3561 3574 quas
3586 3504 3806 3560 miseri-

2219 3588 2426 3644 cordias
2450 3597 2656 3654 cantet,
2684 3588 2977 3644 audiamus.

2289 3679 2341 3733 3.
2384 3675 2406 3750 [
2424 3693 2548 3732 vers.
2578 3675 2671 3749 5.]
2712 3677 2961 3743 Quoniam
2989 3680 3197 3745 dixisti,
3225 3680 3292 3736 In
3325 3693 3567 3738 aeternum
3601 3685 3805 3740 miseri-

2220 3769 2392 3823 cordia
2426 3769 2775 3838 wdi/icabitur.
2821 3770 2932 3826 Hoc
2964 3780 3151 3836 canto;
3183 3772 3297 3828 haec
3340 3783 3420 3829 est
3462 3775 3658 3830 veritas
3687 3787 3802 3846 tua,

2222 3861 2343 3915 huic
2369 3859 2742 3915 annuntiandat
2778 3861 2940 3916 servit
2971 3877 3031 3916 os
3065 3878 3239 3917 meum
3269 3881 3283 3922 :
3324 3865 3578 3930 Quoniam
3605 3867 3802 3932 dixisti,

2224 3951 2289 4006 In
2335 3963 2574 4006 wternum
2611 3953 2949 4007 misericordia
2997 3955 3352 4022 ardiﬁcnbitur.
3401 3945 3527 4022 Sic,
3582 3957 3758 4026 inquis
3783 3999 3801 4025 ,

2222 4041 2465 4109 aedifico,
2521 4051 2576 4097 ut
2617 4058 2723 4098 non
2768 4043 3074 4099 destruam:
3119 4047 3368 4116 quoniam
3410 4048 3664 4118 quosdam
3722 4049 3808 4106 sic

2223 4133 2472 4197 destruis,
2501 4141 2557 4187 ut
2585 4150 2688 4187 ιιοιι
2714 4134 2978 4193 aedifices:
3009 4135 3264 4205 quosdam
3288 4152 3414 4193 vero
3438 4137 3514 4192 sic
3540 4136 3803 4207 destruis,

2225 4231 2282 4277 ut
2307 4222 2554 4277 (edifices.
2583 4222 2693 4278 Nisi
2721 4225 2860 4278 enim
2890 4225 3099 4295 quidam
3125 4226 3518 4283 destrucrentur
3537 4270 3550 4292 ,
3578 4236 3635 4282 ut
3673 4229 3809 4283 aedi-

2225 4313 2509 4368 ficarentur
2530 4355 2545 4375 ,
2577 4328 2680 4368 non
2707 4313 2976 4369 diceretur
3001 4315 3244 4370 Jercmia:
3266 4357 3282 4383 ,
3317 4316 3444 4371 Ecce
3468 4318 3613 4387 posui
3648 4327 3693 4371 te
3729 4320 3810 4373 ad

2226 4405 2641 4471 destructionem,
2673 4413 2719 4458 et
2742 4404 3122 4474 a'diﬁcationem
3150 4405 3360 4476 (Jerem.
3386 4423 3423 4472 ι,
3452 4407 3566 4478 10).
3592 4408 3658 4463 Ει
3696 4410 3807 4464 ιιιί-

2226 4513 2330 4568 que
2353 4511 2537 4551 omnes
2560 4495 2650 4566 qui
2677 4496 2812 4551 idola
2842 4497 3088 4553 colebant
3114 4508 3165 4553 et
3192 4498 3452 4568 lapidibus
3480 4501 3804 4568 serviebant,

2228 4589 2281 4643 in
2301 4587 2510 4642 Christo
2538 4603 2642 4642 non
2681 4588 3097 4655 tedilicart-mtur,
3128 4589 3228 4643 nisi
3256 4590 3306 4644 in
3351 4591 3576 4661 pristino
3619 4607 3811 4658 errore

2227 4678 2642 4734 destruerentur.
2672 4678 2894 4745 Rursus,
2920 4679 3020 4733 nisi
3043 4679 3254 4748 quidam
3281 4681 3350 4735 ita
3379 4681 3807 4749 destrucrentur,

2229 4779 2286 4825 ut
2313 4786 2414 4824 non
2441 4770 2854 4834 mditicarentur,
2887 4785 2993 4824 non
3017 4769 3282 4825 diceretur
3307 4790 3320 4826 :
3345 4771 3580 4826 Destrues
3604 4789 3690 4827 eos
3714 4816 3729 4838 ,
3763 4786 3810 4827 et

2230 4877 2331 4914 non
2372 4859 2644 4928 aediﬁcatus
2690 4859 2803 4912 illos
2850 4858 3034 4929 (Psal.
3083 4876 3263 4925 χχιιι,
3315 4862 3406 4932 5).
3447 4862 3668 4931 Pr0pter
3710 4880 3811 4920 eos

2229 4967 2356 5019 ergo
2403 4952 2492 5021 qui
2537 4953 2875 5006 destruantur
2928 4961 2982 5005 et
3028 4952 3387 5018 aedificantur,
3438 4970 3504 5010 ne
3560 4965 3812 5026 putarent

2230 5042 2630 5098 aedificationem
2682 5058 2784 5112 qua
2834 5041 3196 5111 adificantur,
3248 5059 3366 5101 esse
3417 5047 3761 5115 temporalem
3788 5088 3807 5113 ,

2295 5219 2313 5287 ξ
2345 5219 2416 5287 διο
2436 5218 2772 5287 potior-esss.
2798 5216 3004 5287 “add...
3024 5225 3285 5287 mmma-

2294 5283 2315 5312 ³
2346 5282 2420 5329 sic
2565 5286 2618 5326 Αι
2637 5279 2766 5334 add,
2782 5277 2914 5329 nobis
2930 5278 3193 5329 obviabunt.

2297 5341 2318 5372 ³
2349 5341 2478 5400 add,
2505 5338 2744 5389 audieras.
2771 5340 2938 5388 Melius
2961 5349 3087 5400 Mss,
3109 5341 3305 5392 videris.

2233 5463 2252 5512 ι
2287 5402 2595 5512 l(a)mttlabitus
2616 5403 2861 5450 matutinis
2883 5403 3012 5452 boris
3035 5403 3084 5451 iu
3110 5413 3358 5467 Martyrum
3388 5403 3701 5465 quorumdam
3723 5417 3810 5455 ce-

2257 5479 2284 5512 e
2305 5478 2360 5512 ιιι
2434 5477 2480 5512 ε.

2257 5470 2480 5514 ehritate.

2299 5525 2368 5586 (ὸ)
2389 5522 2589 5586 _Vulgata
2603 5523 2697 5588 hic,
2719 5531 2772 5572 ut
2794 5524 2842 5588 in
2865 5528 3128 5588 superioris
3151 5525 3315 5588 psalmi
3341 5524 3496 5583 titulo,
3517 5525 3759 5577 Eua/tite
3790 5540 3810 5579 :

2235 5585 2359 5636 forte
2381 5585 2726 5649 pro‘zaraitw.
2749 5585 2935 5647 Quippe
2947 5593 2962 5633 ι
2984 5585 3179 5649 Paralip.
3205 5603 3254 5638 ιι.
3280 5588 3329 5646 6,
3349 5597 3618 5649 censentur
3636 5590 3807 5638 Aithan

2238 5655 2288 5698 et
2309 5645 2471 5711 elimati
2509 5645 2588 5711 filii
2620 5654 2771 5711 lane;
2807 5645 2931 5711 et'lll
2955 5657 3077 5711 tteg.
3100 5645 3164 5711 iv,
3189 5650 3266 5704 ⁸51.
3308 5645 3522 5696 Salomon
3560 5651 3731 5697 dicitur
3758 5653 3809 5698 in

2238 5709 2432 5777 vulgata
2467 5707 2723 5777 sapientior
2749 5707 2898 5777 ιςιζιιιη
2937 5707 3157 5760 Ezrahita
3178 5716 3223 5760 et
3249 5719 3464 5767 Heman;
3491 5711 3570 5760 ubi
3593 5716 3697 5759 Lxx
3720 5723 3808 5772 pro

2241 5780 2318 5821 az:
2331 5769 2480 5830 attito,
2506 5771 2685 5821 habent
2714 5769 2934 5820 torium.
