4024 6210
163 271 294 325 11ἒί

155 391 303 439 sicut
348 383 660 452 temporalis
706 381 802 436 fuit
838 381 987 435 ruina
1039 379 1090 433 in
1121 394 1220 448 qua
1262 379 1637 432 destruuntur:
1676 384 1757 428 te-

156 478 278 530 nuit
329 492 388 530 se
424 477 562 541 istc,
593 473 744 543 cujus
786 485 848 526 os
889 471 1049 526 servit
1083 470 1285 523 veritati
1330 468 1458 533 Dei,
1483 466 1565 526 ,ad
1593 466 1758 534 ipsam

156 569 452 623 veritatem
506 567 623 620 Dei.
677 565 798 620 Ideo
845 561 1188 627 annuntiabo,
1239 561 1357 616 ideo
1410 559 1563 623 dico,
1620 558 1759 625 Quo-

157 661 319 712 niam
363 658 566 720 dixisti;
613 671 836 712 securus
879 654 1038 708 homo
1063 653 1204 714 dico,
1247 653 1492 722 quoniam
1526 661 1579 704 tu
1624 651 1760 704 Deus

157 751 409 805 dixisti:
453 750 606 819 quia,
656 749 756 803 etsi
794 762 892 817 ego
937 747 988 800 in
1045 745 1209 800 verbo
1251 761 1371 799 meo
1415 745 1757 807 ﬂuctuarem,

161 844 347 898 verbo
372 850 464 895 tuo
490 839 856 894 conﬁrmaret.
882 837 1134 905 Quoniam
1163 835 1354 890 dixisti.
1385 833 1518 902 Quid
1540 831 1760 888 dixisti?

167 933 234 987 1η
268 945 516 987 cateruam
544 929 887 984 misericordia
914 926 1260 996 ardi/icabitur.
1304 924 1370 978 In
1399 925 1532 979 saetis
1559 938 1761 992 prtepa-

167 1026 373 1077 rabitur
393 1023 575 1076 ueritas
609 1031 716 1074 tua.
748 1019 1024 1087 Quomodo
1050 1016 1291 1086 superius
1311 1057 1326 1081 ,
1353 1017 1423 1069 ita
1452 1015 1504 1069 in
1529 1029 1761 1084 sequen-

170 1115 344 1168 tibus.
376 1111 754 1166 Misericordias
781 1119 892 1162 tuas
914 1151 927 1171 ,
955 1107 1184 1170 Domina,
1217 1106 1417 1175 inquit,
1448 1105 1500 1158 in
1526 1113 1765 1158 a’ternum

171 1206 436 1258 cantabo:
474 1205 526 1256 in
567 1200 932 1274 generationem
967 1208 1013 1252 et
1053 1197 1416 1266 generationem
1459 1194 1764 1249 annuntiabo

175 1299 438 1350 eaitatem
466 1303 606 1348 tuam
644 1293 697 1347 in
723 1308 810 1346 ore
847 1306 973 1345 meo.
1003 1289 1141 1343 Dixit
1182 1285 1592 1351 misericordias,
1637 1284 1768 1339 dixit

178 1387 495 1448 veritatem;
540 1383 612 1438 ita
639 1396 825 1438 rursus
856 1392 1132 1449 utrumque
1160 1376 1469 1446 conjunxit:
1519 1375 1769 1442 Quoniam

180 1477 391 1538 dixisti,
421 1473 489 1528 In
518 1483 758 1528 internum
790 1469 1129 1526 misericordia
1158 1466 1504 1538 azdiﬁcabitur.
1537 1464 1602 1520 In
1631 1465 1769 1520 caelis

184 1564 920 1641 pmparabituryeritastua.
963 1561 1026 1615 Et
1069 1560 1153 1614 hic
1181 1559 1430 1628 repetivit
1473 1555 1772 1611 misericor-

187 1660 328 1714 diam
355 1667 413 1714 et
434 1656 736 1722 veritatem.
766 1652 1040 1708 Ilniversze
1063 1651 1204 1705 enim
1232 1651 1330 1703 viae
1360 1647 1563 1703 Domini
1607 1647 1769 1701 mise-

189 1748 416 1806 ricordia
461 1731 517 1804 et
561 1745 758 1802 veritas
803 1742 975 1811 (Psal.
1021 1757 1188 1808 xxxv,
1241 1741 1354 1811 10).
1399 1738 1578 1808 Neque
1627 1737 1768 1792 enim

194 1838 532 1896 exhiberetur
574 1836 769 1890 veritas
807 1833 862 1888 in
889 1831 1195 1902 impletione
1221 1829 1641 1900 promissorum,
1672 1826 1772 1880 nisi

196 1930 524 2001 [incederet
566 1923 925 1981 misericordia
976 1923 1030 1978 in
1076 1921 1385 1976 remissione
1415 1927 1768 1989 peccatorum.

197 2022 424 2087 Deinde,
456 2019 713 2092 quoniam
742 2017 935 2088 populo
959 2014 1119 2070 Israel
1147 2014 1306 2068 etiam
1336 2010 1623 2067 secundum
1654 2024 1772 2064 car-

195 2131 312 2172 nem
335 2112 577 2172 venienti
601 2111 669 2166 de
685 2092 891 2166 semine
915 2105 1140 2162 Abrahae
1162 2104 1416 2175 promissa
1443 2112 1592 2157 erant
1613 2099 1773 2154 multa

195 2208 524 2282 prophetico,
551 2213 604 2262 et
633 2205 705 2259 ita
735 2203 824 2258 ille
854 2201 1075 2272 populus
1104 2206 1420 2268 propagatus
1449 2203 1564 2260 est,
1595 2195 1645 2246 in
1673 2207 1776 2262 quo

196 2298 546 2368 inplet-eatur
573 2290 991 2365 promissa,Dei;
1041 2304 1144 2344 non
1194 2296 1370 2342 autem
1406 2283 1595 2340 clausit
1637 2282 1776 2336 Deus

199 2388 394 2444 fontem
413 2384 672 2442 bonitatis
691 2399 802 2439 sua:
821 2381 977 2436 etiam
1000 2380 1053 2434 in
1079 2378 1401 2449 alienigenas
1420 2384 1622 2447 gentes,
1646 2387 1777 2444 quas

197 2479 290 2535 sub
316 2476 546 2549 Angelis
585 2475 967 2539 constituerat,
1001 2470 1296 2540 portionem
1337 2467 1434 2522 sibi
1461 2465 1658 2521 faciens
1689 2478 1781 2534 po-

200 2571 371 2640 pulum
423 2567 628 2624 Israel:
687 2566 741 2619 in
799 2564 914 2618 htcc
960 2562 1066 2618 duo
1111 2568 1165 2616 et
1207 2557 1492 2629 Apostolus
1536 2555 1779 2610 distincte

198 2661 464 2717 distribuit
517 2656 936 2714 misericordiam
985 2651 1192 2708 Domini
1241 2659 1294 2704 et
1342 2649 1640 2704 veritatem.
1696 2645 1782 2700 Ait

198 2756 332 2810 enim
359 2753 626 2809 Christum
654 2749 938 2804 ministrum
963 2747 1118 2817 fuisse
1146 2740 1538 2798 circumcisionis
1579 2745 1783 2809 propter

199 2850 448 2902 ceritatem
494 2845 613 2909 Dei,
640 2843 708 2896 ad
745 2839 1118 2910 conﬁrmandus
1165 2834 1519 2909 promissiones
1562 2840 1780 2902 patrum.

201 2942 332 2997 Ecce
373 2940 498 3011 quia
540 2953 649 2992 non
679 2934 864 2990 fefellit
906 2933 1089 2996 Deus;
1119 2945 1245 2986 ecce
1288 2927 1408 3000 quia
1449 2941 1553 2981 non
1593 2923 1786 2995 repulit

201 3035 404 3104 plebem
431 3046 587 3088 suam
608 3071 624 3095 ,
657 3043 814 3102 quam
841 3025 1126 3098 prtescivit.
1167 3021 1375 3077 Etenim
1410 3034 1530 3074 cum
1561 3016 1627 3073 de
1661 3031 1786 3071 casu

201 3125 503 3180 Judmorum
538 3127 816 3191 ageretur,
846 3132 912 3171 ne
937 3117 1054 3186 quis
1081 3121 1286 3183 putaret
1312 3111 1388 3164 sic
1427 3109 1544 3163 illos
1586 3107 1785 3176 impro-

205 3223 375 3284 batus,
412 3224 474 3270 ut
520 3208 653 3267 nihil
691 3207 939 3264 frumenti
981 3222 1050 3262 ex
1083 3206 1169 3259 illa
1215 3200 1555 3258 ventilatione
1581 3199 1633 3253 in
1664 3197 1789 3251 hor-

203 3325 351 3366 reum
398 3307 724 3367 mitteretur,
753 3301 828 3356 ait
871 3299 1193 3368 Apostolus:
1246 3293 1369 3348 Non
1415 3291 1599 3362 repulit
1649 3289 1787 3343 Deus

205 3401 391 3466 plebem
416 3411 585 3460 suam,
613 3409 767 3464 quant
797 3389 1081 3461 praesciuit;
1109 3399 1224 3440 nam
1244 3394 1287 3439 et
1311 3399 1401 3453 ego
1429 3380 1662 3436 Israelita
1680 3395 1789 3434 sum

207 3489 378 3560 (Rom.
413 3505 495 3553 ιι,
528 3487 582 3550 1,
613 3484 695 3553 ‘2).
723 3483 779 3539 Si
811 3489 978 3537 totum
1005 3477 1130 3535 illud
1159 3477 1324 3547 spina:
1348 3478 1578 3539 fuerunt,
1605 3471 1742 3527 unde
1771 3472 1784 3503 ¹

205 3579 423 3650 granum
453 3578 608 3633 vobis
635 3574 866 3646 loquor?
894 3572 1030 3642 Ergo
1054 3569 1266 3640 impleta
1291 3575 1372 3622 est
1398 3565 1593 3621 veritas
1617 3565 1707 3618 Dei
1736 3564 1789 3619 in

210 3674 270 3727 iis
297 3673 383 3742 qui
427 3685 497 3726 ex
538 3667 787 3722 Israelitis
824 3661 1180 3726 crediderunt,
1208 3667 1262 3714 et
1288 3656 1432 3711 venit
1457 3669 1593 3710 unus
1622 3654 1793 3724 paries

210 3765 272 3819 de
304 3760 718 3821 circumcisione
759 3756 1029 3827 applicans
1057 3769 1115 3808 se
1142 3751 1208 3808 ad
1231 3750 1457 3820 lapidem
1485 3748 1788 3817 angularem

213 3855 428 3923 (Ephes.
455 3869 496 3907 ιι
529 3893 545 3919 ,
570 3851 686 3921 20).
715 3848 819 3906 Sed
847 3848 935 3902 ille
962 3846 1093 3915 lapis
1121 3844 1370 3914 angulum
1408 3856 1512 3894 non
1555 3837 1751 3893 faceret
1775 3878 1789 3900 ,

215 3950 304 4003 nisi
335 3948 511 4003 alium
537 3943 786 4014 parietem
809 3957 870 3997 ex
895 3938 1150 3995 Gentibus
1173 3933 1483 4003 susciperet.
1507 3931 1600 3985 Ille
1621 3930 1796 3999 itaque

216 4041 388 4111 paries
426 4048 674 4108 tanquam
720 4032 930 4104 proprie
975 4029 1205 4100 pertinet
1245 4025 1312 4080 ad
1356 4023 1650 4087 veritatem,
1700 4021 1798 4076 iste

216 4145 383 4190 autem
415 4130 558 4186 aiius
583 4127 650 4183 ad
680 4123 1114 4182 misericordiam.
1144 4119 1267 4174 Dico
1293 4118 1442 4182 enim,
1473 4113 1676 4186 inquit,
1706 4113 1798 4166 Je-

216 4242 318 4279 sun
344 4223 610 4279 Christum
645 4218 928 4272 ministrum
969 4214 1122 4283 fuisse
1162 4207 1551 4265 circumcisionis
1592 4214 1797 4275 propter

217 4319 470 4371 ceritatem
501 4311 625 4374 Dei,
650 4309 719 4363 ad
756 4303 1129 4375 conﬁrmandus
1168 4299 1518 4370 promissiones
1561 4304 1798 4363 patrum;

218 4409 402 4463 Gentes
421 4415 585 4458 autem
607 4418 755 4473 super
780 4396 1120 4452 misericordia
1139 4392 1423 4464 gloriﬁcare
1447 4388 1607 4441 Deum
1626 4387 1799 4457 (Rom.

221 4518 286 4554 xv
304 4544 320 4566 ,
357 4499 396 4553 8
416 4539 432 4563 ,
460 4496 540 4563 9).
565 4493 753 4549 Merito
773 4533 788 4554 ,
822 4490 890 4543 In
921 4487 1056 4541 cretis
1083 4483 1445 4554 prwparabitur
1469 4479 1650 4532 veritas
1691 4487 1797 4530 tua.

223 4592 436 4651 Etenim
462 4601 647 4642 omnes
672 4585 744 4640 illi
773 4582 1022 4637 Israelitae
1049 4577 1218 4632 vocati
1245 4572 1504 4644 Apostoli,
1534 4572 1653 4626 coeli
1685 4571 1806 4623 farti

222 4697 341 4740 sunt
379 4681 472 4752 qui
499 4686 747 4736 enarrant
778 4675 999 4747 gloriam
1044 4670 1154 4725 Dei.
1187 4669 1265 4723 De
1292 4668 1372 4721 his
1400 4664 1548 4721 caelis
1577 4663 1768 4716 dicitur
1789 4702 1802 4724 ,

225 4777 342 4832 Ccli
363 4780 612 4828 enarrant
639 4767 851 4840 gloriam
889 4765 1016 4828 Dei,
1057 4771 1102 4815 et
1131 4775 1280 4830 Opera
1308 4771 1550 4810 manuum
1580 4754 1688 4824 ejus
1717 4769 1810 4805 an-

225 4866 420 4918 nuntiat
449 4862 836 4931 ﬁrmamentum.
855 4855 932 4918 ,Et
957 4864 1012 4907 ut
1034 4849 1288 4905 noveritis
1307 4847 1373 4901 de
1399 4845 1480 4899 his
1507 4843 1655 4898 cmlis
1681 4841 1807 4906 dici,

228 4965 370 5010 certe
417 4954 486 5008 de
527 4952 610 5005 his
649 4949 701 5002 in
745 4944 1085 5015 consequenti
1123 4940 1424 5008 expressius
1466 4935 1660 4989 dictum
1707 4941 1806 4992 est,

234 5044 348 5098 Non
371 5054 487 5097 sunt
508 5040 719 5110 loquela
739 5051 892 5104 neque
911 5047 1177 5088 sermones.
1197 5043 1405 5099 quorum
1419 5041 1518 5079 non
1536 5022 1812 5076 audiantur

233 5151 370 5186 mea
401 5148 592 5186 eorum.
625 5129 816 5195 Quaere
843 5138 1089 5194 quorum,
1122 5135 1225 5174 non
1258 5118 1494 5172 invenies
1522 5129 1679 5182 supra
1711 5112 1812 5166 nisi

231 5227 508 5280 ratorum.
536 5223 592 5278 Si
619 5235 746 5290 ergo
777 5215 1010 5286 Apostoli
1038 5221 1191 5273 sunt,
1223 5223 1445 5278 quorum
1481 5207 1536 5259 in
1570 5203 1814 5260 omnibus

235 5316 458 5388 loquelis
481 5330 582 5369 vox
610 5310 786 5366 audita
815 5316 914 5371 est,
944 5304 1040 5375 ipsi
1057 5311 1183 5359 sunt
1201 5300 1267 5355 de
1283 5296 1678 5369 quibusdictum
1709 5302 1811 5358 est,

233 5384 522 5463 Invomnem
557 5414 745 5460 terram
783 5399 900 5455 exiit
928 5413 1079 5452 sonus
1116 5408 1322 5456 eorum,
1351 5399 1395 5444 et
1437 5389 1490 5441 in
1527 5388 1651 5458 ﬁnes
1683 5384 1816 5439 orbis

233 5511 381 5554 terra
407 5499 553 5553 verba
581 5510 756 5551 eorum
779 5489 948 5559 (Psal.
979 5501 1138 5552 xvul,
1164 5483 1200 5538 2
1219 5525 1232 5546 ,
1255 5482 1320 5546 4.
1348 5481 1434 5549 5);
1463 5478 1582 5548 quia
1609 5477 1706 5533 etsi
1732 5489 1818 5529 as-

235 5590 430 5663 sumpti
453 5591 578 5646 hinc
603 5595 730 5644 sunt
763 5590 1042 5652 antequam
1073 5573 1306 5632 Ecclesia
1351 5571 1596 5640 impleret
1631 5566 1813 5622 ol‘bem

294 5749 312 5781 ι
346 5745 589 5810 ald.,hoc
607 5749 832 5808 granum.
858 5735 1020 5796 Abest,
1043 5729 1150 5792 hoc,
1175 5741 1203 5781 a
1222 5726 1502 5779 melioribus
1520 5730 1627 5774 uss.

1180 260 1566 319 ENAIIRATIO
1598 260 1659 316 IN
1699 259 2014 316 PSAMIIIM
2053 257 2379 314 LXXXVIII.

3306 265 3443 326 1122

1869 383 2148 438 terrarum,
2179 384 2350 428 tamen
2400 375 2555 430 verba
2584 388 2768 430 eorum
2799 391 3156 446 pervenerunt
3187 395 3351 452 usque
3377 384 3449 440 ad

1867 466 2122 519 terminos
2150 466 2294 520 orbis
2341 475 2497 520 terra:
2526 485 2539 521 :
2572 466 2708 521 bene
2745 468 3031 538 accipimus
3070 472 3120 526 in
3149 473 3230 528 his
3259 476 3449 544 imple-

1868 565 1976 610 tum
2004 556 2144 624 quod
2173 571 2310 610 nunc
2339 557 2588 626 legimus,
2620 558 2684 613 In
2712 561 2847 614 costis
2874 565 3244 631 prtcparabitur
3267 569 3448 624 veritas

1869 656 1973 700 tua.

1938 740 1990 793 4.
2032 738 2202 811 [vers.
2259 740 2362 812 4.]
2406 740 2642 811 Disposui
2679 729 3034 797 testamentum
3084 746 3250 801 electis
3300 751 3444 806 meis.

1872 829 2057 884 Dixisti
2103 830 2511 902 (inlelligitis‘)
2557 832 2657 886 hoc
2705 843 2908 888 totum:
2954 837 3152 904 dixisti,
3206 837 3449 907 Disposui

1879 927 2219 976 testamentum
2245 925 2409 977 electis
2439 925 2576 978 meis.
2605 924 2754 993 Quod
2786 934 3181 993 testamentum,
3218 931 3315 984 nisi
3344 945 3445 984 no-

1873 1013 2039 1072 vum?
2077 1013 2225 1079 Quod
2273 1023 2666 1079 testamentum,
2718 1017 2817 1071 nisi
2863 1033 2968 1088 quo
3014 1034 3332 1074 renovamur
3377 1021 3446 1076 ad

1871 1120 2059 1159 novam
2106 1107 2502 1161 hmrcditatem?
2530 1107 2677 1176 Quod
2718 1118 3088 1164 testamentum
3116 1150 3131 1174 ,
3160 1110 3260 1164 nisi
3297 1111 3452 1179 cujus

1873 1196 2198 1252 hacreditatis
2245 1198 2507 1254 desiderio
2549 1208 2602 1254 et
2640 1215 2821 1254 amore
2867 1212 3138 1258 cantamus
3182 1205 3448 1259 canticum

1874 1293 2113 1354 novum?
2158 1289 2414 1360 Disposui,
2465 1291 2653 1360 inquit,
2697 1300 3042 1345 testamentum
3088 1292 3253 1348 electis
3301 1295 3448 1348 meis.

1867 1381 2054 1436 Juravi
2079 1379 2243 1433 David
2270 1397 2407 1434 servo
2435 1398 2560 1435 meo.
2593 1380 2759 1447 Quam
2798 1398 3014 1437 securus
3049 1383 3277 1452 loquitur
3316 1385 3449 1448 istc,

1875 1473 1960 1542 qui
1985 1472 2246 1541 intelligit,
2269 1471 2418 1541 cujus
2440 1487 2500 1526 os
2520 1473 2680 1526 servit
2699 1471 2949 1527 veritati?
2967 1471 3224 1541 Quoniam
3245 1473 3448 1539 dixisti,

1875 1579 2090 1620 securus
2139 1564 2343 1634 loquor.
2383 1562 2438 1618 Si
2482 1579 2725 1618 securum
2762 1579 2847 1618 me
2884 1563 3033 1628 facis,
3077 1563 3200 1634 quia
3235 1564 3452 1631 dixisti;

1874 1666 2073 1728 quanto
2099 1657 2440 1722 securiorem,
2472 1657 2592 1727 quia
2617 1656 2842 1727 jurasti?
2872 1658 2961 1713 Dei
2991 1658 3185 1728 quippe
3206 1658 3404 1728 juratio
3431 1697 3449 1724 ,

1877 1749 2242 1819 promissionis
2285 1759 2367 1804 est
2404 1748 2752 1804 confirmatio.
2783 1749 2923 1804 Bene
2949 1749 3256 1819 prohibetur
3293 1749 3456 1804 homo

1874 1840 2054 1909 iurare
2085 1837 2294 1914 (Matth.
2321 1856 2374 1901 v,
2407 1839 2527 1911 5i);
2560 1855 2625 1894 ne
2651 1841 3030 1896 consuetudine
3049 1840 3262 1911 jurandi
3284 1883 3299 1907 ,
3329 1842 3454 1912 quia

1879 1940 2053 2000 potest
2101 1931 2260 1985 homo
2305 1930 2441 1997 falli,
2489 1931 2648 1986 etiam
2699 1932 2751 1985 in
2798 1931 3083 2000 periurium
3127 1933 3452 2002 prolabatur.

1881 2021 2026 2076 Deus
2052 2023 2197 2077 solus
2227 2037 2446 2077 securus
2466 2023 2628 2092 jurat,
2659 2023 2778 2092 quia
2807 2022 2915 2077 falli
2947 2039 3049 2088 non
3080 2031 3269 2092 potest.

1946 2114 2000 2170 5.
2042 2113 2210 2188 [vers.
2241 2115 2338 2187 5.]
2381 2115 2662 2170 Videamus
2699 2131 2826 2186 ergo
2865 2116 2987 2186 quid
3013 2116 3270 2186 juraverit
3296 2117 3456 2172 Deus.

1876 2204 2073 2270 Juravi,
2122 2206 2307 2276 inquit,
2346 2207 2510 2260 David
2550 2222 2688 2260 servo
2734 2223 2883 2260 meo:
2927 2224 3082 2277 usque
3127 2209 3181 2262 in
3219 2219 3461 2263 utentum

1882 2301 2178 2371 prtcparabo
2206 2317 2374 2354 semen
2412 2308 2570 2352 tuum.
2603 2299 2796 2354 Semen
2840 2299 3000 2353 David
3044 2300 3184 2370 quod
3221 2311 3323 2365 est,
3358 2301 3462 2356 nisi

1880 2406 2058 2445 semen
2084 2390 2343 2446 Abrahm?
2389 2390 2540 2459 Quod
2581 2396 2758 2446 autem
2787 2405 2969 2446 semen
2999 2391 3261 2447 Abrahae?
3290 2391 3354 2446 Et
3381 2409 3464 2447 se-

1881 2483 2023 2546 mini,
2042 2482 2229 2552 inquit,
2252 2493 2356 2548 tuo,
2388 2481 2524 2554 quod
2548 2491 2618 2536 est
2637 2479 2861 2536 Christus
2890 2479 3084 2552 (Galat.
3115 2497 3192 2549 ιιι,
3218 2481 3332 2550 16).
3355 2481 3463 2538 Sed

1883 2575 2017 2628 forte
2046 2574 2135 2630 ille
2179 2572 2422 2629 Christus
2449 2582 2606 2642 caput
2633 2572 2906 2638 Ecclesize,
2955 2573 3186 2628 salvator
3227 2575 3464 2643 corporis

1887 2664 2099 2739 (Ephes.
2130 2681 2181 2731 ν,
2213 2663 2328 2736 25),
2369 2679 2552 2720 semen
2595 2671 2677 2718 est
2713 2663 2962 2729 Abrahae,
3015 2671 3070 2718 et
3118 2663 3238 2719 ideo
3268 2663 3462 2729 David;

1885 2770 1984 2810 nos
2003 2764 2177 2810 autem
2226 2770 2328 2809 non
2351 2769 2534 2809 sumus
2581 2768 2760 2808 semen
2792 2751 3052 2808 Abrahae?
3083 2753 3192 2808 lmo
3211 2769 3336 2809 vero
3366 2769 3460 2810 su-

1887 2863 2026 2911 mus,
2053 2849 2189 2902 sicut
2216 2846 2500 2916 Apostolus
2526 2845 2600 2899 ait
2635 2862 2649 2898 :
2683 2845 2745 2899 Si
2768 2854 2933 2898 autem
2971 2860 3055 2898 vos
3096 2844 3299 2908 Christi,
3345 2861 3464 2915 ergo

1887 2937 2102 2992 Abrahae
2135 2954 2300 2991 semen
2345 2937 2484 3002 estis,
2513 2935 2784 2990 secundum
2827 2934 3202 3004 promissionem
3245 2936 3468 2990 htcredes

1889 3026 2082 3100 (Colat.
2113 3043 2188 3090 ιιι,
2228 3025 2342 3099 29).
2392 3025 2481 3082 Sic
2521 3039 2649 3096 ergo
2698 3024 2784 3079 hic
2856 3024 3195 3093 accipiamus,
3253 3023 3465 3086 fratres.

1893 3116 2061 3191 Usque
2076 3121 2128 3174 in
2153 3129 2391 3174 atternum
2416 3116 2709 3188 prtcparabo
2736 3131 2902 3170 semen
2925 3125 3062 3168 tuum
3082 3129 3101 3179 ;
3123 3131 3228 3169 non
3260 3125 3462 3169 tantum

1892 3215 2032 3269 illam
2088 3226 2302 3267 carnem
2346 3209 2544 3264 Christi
2592 3216 2769 3263 natam
2796 3222 2864 3262 ex
2913 3207 3113 3276 virgine
3152 3205 3335 3272 Maria,
3371 3205 3464 3260 sed

1891 3305 2048 3360 etiam
2076 3317 2172 3357 nos
2202 3316 2386 3356 omnes
2415 3299 2692 3354 credentes
2713 3298 2765 3351 in
2802 3295 3111 3351 Christum:
3139 3295 3280 3350 illius
3324 3295 3469 3350 enim

1892 3395 2078 3466 capitis
2108 3394 2342 3448 membra
2367 3405 2570 3446 sumus.
2598 3388 2713 3444 Non
2750 3396 2923 3458 potest
2947 3386 3047 3441 hoc
3072 3401 3268 3457 corpus
3292 3385 3472 3441 decol-

1895 3488 1991 3542 lari
2023 3507 2036 3542 :
2068 3487 2112 3541 si
2153 3487 2204 3540 in
2243 3494 2498 3540 azteruum
2527 3491 2704 3552 caput,
2728 3481 2782 3536 in
2820 3489 3075 3536 internum
3103 3480 3395 3550 gloriantur
3419 3487 3475 3536 et

1895 3579 2153 3642 membra,
2211 3586 2266 3631 ut
2309 3575 2379 3629 sit
2425 3574 2515 3628 ille
2551 3571 2794 3628 Christus
2834 3571 3035 3640 integer
3084 3570 3136 3623 in
3193 3578 3475 3624 aeternum.

1901 3670 1946 3726 Il
1949 3687 2066 3741 sque
2089 3670 2140 3724 in
2154 3678 2396 3725 ceternum
2413 3663 2706 3736 prtcparabo
2724 3679 2888 3718 semen
2910 3672 3073 3725 tuum;
3085 3671 3130 3714 et
3144 3661 3402 3728 atdiﬁcabo
3421 3661 3477 3715 in

1897 3761 2260 3833 generationem
2277 3768 2323 3813 et
2335 3757 2707 3828 generationem
2725 3752 2891 3807 sedem
2907 3761 3064 3805 tuam.
3082 3750 3355 3814 Putamus,
3377 3754 3477 3806 hoc

1897 3853 2047 3912 dixit,
2073 3851 2123 3904 in
2141 3860 2401 3912 aeternum,
2421 3845 2560 3916 quod
2573 3846 2626 3898 in
2640 3844 3008 3915 generationem
3025 3851 3071 3895 et
3086 3842 3477 3911 generationem;

1899 3942 2148 4015 quoniam
2165 3951 2218 3996 et
2237 3954 2395 4010 supra
2416 3938 2642 4002 dixerat,
2665 3934 2733 3989 In
2756 3936 3123 4006 generationem
3137 3943 3180 3987 et
3195 3934 3478 4004 generatio-

1901 4053 2014 4091 nem
2056 4033 2362 4089 annuntiabo
2391 4031 2645 4086 veritatem
2683 4038 2818 4081 tuam
2862 4028 2914 4080 in
2945 4043 3029 4081 ore
3049 4042 3176 4080 meo.
3199 4026 3335 4094 Quid
3374 4034 3477 4082 est.

1903 4129 1955 4182 in
1982 4127 2350 4198 generationem
2373 4131 2420 4176 et
2457 4118 2862 4192 generationem?
2889 4117 2947 4172 In
2995 4132 3205 4171 omnem
3253 4131 3480 4187 genera-

1905 4224 2122 4277 tionem.
2151 4217 2264 4273 Non
2315 4216 2458 4272 enim
2490 4213 2646 4268 toties
2697 4210 3042 4281 repetendum
3093 4216 3209 4265 erat
3237 4209 3480 4276 verbum,

1896 4311 2110 4383 quoties
2137 4306 2409 4380 generatio
2437 4305 2581 4360 venit
2609 4311 2662 4358 et
2693 4302 2896 4356 transit.
2946 4300 3084 4370 Ergo
3114 4299 3484 4369 multiplicatio

1906 4403 2304 4476 generationum
2331 4400 2384 4453 in
2427 4397 2740 4469 repetitione
2787 4393 3078 4464 signiﬁcata
3115 4403 3168 4446 et
3209 4406 3484 4447 commen-

1907 4498 2026 4552 data
2050 4504 2150 4550 est.
2174 4495 2252 4548 An
2278 4494 2410 4547 forte
2427 4490 2546 4545 dua:
2571 4487 2940 4560 generationes
2955 4493 3079 4539 sunt
3107 4483 3483 4552 intelligendze,

1910 4592 2046 4646 sicut
2079 4587 2269 4651 nostis,
2301 4585 2439 4639 sicut
2470 4582 2580 4652 jam
2629 4579 2948 4633 insinuatum
2993 4584 3182 4630 vestra:
3232 4573 3485 4627 Charitati

1911 4680 2181 4738 retinetis?
2204 4679 2295 4732 Est
2324 4676 2463 4730 enim
2503 4669 2776 4744 generatio
2811 4682 2950 4722 nunc
2977 4665 3171 4730 carnis,
3200 4664 3487 4733 etsangui-

1913 4775 2027 4838 nis;
2058 4773 2160 4828 erit
2186 4767 2457 4843 generatio
2497 4749 2675 4818 iutura
2719 4761 2768 4814 in
2812 4757 3204 4814 resurrectione
3254 4765 3489 4809 mortuo.

1913 4880 2052 4920 rmn.
2083 4861 2408 4918 Prmdicatur
2437 4856 2524 4910 hic
2550 4855 2826 4915 Christus;
2863 4848 3232 4921 prtedicabitur
3259 4847 3328 4902 ibi
3354 4864 3367 4899 :
3396 4845 3488 4898 scd

1915 4959 2002 5013 hic
2029 4955 2361 5028 prmdicatur,
2391 4959 2450 5004 ut
2491 4945 2768 5005 credatur;
2796 4942 2866 4996 ibi
2910 4937 3298 5011 prtedicahltur,
3331 4945 3388 4990 ut
3411 4936 3489 4988 vi-

1917 5051 2122 5106 deatur.
2153 5043 2444 5111 Ediﬁcabo
2470 5041 2522 5093 in
2561 5035 2925 5109 generationem
2953 5042 2999 5086 et
3029 5029 3396 5102 generationem
3415 5040 3492 5078 se-

1917 5143 2029 5194 dem
2060 5147 2215 5191 tuam.
2269 5132 2419 5188 Nunc
2467 5128 2714 5184 Christus
2763 5123 2924 5179 habet
2980 5122 3032 5176 in
3085 5119 3235 5174 nobis
3285 5115 3488 5176 sedem,

1920 5228 2173 5285 :ediﬁcala
2194 5234 2274 5280 est
2300 5221 2455 5278 sedes
2483 5220 2598 5290 ejus
2647 5218 2700 5273 in
2728 5215 2880 5270 nobis
2909 5230 2922 5266 :
2959 5211 3057 5266 nisi
3099 5209 3240 5265 enim
3285 5205 3495 5260 sederet

1922 5323 1974 5376 in
2003 5317 2174 5381 nobis,
2203 5331 2307 5371 non
2338 5327 2436 5369 nos
2458 5317 2698 5381 regeret;
2721 5307 2767 5361 si
2795 5314 2970 5359 autem
2994 5302 3060 5355 ab
3083 5300 3172 5354 illo
3203 5314 3308 5352 non
3339 5311 3492 5366 rege-

1923 5426 2122 5475 remur,
2145 5423 2174 5462 a
2201 5406 2354 5463 nobis
2393 5404 2522 5473 ipsis
2562 5399 3034 5471 prazcipitaremnr.
3061 5391 3220 5446 Sedet
3271 5404 3397 5460 ergo
3445 5393 3496 5444 in

1986 5516 2348 5579 iald.,nia:isti,
2373 5510 2652 5579 intellgcpisti
2679 5522 2696 5559 :
2719 5507 2806 5558 hoc
2827 5513 2976 5579 totum
2998 5503 3182 5579 dixisti.
3211 5511 3409 5579 senss,
3427 5501 3499 5579 in:

1922 5564 2386 5648 «immania;
2407 5570 2712 5648 intelligimus
2733 5565 3140 5648 -'..n¢.93!iad__v9's
3152 5564 3498 5648 inslsae?!

1922 5628 2592 5714 Rii’éti'iiééiiissumierbun
2617 5636 2663 5684 in
2681 5634 2728 5695 7o
2746 5631 2794 5692 5.
2807 5628 2992 5690 ιιίπὶδιὶο
3007 5637 3199 5694 5Peum
3218 5628 3339 5680 ίδίοέ
3354 5628 3501 5680 “iam

1925 5711 2281 5772 subsequentes
2303 5711 2489 5751 versus.
