4024 6210
590 474 762 538 nobis,
793 481 1018 542 regnans
1041 465 1094 522 in
1115 462 1266 520 nobis
1291 476 1305 516 :
1333 445 1483 517 sedet
1530 459 1690 515 etiam
1718 457 1771 512 in
1811 456 1910 513 alia
1932 470 2156 529 genera-

592 568 756 632 tione,
803 577 921 633 qua:
973 556 1133 613 fuerit
1179 570 1248 609 ex
1283 551 1671 609 resurrectione
1716 558 2066 604 mortuorum.
2105 546 2164 602 In

589 665 845 709 a‘ternum
871 648 1117 704 Christus
1142 643 1384 716 regnabit
1408 643 1459 696 in
1490 640 1689 696 sanctis
1717 639 1847 694 suis.
1899 637 2011 693 Hoc
2034 652 2162 708 pro-

591 745 735 800 misit
761 745 921 808 Deus,
955 740 1056 795 hoc
1098 738 1235 793 dixit
1285 737 1422 791 Deus
1463 756 1476 789 :
1506 735 1550 803 si
1576 747 1761 804 parum
1796 740 1896 799 est,
1950 730 2053 787 hoc
2075 730 2164 801 juo

590 836 724 889 ravit
752 834 912 887 Deus.
940 831 1074 897 Quia
1099 843 1225 899 ergo
1249 842 1356 882 non
1403 825 1694 881 secundum
1726 823 1914 878 merita
1961 832 2161 884 nostra,

590 924 685 981 sed
715 920 1005 979 secundum
1032 910 1171 976 illius
1191 916 1603 973 misericordiam
1632 916 1781 968 lirma
1821 921 1904 968 est
1932 911 2163 983 promis-

589 1018 707 1079 sio;
740 1029 895 1070 nemo
919 1012 1221 1069 debetcum
1262 1008 1609 1080 trepidatione
1659 1004 1967 1076 praedicare,
2023 1003 2167 1058 unde

592 1123 699 1163 non
729 1114 906 1177 potest
945 1104 1207 1159 dubitare.
1259 1100 1378 1156 Fiat
1419 1112 1546 1169 ergo
1580 1097 1644 1151 'in
1680 1095 1929 1151 cordibus
1969 1093 2167 1148 nostris

592 1200 767 1259 robur,
798 1198 947 1261 illud,
997 1196 1137 1251 unde
1162 1193 1359 1263 zEthan
1400 1206 1593 1246 nomen
1645 1186 1870 1257 accepit,
1899 1184 2169 1240 Robustus

590 1291 753 1346 corde
784 1287 1183 1359 :prmdicemus
1244 1283 1521 1348 veritatem
1580 1279 1694 1343 Dei,
1734 1279 2001 1349 eloquium
2051 1275 2165 1339 Dei,

594 1381 854 1452 promissa
882 1379 994 1445 Dei,
1016 1376 1337 1447 iurationem
1368 1373 1491 1437 Dei;
1513 1380 1567 1426 et
1604 1370 1686 1425 his
1715 1368 1886 1422 modis
1926 1365 2072 1421 omni
2103 1380 2167 1419 ex

595 1482 743 1543 parte
772 1471 962 1529 ﬁrmati
1013 1468 1378 1540 prae-dicemus,
1426 1472 1479 1520 et
1524 1461 1785 1534 portando
1817 1461 2006 1526 Deum,
2049 1456 2170 1514 coeli

674 1580 780 1617 ius.

674 1580 692 1616 ι
732 1580 780 1617 s.

594 1580 729 1709 sui:
761 1652 927 1725 [ver-3.
955 1649 1050 1724 6.]
1088 1648 1463 1718 Conﬁtebuntur
1495 1643 1607 1699 caeli
1635 1641 1882 1697 mirabilia
1910 1649 1998 1695 tua
2019 1681 2035 1706 ,
2066 1638 2173 1694 Do-

596 1745 747 1798 mine.
773 1743 888 1798 Non
918 1740 1102 1795 merita
1132 1754 1225 1794 sua
1251 1726 1643 1793 conﬁtebuntur
1668 1732 1810 1799 rmli,
1839 1730 1933 1787 sed
1967 1729 2175 1799 conﬁte~

595 1834 782 1887 buntur
804 1831 915 1887 cali
935 1830 1183 1886 mirabilia
1208 1838 1315 1891 tua,
1345 1826 1576 1881 Domine.
1601 1823 1660 1880 ln
1684 1820 1995 1879 Ouini‘euim
2016 1821 2175 1887 mise—

598 1925 823 1981 ricordia
851 1923 1171 1994 perditorum
1192 1962 1206 1986 ,
1235 1921 1288 1974 in
1309 1916 1684 1990 justiﬁeatione
1713 1913 2016 1983 impiorum,
2048 1912 2173 1982 quid

600 2016 874 2071 laudamus
903 2012 1005 2069 nisi
1031 2011 1292 2068 mirabilia
1323 2008 1457 2063 Dei?
1484 2004 1690 2062 Laudas
1718 2006 1836 2074 quia
1867 2017 2173 2073 resurrexe-

599 2114 723 2161 ruut
748 2104 938 2160 mortui
969 2120 984 2170 ;
1017 2103 1134 2174 plus
1173 2099 1325 2156 lauda
1351 2099 1471 2170 quia
1515 2095 1772 2166 redempti
1798 2102 1921 2150 sunt
1964 2093 2175 2163 perditi.

599 2195 728 2262 Quae
752 2195 955 2265 gratia,
995 2207 1113 2263 quas
1148 2187 1504 2246 misericordia
1547 2184 1675 2241 Dei!
1708 2183 1867 2240 Vides
1907 2182 2176 2239 hominem

603 2286 717 2342 heri
751 2285 1059 2355 voraginem
1098 2279 1438 2345 ebriositatis,
1478 2276 1636 2332 hodie
1678 2282 2046 2330 ornamentum
2087 2288 2178 2328 so-

600 2375 874 2431 brietatis:
904 2373 1051 2429 vides
1076 2372 1344 2427 hominem
1370 2368 1485 2424 heri
1514 2381 1722 2424 omnum
1750 2364 1990 2429 luxurite,
2023 2363 2178 2419 hodie

599 2464 762 2521 decus
788 2464 1183 2536 temperantiae:
1213 2460 1361 2515 vides
1398 2459 1666 2514 hominem
1708 2455 1819 2511 heri
1850 2454 2180 2535 blasphema-

603 2567 769 2615 torem
816 2557 929 2625 Dei,
975 2554 1134 2610 hodie
1194 2551 1523 2607 laudatorem
1566 2546 1873 2603 Dei:vides
1908 2544 2178 2600 hominem

604 2651 721 2707 heri
744 2661 956 2707 servum
984 2655 1240 2703 creatum
1262 2685 1279 2710 ,
1307 2641 1464 2697 hodie
1488 2641 1744 2709 cultorem
1771 2637 2061 2694 Creatoris.
2094 2637 2177 2693 Ab

602 2745 718 2800 istis
743 2740 987 2798 omnibus
1013 2734 1471 2808 desperationibus
1494 2732 1566 2788 ita
1591 2730 1836 2786 homines
1863 2735 2183 2784 convertun-

602 2848 724 2893 tur:
756 2850 863 2891 non
901 2831 1186 2901 respiciant
1218 2828 1287 2883 ad
1338 2824 1527 2882 merita
1570 2837 1698 2890 sua;
1730 2819 2028 2888 ﬁant‘caali,
2054 2834 2182 2874 con-

604 2928 848 2984 ﬁteantur
883 2923 1009 2981 (ιωιί
1051 2919 1307 2978 mirabilia
1345 2917 1462 2988 ejus
1501 2931 1533 2971 a
1579 2913 1837 2986 quo.lacti
1877 2919 2003 2968 sunt
2036 2910 2178 2967 coeli.

604 3019 854 3088 Quoniam
876 3015 1069 3081 videbo,
1093 3011 1283 3084 inquit,
1309 3007 1480 3077 calas,
1506 3022 1658 3078 Opera
1680 3005 1952 3077 digitorum
1979 2988 2182 3058 tuorum

554 3149 560 3155 .
601 3106 773 3181 (Psal.
799 3121 889 3161 vut
911 3146 927 3169 ,
957 3105 1034 3177 ι).
1081 3099 1460 3171 Conﬁtebuntur
1501 3095 1613 3157 cali
1647 3091 1898 3150 mirabilia
1934 3101 2040 3161 tua,
2070 3090 2181 3145 Do-

602 3201 753 3254 mine.
782 3197 851 3254 Et
890 3206 949 3252 ut
977 3193 1234 3251 noveritis
1264 3191 1354 3263 qui
1392 3190 1512 3246 celi
1541 3186 1933 3263 conﬁtebuntur
1955 3226 1972 3252 ,
2001 3183 2179 3240 videte

603 3291 693 3346 uhi
721 3288 1108 3359 conﬁteantur:
1139 3260 1378 3355 sequitur
1401 3280 1562 3343 enim,
1591 3276 1660 3332 Et
1683 3260 1936 3331 veritatem
1961 3285 2100 3329 tuam
2126 3274 2181 3328 in

602 3383 807 3439 ecclesia
833 3391 1137 3435 sanctorum.
1169 3377 1244 3432 De
1268 3374 1419 3431 caelis
1442 3386 1571 3443 ergo
1599 3370 1741 3426 nulla
1769 3368 2028 3425 dubitatio
2054 3375 2178 3434 est,

601 3472 852 3543 quoniam
874 3469 1232 3538 intelligantur
1262 3462 1636 3534 prmdicatores
1659 3458 1803 3515 verbi
1830 3456 2086 3513 veritatis.
2115 3455 2181 3510 Et

604 3563 691 3618 ubi
741 3559 1131 3617 conﬁtebuntur
1179 3555 1300 3611 caeli
1352 3551 1609 3611 mirabilia
1664 3559 1750 3605 tua
1800 3558 1854 3604 et
1904 3546 2181 3602 veritatem

603 3652 790 3710 tuam?
814 3651 882 3707 In
907 3650 1116 3706 ecclesia
1143 3657 1454 3704 sanctorum.
1486 3643 1724 3714 Excipiat
1750 3640 1985 3697 Ecclesia
2006 3655 2181 3695 rorem

603 3748 899 3810 caelorum;
949 3741 1147 3799 sitienti
1194 3750 1349 3796 terra:
1395 3737 1580 3808 pluant
1628 3733 1772 3801 coeli,
1817 3740 1872 3817 et
1923 3732 2185 3803 geminet

607 3839 877 3911 excipiens
901 3834 1131 3907 pluviam
1156 3831 1392 3904 germina
1414 3829 1571 3895 bona,
1601 3841 1762 3897 opera
1790 3825 1927 3880 bona
1952 3840 1964 3877 :
1993 3838 2059 3877 ne
2088 3837 2183 3893 pro

574 3954 577 3957 ν
607 3934 739 3988 bona
764 3930 939 4001 pluvia
959 3929 1048 3984 det
1067 3926 1267 3998 spinas,
1289 3933 1343 3981 et
1364 3939 1458 3993 pro
1478 3921 1673 3977 horreo
1690 3925 1965 3988 exspectet
1984 3915 2180 3986 ignem.

603 4023 978 4093 Conﬁtebuntur
1009 4018 1121 4074 cali
1144 4016 1393 4072 mirabilia
1434 4023 1556 4080 tua,
1587 4010 1820 4078 Domine,
1849 4019 1895 4064 et
1931 4010 2185 4063 veritatem

605 4125 741 4169 tuam
783 4116 837 4170 in
877 4113 1084 4169 ecclesia
1118 4100 1423 4166 sanctorum.
1466 4105 1599 4163 Caeli
1643 4118 1770 4173 ergo
1796 4100 2186 4159 conﬁtebuntur

606 4208 861 4263 mirabilia
909 4214 998 4261 tua
1045 4212 1100 4259 et
1147 4203 1422 4257 veritatem
1476 4206 1644 4252 tuam.
1692 4195 1886 4250 Totum
1931 4191 2183 4262 quidquid

608 4299 893 4368 praedicant
919 4295 1040 4352 coeli
1064 4334 1081 4357 ,
1125 4308 1192 4348 ex
1217 4301 1271 4347 te
1299 4298 1413 4352 est,
1442 4287 1509 4342 de
1537 4297 1589 4342 te
1618 4294 1735 4350 est;
1766 4293 1820 4340 et
1862 4283 1982 4338 ideo
2011 4282 2184 4339 securi

609 4390 931 4460 pradicant:
979 4393 1175 4442 norunt
1199 4383 1342 4439 enim
1381 4394 1537 4451 quem
1571 4376 1897 4448 praedicant,
1927 4376 2047 4446 quia
2078 4390 2183 4431 non
2242 4396 2258 4415 κ

610 4486 829 4550 possunt
855 4478 923 4534 de
952 4475 1236 4547 praedicata
1263 4473 1597 4528 erubescere.

682 4571 734 4623 7.
767 4568 789 4642 [
813 4584 939 4623 vers.
967 4569 1020 4621 7.
1047 4563 1069 4639 ]
1096 4564 1232 4634 Quid
1281 4561 1572 4634 praedicant
1619 4559 1738 4615 coeli
1762 4559 1786 4613 ’l
1814 4558 1937 4629 quid
1966 4558 2187 4613 conﬁte-

609 4662 805 4717 buntur
833 4660 883 4714 in
918 4656 1143 4713 ecclesia
1190 4651 1538 4710 sanctorum?
1588 4650 1838 4716 Quoniam
1873 4649 1987 4717 quis
2017 4648 2071 4702 in
2087 4664 2185 4702 nu-

610 4754 750 4809 bibus
771 4750 1052 4822 wquabilur
1070 4747 1289 4803 Domino
1319 4745 1344 4800 ἲ
1373 4743 1603 4799 lloccine
1622 4740 1745 4796 οωιὶ
1775 4739 2183 4802 confitebuntur,

609 4845 710 4902 hoc
737 4843 859 4899 coeli
877 4841 1057 4911 plueut
1078 4840 1101 4893 ?
1125 4836 1304 4905 Quid?
1334 4834 1583 4902 Quoniam
1594 4832 1705 4903 quis
1729 4831 1783 4885 in
1794 4830 2010 4885 nubibus
2027 4845 2188 4900 aqua.

612 4936 747 4990 bitur
802 4931 1056 4987 Domino?
1104 4928 1228 4983 Inde
1276 4925 1448 4981 securi
1501 4922 1892 4993 praedicatores,
1939 4920 2186 4990 quoniam

616 5041 772 5081 nemo
798 5024 851 5079 in
875 5022 1103 5077 nubibus
1133 5017 1424 5088 :equabitur
1469 5015 1711 5069 Domino.
1744 5012 1929 5082 Magna
1955 5012 2070 5067 laus
2093 5027 2189 5064 vo-

504 5175 515 5190 ,
613 5119 695 5175 his
749 5116 977 5174 videtur,
1023 5112 1230 5177 fratres,
1286 5122 1390 5163 non
1415 5106 1612 5175 acquari
1649 5103 1816 5159 nubes
1841 5102 2100 5157 Creatori.
2131 5099 2188 5155 Si

594 5208 938 5278 intelligatur
965 5204 1084 5258 sine
1132 5198 1384 5271 mysterio
1423 5196 1488 5250 ad
1533 5197 1787 5259 litteram,
1840 5209 1945 5248 non
1995 5208 2187 5262 niagna

615 5302 733 5356 laus
785 5306 889 5365 est,
938 5292 1166 5350 Domino
1204 5305 1309 5345 non
1356 5285 1555 5358 aequari
1605 5285 1790 5340 nubes.
1835 5282 1971 5350 Quid
2003 5281 2188 5336 enim?

616 5392 784 5447 stella:
799 5405 916 5460 qua:
941 5394 1064 5442 sunt
1087 5397 1244 5454 supra
1266 5379 1435 5435 nubes
1454 5384 1729 5447 aequantur
1758 5375 1979 5432 Domino
2004 5374 2028 5428 ?
2051 5372 2189 5441 Quid

617 5480 803 5535 enim?
831 5479 933 5540 sol,
966 5477 1108 5542 luna,
1153 5472 1360 5545 Angeli,
1396 5468 1539 5534 cmli,
1591 5467 1676 5522 vel
1708 5462 2002 5536 comparari
2035 5473 2187 5533 pote-

619 5582 743 5625 runt
770 5569 1035 5626 Domino?
1061 5565 1196 5636 Quid
1216 5574 1299 5621 est
1322 5559 1463 5633 quod
1492 5574 1587 5630 pro
1612 5572 1802 5629 magno
1827 5557 1920 5623 ait,
1941 5554 2190 5624 Quoniam

619 5658 730 5729 quis
748 5661 812 5713 in
838 5660 1050 5713 nubibus
1098 5656 1371 5726 cequabitur
1397 5650 1614 5706 Domino
1643 5649 1669 5703 ?
1697 5647 2055 5719 lntelligimus,
2084 5642 2188 5698 fra-

621 5761 752 5818 tres,
777 5748 943 5805 nubes
970 5748 1099 5803 istas
1126 5749 1262 5803 sicut
1306 5744 1490 5809 cmlos,
1517 5740 1884 5813 praedicatores
1910 5752 2026 5794 esse
2050 5735 2189 5793 veri-

1811 346 1868 402 S.
1905 341 2267 400 AUGUSTINI
2310 340 2607 401 EPISCOPI

3704 350 3853 407 1124

2271 458 2429 521 tatis;
2479 457 2768 527 PrOphetas
2799 497 2814 521 ,
2870 456 3178 528 Apostolos,
3228 458 3628 517 annuntiatorcs
3691 461 3853 516 verbi

2268 549 2385 605 Dei.
2407 549 2542 606 Nam
2565 551 2664 605 ista
2689 551 2862 607 omnia
2884 567 3076 621 genera
3097 551 3502 621 praedicatorum
3524 551 3692 608 nubes
3722 567 3856 610 esse

2266 640 2455 707 dictas,
2485 656 2550 696 ex
2577 642 2665 697 illa
2689 642 2961 712 prophetia
3002 643 3363 714 intelligimus,
3386 643 3474 700 ubi
3505 644 3647 700 Deus
3673 644 3855 701 iratus

2269 731 2434 785 vincte
2459 745 2569 786 suze
2604 731 2755 797 dixit,
2787 731 3044 787 Mandabo
3066 733 3276 789 nubibus
3304 733 3426 788 meis
3455 751 3519 788 ne
3548 734 3725 804 pluant
3754 753 3858 790 su-

2270 839 2358 892 per
2374 841 2485 879 eam
2522 824 2942 894 imbrem:quam
2969 824 3179 879 vineam
3220 824 3451 893 explicat
3491 834 3545 881 et
3596 825 3855 897 designat

2269 915 2621 985 apertissime,
2651 914 2854 979 dicens,
2917 915 3072 970 Vinea
3125 914 3327 970 Domini
3364 914 3611 982 Sabaoth,
3659 919 3854 973 donius

2270 1006 2438 1061 Israel
2461 1017 2531 1061 cst
2555 1006 2605 1078 (1
2610 1008 2703 1060 sai.
2731 1023 2784 1074 v,
2804 1006 2859 1073 6,
2877 1007 2952 1078 7).
2974 1005 3052 1061 Nc
3072 1016 3124 1061 tu
3150 1006 3305 1062 aliter
3326 1008 3589 1079 intelligas
3606 1008 3850 1076 vineam,

2271 1112 2322 1155 et
2348 1101 2547 1157 relictis
2572 1100 2874 1155 hominibus
2907 1102 2923 1133 ί
2950 1100 3254 1171 signiﬁcatis
3303 1110 3500 1156 terram
3545 1103 3808 1159 scruteris
3836 1122 3851 1157 :

2284 1195 2458 1261 Vinea,
2477 1196 2675 1266 inquit,
2708 1194 2910 1248 Domini
2930 1194 3185 1262 Sabaoth,
3207 1194 3387 1248 domus
3406 1194 3572 1251 Israel
3610 1206 3703 1250 est.
3726 1195 3855 1250 Non
3908 1238 3921 1256 ,

2273 1275 2526 1355 intelligat
2552 1284 2714 1351 aliud,
2732 1299 2790 1339 se
2818 1283 3073 1354 intelligat
3096 1283 3286 1339 domus
3311 1284 3603 1341 lsraelesse
3633 1285 3854 1340 vineam

2273 1392 2481 1442 meam;
2513 1391 2572 1431 se
2596 1376 2848 1445 intelligat
2869 1374 2999 1429 mihi
3023 1389 3126 1429 non
3151 1373 3364 1429 dedisse
3391 1390 3567 1440 uvam,
3600 1375 3695 1431 sed
3724 1375 3855 1444 spi-

2273 1483 2402 1532 nas;
2430 1466 2767 1536 seintelligat
2812 1465 3068 1535 ingratam
3095 1464 3360 1520 exstitisse
3377 1465 3663 1536 plantatori
3685 1473 3859 1536 atque

2274 1559 2485 1625 cultori,
2518 1558 2772 1629 ingratam
2821 1557 3089 1613 exstitisse
3133 1556 3413 1627 irrigatori.
3460 1556 3601 1626 Ergo
3617 1555 3663 1611 si
3703 1556 3860 1610 vinea

2274 1648 2481 1704 Domini
2505 1646 2752 1706 Sabaoth.
2772 1647 2950 1701 domus
2992 1645 3159 1701 Israel
3182 1656 3275 1711 est,
3306 1644 3430 1723 quid
3470 1645 3605 1703 dixit
3632 1647 3802 1704 iratus
3828 1648 3859 1702 ἲ

2275 1740 2531 1797 Handabo
2572 1740 2784 1795 nubibus
2810 1740 2929 1797 meis
2972 1757 3035 1793 ne
3054 1740 3231 1809 pluunt
3270 1756 3423 1806 super
3470 1756 3581 1797 eam
3616 1740 3857 1797 imbrem.

2278 1836 2342 1891 Et
2370 1849 2551 1890 revera
2576 1833 2646 1889 ita
2672 1832 2793 1891 fecit
2823 1832 3008 1888 :missi
3049 1832 3432 1903 suutApostoli
3478 1841 3861 1904 tauquamnu-

2278 1926 2392 1993 bes,
2423 1936 2481 1980 ut
2508 1926 2750 1995 pluerent
2769 1923 2969 1980 Judrcis
2990 1939 3005 1989 ;
3027 1923 3167 1978 etilli
3201 1924 3418 1979 verbum
3450 1924 3542 1979 Dei
3579 1924 3861 1995 repellen-

2281 2028 2361 2075 tes
2384 2018 2505 2088 quia
2534 2033 2630 2088 pro
2660 2032 2759 2072 uva
2805 2018 2984 2088 spinas
3010 2015 3291 2081 dederunt,
3319 2015 3563 2071 dixerunt
3587 2016 3859 2087 Apostoli,

2277 2110 2359 2164 Ad
2381 2126 2468 2165 vos
2495 2110 2634 2165 missi
2678 2124 2916 2174 eramus;
2944 2108 3032 2164 sed
3065 2108 3184 2180 quia
3219 2107 3473 2179 repulistis
3505 2108 3707 2164 verbum
3732 2107 3858 2175 Dei,

2279 2202 2409 2256 imus
2424 2200 2491 2255 ad
2519 2200 2700 2257 Gentes
2726 2201 2745 2271 (
2775 2201 2885 2255 Act.
2919 2216 3039 2266 xm,
3066 2200 3136 2257 ιθ
3161 2198 3202 2273 ).
3226 2200 3303 2256 Ex
3325 2200 3418 2255 illo
3438 2209 3718 2271 coeperunt
3746 2216 3861 2256 uu-

2280 2292 2377 2351 bes
2398 2307 2502 2347 non
2548 2291 2731 2362 pluere
2758 2291 2989 2361 pluviam
3040 2305 3201 2361 super
3232 2290 3435 2346 vineam
3464 2291 3629 2347 illam.
3669 2291 3729 2347 Si
3758 2291 3865 2363 igi-

2280 2391 2366 2439 tur
2381 2382 2550 2438 nubes
2576 2390 2701 2437 sunt
2726 2381 3098 2452 pmdimtores
3128 2381 3384 2449 veritatis,
3410 2396 3712 2452 quaeramus
3748 2382 3866 2452 pri-

2282 2491 2372 2531 mo
2390 2491 2555 2553 quare
2573 2475 2680 2531 sint
2697 2474 2888 2532 nubes.
2905 2474 3066 2531 lidem
3086 2474 3283 2546 quippe
3304 2473 3443 2537 coeli.
3464 2472 3624 2531 iidem
3643 2473 3818 2538 nubes
3843 2490 3861 2528 :

2281 2569 2403 2624 coeli
2431 2578 2645 2638 propter
2664 2566 2921 2638 fulgorem
2947 2567 3202 2633 veritatis,
3219 2567 3384 2625 nubes
3409 2574 3626 2639 propter
3644 2566 3865 2624 occulta

2259 2660 2459 2717 carnis
2490 2678 2504 2715 :
2538 2660 2707 2717 nubes
2757 2659 2899 2715 enim
2924 2674 3112 2716 omnes
3139 2659 3410 2717 nebulosa:
3448 2668 3595 2727 sunt,
3639 2670 3866 2731 propter

2285 2753 2657 2810 mortalitatem
2686 2769 2703 2820 ;
2749 2761 2804 2808 et
2829 2754 3064 2816 veniunt.
3089 2761 3145 2809 et
3166 2760 3461 2809 transeunt.
3491 2752 3715 2823 Propter
3739 2754 3864 2824 ipsa

2283 2848 2488 2905 occulta
2504 2846 2700 2914 carnis,
2732 2845 2896 2911 idest,
2918 2846 3123 2901 occulta
3142 2844 3387 2911 nubium,
3416 2845 3491 2901 ait
3518 2846 3806 2917 Apostolus
3830 2854 3864 2903 ‘:

2285 2939 2463 2996 Nolite
2481 2950 2596 2994 ante
2645 2948 2839 3010 tempus
2869 2937 3140 3008 quidquam
3173 2936 3430 3009 judicare,
3483 2937 3638 2992 donec
3689 2939 3881 2994 ueniat

2283 3030 2554 3096 Dominus,
2600 3038 2648 3085 et
2684 3029 2931 3085 illuminet
2958 3023 3264 3084 ~abscondita
3313 3027 3665 3104 tenebrarum(
3693 3029 3863 3085 lCor.

2283 3118 2643 3195 Iv,5).Nunc
2663 3134 2792 3191 ergo
2816 3118 2941 3190 quid
2983 3120 3226 3191 loquatur
3275 3119 3456 3189 honlo,
3499 3121 3672 3187 vides;
3727 3121 3866 3192 ψιίά

2281 3223 2454 3285 gestet
2477 3212 2529 3268 in
2549 3211 2730 3277 corde,
2750 3226 2858 3267 non
2884 3209 3032 3267 vides
3064 3228 3077 3264 :
3104 3210 3245 3282 quod
3264 3212 3578 3281 exprimitur
3601 3211 3670 3267 de
3690 3212 3859 3278 nube,

2285 3304 2435 3359 vides
2471 3322 2487 3369 ;
2516 3302 2656 3374 quod
2677 3312 2916 3359 servatur
2938 3303 2990 3358 in
3017 3303 3177 3370 nube.
3209 3317 3313 3359 non
3343 3303 3510 3360 vides.
3536 3304 3865 3374 Cujusenim

2284 3394 2423 3452 oculi
2449 3394 2641 3451 nubem
2666 3393 2989 3465 penetrant?
3016 3393 3158 3464 Ergo
3208 3394 3376 3450 nubes
3400 3395 3451 3450 in
3477 3409 3638 3450 carne
3658 3396 3866 3465 praedi-

2274 3494 2492 3542 catores
2529 3485 2787 3541 veritatis.
2812 3472 2983 3541 ‘Venit
3020 3493 3076 3540 et
3121 3486 3234 3555 ipse
3272 3487 3506 3541 omnium
3536 3486 3760 3542 Creator
3802 3487 3862 3543 in

2284 3593 2464 3634 carne.
2491 3576 2596 3634 Sed
2635 3577 2745 3644 quis
2785 3577 2838 3631 in
2865 3576 3077 3637 nubibus
3123 3577 3400 3649 wquabilur
3444 3576 3663 3631 Domino
3683 3577 3866 3644 ?.Quis

2285 3685 2412 3741 ergo
2441 3671 2495 3724 in
2521 3667 2732 3724 nubibus
2766 3668 3045 3739 regnabitur
3071 3665 3332 3722 Domino?
3353 3678 3400 3721 et
3424 3669 3535 3738 quis
3558 3668 3737 3723 similis
3763 3671 3867 3723 erit
3966 3735 3971 3739 ἡ

2284 3761 2503 3815 Domino
2530 3760 2583 3813 in
2598 3760 2717 3827 ﬁliis
2741 3757 2836 3814 Dei
2857 3757 2883 3811 .9
2918 3758 3055 3829 Ergo
3094 3772 3249 3813 nemo
3277 3758 3330 3813 in
3376 3756 3498 3813 ﬁliis
3528 3758 3623 3814 Dei
3666 3759 3865 3814 similis

2286 3852 2389 3908 erit
2408 3850 2544 3906 Filio
2571 3849 2682 3905 Dei.
2714 3849 2782 3903 Et
2806 3849 2918 3919 ipse
2946 3847 3120 3904 dictus
3164 3856 3247 3903 est
3292 3847 3460 3903 Filius
3513 3848 3627 3916 Dei,
3674 3857 3729 3904 et
3757 3866 3865 3905 nos

2285 3942 2410 3999 dicti
2433 3955 2616 3996 sumus
2654 3939 2745 3994 lilii
2795 3938 2888 3995 Dei
2917 3953 2934 4004 ;
2961 3937 3054 3993 sed
3085 3939 3195 4009 quis
3222 3939 3400 3993 similis
3435 3940 3528 3994 erit
3546 3937 3770 3995 Domino
3799 3941 3861 3995 in

2287 4035 2408 4104 ﬁliis
2436 4033 2577 4088 Dei?
2602 4032 2693 4089 llle
2713 4032 2919 4100 unicus,
2950 4046 3048 4088 nos
3096 4031 3245 4086 multi
3273 4048 3289 4097 ;
3320 4032 3412 4088 ille
3458 4048 3615 4101 unus,
3666 4048 3767 4087 nos
3796 4033 3856 4089 in

2287 4126 2380 4180 illo
2400 4141 2565 4181 unum
2595 4141 2610 4190 ;
2638 4125 2729 4181 ille
2755 4133 2928 4189 natus,
2973 4139 3071 4179 nos
3110 4124 3345 4194 adoptati
3379 4124 3513 4189 ;.il|e
3545 4124 3611 4179 ab
3652 4133 3866 4181 aeterno

2290 4217 2455 4273 Filius
2480 4218 2690 4287 genitus
2721 4233 2815 4285 per
2841 4228 3102 4281 naturam,
3130 4231 3229 4271 nos
3258 4232 3288 4271 a
3333 4226 3576 4285 tempore
3613 4215 3733 4271 lacti
3762 4233 3868 4287 per

2287 4308 2509 4380 gratiam
2533 4323 2549 4372 ;
2575 4307 2661 4363 ille
2685 4307 2799 4362 sine
2823 4308 2930 4361 ullo
2952 4318 3187 4377 peccato,
3220 4322 3317 4360 nos
3354 4321 3448 4376 per
3468 4307 3616 4362 illum
3645 4306 3865 4363 liberati

2288 4417 2319 4458 a
2348 4409 2583 4472 peccato.
2618 4399 2743 4466 Quis
2770 4414 2897 4471 ergo
2924 4401 2978 4454 in
3017 4399 3227 4454 nubibus
3274 4399 3551 4465 aequabitur
3584 4398 3805 4454 Domino
3837 4402 3869 4456 Ρ

2287 4503 2376 4548 aut
2390 4493 2500 4564 quis
2517 4491 2695 4546 similis
2711 4492 2804 4545 erit
2823 4489 3041 4546 Domino
3061 4491 3115 4544 in
3128 4490 3247 4559 [iliis
3268 4487 3365 4542 Dei
3386 4488 3412 4542 ?
3440 4488 3676 4544 Dicimur
3690 4488 3868 4546 nubes

2291 4591 2508 4653 propter
2531 4596 2767 4646 carnem,
2794 4590 2849 4635 et
2870 4595 3053 4635 sumus
3081 4578 3460 4649 praedicatores
3485 4578 3720 4635 veritatis
3736 4594 3869 4649 pro-

2292 4684 2409 4745 pter
2434 4674 2655 4729 imbrem
2675 4672 2890 4727 nuhium
2923 4687 2938 4735 ;
2970 4670 3064 4725 sed
3112 4684 3237 4725 caro
3293 4680 3472 4725 nostra
3512 4671 3667 4726 aliter
3690 4671 3865 4739 venit,

2290 4781 2416 4822 caro
2441 4766 2580 4821 illius
2605 4765 2775 4818 aliter.
2826 4763 3058 4817 Dicimur
3082 4769 3140 4817 et
3169 4760 3259 4815 ﬁlii
3290 4761 3401 4826 Dei,
3431 4760 3523 4815 sed
3567 4760 3656 4815 ille
3702 4761 3869 4817 aliter

2290 4856 2457 4912 Filius
2503 4855 2615 4929 Dei.
2669 4853 2813 4909 Illius
2862 4852 3028 4907 nubes
3071 4866 3138 4906 ex
3187 4852 3408 4921 virgine,
3453 4850 3542 4905 ille
3595 4849 3765 4906 Filius
3796 4867 3869 4907 ex

2291 4951 2606 5011 aeternitate,
2626 4946 2767 4999 Patri
2792 4942 3027 5014 aequalis.
3054 4943 3181 5007 Quis
3202 4958 3328 5014 ergo
3370 4945 3423 4997 in
3449 4942 3659 4997 nubibus
3684 4958 3869 5012 aequa-

2292 5040 2422 5095 bitur
2463 5039 2681 5093 Domino
2710 5038 2736 5092 2
2760 5047 2846 5092 aut
2886 5036 2998 5107 quis
3033 5035 3212 5090 similis
3262 5037 3353 5090 erit
3386 5034 3608 5090 Domino
3633 5036 3684 5089 in
3735 5037 3868 5104 [iliis
3916 5052 3925 5059 ‘

2294 5129 2428 5186 Dei?
2487 5130 2636 5185 Dicat
2680 5132 2793 5197 ipse
2838 5127 3090 5181 Dominus
3136 5137 3313 5180 utrum
3343 5127 3571 5183 similem
3604 5126 3862 5182 inveniat.

2296 5221 2455 5288 Quem
2481 5235 2558 5273 me
2600 5218 2769 5272 dicunt
2809 5218 3033 5272 homines
3071 5233 3175 5273 esse
3219 5218 3381 5287 ﬁlium
3423 5217 3676 5272 hominis?
3722 5216 3873 5272 Ecce

2293 5313 2433 5366 enim
2457 5310 2580 5380 quia
2608 5308 2810 5376 videor,
2833 5310 2953 5381 quia
2973 5310 3290 5380 eonspicior,
3316 5311 3436 5381 quia
3464 5311 3601 5365 inter
3628 5324 3721 5363 vos
3749 5323 3873 5374 am-

2293 5402 2420 5457 bulo
2438 5442 2454 5464 ,
2484 5410 2539 5455 et
2565 5399 2787 5455 fortasse
2815 5399 3095 5471 praesentia
3121 5401 3277 5467 vilui;
3322 5400 3481 5456 dicite
3505 5416 3648 5469 quem
3677 5415 3756 5453 me
3782 5399 3871 5453 di-

2295 5502 2413 5547 cunt
2455 5492 2680 5545 homines
2707 5507 2812 5545 esse
2851 5493 3014 5562 ﬁlium
3040 5493 3257 5549 nonanis
3277 5494 3303 5547 .9
3346 5491 3503 5549 Certe
3531 5494 3650 5564 quia
3692 5492 3867 5549 ﬁlium

2296 5584 2526 5641 hominis
2568 5583 2789 5652 vident,
2839 5585 3032 5643 nubem
3065 5585 3248 5641 vident
3276 5603 3292 5637 :
3321 5584 3530 5653 dicant,
3584 5586 3664 5645 vel
3702 5584 3874 5643 dicite

2359 5743 2376 5774 ί
2409 5742 2480 5791 sic
2500 5743 2710 5805 potiores
2730 5747 2836 5793 uss.
2862 5749 2918 5792 At
2939 5741 3070 5804 Μὰ,
3094 5740 3325 5793 omnibus.
