4024 6210
177 345 355 403 ’1135

193 485 363 537 quem
401 483 480 522 me
517 467 696 521 dicunt
723 467 952 522 homines
979 483 1101 522 esse.
1146 467 1214 522 Et
1242 468 1630 537 responderunt
1661 466 1800 520 dicta

195 562 524 616 hominum:
555 561 659 615 Alii
679 561 1167 628 dicunt'Jeremiam,
1187 561 1279 615 alii
1300 559 1497 637 'Etiam,
1525 560 1614 614 alii
1633 559 1798 612 Joan-

196 671 334 710 nem
358 653 657 724 Baptistam,
681 663 770 706 aut
795 670 952 706 unum
971 669 1032 706 ex
1052 652 1343 722 Prop/telis.
1363 651 1656 706 Nominatus
1675 657 1799 704 sunt

197 748 406 802 multa:
432 746 600 801 nubes
627 755 681 800 et
711 745 800 799 ﬁlii
829 746 944 800 Dei.
991 746 1198 799 Etenim
1229 745 1348 815 quia
1377 744 1505 813 justi
1529 753 1582 799 et
1608 743 1795 810 sancti,

199 842 404 910 utique
445 849 499 894 et
540 838 639 908 ipsi
687 837 778 892 ﬁlii
810 838 904 892 Dei
939 837 1265 901 :Jeremias,
1322 837 1498 902 Elias,
1542 835 1796 900 Joannes,

207 931 317 986 filii
363 932 457 986 Dei
483 948 497 995 ;
527 939 584 987 et
609 930 782 985 nubes
802 971 818 994 ,
861 929 982 999 quia
1012 928 1388 999 praedicatores
1412 929 1526 983 Dei.
1575 927 1799 982 Dixistis

201 1036 349 1091 quas
375 1023 546 1076 nubes
567 1036 653 1076 me
678 1019 922 1074 homines
945 1034 1064 1073 esse
1084 1029 1288 1089 putent,
1318 1027 1374 1074 et
1399 1020 1450 1073 in
1471 1018 1660 1089 quibus
1677 1017 1798 1071 ﬁliis

207 1113 307 1167 Dei
359 1128 448 1167 me
480 1112 726 1165 homines
766 1118 1088 1165 numerent:
1122 1110 1282 1165 dicite
1308 1119 1364 1164 et
1401 1125 1499 1166 vos
1537 1127 1681 1179 quem
1719 1126 1800 1177 me

206 1205 380 1258 dicitis
401 1219 530 1258 esse.
563 1202 918 1271 Respondens
938 1201 1130 1256 Petrus
1151 1216 1246 1270 pro
1268 1200 1532 1263 omnibus,
1562 1215 1659 1269 pro
1690 1201 1798 1254 uni-

209 1306 324 1350 tate
352 1311 492 1350 unus
523 1313 538 1349 :
574 1313 592 1346 ι
629 1294 710 1349 Tu
746 1310 840 1358 es,
873 1313 892 1347 ι
929 1295 1134 1364 inquit,
1172 1313 1191 1346 ι
1225 1293 1468 1348 Christus
1495 1294 1661 1348 Filius
1702 1293 1793 1348 Dei

210 1389 318 1442 vivi
370 1387 585 1457 (Hatth.
614 1403 722 1449 xw,
751 1385 964 1457 15-16).
1005 1385 1262 1454 Quoniam
1305 1386 1424 1456 quis
1470 1386 1522 1439 in
1567 1384 1796 1440 nubibus

213 1481 516 1551 aequabitur
548 1479 811 1534 Domino?
839 1489 931 1533 aut
960 1479 1078 1549 quis
1103 1478 1293 1533 similis
1329 1480 1432 1533 erit
1457 1478 1680 1532 Domino
1709 1478 1793 1531 in-

215 1582 302 1629 ter
325 1571 471 1627 ﬁlios
501 1571 636 1626 Dei?
684 1571 761 1625 Tu
791 1586 851 1626 es
875 1569 1117 1625 Christus
1147 1569 1311 1624 Filius
1337 1569 1430 1624 Dei
1458 1569 1595 1634 vivi;
1633 1588 1652 1622 ι
1688 1584 1794 1623 non

215 1662 485 1732 qumnodo
527 1663 619 1716 ﬁlii
649 1663 742 1717 Dei
781 1662 872 1731 qui
913 1663 1004 1717 tibi
1033 1677 1138 1716 non
1172 1671 1449 1732 aequantur
1478 1680 1492 1717 :
1519 1663 1708 1717 venisti
1742 1663 1793 1717 in

218 1769 418 1816 carne;
473 1753 573 1808 sed
615 1754 632 1786 ¹
680 1768 785 1808 non
833 1752 1102 1824 quomodo
1155 1753 1322 1809 nubes
1370 1768 1487 1824 qua:
1540 1754 1632 1808 tibi
1689 1769 1792 1808 non

221 1855 516 1914 aequantur.

285 1936 339 1991 8.
362 1934 520 2008 [τετε.
549 1935 628 2008 8.]
655 1936 784 2003 Quis
816 1936 957 1992 enim
989 1947 1044 1991 tu
1063 1977 1076 2001 ,
1105 1936 1189 1992 cui
1226 1937 1606 2008 respondetur,
1633 1937 1713 1992 Tu
1741 1955 1794 1992 es

217 2027 440 2083 Christus
461 2027 635 2084 Filius
659 2028 754 2083 Dei
777 2030 908 2094 vivi;
935 2045 1090 2100 quem
1109 2030 1528 2100 putaveruntalii
1553 2031 1793 2085 homines

218 2134 318 2172 non
349 2121 551 2185 sancti,
580 2136 686 2174 non
707 2120 860 2191 justi,
893 2135 1052 2175 unum
1077 2136 1141 2176 ex
1167 2121 1465 2191 PrOphetis,
1491 2130 1583 2176 aut
1601 2122 1788 2187 Eliam,

214 2220 297 2263 aut
323 2209 619 2266 Jeremiam
644 2252 661 2276 ,
710 2219 803 2265 aut
846 2209 1103 2266 Joannem
1147 2211 1435 2281 Baptistam
1467 2229 1481 2267 :
1511 2212 1629 2283 quis
1665 2227 1792 2282 ergo

215 2300 302 2354 tu?
331 2300 472 2355 Audi
501 2301 644 2371 quod
666 2301 904 2372 sequitur
930 2318 943 2356 :
977 2319 997 2354 ι
1026 2302 1166 2357 Deus
1189 2301 1561 2372 gloriﬁcandus
1587 2303 1638 2357 in
1671 2318 1790 2358 con-

211 2391 632 2462 siliojustorum.
651 2392 780 2460 Quis
801 2411 820 2445 ι
842 2407 969 2463 ergo
994 2411 1013 2446 ι
1037 2393 1088 2448 in
1108 2393 1334 2448 nubibus
1357 2393 1654 2464 aequabitur
1680 2395 1788 2450 Do-

211 2483 398 2558 mino?
444 2492 541 2538 aut
584 2484 704 2554 quis
751 2483 938 2538 similis
979 2484 1082 2539 erit
1131 2484 1358 2538 Domino
1403 2485 1453 2538 in
1500 2483 1620 2539 ﬁliis
1669 2484 1785 2551 Dei,

209 2573 423 2642 quando
471 2573 566 2629 ille
610 2573 749 2630 Deus
778 2592 798 2626 ι
828 2580 910 2627 est
938 2591 958 2624 ι
986 2572 1355 2644 gloriﬁcandus
1373 2573 1422 2628 in
1462 2573 1789 2644 consilioju-

209 2674 413 2718 storum
431 2664 484 2717 ἓ»
516 2664 773 2730 Quoniam
797 2679 901 2719 non
933 2672 1149 2732 possunt
1165 2664 1480 2734 aequalesilli
1493 2681 1645 2730 esse;
1669 2681 1812 2721 con-~

209 2753 382 2806 silium
424 2753 664 2820 ipsorum
715 2753 786 2807 sit
833 2752 1053 2810 credere
1084 2754 1134 2808 in
1163 2753 1309 2808 illum
1345 2755 1637 2824 :quoniam
1683 2771 1786 2811 non

212 2852 432 2910 possunt
481 2843 716 2912 mquales
750 2842 824 2896 illi
853 2857 974 2898 csse
1021 2843 1190 2900 nubes
1231 2853 1286 2899 et
1329 2845 1418 2899 ﬁlii
1450 2845 1572 2910 Dei;
1624 2855 1790 2901 restat

209 2932 494 2988 consilium
527 2931 772 2987 humana:
820 2932 1123 3003 fragilitati,
1172 2942 1230 2988 ut
1266 2934 1366 3004 qui.
1397 2934 1690 3006 gloriatur,
1733 2935 1784 2992 in

209 3023 433 3078 Domino
462 3023 722 3092 glorietur
749 3022 791 3096 (I
817 3022 935 3080 Cor.
966 3039 1003 3089 ι,
1036 3025 1151 3095 51).
1195 3025 1328 3080 Deus
1353 3027 1714 3098 gloriﬁcandus
1732 3029 1786 3083 in

211 3117 416 3169 consilio
452 3117 715 3184 justorum
748 3132 766 3170 :
800 3133 1011 3186 magnus
1047 3126 1093 3173 et
1129 3118 1364 3173 terribilis
1402 3121 1456 3174 in
1499 3137 1669 3176 omnes
1701 3123 1788 3192 qui

208 3209 490 3263 incircuitu
506 3210 615 3280 ejus
630 3219 767 3264 sunt.
796 3208 1000 3280 Ubique
1027 3210 1186 3266 Deus.
1214 3211 1312 3278 Qui
1333 3227 1459 3283 ergo
1481 3212 1531 3267 in
1561 3213 1784 3269 circuitu

209 3305 324 3368 ejus
349 3308 513 3366 sunt,
542 3301 634 3370 qui
664 3300 858 3370 ubique
896 3301 1016 3356 est?
1062 3301 1115 3356 Si
1144 3302 1285 3356 enim
1313 3302 1472 3358 habet
1497 3304 1705 3374 aliquos
1732 3305 1784 3360 in

211 3393 432 3446 circuitu
453 3432 471 3456 ,
504 3392 654 3462 quasi
686 3392 920 3462 undique
947 3392 1126 3448 ﬁnitus
1154 3393 1482 3465 intelligitur.
1535 3395 1703 3452 Porro
1740 3397 1785 3452 si

211 3499 390 3538 verum
418 3483 623 3538 dictum
649 3495 733 3538 est
761 3483 870 3538 Deo
903 3491 956 3538 et
983 3483 1049 3538 de
1079 3484 1187 3539 Deo
1205 3525 1222 3551 ,
1270 3483 1637 3555 Magnitudinis
1677 3489 1787 3558 ejus

210 3591 308 3629 non
327 3585 400 3628 est
428 3575 550 3643 finis
580 3572 746 3645 (Psal.
774 3589 952 3639 cxuv,
985 3576 1070 3644 '5);
1097 3575 1184 3644 qui
1211 3587 1518 3642 remanent,
1549 3577 1638 3647 qui
1664 3587 1787 3633 sunt

213 3667 262 3720 in
284 3667 512 3721 circuitu
541 3666 658 3736 ejus
678 3708 695 3732 ,
743 3666 844 3721 nisi
874 3666 995 3736 quia
1023 3667 1113 3724 ille
1139 3667 1228 3737 qui
1260 3667 1452 3738 ubique
1477 3677 1591 3733 est,
1622 3669 1787 3724 voluit

213 3771 303 3828 per
325 3772 548 3813 carnem
577 3758 630 3811 in
662 3771 769 3812 uno
797 3757 914 3813 loco
942 3757 1125 3825 nasci,
1156 3759 1209 3813 in
1237 3774 1340 3813 una
1381 3769 1539 3828 gente
1563 3775 1785 3817 convcr-

212 3853 338 3915 sari,
365 3852 418 3906 in
451 3865 561 3906 uno
591 3850 709 3906 Ioco
733 3850 988 3922 cruciﬁgi;
1021 3867 1090 3907 ex
1115 3867 1219 3906 uno
1243 3852 1363 3907 loco
1389 3868 1688 3922 resurgere,
1718 3869 1785 3908 ex

212 3957 316 3996 uno
341 3942 468 3996 loco
503 3941 556 3996 in
591 3941 784 3997 coelum
807 3943 1138 4000 ascendere?
1167 3943 1267 3999 Ubi
1296 3944 1395 3999 hoc
1423 3943 1576 4010 fecit,
1603 3946 1654 3999 in
1677 3947 1784 4000 cir-

209 4034 352 4088 cuitu
381 4031 502 4102 ejus
529 4023 726 4088 Gentes
742 4041 881 4087 suut.
912 4031 964 4089 Si
984 4033 1053 4088 ibi
1080 4033 1484 4090 retnaneretubi
1513 4033 1609 4088 ista
1639 4034 1781 4100 fecit,

212 4140 308 4178 non
341 4132 490 4180 esset
517 4140 732 4197 magnus
752 4134 801 4179 et
827 4124 1059 4180 terribilis
1082 4125 1136 4178 in
1160 4141 1330 4179 onmes
1358 4126 1445 4194 qui
1481 4127 1534 4180 in
1574 4127 1785 4181 circuitu

209 4221 312 4288 ejus
340 4227 507 4273 sunt:
533 4218 655 4288 quia
693 4233 822 4272 vero
862 4218 936 4273 ibi
978 4219 1056 4274 sic
1082 4217 1415 4288 praedicavit,
1463 4228 1518 4273 ut
1557 4219 1679 4274 inde
1702 4221 1781 4275 sui

211 4310 446 4364 nominis
472 4310 702 4364 mitteret
726 4310 1212 4387 pr:edicatores_per
1226 4325 1413 4366 omnes
1442 4309 1640 4367 Gentes
1670 4321 1781 4366 toto

207 4403 338 4458 orbe
359 4411 654 4467 terrarum;
686 4400 926 4456 faciendo
944 4401 1194 4456 miracula
1215 4417 1308 4471 per
1328 4416 1511 4457 servos
1531 4417 1675 4467 suos,
1709 4403 1784 4455 la-

206 4504 323 4548 ctus
353 4501 441 4546 est
475 4508 688 4564 magnus
722 4501 769 4546 et
802 4492 1033 4548 terribilis
1069 4493 1122 4546 in
1167 4483 1336 4546 omnes
1365 4493 1452 4564 qui
1490 4493 1544 4547 in
1572 4494 1793 4547 circuitu

207 4585 315 4652 ejus
345 4591 484 4636 sunt.

273 4673 332 4728 9.
364 4671 517 4745 [rem
541 4671 594 4734 9,
616 4671 732 4746 ‘10.]
762 4673 972 4727 Domine
999 4672 1133 4727 Deus
1159 4674 1394 4727 uirtutum
1412 4716 1428 4737 ,
1471 4675 1583 4745 quis
1606 4675 1784 4729 similis

209 4766 292 4817 tibi
315 4764 342 4817 ?
370 4763 563 4818 Potens
583 4780 637 4817 es
653 4805 667 4827 ,
709 4761 924 4818 Domine
943 4805 956 4828 ,
989 4773 1034 4817 et
1053 4764 1233 4817 veritas
1255 4775 1340 4818 tua
1364 4765 1417 4818 in
1437 4765 1644 4818 circuitu
1675 4775 1780 4818 tuo.

208 4854 391 4924 Magna
423 4856 659 4924 potentia
702 4864 825 4920 tua;
875 4864 926 4910 tu
958 4853 1123 4910 iecisti
1154 4856 1346 4911 coelum
1377 4865 1432 4911 et
1462 4865 1654 4910 terram
1675 4897 1689 4921 ,
1731 4867 1784 4912 ct

206 4946 386 4998 omnia
407 4961 531 5016 qua:
558 4946 609 5000 in
632 4945 712 5000 eis
738 4956 892 5001 sunt:
923 4946 1014 5000 sed
1041 4945 1158 5014 plus
1183 4956 1264 5000 est
1284 4947 1644 5002 misericordia
1673 4958 1778 5012 tua,

208 5050 330 5104 qua:
357 5035 604 5090 exhibuit
627 5036 904 5090 veritatem
926 5045 1066 5090 tuam
1100 5037 1150 5092 in
1173 5037 1394 5091 circuitu
1419 5047 1528 5091 tuo.
1562 5037 1615 5092 Si
1641 5039 1780 5093 enim

209 5127 278 5182 ibi
309 5128 482 5183 solum
515 5127 881 5199 praedicareris
903 5168 920 5194 ,
953 5129 1038 5183 ubi
1080 5129 1257 5193 nasci,
1291 5127 1376 5188 ubi
1405 5129 1510 5198 pati
1537 5171 1552 5194 ,
1585 5129 1669 5184 ubi
1697 5145 1782 5184 re-

207 5233 449 5288 surgere,
482 5217 625 5272 unde
668 5218 954 5274 ascendere
983 5218 1235 5284 voluisti;
1278 5219 1493 5288 impleta
1518 5229 1666 5275 esset
1690 5221 1776 5274 illa

203 5311 404 5365 veritas
443 5309 691 5380 promissi
733 5309 866 5374 Dei,
903 5309 970 5364 ad
1010 5310 1382 5378 conﬁrmandos
1426 5311 1779 5379 promissione:

203 5412 410 5472 patrum
439 5416 458 5454 :
488 5400 582 5456 sed
611 5416 717 5456 non
748 5401 1053 5472 impleretur
1071 5441 1086 5465 ,
1113 5399 1291 5456 Gentes
1324 5411 1488 5455 autem
1509 5418 1659 5471 super
1685 5403 1781 5456 mi-

203 5495 485 5549 sericordia
514 5496 802 5566 glorificare
837 5495 998 5549 Deum
1022 5495 1194 5566 (Rom.
1226 5511 1313 5562 xv,
1343 5495 1376 5551 8
1395 5504 1440 5548 et
1456 5495 1534 5565 9),
1558 5495 1659 5550 nisi
1691 5496 1779 5550 illa

203 5588 402 5641 veritas
418 5587 832 5658 expanderctur,
861 5597 914 5642 et
939 5586 1005 5640 ab
1036 5587 1126 5640 illo
1154 5586 1272 5641 loco
1299 5587 1384 5642 ubi
1406 5601 1661 5656 apparere
1679 5602 1777 5641 vo-

204 5678 369 5743 luisti,
387 5680 449 5733 in
475 5679 702 5735 circuitu
722 5677 1120 5734 dillunderetur.
1139 5677 1217 5732 Tu
1243 5677 1454 5747 quidem
1480 5679 1533 5734 in
1555 5679 1644 5735 illo
1662 5679 1778 5736 loco

268 5794 287 5825 ⁸
317 5791 388 5841 Ita
411 5798 488 5842 Er.
513 5798 634 5842 Ven.
659 5799 712 5841 et
731 5797 840 5842 Lov.
862 5799 1025 5851 Deest,
1049 5790 1154 5852 sed,
1176 5791 1226 5840 in
1248 5797 1296 5840 Β.
1358 5797 1416 5842 Il.

1275 347 1668 405 ENARRATIO
1695 346 1769 402 ΙΝ
1810 344 2130 407 PSALMUM
2170 352 2498 410 LXXXVIII.

1907 463 1976 518 de
1999 467 2140 522 nube
2171 471 2378 538 propria
2426 469 2698 525 intonuisti
2720 513 2734 537 ,
2765 473 2860 528 sed
2887 474 2952 530 ad
2991 477 3268 546 rigandum
3299 483 3353 539 in
3380 486 3482 541 cir-

1908 556 2050 610 cuitu
2077 555 2323 613 Gentium
2369 560 2499 614 alias
2527 562 2693 616 nubes
2727 563 2937 618 misisti.
2990 567 3125 622 Vere
3170 583 3355 640 potens
3384 577 3481 630 im.

1907 648 2060 717 plesti
2094 651 2234 720 quod
2274 652 2456 706 dixisti
2489 694 2503 715 ,
2552 655 2746 708 Amodo
2788 657 3011 712 videbitis
3039 659 3228 716 Filium
3264 667 3484 726 hominis.

1905 741 2178 794 venientem
2202 743 2254 796 in
2280 743 2493 800 nubibus
2521 747 2631 798 ctuti
2655 745 2864 816 (Matth.
2893 765 3035 816 xxvi,
3059 753 3171 824 64).
3209 755 3390 814 Potens
3401 778 3475 824 es,

1903 830 2138 896 Domine,
2171 842 2215 888 et
2236 835 2413 888 veritas
2435 846 2520 889 tua
2541 838 2591 889 in
2613 839 2819 892 circuitu
2851 849 2954 894 tuo.

1977 921 2063 977 10.
2109 923 2213 978 Sed
2239 941 2358 979 cum
2393 928 2552 995 cmpit
2594 930 2788 983 veritas
2819 941 2903 984 tua
2941 933 2992 986 in
3024 934 3248 990 circuitu
3284 942 3477 1007 przrdt-

1903 1016 2050 1081 cari,
2091 1017 2271 1087 utique
2310 1019 2639 1076 fremuerunt
2663 1021 2860 1078 Gentes
2882 1066 2896 1088 ,
2944 1034 2997 1080 et
3027 1029 3201 1096 populi
3233 1032 3470 1088 meditati

1903 1115 2030 1159 sunt
2049 1107 2221 1160 inania
2248 1125 2262 1173 ;
2291 1110 2572 1165 astiterunt
2598 1128 2748 1181 reges
2777 1122 2951 1181 terrae,
2983 1127 3035 1170 et
3064 1119 3322 1188 principes
3351 1138 3474 1176 cen-

1863 1251 1868 1254 _
1903 1206 2162 1250 venerunt
2181 1199 2231 1252 in
2252 1216 2433 1266 unum,
2448 1203 2698 1258 adversus
2713 1205 2990 1260 Dominum
3003 1219 3056 1262 et
3069 1209 3316 1266 adversus
3331 1212 3476 1268 Chri-

1900 1297 2040 1341 stum
2062 1289 2178 1357 ejus
2200 1289 2370 1362 (Psal.
2391 1308 2450 1357 ιι,
2477 1294 2526 1358 l,
2553 1293 2628 1363 2).
2661 1295 2849 1365 Utique
2865 1312 2982 1351 cum
3002 1299 3249 1368 ccepisset
3278 1305 3475 1359 veritas

1902 1386 1991 1432 tua
2020 1380 2292 1447 praedicari
2322 1384 2370 1435 in
2394 1383 2615 1438 circuitu
2649 1394 2755 1449 tuo,
2787 1395 3034 1456 tanquam
3056 1391 3263 1445 venires
3285 1393 3350 1445 ad
3383 1394 3473 1446 du-

1899 1469 2120 1524 cendam
2145 1472 2421 1542 conjugcm
2442 1489 2504 1528 ex
2522 1475 2848 1545 alienigenis,
2866 1479 3095 1532 occurrit
3111 1480 3194 1535 leo
3217 1481 3468 1545 fremens,

1899 1569 1954 1615 et
1979 1561 2262 1618 suffocatus
2281 1573 2362 1619 est
2393 1580 2424 1620 a
2465 1575 2534 1620 te.
2586 1566 2695 1621 lloc
2715 1567 2854 1622 enim
2887 1571 3274 1640 praeﬁguratum
3299 1583 3378 1628 est
3418 1574 3472 1628 in

1897 1651 2121 1708 Samson
2147 1654 2342 1724 (Judic.
2371 1673 2479 1724 xw,
2502 1659 2556 1725 5,
2581 1659 2648 1729 6)
2674 1676 2687 1712 :
2719 1669 2772 1714 et
2795 1661 2898 1716 illis
2922 1662 2938 1693 ¹
2963 1663 3140 1718 verbis
3168 1665 3322 1733 meis,
3341 1645 3472 1723 Isine

1898 1744 2112 1800 nomine
2141 1745 2280 1800 illius
2299 1747 2476 1814 dictis,
2504 1765 2608 1804 non
2639 1751 3023 1820 acclamaretis,
3066 1755 3165 1809 nisi
3205 1772 3468 1826 agnosce-

1897 1835 2063 1901 retis;
2107 1838 2328 1894 audistis
2371 1841 2511 1895 enim
2538 1883 2552 1906 ,
2594 1851 2647 1896 ut
2695 1844 2768 1897 illi
2817 1845 2901 1913 qui
2943 1846 3126 1901 soletis
3165 1850 3396 1921 complui
3436 1867 3468 1906 a

1897 1927 2126 1982 nubibus
2175 1930 2289 1984 Dei.
2334 1931 2472 2003 Ergo
2517 1934 2697 1988 veritas
2740 1944 2826 1988 tua
2857 1936 2910 1989 in
2953 1938 3165 1992 circuitu
3209 1950 3314 1995 tuo.
3361 1941 3468 1998 Sed

1895 2017 2107 2086 quando
2144 2021 2260 2074 sine
2311 2023 2766 2091 persecutionibus
2789 2067 2804 2093 ,
2848 2027 3058 2095 quando
3096 2029 3211 2084 sine
3249 2040 3466 2086 contra-

1895 2104 2235 2174 dictionibus,
2259 2125 2378 2165 cum
2401 2111 2597 2167 dictum
2624 2115 2692 2169 sit
2711 2130 2832 2170 eum
2855 2127 3032 2173 natum
3065 2119 3118 2173 in
3151 2120 3356 2192 signum
3380 2125 3467 2179 cui

1893 2199 2454 2268 contradicetur(Luc.
2481 2219 2538 2270 ιι,
2565 2204 2656 2273 54)
2681 2205 2704 2260 7
2729 2205 2859 2272 Quia
2898 2223 3026 2278 ergo
3055 2209 3144 2264 illa
3183 2227 3334 2279 gens,
3377 2214 3465 2268 ubi

1893 2287 2037 2342 nasci
2065 2329 2079 2350 ,
2112 2289 2201 2343 ubi
2245 2294 2545 2347 conversari
2591 2295 2822 2362 voluiSti,
2873 2303 3123 2368 tanquam
3168 2311 3306 2356 terra
3350 2314 3464 2360 erat

1893 2386 2134 2446 separata
2159 2393 2188 2431 a
2214 2377 2458 2436 ﬂuctibus
2477 2381 2743 2451 Gentium,
2769 2395 2826 2440 ut
2845 2400 3124 2457 appareret
3147 2392 3293 2446 arida
3317 2409 3464 2449 com-

1893 2469 2138 2537 pluenda,
2167 2472 2381 2542 reliquze
2404 2482 2580 2530 autem
2607 2476 2804 2532 Gentes
2841 2494 2988 2534 mare
3014 2493 3164 2536 erant
3191 2483 3241 2537 in
3267 2488 3463 2541 amari-

1895 2561 2077 2616 tudine
2105 2564 2398 2621 sterilitatis
2427 2582 2572 2632 sum;
2610 2557 2732 2639 quid
2760 2571 2955 2626 faciunt
2982 2575 3352 2641 prmdicatores
3386 2580 3459 2633 tui

1889 2663 2199 2722 spargentes
2221 2656 2495 2711 veritatem
2536 2667 2674 2713 luam
2703 2660 2753 2713 in
2795 2661 3016 2717 circuitu
3059 2675 3170 2730 tuo,
3211 2669 3458 2736 quoniam

1891 2741 2121 2801 fremunt
2148 2746 2340 2803 ﬂuctus
2381 2749 2586 2805 maris?
2627 2753 2750 2822 quid
2793 2754 3032 2810 faciunt?
3073 2756 3148 2810 Tu
3185 2759 3462 2816 dominaris

1890 2838 2118 2904 potestati
2151 2840 2324 2894 maris.
2362 2839 2495 2895 Nam
2526 2843 2648 2911 quid
2693 2844 2816 2899 fecit
2857 2862 3004 2902 mare
3031 2849 3328 2915 smviendo,
3359 2852 3462 2908 nisi

1889 2925 2031 2980 diem
2091 2943 2247 2998 quem
2300 2930 2457 2987 hodie
2509 2934 2883 2992 celebramus?
2938 2939 3197 3012 Martyres
3244 2944 3458 3011 occidit,

1888 3016 2091 3072 semina
2121 3020 2390 3089 Sanguinis
2428 3023 2660 3092 sparsit,
2689 3039 2842 3096 seges
2871 3026 3123 3084 Ecclesia:
3164 3032 3458 3100 pullulavit.

1888 3107 2100 3164 Secura:
2143 3116 2538 3182 ergo‘pergaut
2581 3115 2788 3182 nubes;
2845 3117 3142 3176 dill‘undant
3185 3124 3458 3180 veritatem

1890 3210 2032 3256 tuam
2062 3203 2112 3257 in
2139 3205 2363 3260 circuitu
2395 3215 2514 3272 tuo,
2560 3223 2663 3264 non
2705 3210 2925 3266 timeant
2966 3213 3182 3268 rabidos
3220 3216 3412 3272 ﬂuctus
3444 3237 3456 3272 :

1888 3290 1970 3346 Tu
1995 3295 2270 3350 dominaris
2298 3298 2531 3366 potestati
2561 3299 2736 3353 maris.
2764 3299 3004 3355 Movetur
3035 3304 3245 3374 quidem
3289 3323 3458 3372 mare,

1887 3387 2203 3442 contradicit
2228 3404 2394 3455 mare,
2424 3391 2706 3460 perstrepit
2734 3408 2918 3459 mare;
2961 3395 3052 3450 sed
3090 3396 3258 3452 ﬁdelis
3299 3399 3458 3462 Deus,

1887 3477 1976 3547 qui
2022 3493 2126 3532 non
2171 3494 2266 3534 vos
2313 3481 2452 3534 sinat
2501 3483 2691 3537 tentari
2752 3499 2909 3554 supra
2957 3487 3008 3540 id
3055 3489 3194 3557 quod
3241 3495 3461 3560 potestis

1892 3567 1941 3638 (I
1966 3568 2082 3624 Cor.
2106 3586 2155 3634 χ,
2187 3569 2296 3642 i5).
2322 3571 2450 3640 Quia
2486 3589 2614 3642 ergo
2655 3574 2827 3631 ﬁdelis
2855 3585 2937 3632 est
2962 3578 3051 3647 qui
3081 3595 3184 3634 non
3217 3595 3309 3637 vos
3336 3584 3461 3638 sinit

1891 3661 2078 3714 tentari
2107 3676 2263 3729 supra
2291 3662 2340 3716 id
2358 3663 2504 3733 quod
2531 3666 2749 3734 potestis
2773 3665 3000 3722 :Motum
3027 3680 3192 3724 autem
3215 3674 3460 3741 ﬂuctuum

1887 3752 1995 3821 ejus
2025 3762 2078 3805 tu
2106 3753 2329 3824 mitigas.

1959 3845 2044 3898 il.
2075 3842 2222 3914 [νει-ε.
2251 3842 2363 3916 Η.]
2394 3845 2629 3914 Denique
2647 3856 2706 3902 ut
2731 3847 3026 3916 placaretur
3052 3865 3219 3917 mare,
3265 3853 3372 3909 imo
3396 3866 3456 3910 ut

1886 3945 2230 3990 enervaretur
2256 3936 2428 3991 rabies
2457 3939 2636 4003 maris,
2681 3940 2805 4007 quid
2853 3940 2906 3994 in
2937 3941 3053 4011 ipso
3081 3946 3212 4000 mari
3244 3945 3412 4004 fecisti
3433 3951 3459 4004 ?

1889 4023 1932 4078 Τ
1933 4043 1965 4079 u
1990 4025 2262 4079 Itumiliasti
2290 4026 2419 4080 sicut
2448 4028 2762 4082 uulneratum
2791 4032 3088 4100 superbum.
3120 4034 3216 4091 Est
3241 4039 3454 4107 quidam

1886 4117 2142 4187 superbus
2171 4117 2331 4172 draco
2365 4118 2417 4172 in
2454 4120 2615 4181 mari.
2648 4120 2716 4175 de
2739 4137 2844 4191 quo
2868 4123 2970 4176 alia
2991 4123 3258 4196 Scriptura
3287 4128 3414 4184 dicit
3435 4172 3448 4193 ,

1887 4208 2143 4266 Mandabo
2176 4210 2384 4264 draconi
2405 4210 2474 4264 ibi
2502 4220 2556 4264 ut
2576 4213 2799 4266 mordeat
2820 4230 2934 4267 eum
2958 4213 3136 4284 (Amos
3163 4232 3237 4284 ut,
3262 4219 3340 4290 5);
3370 4231 3455 4275 est

1885 4301 2046 4358 draco
2071 4301 2137 4358 de
2163 4317 2267 4372 quo
2293 4302 2503 4370 dicitur,
2536 4303 2702 4358 Draco
2740 4305 2820 4359 hic
2839 4323 2987 4372 quem
3021 4307 3213 4374 ﬁnxiin
3235 4311 3303 4363 ad
3336 4312 3456 4366 illu-

1885 4393 2103 4447 dendum
2128 4395 2173 4448 ei
2201 4393 2369 4464 (Psal.
2403 4409 2510 4458 cut,
2538 4394 2631 4466 26)
2661 4412 2676 4449 :
2705 4398 2855 4465 cujus
2883 4407 3040 4467 caput
3069 4401 3342 4455 contundit
3363 4418 3455 4455 sn-

1886 4497 1980 4552 per
2007 4497 2214 4552 aquam.
2266 4481 2378 4549 Tu,
2416 4484 2613 4554 inquit,
2658 4485 2932 4558 Itumiliasti
2975 4488 3453 4545 sicut‘vulnerutmn

1885 4574 2171 4645 superbum.
2213 4574 2508 4630 Humiliasti
2555 4584 2628 4642 te,
2655 4587 2704 4631 et
2733 4576 3036 4633 humiliatus
3063 4590 3146 4634 est
3172 4584 3452 4650 superbus.

1885 4666 2158 4737 Superbus
2188 4669 2327 4722 enim
2356 4683 2451 4738 per
2474 4669 2775 4738 superbiam
2801 4672 3055 4738 superbos
3081 4673 3324 4730 tenebat:
3355 4675 3453 4727 Im-

1884 4761 2117 4816 miliatus
2160 4767 2244 4816 est
2283 4772 2538 4830 magnus,
2579 4759 2802 4814 credens
2829 4769 3004 4815 autem
3041 4761 3091 4816 in
3122 4778 3244 4817 eum
3289 4763 3456 4819 lactus

1885 4863 1965 4909 est
1989 4867 2201 4922 parvus.
2233 4853 2365 4907 Dum
2393 4851 2621 4906 nutritur
2644 4867 2837 4922 parvas
2861 4855 3110 4923 exemplo
3134 4859 3306 4925 magni
3336 4859 3453 4911 lacti

1886 4945 2072 5014 parvi,
2101 4942 2328 5013 perdidit
2346 4940 2486 5012 quod
2511 4941 2725 4996 tenebat
2749 4941 3024 5008 diabolus;
3054 4945 3173 5014 quia
3195 4947 3456 5015 superbus

1884 5037 2090 5093 nonnisi
2109 5036 2363 5106 superbos
2380 5034 2607 5090 tenebat.
2631 5034 2764 5088 Dato
2781 5042 2924 5089 tanto
2946 5034 3256 5092 humilitatis
3271 5053 3424 5092 exem
3442 5069 3454 5078 -

1886 5131 1973 5200 plo
2000 5171 2013 5192 ,
2055 5129 2352 5184 didicerunt
2391 5126 2634 5181 homines
2657 5126 2908 5183 damnare
2937 5130 3232 5196 superbiam
3264 5144 3412 5183 suam
3434 5171 3448 5193 ,

1886 5220 2076 5275 imitari
2107 5219 2454 5272 humilitatem
2496 5218 2609 5273 Dei.
2658 5219 2729 5271 lta
2757 5234 2882 5288 ergo
2909 5219 2995 5273 ille
3027 5220 3290 5286 perdcndo
3316 5235 3452 5287 quos

1887 5311 2136 5375 tenebat,
2190 5310 2345 5364 etiam
2377 5309 2488 5378 ipse
2535 5307 2838 5362 humiliatus
2864 5319 2980 5369 est;
3029 5321 3132 5361 non
3159 5316 3450 5376 correctus,

1885 5404 1975 5460 sed
2007 5411 2314 5473 prostratus.
2365 5400 2440 5454 Tu
2465 5400 2741 5454 huntiliasti
2772 5401 2898 5452 sicut
2937 5399 3248 5451 rulneratum
3273 5416 3450 5466 super.

1883 5495 2019 5549 bum.
2046 5492 2356 5547 llumiliatus
2383 5505 2442 5545 es
2464 5531 2478 5550 ,
2521 5499 2574 5544 et
2602 5489 2914 5550 humiliasti;
2948 5487 3253 5543 vulneratus
3275 5505 3356 5556 es,
3397 5501 3451 5548 et

1883 5581 2168 5638 vulnerasti
2199 5599 2212 5633 :
2243 5593 2412 5648 neque
2439 5579 2579 5632 enim
2616 5593 2734 5631 cum
2769 5591 2869 5628 non
2896 5576 3198 5632 vulneraret
3234 5581 3450 5650 sanguis

1884 5687 2000 5733 tuus
2026 5716 2038 5738 ,
2070 5672 2158 5743 qui
2185 5671 2332 5726 fusus
2357 5679 2438 5724 est
2463 5680 2520 5724 ut
2542 5669 2742 5723 deleret
2771 5667 3174 5738 chirographum
3201 5681 3447 5740 peccato-

1948 5791 1962 5820 ¹
1997 5789 2069 5837 sic
2090 5786 2268 5849 aliquot
2287 5790 2393 5832 uss.
2421 5782 2502 5831 Alii
2528 5796 2636 5831 cum
2659 5781 2789 5841 add,
2815 5776 2956 5832 illius.

3345 368 3478 424 “‘36
3571 405 3589 430 ς
