4038 6208
565 351 698 408 11³27

563 485 701 524 rum.
751 464 898 522 Unde
937 462 1077 517 enim
1128 454 1491 528 superbiebat,
1525 450 1623 505 nisi
1664 449 1782 519 quia
1829 446 2127 500 cautionem

564 571 747 616 contra
778 572 876 612 nos
904 550 1151 609 tenebat?
1191 548 1336 604 lianc
1383 556 1436 600 tu
1476 545 1797 603 cautionem,
1833 539 1934 593 hoc
1961 537 2134 592 chiro-

567 651 822 723 graphum
855 658 942 700 tuo
971 642 1226 710 sanguine
1277 638 1517 694 delevisti
1566 635 1781 704 (Coloss.
1813 648 1870 695 ιι,
1905 629 1991 698 ili)
2029 647 2042 681 :
2071 627 2135 681 il-

567 746 672 799 lmn
714 755 842 810 ergo
868 735 1183 799 vulnerasti,
1227 732 1312 788 cui
1355 739 1430 786 tot
1473 729 1756 788 abstulisti.
1789 725 2132 779 Vulneratum

565 835 705 890 enim
731 829 998 898 intelligas
1022 825 1308 890 diabolum,
1338 838 1444 877 non
1473 828 1743 890 penetrata
1769 831 1948 878 carne,
1975 830 2130 884 quam

565 942 668 979 non
697 923 887 986 habet;
918 919 1010 974 sed
1039 932 1290 989 percusso
1318 913 1497 976 corde,
1532 912 1618 967 ubi
1647 908 1907 979 superbus
1931 914 2032 962 est.
2067 903 2135 959 Et

562 1017 613 1070 in
639 1015 841 1068 brachio
863 1012 1055 1065 virtutis
1071 1021 1169 1062 tua:
1190 1005 1468 1074 dispersisti
1483 1002 1706 1056 inimicos
1721 1012 1849 1053 tuos.

637 1107 722 1162 19..
758 1102 1015 1177 [vers.12,
1044 1098 1157 1174 15.]
1190 1099 1285 1152 Tui
1299 1107 1412 1152 sunt
1441 1096 1552 1150 caeli
1570 1135 1585 1159 ,
1612 1104 1659 1148 et
1686 1104 1771 1146 tua
1800 1103 1868 1146 est
1908 1101 2060 1146 terra.
2088 1093 2131 1144 A

563 1208 616 1252 te
664 1198 882 1266 pluunt,
929 1207 1090 1264 super
1117 1199 1258 1245 tuam
1311 1189 1495 1258 pluunt
1521 1187 1559 1238 ί.
1590 1185 1687 1239 Tui
1727 1193 1841 1238 sunt
1867 1183 2010 1247 coeli,
2039 1196 2136 1252 per

563 1303 696 1358 quos
725 1287 1006 1357 praedicata
1050 1291 1132 1338 est
1179 1281 1374 1336 veritas
1416 1280 1470 1333 in
1516 1277 1736 1333 circuitu
1767 1285 1858 1329 tuo
1889 1292 1902 1327 :
1931 1283 2020 1327 tua
2062 1282 2136 1326 est

565 1391 718 1444 terra,
751 1393 866 1447 qua:
896 1375 1102 1446 excepit
1133 1373 1407 1428 veritatem
1433 1370 1483 1425 in
1514 1367 1735 1424 circuitu
1763 1376 1872 1422 tuo.
1901 1365 2137 1435 Denique

565 1469 690 1540 quid
717 1467 782 1522 de
810 1467 896 1521 illa
924 1465 1097 1534 pluvia
1121 1462 1313 1518 factum
1339 1460 1464 1514 est?
1487 1458 1668 1513 Orbem
1697 1467 1942 1512 terrarum
1962 1464 2007 1510 et
2031 1455 2139 1524 ple-

565 1559 840 1612 nitudinem
855 1559 963 1626 ejus
983 1565 1035 1608 ta
1051 1554 1312 1625 fundasti;
1339 1552 1622 1623 aquilonem
1646 1557 1693 1603 et
1730 1548 1890 1602 maria
1915 1557 1968 1600 ta
1994 1561 2138 1600 crea-

575 1654 657 1708 sti.
698 1651 812 1707 Non
854 1650 993 1705 enim
1023 1646 1216 1718 aliquid
1255 1656 1436 1702 contra
1480 1653 1533 1700 te
1559 1642 1734 1708 valet,
1763 1649 1943 1696 contra
1977 1639 2139 1694 Crea-

569 1753 735 1798 torem
777 1756 951 1796 suum.
979 1740 1045 1795 Et
1074 1738 1270 1792 malitia
1294 1736 1507 1807 quidem
1533 1749 1656 1799 sua,
1692 1749 1783 1804 per
1820 1748 1930 1788 suae
1948 1731 2138 1785 volun-

569 1834 690 1888 tatis
721 1831 1115 1902 perversitatem
1161 1829 1347 1884 smvire
1375 1837 1548 1896 potest
1589 1825 1854 1890 mundus;
1885 1821 2136 1892 numquid

568 1934 742 1979 tamen
774 1922 980 1977 excedit
1021 1921 1237 1975 modum
1270 1919 1497 1989 positum
1523 1932 1553 1971 a
1580 1916 1832 1971 Creatore
1853 1957 1868 1981 ,
1896 1913 1985 1984 qui
2013 1912 2140 1968 fecit

569 2014 788 2068 omnia?
816 2012 951 2081 Quid
983 2027 1110 2082 ergo
1139 2012 1299 2064 timeo
1323 2006 1663 2080 aquilonem?
1691 2005 1816 2076 quid
1840 2005 2000 2058 timeo
2028 2018 2140 2056 ma-

567 2098 683 2159 ria?
710 2105 799 2158 Est
829 2103 1040 2173 quidem
1071 2102 1122 2155 in
1150 2100 1396 2171 aquilone
1421 2097 1685 2161 diabolus,
1713 2096 1801 2166 qui
1836 2094 1985 2156 dixit,
2032 2093 2139 2146 Po-

570 2213 687 2249 nant
713 2194 882 2249 sedem
909 2209 1070 2246 meam
1096 2193 1147 2245 in
1173 2191 1475 2262 aquilonem,
1503 2199 1550 2242 et
1575 2204 1659 2242 ero
1684 2181 1862 2241 similis
1887 2183 2140 2238 Altissimo

567 2284 718 2352 (lsai.
763 2299 876 2350 xlv,
923 2279 1160 2354 15,14);
1207 2280 1301 2336 sed
1327 2277 1616 2333 humiliasti
1644 2277 1780 2332 sicut
1807 2275 2140 2330 vulneratum

567 2378 874 2447 superbum.
909 2375 1047 2444 Ergo
1075 2373 1212 2444 quod
1241 2373 1294 2428 in
1324 2372 1428 2427 illis
1459 2381 1512 2425 tu
1541 2370 1732 2434 fecisti,
1763 2369 1882 2438 plus
1915 2368 2054 2422 valet
2073 2368 2140 2422 ad

567 2467 979 2520 dominationem
1005 2474 1165 2528 tuam,
1194 2478 1349 2533 quam
1378 2461 1587 2516 illorum
1611 2461 1852 2515 voluntas
1880 2459 1946 2514 ad
1985 2459 2140 2513 mali-

568 2561 691 2613 tiam
722 2573 892 2612 suam.
921 2556 1217 2628 Aquilonem
1243 2564 1288 2607 et
1309 2554 1468 2607 ntaria
1490 2561 1543 2605 tu
1569 2555 1766 2606 creasti.

640 2659 726 2711 15.
761 2655 959 2708 Thabor
983 2664 1027 2707 et
1053 2652 1276 2706 Hermon
1300 2654 1321 2682 ²
1359 2652 1412 2704 in
1456 2649 1654 2704 nomine
1687 2659 1772 2703 tuo
1804 2648 2139 2704 exsultabant.

570 2747 776 2803 Montes
804 2745 886 2814 isti
911 2745 1297 2814 intelliguntur,
1328 2741 1420 2796 sed
1443 2740 1638 2811 aliquid
1655 2739 1972 2810 signiﬁcant.
1996 2738 2140 2793 Tha-

569 2839 659 2892 bor
687 2847 732 2890 et
773 2835 994 2890 Ilermon
1015 2835 1067 2888 in
1106 2834 1304 2886 nomine
1346 2843 1430 2886 tuo
1463 2831 1798 2886 exsultabant.
1824 2830 2038 2885 Thabor
2063 2831 2143 2884 in-

569 2929 847 3000 terpretari
884 2929 1075 2983 dicitur
1098 2926 1323 2981 Veniens
1367 2925 1564 2979 lumen.
1593 2923 1699 2980 Sed
1728 2923 1868 2978 unde
1892 2922 2036 2976 venit
2064 2922 2142 2975 Iu-

569 3040 689 3078 men
715 3023 782 3078 tle
801 3036 907 3092 quo
932 3021 1132 3075 dictum
1155 3030 1257 3084 est,
1293 3018 1394 3073 Vos
1410 3018 1523 3072 estis
1543 3018 1710 3071 lumen
1735 3017 1910 3070 mundi
1929 3014 2139 3086 (Matth.

566 3131 620 3177 v,
651 3112 760 3185 14);
795 3112 892 3166 nisi
924 3111 1101 3166 abillo
1129 3109 1195 3164 de
1220 3125 1328 3180 quo
1354 3107 1550 3163 dictum
1579 3117 1680 3171 est,
1709 3099 1836 3160 Erat
1864 3107 2030 3160 lumen
2055 3121 2141 3158 ve-

565 3221 698 3268 rum,
731 3204 864 3272 quod
888 3203 1139 3256 illuminat
1162 3216 1355 3254 omnem
1383 3199 1630 3252 hominem
1652 3198 1921 3250 venientem
1940 3197 1992 3250 in
2011 3197 2142 3250 hunc

568 3295 809 3349 mundum
839 3293 1014 3363 (Joan.
1043 3308 1079 3359 ι,
1108 3290 1162 3361 9)
1189 3292 1211 3345 ?
1240 3290 1368 3345 Illud
1418 3304 1546 3359 ergo
1587 3289 1764 3344 lumen
1788 3288 1927 3359 quod
1953 3297 2035 3342 est
2063 3287 2142 3342 lu-

569 3401 690 3457 men
720 3384 899 3439 mundi
927 3425 944 3451 ,
975 3383 1042 3438 ab
1088 3383 1179 3438 illo
1203 3383 1403 3438 lumine
1443 3382 1588 3437 venit
1625 3381 1763 3451 quod
1795 3397 1898 3435 non
1925 3381 2140 3436 aliunde

567 3476 896 3540 accenditur,
941 3485 996 3529 ut
1040 3474 1329 3528 timendum
1373 3473 1442 3527 sit
1485 3489 1552 3527 ne
1577 3473 1962 3541 exstinguatur.
1996 3472 2136 3542 Ergo

569 3568 711 3621 venit
740 3567 913 3620 lumen
940 3565 1136 3630 abillo,
1170 3563 1382 3618 lucerna
1414 3563 1500 3617 illa
1526 3578 1644 3632 qua:
1672 3578 1776 3617 non
1807 3561 2018 3632 ponitur
2041 3560 2140 3616 sub

569 3658 766 3722 modio,
790 3656 883 3712 sed
909 3671 1069 3727 super
1095 3654 1469 3709 candelabrum
1487 3696 1501 3719 ,
1527 3653 1747 3709 veniens
1785 3653 1962 3707 lumen
1992 3651 2138 3707 Tha-

569 3751 685 3804 hor.
731 3749 960 3804 llermou
1011 3756 1186 3801 autem
1236 3747 1610 3816 interpretatur
1664 3745 1957 3800 Anathema
2001 3744 2138 3815 ejus.

567 3839 752 3894 Merito
772 3837 914 3892 venit
930 3838 1107 3892 lumen
1125 3845 1179 3891 et
1201 3835 1390 3890 factum
1408 3848 1486 3890 εει
1507 3835 1782 3890 anathema
1799 3835 1930 3906 ejus.
1954 3833 2136 3903 Cujus,

568 3931 666 3984 nisi
697 3928 917 3994 diaboli,
948 3927 1206 3982 vulnerati
1231 3969 1246 3991 ,
1277 3927 1532 3997 superbi?
1555 3926 1625 3983 Ut
1660 3941 1787 3998 ergo
1813 3927 2136 3982 illuminare-

568 4037 706 4086 nmr,
737 4020 830 4073 alis
859 4029 908 4074 te
937 4019 1112 4073 (latum
1144 4027 1253 4082 est;
1283 4027 1344 4072 ut
1377 4017 1652 4073 anathema
1691 4018 1842 4074 nobis
1872 4027 2014 4074 esset
2050 4018 2138 4088 qui

572 4128 668 4166 nos
700 4111 751 4165 in
794 4127 890 4165 suo
919 4126 1100 4165 errore
1129 4116 1182 4163 et
1227 4109 1472 4178 superbia
1511 4109 1811 4174 detinebat,
1853 4125 1881 4161 a
1911 4119 1962 4162 te
1988 4109 2140 4164 nobis

566 4211 667 4256 est.
698 4202 838 4270 Ergo
865 4199 1070 4253 Thabor
1096 4210 1140 4253 et
1159 4197 1383 4252 Harmon
1404 4199 1454 4250 in
1475 4200 1672 4251 nomine
1692 4209 1775 4251 tuo
1790 4199 2102 4252 exsultabant
2120 4217 2140 4252 :

569 4311 673 4346 non
701 4292 755 4344 in
792 4291 993 4343 meritis
1033 4290 1172 4355 suis,
1208 4288 1299 4342 sed
1329 4289 1382 4340 in
1407 4288 1605 4340 nomine
1641 4297 1745 4340 tuo.
1785 4288 1970 4342 Dicent
1996 4289 2136 4342 enim

568 4385 675 4449 isti,
719 4382 839 4436 Non
877 4381 1035 4447 nobis,
1066 4380 1295 4446 Domine,
1325 4397 1425 4433 non
1452 4380 1608 4441 nobis,
1642 4383 1726 4434 sed
1754 4382 1943 4434 nomini
1963 4391 2047 4434 tao
2073 4382 2140 4435 da

570 4475 822 4546 gloriam;
852 4482 1068 4542 propter
1093 4487 1238 4526 mare
1277 4473 1506 4527 saeviens
1534 4490 1547 4523 :
1571 4489 1633 4526 ne
1662 4475 1789 4544 forte
1813 4475 1982 4528 dicant
2009 4473 2140 4528 Gen-

569 4577 660 4631 tes,
697 4563 792 4619 Ubi
817 4575 888 4617 est
915 4564 1046 4617 Deus
1084 4580 1250 4616 eorum
1275 4563 1443 4630 (I’sal.
1476 4579 1605 4619 cxm
1641 4569 1842 4619 secund.
1868 4569 1918 4631 1,
1944 4566 2028 4637 2)?

645 4657 728 4710 H.
759 4653 907 4726 [vers.
939 4652 1050 4725 14.]
1083 4654 1246 4707 Tuum
1273 4654 1529 4708 brachium
1559 4673 1672 4708 cum
1703 4659 1940 4724 potentia.
1971 4658 2139 4714 Nemo

567 4749 664 4802 sibi
718 4747 912 4816 aliquid
955 4755 1183 4816 arroget.
1235 4745 1393 4798 Tuum
1419 4746 1677 4800 brachium
1719 4764 1832 4800 cum
1875 4751 2094 4818 potentia
2119 4767 2138 4804 :

569 4855 598 4891 a
625 4847 674 4893 te
705 4837 825 4892 facti
856 4853 1058 4901 sumus,
1086 4853 1113 4889 a
1145 4847 1195 4891 te
1219 4837 1420 4892 defensi
1449 4854 1649 4892 sumus.
1683 4838 1846 4892 Tuum
1879 4841 2139 4896 brachium

568 4949 681 4986 cum
710 4932 966 5000 potentia;
991 4930 1314 4999 conﬁrmetur
1337 4947 1514 4983 manas
1540 4940 1646 4992 tua,
1675 4941 1719 4983 et
1745 4929 1990 4986 exaltetar
2013 4933 2138 4987 dex-

563 5034 673 5078 tera
699 5031 805 5076 tua.

644 5117 731 5171 15.
765 5114 912 5188 [vers.
947 5111 1057 5185 15.]
1092 5112 1299 5166 Iustitia
1327 5122 1374 5164 et
1402 5113 1654 5182 judicium
1686 5115 1986 5183 praeparatio
2009 5116 2141 5172 sedis

577 5219 693 5262 tute.
722 5205 1012 5276 Apparebit
1050 5204 1100 5257 in
1125 5203 1225 5256 ﬁne
1246 5203 1444 5270 justitia
1475 5211 1560 5256 tua
1592 5213 1646 5269 et
1672 5202 1923 5271 judicium
1955 5213 2136 5261 tuum:

576 5313 716 5352 nunc
753 5296 957 5352 occulta
1001 5303 1123 5348 sunt
1162 5295 1284 5347 ista.
1332 5293 1395 5346 Et
1421 5292 1487 5346 de
1509 5292 1707 5361 judicio
1752 5302 1842 5348 tuo
1865 5295 2059 5350 dicitur
2086 5297 2140 5351 in

578 5389 682 5442 alio
707 5387 930 5457 psalmo,
974 5383 1078 5438 Pro
1104 5381 1309 5436 occultis
1339 5382 1433 5449 ﬁlii
1461 5380 1635 5452 (Psal.
1665 5398 1744 5448 Ix,
1780 5383 1856 5450 1).
1889 5384 2003 5439 Erit
2031 5400 2143 5439 ma-

581 5480 846 5534 nifestatio
867 5477 1046 5548 judicii
1075 5477 1147 5530 tui
1172 5486 1226 5530 et
1247 5475 1463 5545 justitia:
1489 5483 1610 5531 tum.
1642 5474 1907 5530 Ponentur
1929 5474 2142 5547 quidam

643 5653 663 5722 ξ
696 5654 894 5722 sic-uss.
921 5660 975 5702 Αι.
995 5652 1126 5722 add,
1148 5651 1497 5722 pluunt,_super
1519 5656 1700 5722 terram
1721 5645 1886 5714 plutint

643 5715 664 5745 ⁸
697 5715 891 5782 Quidam
926 5722 1030 5763 Mss.
1070 5713 1157 5762 hic
1191 5724 1243 5765 et
1286 5713 1429 5775 infra,
1476 5713 1780 5764 Ilerntonim:
1818 5723 1870 5766 et
1912 5713 2146 5777 nonnulli,

582 5772 888 5826 Humanum.

1790 332 1846 385 S.
1889 334 1927 382 Α
1939 327 2249 384 υουετικι
2292 327 2582 382 l-II‘ISCOPI

3672 339 3812 399 1128

2242 441 2306 494 ad
2323 442 2612 509 dexteram,
2641 455 2692 498 et
2712 448 2922 515 quidam
2939 449 3006 504 ad
3022 450 3289 507 sinistram
3308 451 3520 525 (Matth.
3541 469 3670 520 xxv,
3693 458 3811 524 35):

2239 542 2292 585 et
2331 544 2678 601 expavescent
2726 538 2995 607 inﬁdeles,
3044 557 3164 597 cum
3209 545 3442 601 viderint
3478 549 3621 618 quod
3651 551 3812 606 modo

2238 621 2541 680 deridentes
2566 640 2669 680 non
2699 629 2959 690 credunt;
2999 633 3301 702 gaudebunt
3322 637 3483 704 justi,
3512 653 3633 693 cum
3659 643 3810 697 vide-

2240 713 2347 766 rint
2372 715 2510 783 quod
2539 717 2696 772 modo
2724 735 2826 774 non
2855 721 3096 778 videntes
3125 725 3368 779 credunt.
3400 727 3610 782 Jastitia
3648 741 3696 784 et
3716 733 3814 802 ju-

2239 807 2424 861 dicium
2473 813 2777 880 prwparatio
2821 815 2951 869 sedis
2978 826 3077 870 tua:
3105 833 3124 870 .'
3170 817 3351 888 utique
3382 820 3432 873 in
3478 820 3564 876 die
3602 822 3813 891 judicii.

2237 897 2388 953 Nunc
2415 915 2542 970 ergo
2575 903 2735 971 quid?
2776 903 3126 960 Misericordia
3154 918 3198 962 et
3223 911 3405 964 veritas
3432 924 3657 980 prweunt
3697 927 3817 970 ante

2239 991 2418 1060 faciem
2436 1000 2594 1046 tuam.
2618 994 3058 1064 Prmparationem
3081 998 3221 1053 sedis
3245 1011 3367 1067 tute,
3387 1001 3643 1072 justitiam
3669 1015 3814 1061 tuam

2238 1090 2293 1133 et
2329 1081 2582 1150 judicium
2609 1093 2754 1138 tuum
2789 1096 3068 1142 venturum
3099 1090 3367 1156 timerem,
3397 1093 3499 1148 nisi
3523 1097 3814 1153 antecede—

2241 1181 2322 1224 ret
2370 1179 2421 1226 te
2467 1172 2828 1230 misericordia
2870 1187 2924 1231 et
2969 1179 3159 1233 veritas
3187 1189 3274 1234 tua
3307 1199 3320 1236 :
3354 1184 3477 1252 quid
3513 1186 3725 1242 timeam
3761 1190 3814 1243 in

2241 1262 2345 1318 ﬁne
2368 1263 2562 1333 judicia
2591 1278 2698 1333 tua,
2729 1269 2940 1338 quando
2969 1273 3298 1340 prtccedente
3327 1276 3692 1334 misericordia
3721 1290 3810 1336 tua

2240 1354 2386 1411 deles
2412 1368 2626 1426 peceita
2672 1375 2789 1414 mea
2814 1403 2829 1425 ,
2879 1371 2932 1417 et
2977 1362 3276 1418 exhibendo
3304 1369 3580 1424 veritatem
3619 1372 3812 1442 imples

2242 1449 2498 1516 promissa
2530 1458 2612 1503 tua
2635 1450 2658 1503 ?
2688 1451 3038 1508 Misericordia
3065 1464 3112 1509 et
3136 1458 3326 1511 veritas‘
3344 1471 3568 1527 prceeant
3592 1473 3706 1517 ante
3735 1468 3822 1524 fa-

2241 1541 2367 1594 ciem
2390 1551 2546 1596 tuam.
2580 1542 2850 1600 Uuiversa:
2896 1547 3038 1601 enim
3085 1549 3184 1604 vim
3210 1550 3416 1606 Domini
3448 1554 3814 1612 misericordia

2241 1642 2296 1684 et
2315 1633 2508 1687 veritas
2530 1633 2698 1706 (Psal.
2722 1652 2867 1698 xxxv,
2895 1638 3002 1709 10).

2313 1721 2399 1776 16.
2432 1721 2579 1795 [vers.
2609 1725 2696 1791 16,
2734 1727 2844 1800 17,]
2882 1727 2937 1783 lu
2985 1730 3068 1786 his
3101 1733 3345 1788 omnibus
3386 1752 3490 1792 non
3522 1741 3826 1805 exsultabi-,

2244 1816 2401 1869 mus?
2424 1827 2516 1871 aut
2543 1819 2682 1887 quod
2710 1822 3035 1878 exsultamus
3061 1826 3376 1894 capiemus?
3399 1841 3490 1886 aut
3515 1833 3674 1889 verba
3703 1840 3819 1890 sul-

2243 1905 2422 1960 ﬁcient
2457 1907 2651 1963 laatitiaa
2679 1913 2912 1966 nostras?
2941 1925 3033 1970 aut
3077 1916 3252 1988 lingua
3299 1920 3485 1977 idonea
3515 1927 3616 1980 erit
3642 1928 3816 1997 expli-

2243 2011 2366 2086 care
2385 1997 2630 2066 gaudium
2653 2011 2889 2058 nostrum
2910 2006 2933 2058 ?
2956 2004 3012 2062 Si
3031 2023 3159 2079 ergo
3179 2011 3319 2066 nulla
3339 2015 3496 2069 verba
3519 2017 3808 2086 sufficiunt;

2242 2085 2426 2143 Beatus
2466 2091 2680 2160 populus
2716 2096 2874 2150 sciens
2901 2096 3276 2167 jubilationem.
3306 2103 3350 2157 0
3388 2105 3541 2162 beate
3582 2088 3810 2179 popule!

2245 2190 2421 2249 putas,
2446 2183 2692 2255 intelligis
2720 2186 3130 2255 jubilationem?
3158 2193 3312 2249 Nullo
3339 2197 3496 2252 modo
3521 2199 3704 2256 beatus
3733 2218 3816 2270 es,

2244 2273 2342 2326 nisi
2367 2274 2628 2345 intelligas
2659 2278 3050 2346 jubilationem.
3082 2285 3217 2351 Quid
3244 2297 3361 2356 est,
3394 2290 3653 2362 intelligas
3675 2294 3822 2364 jubi-

2245 2364 2537 2421 lationem?
2565 2369 2711 2423 Scias
2741 2372 2879 2427 unde
2904 2375 3135 2444 gaudeas
3165 2381 3302 2448 quod
3339 2383 3513 2438 verbis
3547 2387 3820 2456 explicare

2245 2473 2348 2550 non
2397 2460 2589 2530 possis.
2621 2461 2882 2519 Gaudium’
2908 2468 3047 2521 enim
3081 2478 3226 2524 tuum
3271 2488 3374 2528 non
3405 2475 3474 2531 de
3517 2487 3568 2532 te
3591 2519 3606 2542 ,
3650 2489 3705 2534 ut
3728 2483 3820 2550 qui

2243 2549 2521 2617 gloriatur,
2565 2553 2615 2607 in
2665 2555 2889 2611 Domino
2933 2559 3187 2629 glorietur
3217 2564 3277 2638 (1
3323 2564 3650 2641 Cor.t,31).
3697 2549 3822 2628 Non

2245 2656 2372 2711 ergo
2414 2641 2688 2700 exsultare
2732 2646 2784 2701 in
2824 2652 3071 2719 superbia
3119 2664 3239 2720 tua,
3293 2657 3385 2710 sed
3418 2659 3468 2712 in
3505 2661 3670 2729 gratia
3702 2663 3819 2719 Dei.

2249 2731 2380 2823 Vide
2398 2733 2562 2803 ipsam
2584 2738 2807 2807 gratiam
2831 2748 3029 2796 tantam
3056 2759 3194 2810 esse,
3225 2748 3307 2801 cui
3341 2748 3512 2819 lingua
3540 2753 3822 2823 explicati-1

2246 2822 2327 2877 die
2353 2839 2460 2880 non
2487 2827 2556 2880 sit
2582 2827 2770 2884 idonea
2791 2871 2805 2896 ,
2837 2841 2892 2886 et
2922 2833 3221 2890 intellexisti
3245 2822 3637 2907 jubilationem.

2317 2917 2403 2971 17.
2436 2917 2670 2990 Denique
2709 2922 2752 2975 si
2793 2922 3097 2980 intellexisti
3128 2929 3179 2982 in
3223 2932 3390 2999 gratia
3407 2933 3778 3004 jnbilationem
3802 2982 3820 3004 ,

2246 3007 2411 3077 ipsius
2461 3013 2644 3080 gratiae
2684 3014 2808 3068 audi
2855 3020 3394 3078 commendationem.
3447 3025 3638 3083 Beatus
3675 3041 3823 3086 certe

2246 3099 2466 3169 populus
2485 3103 2644 3158 sciens
2658 3105 3028 3175 jubilationem.
3061 3111 3229 3178 Quam
3253 3113 3620 3182 jubilationem
3638 3120 3663 3172 ?
3690 3121 3822 3178 Vide

2243 3189 2289 3244 si
2318 3205 2422 3245 non
2453 3191 2519 3248 de
2545 3195 2734 3263 gratia,
2764 3196 2885 3252 vide
2911 3199 2956 3252 si
2999 3215 3104 3254 non
3132 3201 3198 3256 de
3227 3202 3356 3268 Deo,
3388 3215 3441 3260 et
3469 3209 3687 3265 omnino
3712 3227 3821 3268 non

2244 3283 2311 3339 de
2342 3293 2412 3339 te.
2456 3284 2693 3354 Domine,
2723 3289 2776 3342 in
2804 3291 2994 3346 lumine
3018 3293 3183 3349 vultus
3211 3297 3283 3350 tui
3305 3297 3649 3356 ambulabant.
3675 3303 3821 3358 Tha-

2245 3376 2343 3432 bor
2369 3378 2488 3444 ille,
2520 3379 2748 3436 Veniens
2794 3382 2971 3439 lumen
2995 3427 3011 3451 ,
3050 3386 3151 3441 nisi
3206 3388 3257 3443 in
3302 3388 3504 3448 lumine
3541 3393 3717 3448 vultus
3743 3397 3822 3451 tui

2245 3469 2520 3537 ambulet,
2567 3482 2724 3527 vento
2759 3477 3019 3545 superbia:
3058 3478 3274 3536 lucerna
3303 3483 3675 3554 exstinguitur.
3707 3486 3823 3542 Do-

2244 3561 2395 3626 mine,
2418 3563 2471 3615 in
2499 3563 2686 3618 lumine
2710 3567 2874 3620 vultus
2895 3568 2966 3622 tui
2990 3568 3338 3639 ambulabunt;
3362 3584 3408 3628 et
3437 3575 3489 3630 in
3509 3579 3709 3632 nomine
3735 3590 3824 3635 tuo

2243 3655 2559 3709 exsultabant
2595 3667 2695 3711 tota
2741 3660 2840 3713 die.
2883 3660 3094 3738 Thabor
3137 3663 3224 3719 ille
3263 3675 3317 3720 et
3359 3666 3588 3725 Hermon
3633 3671 3685 3724 in
3725 3689 3820 3726 no-

2242 3747 2376 3800 mine
2403 3756 2487 3800 tuo
2525 3751 2886 3806 exsultabant:
2914 3753 2956 3807 si
2989 3754 3171 3809 volunt
3223 3765 3326 3810 tota
3345 3757 3428 3812 die
3450 3799 3466 3824 ,
3519 3761 3570 3816 in
3603 3765 3822 3819 nomine

2244 3850 2362 3906 tuo;
2386 3841 2468 3896 sin
2485 3851 2658 3897 autem
2679 3845 3014 3900 exsultabunt
3032 3847 3084 3900 in
3106 3850 3322 3904 nomine
3341 3865 3458 3916 suo,
3482 3868 3588 3908 non
3612 3864 3716 3910 tota
3733 3856 3822 3912 die

2243 3934 2600 3989 cxsultabunt.
2617 3934 2732 3990 Non
2749 3937 2889 3990 enim
2914 3937 2964 3991 in
2985 3938 3178 4009 gaudio
3196 3945 3628 4011 perseverabunt,
3649 3963 3822 4015 quau-

2242 4025 2312 4080 do
2345 4026 2412 4106 de
2453 4028 2642 4096 seipsis
2685 4028 3015 4098 gaudebunt,
3043 4041 3097 4086 et
3135 4049 3228 4102 per
3265 4038 3562 4106 superbiam
3607 4041 3818 4096 cadent.

2244 4116 2381 4184 Ergo
2411 4126 2466 4171 ut
2493 4127 2598 4172 tota
2623 4118 2712 4173 die
2736 4121 3018 4186 exsultent,
3049 4123 3101 4175 in
3129 4126 3330 4179 nomine
3357 4136 3441 4180 tuo
3467 4128 3824 4195 exsultabant;

2241 4217 2287 4260 et
2314 4208 2364 4260 in
2399 4218 2484 4260 tua
2500 4208 2701 4275 jastitia
2725 4209 3093 4265 exaltabuntar.
3119 4212 3232 4266 Non
3258 4214 3310 4268 in
3341 4231 3432 4270 sua
3453 4217 3676 4287 justitia,
3707 4223 3801 4276 sed

2243 4299 2293 4351 in
2319 4309 2404 4351 tua
2430 4315 2447 4352 :
2471 4315 2535 4352 ne
2551 4301 2656 4353 sint
2675 4300 2845 4353 zelum
2876 4301 2965 4355 Dei
2987 4301 3239 4359 habentes
3258 4346 3273 4368 ,
3291 4307 3384 4362 sed
3407 4323 3508 4363 non
3531 4313 3825 4369 secundum

2241 4390 2512 4445 scientiam
2539 4429 2553 4442 .
2577 4389 2798 4456 Quidam
2825 4392 2963 4446 enim
3013 4403 3260 4449 notantur
3279 4398 3345 4451 ab
3371 4400 3645 4470 Apostolo,
3681 4409 3827 4475 quod

2242 4481 2410 4536 zelum
2435 4481 2527 4535 Dei
2553 4481 2806 4546 habeant,
2827 4483 2919 4537 sed
2939 4499 3041 4539 non
3058 4487 3345 4542 secundum
3368 4493 3662 4560 scientiam;
3681 4498 3830 4568 igno-

2240 4586 2407 4627 rantes
2424 4573 2520 4628 Dei
2530 4572 2800 4645 justitiam,
2820 4587 2866 4629 et
2893 4594 3036 4631 suam
3057 4579 3272 4635 volentes
3295 4586 3614 4652 constituere,
3637 4600 3690 4643 et
3719 4608 3827 4648 non

2243 4663 2295 4718 in
2322 4665 2518 4720 lumine
2540 4675 2628 4720 tuo
2649 4667 3213 4748 exsultan'tes,justitiw
3235 4671 3328 4726 Dei
3348 4691 3447 4728 non
3464 4687 3580 4731 sunt
3596 4679 3823 4752 subjecti.

2244 4758 2347 4812 Sed
2378 4759 2516 4814 unde
2537 4759 2560 4812 ?
2584 4758 2714 4826 Quia
2754 4760 2916 4813 zelum
2937 4759 3035 4814 Dei
3066 4763 3265 4830 habent,
3291 4768 3378 4820 sed
3415 4785 3513 4822 non
3549 4774 3830 4828 secundum

2243 4852 2499 4904 scientiam
2516 4850 2688 4919 (liam.
2711 4867 2768 4915 x,
2786 4851 2822 4904 2
2837 4862 2881 4904 et
2897 4853 2973 4921 ὃ).
2994 4854 3226 4923 Populus
3237 4865 3411 4911 autem
3432 4859 3607 4916 sciens
3632 4863 3831 4932 jubila.

2246 4944 2438 4998 tionem
2463 4942 2716 5012 (illieuim
2744 4961 2846 4998 non
2873 4946 3161 5001 secundum
3187 4950 3489 5016 scientiam;
3524 4953 3708 5010 beatus
3734 4975 3832 5012 au-

2246 5044 2349 5088 tem
2381 5034 2602 5104 papulas
2644 5049 2748 5089 n0u
2787 5035 3048 5102 nesciens,
3080 5039 3176 5092 sed
3216 5042 3390 5095 sciens
3411 5042 3828 5118 jubilationem),

2245 5125 2384 5180 unde
2413 5125 2568 5180 debet
2590 5125 2832 5195 jubilare,
2858 5127 2998 5182 unde
3015 5127 3172 5184 debet
3197 5133 3492 5203 exsultare,
3525 5139 3626 5194 nisi
3651 5129 3832 5196 inno-

2245 5219 2388 5272 mine
2416 5225 2537 5281 tuo,
2556 5217 2830 5272 ambulans
2858 5218 2910 5272 in
2939 5219 3140 5276 lumine
3179 5223 3354 5280 vultus
3383 5227 3490 5281 tui?
3516 5229 3583 5283 Et
3603 5233 3830 5288 exaltari

2244 5306 2456 5378 quidem
2475 5307 2782 5376 merebitur,
2797 5308 2890 5364 sed
2913 5309 2964 5363 in
2982 5319 3071 5365 tua
3086 5311 3287 5382 justitia
3308 5335 3320 5370 :
3338 5316 3544 5373 auferat
3569 5313 3638 5375 de
3652 5324 3832 5380 medio

2241 5401 2497 5470 justitiam
2547 5415 2720 5466 suam,
2747 5410 2802 5455 et
2830 5401 3170 5471 humilietur;
3198 5409 3373 5463 veniet
3401 5411 3488 5465 Dei
3512 5411 3736 5482 justitia,
3774 5427 3832 5473 et

2247 5492 2580 5547 exaltabitur.
2605 5492 2670 5546 Et
2695 5493 2748 5547 in
2774 5503 2861 5548 tua
2871 5496 3072 5565 justitia
3091 5501 3456 5558 excitabantur.

2324 5584 2412 5640 18.
2445 5583 2594 5657 [vers.
2639 5586 2751 5660 18.]
2783 5588 3031 5655 Quoniam
3058 5592 3221 5663 gloria
3246 5594 3439 5649 virtutis
3467 5611 3640 5653 eorum
3669 5609 3720 5654 tu
3750 5617 3830 5669 es,

2256 5685 2303 5728 et
2341 5676 2394 5728 in
2423 5675 2730 5746 beneplacito
2776 5689 2861 5733 tuo
2890 5681 3192 5735 exaltabitur
3233 5699 3389 5738 corna
3419 5698 3642 5744 nostram
3665 5708 3682 5745 :
3707 5694 3830 5764 quia

2269 5765 2362 5822 tibi
2388 5766 2740 5840 bencplacuit,
2771 5785 2876 5826 non
2903 5772 3024 5842 quia
3053 5786 3150 5829 nos
3175 5772 3315 5846 digni
3345 5789 3548 5834 sumus.
