4024 6210
322 264 461 316 H29

400 381 477 435 ιε).
509 379 659 452 [ειη-ε,
701 381 807 454 l9.]
836 381 1084 446 Quoniam
1127 379 1325 433 Domini
1364 389 1433 433 est
1463 378 1728 446 susceptio.
1767 375 1898 429 Nam

317 488 425 541 ego
450 483 505 524 ut
529 474 775 527 cumulus
801 490 974 528 arena:
1008 475 1260 542 impulsus
1290 488 1424 534 sum,
1458 482 1512 524 ut
1539 472 1780 524 caderem
1804 489 1815 529 ;
1847 477 1902 522 et

318 563 658 628 cecidissem,
707 565 804 617 nisi
839 565 1089 628 Dominus
1142 564 1464 632 suscepisset
1509 577 1612 615 me.
1652 560 1902 628 Quoniam

325 655 532 707 Domini
567 663 637 708 est
667 656 949 722 susceptio;
972 666 1016 708 et
1044 656 1202 708 sancti
1225 653 1391 707 Israel
1418 654 1546 723 regis
1577 652 1751 706 nostri.
1787 650 1931 720 Ipse.

321 745 610 812 susceptio,
642 745 757 814 ipse
788 755 839 799 te
868 746 1124 799 illtuniuat
1162 763 1172 796 :
1207 745 1255 797 in
1285 743 1397 812 ejus
1425 743 1622 796 lumine
1651 749 1792 795 tutus
1819 755 1898 805 es,

323 836 376 887 in
402 835 517 902 ejus
551 835 750 889 lumine
779 836 1037 901 ambulas,
1061 836 1263 905 justitia
1286 835 1402 904 ejus
1455 832 1703 886 cxaltaris
1722 833 1760 882 ¹.
1785 831 1903 900 Ipse

324 943 375 980 te
405 930 677 996 suscepit,
710 929 1064 982 inﬁrmitatem
1098 939 1236 982 tuam
1271 929 1381 998 ipse
1411 926 1671 990 custodit;
1700 925 1813 995 ipse
1853 935 1905 979 te

323 1022 447 1072 facit
483 1022 758 1074 robustum
790 1022 854 1075 dc
876 1037 954 1087 se,
988 1038 1091 1075 non
1116 1021 1179 1074 de
1210 1015 1278 1075 te.

393 1111 482 1162 ἑο.
516 1111 664 1183 [νινε.
698 1111 814 1184 20.]
847 1111 984 1166 Tunc
1013 1113 1204 1166 locutus
1233 1129 1284 1166 es
1319 1113 1369 1165 in
1395 1121 1598 1180 aspectu
1629 1110 1746 1178 ﬁliis
1785 1109 1901 1171 tuis,

323 1213 368 1253 et
411 1203 607 1255 dixisti.
659 1201 879 1255 Locutus
925 1220 974 1256 es
1025 1205 1076 1255 in
1128 1214 1332 1267 aspectu
1365 1211 1478 1263 tuo.
1513 1200 1758 1255 revelasti
1806 1202 1905 1254 hoc

325 1292 608 1360 l‘ropbetis
636 1295 737 1347 tuis
792 1295 911 1348 Ideo
941 1294 1146 1347 locutus
1168 1311 1224 1348 es
1249 1295 1325 1348 eis
1358 1295 1406 1347 in
1443 1304 1692 1362 aspectu,
1722 1293 1771 1345 id
1803 1301 1902 1358 est,

325 1387 373 1437 in
404 1387 730 1441 reri-latione
764 1405 789 1438 :.
805 1389 942 1440 unde
987 1389 1263 1457 Pt'Optieta-
1294 1387 1548 1443 Videntcs
1596 1387 1906 1441 dicebantur

325 1477 376 1540 (Ι
413 1475 541 1547 Iicg.
574 1493 651 1539 ix,
681 1477 760 1548 9).
791 1478 1044 1532 Viderunt
1076 1479 1321 1548 quiddam
1349 1480 1488 1534 intus
1511 1478 1650 1549 quod
1667 1479 1906 1533 dicerent

327 1567 488 1630 foris;
517 1578 572 1621 et
600 1569 650 1620 in
675 1569 880 1622 occulto
906 1570 1184 1623 audierunt
1209 1570 1347 1642 quod
1373 1571 1541 1638 palam
1584 1570 1903 1638 praedicave-

327 1669 470 1711 runt.
502 1658 648 1711 Tunc
698 1661 891 1714 loculus
931 1677 981 1715 cs
1020 1662 1070 1714 in
1099 1672 1301 1731 aspectu
1341 1663 1461 1730 ﬁliis
1487 1663 1600 1722 tuis.
1627 1671 1673 1714 et
1711 1663 1900 1727 dixisti,

337 1747 489 1801 Posui
516 1751 830 1820 adjutorium
858 1768 1005 1822 super
1031 1763 1298 1822 potentem.
1325 1752 1618 1822 lntclligitis
1642 1769 1796 1822 quem
1820 1769 1906 1823 po-

333 1850 550 1894 tentem.
586 1841 824 1895 Exaltavi
873 1843 1080 1896 electum
1123 1844 1182 1896 de
1231 1844 1418 1913 populo
1453 1860 1581 1897 meo.
1615 1843 1905 1914 lnlelligitis

329 1947 482 1999 quem
510 1933 737 1985 electum
760 1950 773 1996 ;
801 1949 955 2004 quem
981 1934 1090 2002 jam
1112 1935 1351 2004 gaudetis
1377 1936 1687 1990 exaltatum.

295 2013 302 2020 ’
393 2022 484 2074 2|.
516 2021 671 2094 [rem
702 2023 814 2097 21.]
844 2023 1017 2078 Inveni
1034 2023 1196 2078 David
1224 2043 1416 2082 servum
1443 2043 1602 2081 meum
1644 2043 1662 2079 :
1699 2027 1856 2080 istum
1883 2029 1904 2058 ²

332 2114 488 2168 David
517 2132 582 2168 ex
615 2117 821 2171 semine
847 2118 1026 2171 David.
1059 2116 1124 2172 In
1150 2120 1256 2172 oleo
1277 2128 1585 2182 sancto,meo
1606 2120 1728 2186 tinxi
1747 2135 1857 2172 eum
1887 2135 1905 2172 :

329 2203 394 2257 de
437 2207 525 2259 illo
573 2207 712 2260 enim
751 2207 959 2273 dicitur,
993 2207 1150 2264 Unxit
1181 2220 1254 2275 te,
1289 2209 1457 2272 Deus,
1490 2211 1624 2264 Deus
1654 2221 1768 2265 tuus
1797 2211 1905 2264 oleo

330 2296 677 2352 cxsultutionis
697 2316 803 2368 pra)
818 2302 1141 2371 participibus
1173 2303 1268 2355 tuis
1291 2301 1457 2376 (Psal.
1482 2319 1623 2368 XLIV,
1651 2303 1726 2372 8).

396 2387 482 2440 22.
521 2388 673 2460 [vers.
703 2390 819 2462 22.]
854 2391 1038 2444 Manus
1084 2394 1215 2445 enim
1245 2411 1355 2448 mea
1401 2395 1726 2448 auxiliabitur
1753 2396 1829 2460 ei,
1859 2407 1906 2450 et

331 2480 590 2532 brachium
617 2498 782 2533 meum
803 2484 1100 2552 confortabit
1124 2502 1236 2538 cum
1261 2501 1277 2537 :
1301 2487 1586 2539 secundum
1619 2488 1758 2557 quod
1786 2503 1905 2542 sus-

329 2572 500 2639 ceptio
529 2571 763 2627 hominis
789 2573 918 2627 facta
948 2584 1046 2636 est,
1079 2577 1368 2631 secundum
1387 2577 1523 2646 quod
1542 2593 1664 2638 caro
1685 2579 1734 2632 in
1758 2590 1905 2632 utero

331 2662 549 2731 virginis
578 2673 848 2732 assumpta
893 2673 973 2720 est
1004 2663 1152 2737 (Luc.
1190 2682 1227 2732 ι,
1261 2663 1383 2737 5i),
1433 2667 1720 2721 secundum
1765 2670 1904 2738 quod

330 2751 395 2804 ab
425 2753 513 2805 illo
535 2754 696 2821 quiin
727 2754 890 2808 forma
920 2757 1010 2810 Dei
1041 2756 1542 2826 :equaiisestPatri,
1572 2758 1738 2812 forma
1765 2760 1904 2813 servi

329 2830 572 2914 suscepta
602 2856 706 2912 est,
733 2858 786 2900 et
817 2851 1077 2903 lactus-cst
1101 2850 1356 2905 obediens
1378 2864 1541 2920 usque
1561 2850 1627 2904 ad
1658 2861 1902 2918 mortem,

331 2946 550 2990 mortem
579 2948 755 2992 autem
779 2941 950 2995 crucis
980 2931 1234 3011 (Philipp.
1270 2958 1328 3006 ll,
1356 2943 1498 3012 6-8).

395 3027 480 3080 25.
513 3027 666 3099 [vers.
707 3028 822 3101 25.]
872 3029 991 3083 Non
1038 3034 1262 3100 proﬁciet
1306 3035 1534 3088 inimicus
1560 3035 1612 3087 in
1642 3051 1716 3087 eo.
1745 3033 1938 3090 vait.

332 3119 538 3184 quidem
572 3121 818 3175 inimicus
843 3163 855 3185 ,
885 3122 975 3175 sed
1006 3138 1110 3176 non
1140 3125 1375 3191 proﬁciet
1401 3126 1450 3178 in
1478 3141 1543 3180 eo
1586 3118 1610 3178 ε’
1631 3126 1765 3180 solet
1791 3124 1912 3196 qui-

334 3211 446 3262 dem
477 3227 695 3276 noeere,
723 3213 817 3267 sed
849 3229 950 3267 non
979 3215 1204 3269 nocebit.
1235 3215 1368 3282 Quid
1399 3228 1479 3271 est
1505 3233 1630 3287 ergo
1658 3217 1799 3287 quod
1825 3220 1903 3270 ar-

332 3303 513 3368 ﬂiget?
541 3302 844 3370 Exercebit,
877 3320 980 3358 non
1028 3306 1240 3360 nocebit
1273 3326 1285 3361 :
1319 3307 1555 3376 proderit
1601 3309 1902 3377 swviendo,

334 3395 446 3461 quia
499 3395 552 3448 in
592 3410 728 3462 quos
775 3396 959 3460 saavit,
1011 3398 1406 3452 coronabuutur
1452 3399 1728 3454 vincendo.
1769 3400 1905 3468 Quid

331 3485 465 3536 cnim
498 3485 747 3551 vincitur,
777 3486 820 3540 si
849 3487 976 3540 nihil
1003 3499 1184 3541 contra
1226 3504 1322 3543 nos
1363 3490 1557 3554 sarrit?‘
1589 3501 1678 3543 aut
1698 3491 1781 3546 ubi
1809 3493 1903 3545 ad-

333 3575 466 3641 jutor
493 3587 677 3632 noster
707 3579 844 3631 Deus
865 3620 878 3643 ,
931 3579 974 3631 si
1020 3594 1116 3633 nos
1142 3596 1243 3633 non
1271 3581 1615 3636 dituicamus?
1658 3583 1904 3636 Inimicus

334 3681 450 3727 ergo
482 3667 638 3721 faciet
674 3669 815 3738 quod
853 3685 1007 3722 suum
1034 3680 1146 3734 est;
1177 3672 1269 3726 sed
1301 3689 1398 3725 non
1426 3675 1650 3741 proﬁciet
1675 3675 1904 3729 inimicus

333 3761 379 3808 in
409 3775 488 3819 eo,
519 3767 563 3810 et
588 3758 728 3826 ﬁlius
760 3760 1032 3828 iniquitatis
1059 3778 1156 3813 non
1187 3772 1400 3833 apponet
1432 3781 1606 3817 nocere
1631 3767 1694 3818 ei.

397 3849 489 3902 24.
533 3848 680 3920 [θεῖε.
705 3849 820 3922 24.]
862 3851 927 3904 Et
957 3851 1214 3905 concidam
1240 3854 1463 3907 inimicos
1483 3856 1590 3925 ejus
1618 3873 1648 3907 a
1677 3856 1804 3924 facie
1837 3857 1905 3910 il-

331 3942 450 3995 lius.
505 3943 864 3998 Conciduntur
892 3961 921 3998 a
948 3946 1336 4015 conspiratione
1374 3961 1488 4011 sua,
1531 3957 1583 4001 et
1625 3949 1762 4017 quod
1791 3966 1906 4004 cre-

331 4035 461 4088 dunt
495 4036 864 4090 conciduntur.
914 4037 1165 4090 Paulatim
1192 4037 1332 4091 enim
1375 4038 1628 4102 credunt;
1659 4049 1904 4109 tanquam

327 4127 658 4180 annminuto
673 4128 847 4194 capite
868 4126 1037 4193 vituli,
1065 4113 1278 4182 venient
1305 4128 1354 4180 in
1380 4129 1556 4196 potum
1583 4130 1756 4197 populi
1790 4131 1902 4185 Dei.

327 4219 653 4272 Comminuit
679 4219 819 4273 enim
849 4228 1006 4286 caput
1027 4220 1173 4272 vituli
1206 4219 1430 4290 Moyses,
1454 4221 1646 4289 sparsit
1669 4221 1718 4274 in
1749 4238 1902 4291 aqua,

327 4323 372 4362 et
403 4311 551 4363 dedit
579 4311 761 4365 bibere
788 4311 908 4366 ﬁliis
935 4311 1091 4365 Israel
1127 4312 1316 4382 (Exod.
1339 4329 1503 4376 xxxn,
1530 4313 1643 4386 20).
1670 4314 1906 4402 Commi-

327 4411 564 4454 nunntur
593 4417 780 4456 omnes
820 4401 1079 4468 inﬁdeles,
1107 4403 1330 4457 credunt
1355 4405 1634 4473 paulatim;
1674 4401 1729 4461 et
1757 4422 1784 4459 a
1815 4423 1909 4476 p0-

327 4493 454 4558 pulo
502 4491 591 4545 Dei
623 4494 892 4560 bibuntur,
934 4494 985 4546 in
1017 4509 1208 4562 corpus
1234 4494 1428 4548 Christi
1468 4497 1810 4565 trajiciuntur.
1843 4498 1908 4551 Et

327 4581 591 4634 concidam
618 4585 846 4637 inimicos
874 4585 983 4650 ejus
1007 4601 1037 4636 a
1061 4585 1190 4655 facie
1216 4585 1390 4650 illius;
1420 4595 1466 4638 et
1487 4603 1568 4639 eos
1589 4589 1672 4656 qui
1701 4589 1909 4642 oderunt

328 4689 473 4737 eum,
508 4675 743 4742 fugabo:
789 4690 856 4729 ne
901 4685 1143 4728 noceant.
1193 4674 1296 4727 Sed
1345 4673 1637 4744 fugatorum
1691 4678 1909 4732 istorum

329 4763 464 4817 forte
492 4764 655 4833 aliqui
683 4765 864 4818 dicunt
909 4783 920 4816 :
970 4764 1080 4830 Quo
1116 4765 1194 4817 ibo
1221 4782 1250 4815 a
1288 4766 1464 4834 spiritu
1494 4767 1624 4819 tuo?
1650 4776 1694 4819 et
1724 4784 1753 4818 a
1783 4769 1913 4835 facie

333 4862 417 4904 tua
436 4871 533 4922 quo
560 4855 752 4925 fugiam
782 4854 952 4924 (Psal.
982 4871 1231 4919 cxxxvm,
1262 4855 1355 4923 7)?
1385 4857 1448 4910 Et
1468 4857 1702 4912 videntes
1727 4874 1830 4912 non
1855 4874 1912 4914 se

333 4945 529 5001 habere
555 4961 659 5016 quo
689 4947 884 5016 fugiant
908 4947 975 5000 ab
1003 4947 1375 5015 Omnipotente
1394 4989 1407 5014 ,
1437 4951 1678 5003 conversi
1711 4949 1914 5020 fugiunt

332 5037 396 5091 ad
417 5036 867 5106 Omnipotcntem.
898 5035 964 5090 Et
985 5055 1067 5092 eos
1093 5040 1177 5108 qui
1207 5037 1417 5090 oderunt
1443 5057 1573 5105 eum,
1599 5041 1802 5111 fugabo.

402 5127 493 5181 95.
535 5126 709 5199 [νοτε.
738 5127 859 5198 25.}
896 5127 958 5181 Et
1000 5129 1182 5182 veritas
1210 5145 1318 5181 mea
1351 5137 1396 5180 et
1434 5129 1774 5184 misericordia
1803 5148 1914 5184 mea

335 5237 449 5272 cum
485 5221 596 5288 ipso
628 5231 718 5274 est.
766 5219 1037 5275 Universae
1075 5221 1181 5274 vize‘
1219 5220 1423 5274 Domini
1479 5222 1834 5276 misericordia
1863 5233 1915 5277 ct

335 5313 550 5365 veritas.
606 5311 946 5376 Mementote,
997 5321 1247 5380 quantum
1290 5311 1530 5380 potestis,
1575 5327 1731 5381 quam
1777 5327 1917 5382 sarpe

334 5401 490 5455 nobis
514 5401 951 5456 commendentur
970 5401 1074 5455 duo
1102 5401 1212 5455 haec
1233 5443 1248 5466 ,
1278 5410 1335 5455 ut
1363 5402 1643 5456 reddamus
1670 5401 1754 5456 illa
1787 5403 1913 5457 Deo.

335 5494 487 5550 Sicut
517 5495 654 5546 enim
686 5494 798 5563 ipse
823 5493 1060 5548 exhibuit
1089 5493 1239 5547 nobis
1266 5493 1702 5560 misericordiam,
1737 5503 1792 5550 ut
1819 5494 1916 5551 de-

401 5629 421 5697 ξ
451 5627 832 5697 ὶξςεη-ελῖευιεαςς.
924 5696 946 5697 κν
970 5689 982 5697 _
1002 5690 1013 5697 _
1227 5687 1237 5697 θ

401 5689 422 5720 ³
454 5691 529 5739 Sic
553 5689 772 5750 plerique
798 5698 899 5739 uss.
923 5689 1032 5737 Edd.
1060 5701 1194 5747 vero,
1209 5689 1410 5750 justtrm.

563 5777 836 5838 PATBOL.
881 5776 1202 5839 XXXVII.

1313 256 1697 312 ENARRATIO
1737 253 1800 308 IN
1842 251 2163 308 PSALMUM
2192 253 2523 328 LXXXVI".

3449 275 3588 333 “50

2015 372 2144 424 teret
2177 385 2387 442 peccata
2418 387 2632 441 nostra;
2666 387 2717 431 et
2760 381 3050 450 veritatem,
3100 396 3155 440 ut
3196 373 3438 458 impleret
3469 407 3592 461 pro-

2009 464 2167 517 missa
2195 480 2287 518 sua
2310 484 2322 517 :
2351 469 2425 520 sic
2450 477 2500 520 et
2531 483 2626 521 nos
2655 470 2982 526 ambulantes
3008 476 3059 527 in
3083 477 3161 530 via
3183 479 3317 548 ejus,
3339 481 3594 538 debemus

2009 555 2057 607 ei
2105 557 2327 610 reddere
2371 558 2785 613 miscricort‘liam
2826 571 2880 615 et
2927 566 3230 633 veritatem;
3290 572 3596 628 misericor-

2011 645 2171 710 diam,
2201 657 2258 700 ut
2297 649 2609 704 miserormn
2649 652 3026 720 misereamur;
3058 657 3356 727 veritatem,
3405 673 3463 718 ut
3492 679 3596 719 non

2011 734 2188 804 inique
2211 737 2527 813 judicemus.
2578 739 2690 793 Non
2739 742 2829 795 tibi
2878 743 3026 797 tollat
3057 747 3250 801 veritas
3292 751 3595 807 miscricor-

2011 827 2172 891 diam,
2221 843 2316 882 nec
2356 830 2713 884 misericordia
2745 831 2997 901 impediat
3022 836 3294 892 veritatem
3330 855 3344 890 :
3376 843 3419 894 si
3450 845 3597 898 enim

2012 933 2105 986 per
2136 915 2548 973 misericordiam
2590 921 2905 990 iudicaveris
2945 938 3126 980 contra
3171 931 3466 997 veritatem,
3507 945 3600 990 aut

2012 1012 2158 1080 quasi
2214 1012 2641 1081 rigida‘veritate
2685 1017 2880 1072 oblitus
2930 1016 3094 1073 lueris
3138 1022 3596 1093 misericordiam;

2012 1118 2115 1154 non
2145 1103 2435 1157 ambulabis
2465 1105 2514 1157 in
2546 1106 2625 1158 via
2656 1106 2779 1168 Dei,
2811 1108 2897 1161 ubi
2927 1109 3286 1166 misericordia
3320 1123 3374 1168 et
3402 1117 3596 1173 veritas

2011 1203 2355 1246 occurrerunt
2403 1194 2500 1247 sibi
2547 1194 2712 1268 (l’sal.
2767 1214 2986 1263 Lxxxtv,
3048 1201 3158 1272 11).
3205 1201 3272 1255 Et
3308 1205 3359 1256 in
3396 1208 3599 1263 nomine

2012 1298 2120 1335 meo
2151 1283 2448 1336 cazaltabitur
2477 1302 2631 1338 cornu
2660 1288 2790 1357 ejus.
2823 1288 2958 1356 Quid
2990 1305 3123 1359 opus
3151 1302 3232 1346 est
3259 1301 3314 1347 ut
3344 1295 3598 1354 immore-

2015 1375 2174 1427 mur?
2202 1375 2481 1430 Christiani
2505 1379 2650 1445 estis,
2682 1379 2946 1434 Christum
2977 1385 3265 1452 agnoscite.

2081 1464 2171 1519 26.
2211 1465 2382 1538 [vers.
2431 1467 2545 1541 26.]
2587 1468 2653 1522 Et
2697 1487 2882 1539 ponam
2925 1472 2978 1526 in
3029 1475 3156 1527 mari
3204 1493 3406 1532 manum
3444 1483 3600 1552 ejus:

2011 1557 2112 1611 hoc
2137 1566 2215 1612 est
2241 1602 2255 1624 ,
2298 1559 2651 1615 dominabitur
2673 1561 2947 1618 Gentibus.
2979 1564 3045 1617 Et
3070 1566 3121 1619 in
3149 1569 3442 1636 ﬂuminibus
3463 1573 3602 1628 dea:-

2012 1658 2169 1701 teram
2192 1651 2320 1719 cjus.
2353 1651 2593 1706 Flumina
2625 1666 2838 1708 currunt
2861 1656 2914 1709 in
2946 1673 3125 1720 mare;
3152 1661 3327 1730 cupidi
3354 1663 3599 1722 homines

2010 1738 2067 1792 in
2114 1741 2518 1796 amaritudinem
2567 1743 2723 1813 hujus
2771 1747 2948 1800 smculi
2981 1749 3373 1816 prolabuntur:
3419 1760 3598 1812 omnia

2013 1836 2185 1882 tamen
2215 1846 2406 1900 genera
2439 1833 2534 1886 ista
2561 1833 2772 1888 Christo
2800 1837 3004 1892 subdita
3037 1850 3212 1894 erunt.

2082 1917 2172 1972 27.
2215 1920 2360 1992 [vers
2403 1922 2492 1988 27,
2517 1921 2629 1995 28.]
2673 1923 2790 1995 Ipse
2819 1928 3062 1982 invocabit
3107 1947 3218 1997 me,
3259 1932 3416 1988 Pater
3460 1953 3599 1992 meus

2009 2027 2060 2063 es
2090 2020 2163 2074 tu,
2193 2011 2323 2066 Deus
2348 1998 2486 2067 meus
2528 2025 2574 2068 et
2614 2027 2870 2087 susceptor
2896 2020 3075 2075 salutis
3102 2039 3242 2078 mete.
3276 2024 3345 2078 Et
3374 2043 3464 2097 ego
3493 2030 3603 2098 prio

2010 2105 2310 2173 mogenitum
2351 2123 2534 2174 ponam
2579 2125 2712 2176 eum,
2762 2113 3012 2166 excelsum
3061 2117 3203 2182 apud
3247 2133 3387 2188 reges
3429 2131 3595 2176 terrae.

2009 2193 2262 2265 Martyres
2306 2200 2490 2263 nostri,
2541 2216 2763 2269 quorum
2808 2205 3038 2258 natalitia
3084 2207 3432 2275 celebramus,
3474 2229 3599 2268 san-

2009 2289 2216 2356 guinem
2246 2304 2396 2344 suum
2429 2302 2642 2361 prOptet‘
2665 2293 2776 2348 haec
2801 2295 3000 2349 credita
3029 2308 3082 2351 et
3109 2299 3340 2354 nondum
3372 2303 3483 2358 visa
3511 2305 3596 2358 l’u-

2009 2383 2197 2436 derunt
2222 2405 2236 2438 :
2263 2396 2456 2453 quanto
2482 2385 2728 2442 fortiores
2755 2404 2852 2443 nos
2877 2405 2996 2445 esse
3016 2392 3290 2463 debemus,
3325 2397 3552 2454 videndo
3578 2384 3594 2416 ¹

2009 2473 2147 2541 quod
2194 2475 2266 2527 illi
2309 2475 2684 2531 crediderunt?
2738 2480 3020 2535 Excelsum
3067 2485 3208 2539 enim
3258 2488 3395 2556 apud
3442 2505 3592 2561 reges

2012 2573 2164 2618 terra:
2210 2566 2282 2620 illi
2315 2567 2547 2621 nondum
2580 2569 2818 2624 viderant
2846 2570 3151 2638 Christum;
3185 2577 3357 2633 adhuc
3384 2578 3588 2649 princi-

2011 2669 2102 2722 pes
2129 2659 2507 2712 conveniebant
2531 2660 2580 2713 in
2610 2676 2790 2723 unum,
2823 2662 3077 2718 adversus
3108 2667 3386 2723 Dominum
3415 2679 3469 2726 et
3493 2672 3593 2727 ad-

2009 2761 2193 2798 versus
2228 2747 2495 2802 Christum
2543 2750 2657 2818 ejus
2686 2770 2699 2804 :
2735 2754 2966 2807 nondum
3009 2756 3280 2825 impletum
3309 2771 3422 2815 erat
3450 2765 3596 2834 quod

2010 2834 2061 2888 in
2115 2835 2226 2903 ipso
2268 2839 2472 2905 psalmo
2513 2841 2769 2909 sequitur,
2810 2843 2874 2896 Et
2900 2862 3052 2913 nunc,
3093 2865 3253 2919 reges,
3285 2852 3589 2923 intelligite;

2009 2927 2277 2980 erudimini
2315 2945 2484 2986 omnes
2523 2931 2607 2999 qui
2622 2932 2868 2999 judicatis
2893 2944 3078 2990 terram
3105 2938 3274 3008 (Psal.
3305 2957 3359 3004 ll.
3389 2944 3443 3006 2,
3476 2946 3589 3014 10).

2009 3013 2126 3069 Jam
2176 3031 2302 3088 ergo
2351 3017 2518 3075 factus
2552 3031 2634 3076 est
2681 3023 2921 3080 Christus
2972 3028 3215 3083 excelsus
3255 3032 3394 3101 apud
3440 3013 3596 3106 rcges

1971 3141 1974 3144 ’
2015 3120 2188 3164 terras.

2079 3201 2169 3256 28.
2211 3201 2482 3274 ‘Lvers.29.]
2520 3202 2581 3256 In
2601 3214 2839 3259 retentum
2864 3210 3066 3264 servabo
3111 3212 3155 3265 ei
3193 3213 3588 3272 misericordiam

2011 3308 2188 3356 meum,
2215 3303 2260 3346 et
2281 3303 2626 3349 testamentum
2655 3314 2814 3374 meum
2843 3299 2990 3366 fidele
3016 3301 3132 3372 ipsi.
3155 3303 3376 3375 Propter
3396 3307 3591 3377 ipsum,

2012 3382 2165 3438 ﬁdele
2197 3393 2600 3452 testamentum;
2647 3390 2697 3441 in
2725 3388 2840 3456 ipso
2869 3391 3153 3447 mediatum
3185 3405 3265 3450 est
3307 3405 3597 3455 testatnen~

2011 3484 2155 3541 tum;
2194 3477 2307 3545 ipse
2335 3478 2592 3532 mediator
2637 3483 2976 3550 testamenti,
3010 3485 3121 3554 ipse
3160 3487 3393 3557 signator
3434 3501 3597 3547 testa-

2010 3569 2190 3631 menti,
2210 3568 2319 3638 ipse
2338 3568 2616 3638 ﬁdejussor
2634 3575 2950 3639 testamenti,
2969 3576 3079 3644 ipse
3101 3580 3248 3632 testis
3271 3586 3592 3648 testamenti,

2010 3657 2124 3727 ipse
2147 3659 2428 3713 hazreditas
2459 3664 2779 3729 testamenti,
2803 3665 2915 3734 ipse
2932 3665 3168 3722 cohmres
3190 3673 3512 3728 testamenti.

2077 3749 2168 3804 29.
2189 3749 2336 3821 [vers
2357 3751 2472 3824 50.]
2492 3753 2555 3806 Et
2572 3769 2754 3823 ponam
2771 3756 2822 3808 in
2838 3747 3078 3810 stcculum
3094 3760 3266 3813 seculi
3277 3778 3441 3817 semen
3457 3768 3594 3837 ejus.

2009 3839 2124 3894 Non
2143 3849 2342 3894 tantum
2365 3845 2416 3896 in
2449 3844 2546 3896 hoc
2575 3846 2790 3910 smculo,
2822 3847 2914 3900 sed
2933 3849 2985 3900 in
3001 3851 3238 3904 saeculum
3255 3857 3426 3909 sceculi
3441 3874 3462 3919 ;
3488 3875 3594 3928 quo

2012 3929 2252 3983 transibit
2272 3932 2448 4001 utique
2464 3947 2643 3986 semen
2662 3935 2794 4003 ejus,
2815 3952 2932 4004 qua:
2948 3948 3029 3991 est
3045 3939 3326 3998 haereditas
3343 3945 3478 4014 ejus,
3507 3963 3568 4004 se
3581 3977 3596 3990 -

2009 4035 2132 4072 men
2160 4020 2383 4074 Abrahae
2403 4024 2540 4091 quod
2570 4035 2644 4078 ρει
2675 4025 2933 4080 Christus.
2963 4029 3014 4083 Si
3049 4037 3222 4084 autem
3253 4048 3346 4089 vos
3372 4036 3593 4106 Christi,

2011 4128 2137 4182 ergo
2161 4113 2387 4167 Abrahre
2417 4129 2596 4169 semen
2618 4117 2744 4170 estis
2767 4117 2957 4188 (Galat.
2987 4137 3062 4185 Ill,
3089 4123 3154 4176 16
3174 4133 3218 4176 et
3237 4125 3331 4195 29)
3355 4137 3440 4182 :et
3467 4130 3511 4184 si
3540 4131 3596 4188 in

2011 4214 2264 4258 :eteranm
2292 4206 2558 4275 accepturi
2583 4208 2963 4276 haereditatem,
2995 4227 3151 4282 ponet
3167 4217 3218 4268 in
3238 4219 3480 4274 saeculum
3497 4239 3595 4276 sae-

2011 4299 2112 4350 culi
2133 4315 2300 4352 semen
2321 4300 2448 4369 ejus.
2476 4299 2541 4353 Et
2561 4301 2790 4354 thronum
2833 4304 2942 4373 ejus
2963 4306 3090 4359 sicut
3108 4307 3213 4361 dies
3237 4311 3368 4364 caeli.
3395 4312 3596 4371 Throui

2013 4405 2194 4456 regum
2215 4397 2546 4446 terrenarum
2569 4393 2705 4448 sicut
2721 4395 2833 4449 dies
2855 4404 3034 4452 terrae.
3055 4399 3157 4452 Alii
3179 4411 3302 4456 sunt
3316 4403 3432 4460 dies
3452 4409 3595 4475 caeli,

2012 4478 2098 4531 alii
2123 4489 2245 4533 sunt
2272 4480 2385 4536 dies
2420 4493 2594 4537 terrae.
2619 4485 2741 4540 Dies
2765 4486 3032 4541 caeli-anni
3059 4500 3182 4544 sunt
3205 4491 3280 4546 illi
3309 4494 3377 4550 de
3401 4499 3600 4567 quibus

2013 4567 2206 4622 dicitur
2230 4590 2242 4626 :
2271 4569 2345 4623 Tu
2365 4581 2528 4625 autem
2557 4574 2688 4625 idem
2713 4575 2818 4644 ipse
2841 4593 2911 4643 es,
2941 4588 2986 4631 et
3004 4582 3126 4632 anni
3146 4583 3218 4634 tui
3239 4600 3338 4638 non
3360 4587 3598 4656 deﬁcient

2019 4658 2186 4730 (Psul.
2240 4677 2310 4729 Cl,
2362 4663 2475 4731 28).
2522 4665 2640 4719 Dies
2683 4676 2837 4721 terrae
2873 4672 3278 4731 succedentibus
3314 4691 3593 4749 urgentur.

2015 4752 2373 4819 praecedentes
2400 4755 2767 4820 excluduntur,
2790 4773 2885 4812 nec
2907 4762 2994 4828 qui
3024 4766 3314 4821 succedunt
3341 4785 3594 4838 manent;

2017 4841 2109 4895 sed
2140 4843 2355 4895 veniunt
2387 4853 2442 4894 ιιι
2469 4855 2587 4896 cant
2613 4886 2626 4908 ,
2660 4855 2712 4898 et
2734 4863 2867 4913 pene
2896 4861 3179 4921 antequam
3208 4861 3420 4915 veniant
3449 4877 3594 4917 eunt.

2016 4929 2091 4984 Ita
2138 4942 2258 4985 sunt
2283 4933 2398 4986 dies
2429 4943 2600 4987 terrm.
2632 4937 2751 4991 Dies
2781 4949 2954 4993 autem
3000 4945 3118 4998 coeli
3146 4956 3199 4999 et
3228 4949 3299 5001 illi
3326 4955 3448 5005 anni
3488 4970 3594 5007 non

2017 5023 2324 5078 deﬁcientes
2347 5065 2362 5090 ,
2408 5041 2505 5078 nec
2548 5027 2751 5082 initium
2784 5029 2981 5086 habent
3010 5051 3106 5090 nec
3141 5039 3421 5093 terminum
3450 5059 3465 5106 ;
3500 5060 3597 5099 nec

2019 5116 2156 5169 ullus
2184 5115 2252 5168 ibi
2283 5115 2398 5171 dies
2438 5129 2745 5189 angustatur
2780 5121 2920 5178 inter
2963 5125 3269 5182 hesternum
3314 5141 3368 5184 et
3405 5136 3596 5189 crasti-

2019 5225 2146 5263 num
2178 5226 2190 5260 :
2223 5225 2379 5264 nemo
2407 5211 2476 5265 ibi
2515 5203 2788 5282 exspectat
2831 5215 3094 5283 futurum,
3128 5211 3382 5276 nemo'ibi
3424 5227 3598 5295 perdit

2020 5301 2378 5370 praeteritum;
2411 5303 2502 5357 sed
2547 5305 2659 5358 dies
2694 5307 2814 5362 coeli
2853 5324 3067 5376 semper
3113 5322 3404 5378 prmsentes
3449 5330 3594 5384 sunt,

2020 5394 2108 5448 ubi
2151 5394 2251 5447 erit
2296 5394 2523 5449 “thronus
2567 5397 2680 5465 ejus
2719 5399 2770 5451 in
2816 5408 3092 5453 :cternum.
3143 5401 3292 5468 Quod
3336 5418 3518 5478 restat,
3552 5413 3596 5467 si

2022 5484 2224 5554 placet,
2259 5501 2563 5547 servemus;
2606 5489 2850 5555 quoniam
2885 5490 3071 5558 longus
3100 5503 3181 5545 est
3222 5494 3459 5554 Psalmus
3483 5543 3497 5566 ,
3545 5514 3598 5560 et

2023 5578 2195 5632 adhuc
2229 5579 2499 5634 vobiscum
2529 5579 2723 5648 aliquid
2756 5581 2804 5633 in
2835 5582 3049 5638 nomine
3089 5583 3286 5640 Christi
3313 5593 3481 5646 acturi
3509 5610 3596 5648 su—

2099 5691 2117 5724 ι
2148 5689 2276 5753 Edd.,
2301 5689 2508 5742 videndo
2530 5704 2616 5756 per
2639 5691 2783 5755 quod,
2809 5700 2902 5742 etc.
2930 5695 3092 5752 Abest,
3118 5709 3223 5758 per,
3247 5711 3275 5748 a
3296 5706 3401 5752 alss.

2772 5781 3200 5855 (Tremo-six.
3209 5787 3240 5860 j
