4024 6210
434 315 563 372 1151

432 467 568 508 mus.
599 446 823 511 llebcite
850 459 974 515 ergo
1007 442 1177 504 vires;
1212 453 1316 492 non
1343 434 1459 490 dico
1485 434 1642 488 animi
1667 432 1848 496 vestri,
1882 445 2003 483 nam

434 544 588 601 video
636 539 778 612 quod
807 537 983 593 animo
1027 527 1378 601 infatigabiles
1422 527 1551 581 estis
1595 543 1607 579 :
1653 523 1746 578 sed
1792 532 2006 591 propter

432 647 615 690 servos
640 631 831 686 animae
851 628 868 660 ¹
894 666 911 693 ,
939 634 997 680 ut
1022 622 1214 678 durent
1241 620 1295 674 in
1333 616 1624 673 ministerio
1668 628 1889 683 corpora
1917 627 2007 666 ve-

422 735 538 791 ,stra
563 765 578 789 ,
627 717 1009 791 aliquantulum
1060 710 1338 770 rcﬁcimini
1364 751 1379 777 ,
1428 719 1482 764 et
1526 706 1707 763 refecti
1753 705 1819 760 ad
1860 705 2007 759 cibos

434 815 621 873 redite.
1220 858 1225 863 .

1040 909 1210 952 suane
1246 909 1281 948 ιι
1310 892 1412 962 (a).

848 990 926 1046 De
948 989 1167 1046 secunda
1194 997 1336 1058 parte
1366 984 1582 1039 Psalmi.
1773 1038 1777 1042 ,

510 1089 561 1142 1.
601 1083 682 1141 Ad
707 1083 909 1152 reliqua
939 1059 1127 1151 psalmi
1157 1078 1223 1135 de
1251 1091 1355 1148 quo
1382 1076 1432 1130 in
1457 1074 1717 1129 matutino
1736 1072 1894 1126 locuti
1922 1087 2009 1126 su-

436 1196 574 1244 mus,
596 1178 835 1233 animum
859 1173 1117 1230 intendite
1134 1213 1150 1237 ,
1178 1170 1404 1241 eLpium
1429 1167 1664 1223 debitum
1695 1166 1915 1235 exigite;
1943 1179 2008 1218 eo

432 1268 709 1330 reddituro
739 1280 833 1335 per
857 1278 974 1327 nos,
1008 1263 1095 1331 qui
1125 1261 1248 1317 fecit
1282 1269 1335 1315 et
1368 1273 1466 1313 nos
1503 1267 1558 1313 et
1595 1271 1707 1311 vos.
1757 1255 2010 1311 Dominus

434 1362 677 1417 Christus
700 1358 752 1411 in
780 1354 1143 1426 superioribus
1169 1352 1362 1407 Psalmi
1385 1366 1455 1405 ex
1488 1349 1753 1419 promisso
1778 1347 1874 1402 Dei
1909 1361 2008 1400 an-

435 1453 799 1517 nuntiabatur,
828 1458 883 1504 et
905 1447 1078 1502 adhuc
1103 1446 1155 1499 in
1188 1445 1269 1498 his
1293 1443 1451 1498 etiam
1473 1438 1652 1495 verbis
1674 1454 1792 1509 qua:
1819 1446 2011 1492 tracta-

436 1544 537 1600 turi
566 1556 771 1607 sumus,
815 1540 929 1610 ipse
954 1536 1319 1592 annuntiatur.
1353 1533 1428 1587 De
1456 1532 1549 1586 illo
1574 1531 1713 1585 enim
1749 1528 1885 1582 inter
1908 1543 2011 1582 ca:-

435 1646 547 1691 tcra
573 1633 729 1703 paulo
749 1629 990 1700 superius
1019 1627 1216 1682 dictum
1239 1633 1387 1679 crat:
1421 1621 1485 1676 Et
1510 1637 1599 1692 ego
1630 1619 2011 1691 primogenitum

435 1741 621 1796 ponam
658 1739 792 1786 eum,
838 1721 1091 1775 excelsum
1122 1716 1261 1786 apud
1286 1730 1424 1787 reges
1463 1724 1628 1767 terrw.
1671 1710 1738 1764 In
1769 1719 2010 1765 internum

435 1814 637 1879 servabo
666 1813 742 1867 illi
769 1808 1165 1866 misericordiam
1187 1822 1369 1873 meam,
1408 1814 1452 1860 et
1476 1812 1822 1858 testamentum
1846 1817 2011 1854 meum

437 1906 584 1976 ﬁdele
610 1904 726 1976 ipsi.
758 1901 823 1956 Et
866 1917 1051 1973 ponam
1078 1899 1131 1953 in
1163 1897 1405 1953 arculum
1428 1894 1599 1950 swculi
1618 1910 1782 1949 semen
1808 1894 1934 1958 eius,
1963 1900 2009 1943 et

438 1999 673 2057 thronum
693 1996 803 2067 ejus
827 1995 955 2048 sicut
980 1991 1085 2046 dies
1104 1992 1235 2046 creti.
1268 1989 1343 2043 Dc
1370 1986 1452 2043 his
1474 1994 1527 2041 et
1554 1985 1620 2067 de
1648 1984 1892 2040 omnibus
1918 1998 2009 2036 su-

436 2105 530 2161 pra
551 2089 618 2143 ab
638 2088 751 2160 ipso
771 2084 1014 2151 exordio,
1044 2096 1162 2153 quae
1193 2080 1477 2151 potuimus,
1509 2061 1757 2132 diiimus.

504 2180 561 2235 9..
604 2179 753 2253 [vers.
782 2174 991 2246 3l-35.]
1029 2173 1279 2243 Sequitur
1314 2178 1514 2233 autem,
1561 2187 1579 2219 ι
1614 2166 1671 2222 Si
1710 2165 2010 2235 derelique-

435 2274 545 2329 rint
586 2272 682 2328 lilii
729 2273 846 2341 ejus
884 2269 1055 2339 legem
1088 2280 1281 2331 meam,
1313 2274 1367 2318 et
1414 2263 1466 2316 in
1505 2260 1717 2331 judiciis
1745 2258 1879 2323 meis
1904 2272 2010 2312 non

436 2362 857 2427 ambulaverint;
905 2360 950 2415 si
975 2355 1379 2430 justiﬁcationcs
1419 2367 1566 2407 meas
1595 2348 2008 2420 profanaverint,

304 2518 309 2525 ,
404 2466 492 2515 .et
526 2455 772 2512 mandata
797 2465 916 2508 mea
944 2466 1051 2505 non
1093 2444 1439 2504 eustodierint
1477 2461 1491 2499 :
1527 2441 1753 2497 visitabo
1784 2441 1837 2496 in
1866 2441 2012 2511 virga

438 2548 744 2619 iniquitates
768 2557 975 2607 eorum,
1006 2549 1062 2595 et
1087 2540 1142 2594 in
1168 2536 1388 2608 ﬂagellis
1415 2534 1605 2589 delicta
1631 2546 1836 2587 eorum.
1864 2530 2014 2585 Mise-

439 2638 724 2695 ricordiam
762 2648 891 2690 vero
927 2645 1101 2687 meam
1141 2644 1246 2683 non
1282 2627 1579 2697 dispergam
1620 2622 1687 2677 ab
1723 2637 1811 2686 eo,
1840 2634 2013 2690 neque

439 2730 642 2787 nocebo
660 2729 689 2797 χ’
720 2727 773 2781 in
797 2725 1017 2782 veritate
1037 2735 1153 2777 mea
1183 2737 1196 2773 :
1225 2732 1394 2789 neque
1415 2715 1707 2787 profanabo
1729 2723 2015 2770 testamen-

441 2830 551 2877 tum
581 2832 757 2875 meum
777 2833 792 2882 ;
820 2824 873 2872 et
901 2828 1019 2884 qua:
1040 2809 1331 2881 procedunt
1353 2807 1421 2862 de
1444 2806 1597 2863 labiis
1619 2805 1773 2871 meis,
1797 2821 1901 2859 non
1932 2821 2014 2860 re-

441 2884 695 2982 probabo.
730 2927 750 2961 ι
791 2907 1033 2977 Magnum
1071 2903 1463 2958 ﬁrmamentum
1507 2897 1872 2979 promissionis
1900 2897 2011 2951 Dei.

441 2982 557 3071 Filii
588 3000 744 3071 hujus
771 2997 956 3062 David,
981 2995 1074 3048 ﬁlii
1099 3002 1222 3050 sunt
1246 2993 1427 3063 sponsi
1458 3008 1472 3044 :
1501 3005 1688 3043 omnes
1714 3004 1841 3058 ergo
1866 2986 2017 3042 Chri-

443 3093 621 3164 stiani,
667 3090 761 3146 ﬁlii
801 3089 918 3158 ejus
954 3087 1222 3143 dicuntur.
1268 3081 1486 3137 Multum
1528 3088 1611 3135 est
1652 3089 1829 3133 autem
1873 3080 2014 3149 quod

447 3183 706 3255 promittit
747 3182 908 3246 Deus,
932 3178 1053 3248 quia
1095 3175 1155 3231 Si
1178 3172 1481 3236 Christiani,
1512 3171 1613 3225 hoc
1640 3178 1741 3234 est,
1772 3169 1867 3237 ﬁlii
1897 3167 2015 3235 ejus

389 3274 393 3281 “
441 3274 808 3346 dercliquerint,
855 3270 1045 3339 inquit,
1075 3268 1230 3337 legem
1259 3280 1456 3328 meam,
1499 3271 1544 3316 et
1580 3262 1633 3315 in
1652 3261 1862 3333 judiciis
1895 3261 2017 3315 meis

441 3382 542 3420 non
572 3354 966 3421 ainbulaverint;
992 3358 1035 3411 si
1045 3354 1437 3428 justiﬁcationes
1456 3369 1593 3407 meas
1618 3351 2012 3422 profanaverint,

440 3437 490 3511 et
511 3452 751 3508 mandata
769 3465 881 3502 mea
905 3464 1005 3501 non
1028 3444 1388 3508 custodierint;
1415 3458 1520 3496 non
1543 3449 1879 3497 contemnam
1902 3455 2012 3505 eos,

443 3562 615 3616 neque
643 3549 694 3599 in
720 3540 1018 3614 perditione
1040 3537 1301 3592 dimittam
1332 3549 1426 3591 eos
1454 3553 1468 3589 :
1496 3532 1591 3589 sed
1629 3533 1751 3603 quid
1786 3530 2018 3587 faciam?

455 3637 680 3691 Visitabo
738 3634 792 3687 in
851 3632 993 3701 virga
1030 3628 1319 3698 iniquitates
1364 3641 1566 3691 eorum,
1614 3634 1661 3677 et
1701 3624 1753 3677 in
1804 3622 2020 3694 ﬂagellis

442 3728 624 3783 delicta
676 3739 870 3783 eorum.
924 3721 1041 3777 Non
1088 3733 1215 3789 ergo
1245 3726 1445 3772 tantum
1504 3712 1867 3773 misericordia
1920 3728 2016 3768 vo-

447 3821 618 3874 cantis
644 3826 745 3882 est,
773 3813 867 3870 sed
894 3821 948 3868 et
970 3808 1302 3868 verberantis
1330 3817 1384 3864 et
1403 3807 1733 3878 ﬁagellantis.
1768 3804 1850 3860 Sit
1872 3804 1893 3836 ³
1924 3805 2021 3859 ita-

448 3927 554 3983 que
584 3923 773 3966 manus
794 3916 1013 3978 paterna
1035 3919 1193 3974 super
1214 3913 1286 3964 te,
1309 3909 1364 3956 et
1388 3901 1434 3955 si
1456 3900 1594 3954 ﬁlius
1615 3898 1784 3953 bonus
1802 3892 1889 3961 es,
1911 3897 2020 3951 noli

445 4004 708 4075 repellere
728 3999 1060 4070 disciplinam
1084 4014 1097 4051 :
1126 3996 1243 4065 quis
1265 4004 1348 4050 est
1363 3993 1504 4049 enim
1526 3990 1682 4055 ﬁlius,
1703 3992 1911 4045 cuinon
1932 3989 2022 4044 dat

449 4096 780 4167 disciplinam
802 4101 951 4163 pater
971 4089 1123 4160 ejus?
1150 4089 1247 4143 Det
1276 4086 1630 4157 disciplinam,
1649 4084 1773 4147 dum
1797 4100 1901 4139 non
1930 4098 2025 4137 au-

449 4165 1057 4261 feratﬁmisericordiam;
1081 4181 1250 4238 cmdat
1278 4190 1668 4240 contumacem,
1693 4176 1818 4230 dum
1846 4186 2023 4230 tamen

454 4279 644 4336 reddat
688 4276 1074 4331 haereditatcm.
1130 4271 1211 4326 Tu
1267 4271 1311 4324 si
1365 4269 1623 4339 promissa
1681 4268 1853 4336 patris.
1889 4267 2024 4323 bene

453 4369 746 4445 agnovisti,
794 4381 899 4421 non
944 4365 1131 4419 timeas
1170 4360 1459 4431 ﬂagellari,
1505 4358 1598 4413 sed
1645 4357 2020 4413 exhzeredari:

451 4475 609 4530 quem
645 4458 787 4513 enim
814 4454 982 4524 diligit
1010 4452 1278 4516 Dominus,
1317 4449 1565 4519 corripit;
1596 4447 1826 4521 ﬂagellat
1848 4458 2023 4503 autem

452 4547 858 4610 omnem.ﬁlium
884 4560 1043 4615 quem
1071 4543 1258 4613 recipit
1288 4539 1466 4614 (Hebr.
1497 4557 1610 4609 xu,
1637 4543 1782 4612 5-7).
1826 4543 2024 4602 Pecca-

452 4652 540 4697 tor
557 4640 696 4696 ﬁlius
715 4638 1026 4708 dedignatur
1046 4634 1319 4705 flagellari,
1341 4648 1461 4688 cum
1487 4632 1601 4688 sine
1619 4641 1833 4703 peccato
1853 4633 2027 4689 videat

453 4731 680 4791 Unicum
721 4726 1079 4799 ﬂagellatum?
1119 4725 1338 4780 Visitabo
1365 4739 1514 4795 ergo,
1552 4724 1645 4790 ait,
1684 4725 1735 4778 in
1760 4725 1897 4797 uirga
1923 4726 2026 4780 ini-

454 4823 669 4891 quitates
696 4834 890 4875 eorum.
927 4816 1016 4874 Sic
1056 4825 1111 4872 et
1150 4817 1432 4885 Apostolus
1465 4816 1817 4871 comminatur
1845 4834 1858 4866 :
1892 4815 2028 4880 Quid

460 4914 604 4967 cultis
623 4910 649 4967 .9
667 4910 721 4965 in
743 4908 882 4980 virga
908 4907 1101 4963 veniam
1125 4907 1193 4963 ad
1219 4922 1303 4961 vos
1324 4906 1369 4975 (l
1399 4903 1516 4962 Car.
1550 4922 1621 4972 IV,
1641 4906 1774 4977 Si)?
1797 4905 1948 4961 Absit
1972 4916 2029 4961 ut

453 5006 693 5061 dicerent
709 5000 781 5073 pii
810 5000 921 5065 ﬁlii,
947 4999 1003 5055 Si
1022 5014 1140 5053 cum
1160 4999 1302 5067 virga
1327 5009 1577 5053 venturus
1596 5013 1674 5063 es,
1694 4998 1801 5052 noli
1823 4998 2024 5055 venire.

452 5096 638 5179 Melius
666 5101 750 5149 est
772 5091 914 5147 enim
939 5089 1136 5146 erudiri
1159 5090 1211 5143 in
1237 5090 1380 5159 virga
1413 5089 1596 5160 patris,
1624 5104 1780 5159 quam
1804 5090 1855 5143 in
1879 5090 2028 5145 blan-

514 5212 531 5240 ι
565 5217 686 5259 Tres
718 5213 844 5265 Mss,
877 5217 1042 5255 sensus
1279 5216 1297 5254 :
1322 5212 1375 5253 et
1394 5203 1536 5267 paulo
1557 5215 1681 5267 p03t,
1703 5210 1756 5267 et,
1790 5204 1957 5267 refecti
1996 5218 2028 5255 a

450 5268 553 5319 cibo
573 5270 745 5330 redite.
772 5263 945 5330 Regius
968 5273 1066 5325 Ms.,
1088 5278 1133 5330 _a
1298 5263 1486 5330 :_atque
1524 5263 1651 5313 idem
1673 5266 1823 5315 codex
1846 5263 2026 5330 aliique

451 5330 623 5397 plures
635 5329 816 5397 addunt
838 5326 1099 5397 z't‘om'ersi
1113 5328 1178 5377 ad
1206 5326 1472 5397 gentilium.
1497 5386 1507 5397 .

513 5393 533 5453 τ
564 5392 678 5453 ωδ,
703 5392 793 5441 hoc
814 5398 998 5442 tantum
1039 5389 1142 5439 loco
1163 5388 1422 5444 addebant,
1459 5386 1547 5453 eis,
1583 5386 1679 5445 vel,
1705 5400 1782 5436 eos
1806 5400 1824 5437 :
1847 5389 1974 5451 quod
1998 5402 2027 5439 a

449 5450 698 5521 plerisque
721 5459 826 5521 Mss.
847 5459 906 5521 et
925 5463 955 5502 a
986 5459 1094 5501 LXX
1111 5453 1273 5521 abest.
1288 5477 1349 5487 --
1363 5450 1505 5521 Paulo
1546 5462 1707 5521 supra,
1733 5463 1818 5521 pro
1834 5486 1848 5510 ,
1866 5450 1931 5521 ’ao
1953 5466 2025 5511 co,

451 5511 499 5576 in
520 5519 566 5569 Β,
583 5511 644 5560 ab
653 5511 740 5571 eis,
754 5515 970 5576 subjecta
982 5521 1094 5564 nota
1110 5514 1158 5562 in
1170 5513 1297 5563 hunc
1319 5512 1508 5576 modum
1524 5525 1535 5576 ς
1559 5511 2022 5576 ιιέυνιριοεερηίιιιιη,

452 5573 597 5633 abeo,
622 5586 768 5638 quam
798 5573 1056 5638 lectionem
1086 5582 1255 5638 postea
1284 5573 1567 5636 eXplicando
1600 5573 1814 5637 praefert,
1846 5583 1897 5624 et
1926 5577 2027 5625 vul-

452 5632 805 5698 garemg'fuisSe
833 5632 1133 5698 signiﬁth
1203 5643 1261 5685 nt.

516 5696 537 5726 ⁸
569 5693 753 5749 Aliquot
777 5693 901 5752 uss;
924 5695 983 5745 εἰ.
1190 5744 1197 5751 ,

518 5758 591 5819 (a)
629 5756 820 5807 Habitus
847 5756 1020 5807 eodem
1033 5757 1113 5808 die
1138 5770 1247 5808 cum
1269 5759 1507 5821 superiori
1530 5773 1776 5809 sermone.

1713 296 1768 354 S.
1811 292 2169 353 AUGUSTlNl
2210 292 2507 349 EPISCOPI

3552 291 3683 345 1152

2114 404 2349 460 dimcnto
2381 406 2550 474 perire
2574 403 2853 474 praedonis.

2183 498 2234 552 5.
2289 496 2525 560 l’isilabo,
2562 497 2746 566 inquit,
2778 477 2830 550 in
2858 497 2997 567 virga
3024 495 3311 565 iniquitates
3339 509 3531 558 eorum,
3561 504 3607 546 et
3637 496 3689 547 in

2112 588 2327 658 ﬂagellis
2366 589 2545 641 delicta
2579 604 2768 641 eorum.
2812 586 3212 659 Misericordiam
3253 602 3365 640 vero
3401 602 3561 638 meam
3590 602 3690 638 non

2112 679 2396 750 dispergam
2420 680 2482 732 ab
2505 695 2581 732 eo.
2616 681 2657 732 Α
2686 680 2827 749 quo?
2855 680 2935 734 Ab
2964 679 3052 733 illo
3077 678 3280 733 scilicet
3310 677 3474 732 David
3505 677 3589 731 cui
3619 688 3690 731 ta-

2113 771 2181 825 lia
2206 773 2441 843 promisi,
2475 788 2631 841 quem
2660 772 2784 825 tntxi
2811 772 2861 825 in
2887 773 3007 826 oleo
3035 781 3221 825 sancto
3248 785 3367 825 meo
3391 785 3499 840 pra:
3525 771 3692 843 parti,-

2112 863 2315 932 cipibus
2341 864 2448 916 suis
2473 861 2641 935 (Psal.
2671 878 2809 926 κων,
2833 862 2910 931 8).
2939 861 3237 931 Agnoscitis
3253 876 3375 914 eum
3403 878 3433 914 a
3461 876 3565 931 quo
3585 876 3691 915 non

2112 954 2379 1025 diSperget
2422 956 2560 1010 Deus
2602 954 3015 1009 misericordiam
3062 953 3251 1007 suam?
3279 952 3355 1008 Ne
3401 953 3517 1024 quis
3557 952 3693 1008 forte

2113 1046 2369 1102 sollicitus
2403 1045 2563 1114 dicat,
2595 1045 3033 1117 Quandoquidem
3059 1044 3327 1100 Christum
3356 1045 3501 1112 dicit,
3532 1060 3560 1098 a
3585 1059 3691 1115 quo

2113 1151 2172 1191 se
2192 1137 2605 1193 miscricordiam
2632 1152 2779 1191 suam
2816 1154 2920 1191 non
2951 1137 3312 1206 dispersurum
3338 1151 3459 1193 esse
3493 1138 3694 1191 contir-

2113 1240 2240 1297 mat,
2271 1230 2396 1301 quid
2440 1242 2565 1300 ergo
2597 1230 2875 1300 peccator?
2912 1228 3173 1299 Numquid
3213 1229 3353 1283 enim
3393 1220 3513 1284 hoc.
3536 1230 3691 1297 dixit,

2112 1319 2521 1375 Misericordiam
2562 1330 2736 1375 autem
2783 1335 2953 1374 meam
3000 1334 3104 1374 non
3144 1319 3439 1390 dispergam
3480 1319 3547 1374 ab
3575 1312 3715 1374 eisi

2122 1410 2364 1480 Visitabo,
2392 1412 2579 1483 inquit,
2608 1413 2661 1466 in
2683 1413 2822 1483 virga
2842 1411 3127 1488 iniquitates
3150 1428 3342 1479 eorum,
3372 1421 3418 1465 et
3436 1412 3488 1466 in
3508 1411 3689 1481 ﬂagel-

2114 1509 2177 1562 lis
2206 1509 2386 1563 delicta
2415 1525 2606 1562 eorum.
2649 1507 3004 1577 Exspectabas
3045 1506 3111 1560 ad
3144 1506 3482 1561 securitatem
3524 1515 3688 1568 tuam,

2107 1600 2516 1656 Misericordiam
2541 1616 2653 1655 vero
2674 1617 2834 1654 nteant
2852 1616 2952 1654 non
2973 1599 3259 1670 dispergam
3280 1598 3340 1652 ab
3361 1600 3469 1653 eis.
3488 1599 3551 1653 Et
3575 1601 3694 1669 qui-

2112 1688 2232 1744 dem
2250 1689 2353 1745 hoc
2366 1690 2602 1745 nonnulli
2615 1690 2824 1746 codices
2842 1690 3055 1757 habent,
3071 1689 3161 1744 sed
3181 1690 3565 1745 emendatiores
3585 1707 3689 1744 non

2114 1782 2310 1839 habent
2336 1802 2348 1837 :
2382 1796 2556 1839 tamen
2584 1793 2638 1840 et
2665 1785 2753 1854 qui
2781 1784 2879 1839 hoc
2900 1782 3114 1842 habent.
3145 1782 3271 1837 nihil
3301 1782 3368 1837 ab
3392 1794 3451 1851 re
3471 1782 3687 1838 habent.

2113 1875 2390 1943 Quomodo
2409 1878 2548 1931 enim
2566 1891 2595 1929 a
2616 1875 2825 1931 Christo
2842 1874 3254 1930 misericordiam
3282 1888 3428 1928 suam
3450 1889 3552 1928 non
3576 1874 3691 1927 dis-

2113 1969 2322 2040 pergit?
2341 1968 2602 2038 Numquid
2630 1968 2743 2038 ipse
2763 1967 3003 2022 Salvator
3023 1966 3259 2037 corporis
3275 1966 3356 2021 vel
3376 1966 3428 2019 in
3445 1974 3581 2021 terra
3607 1966 3693 2020 vel

2114 2059 2167 2114 in
2195 2059 2332 2116 cmlo
2371 2060 2639 2130 peccavit;
2667 2059 2756 2129 qui
2795 2058 2945 2113 sedet
2972 2057 3037 2112 ad
3065 2057 3337 2113 dexteram
3360 2057 3493 2128 ejus,
3525 2066 3581 2112 et
3604 2057 3689 2111 in—

2114 2152 2358 2222 terpellat
2375 2166 2470 2223 pro
2500 2151 2651 2237 n‘obis
2675 2144 2849 2226 (Rom.
2876 2167 2982 2216 vnt,
3009 2149 3135 2221 54)?
3159 2150 3205 2205 Α
3229 2148 3438 2204 Christo
3466 2158 3643 2203 tamen
3673 2166 3688 2203 :

2114 2244 2207 2299 sed
2232 2260 2261 2298 a
2286 2244 2537 2299 membris
2565 2245 2701 2315 ejus,
2728 2258 2758 2297 a
2777 2258 3000 2313 corpore
3022 2242 3135 2313 ejus
3160 2242 3296 2312 quod
3324 2251 3404 2297 est
3434 2240 3687 2296 Ecclesia.

2115 2334 2375 2403 Sic_enim
2408 2351 2504 2405 pro
2532 2352 2725 2406 magno
2748 2320 2878 2391 dicit
2907 2336 3047 2406 quod
3084 2336 3152 2389 ab
3177 2336 3267 2389 illo
3292 2351 3395 2390 non
3421 2335 3693 2404 dispergat

2114 2426 2529 2483 misericordiam
2557 2442 2726 2490 suam,
2750 2427 2898 2497 quasi
2923 2443 3026 2481 non
3049 2427 3380 2497 agnoscimus
3403 2425 3420 2457 ¹
3449 2426 3691 2496 unigeni-

2114 2528 2225 2574 tum
2250 2519 2439 2574 Filium
2468 2518 2556 2589 qui
2587 2528 2668 2572 est
2692 2519 2743 2573 in
2772 2518 2893 2575 sinu
2918 2518 3086 2573 Patris
3114 2536 3128 2573 :
3157 2533 3259 2571 non
3286 2517 3425 2572 enim
3454 2531 3549 2585 pro
3571 2532 3692 2585 per-

2115 2626 2243 2665 sona
2287 2625 2381 2664 sua
2422 2610 2492 2663 ibi
2520 2618 2855 2679 computatur
2881 2609 3039 2663 homo
3059 2649 3074 2674 ,
3105 2608 3196 2663 sed
3230 2624 3331 2661 una
3360 2622 3579 2677 persona
3608 2615 3694 2661 est

2115 2704 2253 2759 Deus
2268 2712 2322 2757 et
2340 2702 2520 2756 homo.
2548 2702 2686 2771 Ergo
2706 2701 2773 2755 ab
2788 2716 2853 2755 eo
2878 2716 2979 2754 non
3001 2700 3226 2771 dispergi
3234 2710 3250 2755 t
3272 2699 3690 2765 misericordiam

2116 2811 2289 2861 suam,
2332 2809 2450 2849 cum
2477 2809 2508 2848 a
2534 2793 2788 2848 membris
2812 2791 2948 2863 ejus,
2985 2807 3102 2847 cum
3131 2807 3159 2845 a
3190 2807 3413 2862 corpore
3441 2792 3554 2862 ejus
3582 2807 3691 2847 non

2116 2886 2370 2956 dispergit
2391 2884 2805 2940 misericordiam
2837 2898 3008 2949 suum,
3048 2884 3099 2937 in
3130 2898 3234 2952 quo
3255 2892 3307 2937 et
3334 2884 3447 2952 ipse
3472 2883 3522 2937 in
3549 2892 3692 2938 terra

2115 2978 2514 3047 persecutiones
2536 2975 2847 3046 patiebatur,
2866 2976 3105 3045 cumjam
3129 2974 3340 3030 sederet
3363 2975 3414 3030 in
3439 2976 3603 3042 caelo;
3635 2985 3695 3030 et

2105 3069 2185 3125 de
2203 3068 2340 3124 cmlo
2359 3067 2639 3134 clamabat,
2666 3067 2842 3133 Saule,
2869 3067 3045 3133 Saule,
3065 3084 3191 3134 non,
3207 3067 3341 3136 Quid
3360 3069 3692 3140 persequeris

2118 3174 2300 3214 servos
2316 3143 2490 3225 meos;
2510 3175 2634 3226 non,
2647 3159 2782 3228 Quid
2795 3160 3125 3230 persequeris
3142 3170 3353 3216 sanctos
3369 3176 3545 3228 meos;
3562 3177 3690 3225 non,

2118 3250 2250 3319 Quid
2273 3252 2605 3320 persequeris
2625 3250 2913 3320 discipulos
2934 3267 3081 3307 meos
3110 3271 3124 3307 :
3146 3252 3261 3320 sed,
3283 3252 3419 3321 Quid
3438 3271 3517 3307 me
3536 3270 3699 3324 perse-

2118 3341 2281 3412 queris
2303 3338 2437 3413 (Act.
2468 3357 2542 3405 ix,
2569 3340 2664 3411 4)?
2690 3341 2835 3396 Sicut
2855 3357 2981 3413 ergo
3003 3385 3018 3410 ,
3049 3358 3168 3398 cum
3192 3360 3311 3397 eum
3342 3342 3614 3416 sedentem
3641 3344 3695 3400 in

2120 3433 2255 3487 ccelo
2277 3447 2433 3487 nemo
2451 3422 2880 3503 persequeretur,
2901 3435 3164 3501 clamavit,
3188 3434 3324 3501 Quid
3344 3453 3420 3491 me
3436 3453 3701 3506 perseque-

2120 3524 2190 3578 ris
2205 3526 2231 3578 Ρ
2250 3540 2368 3598 enm
2397 3535 2553 3594 caput
2570 3525 2805 3580 membra
2827 3541 2920 3581 sua
2937 3536 3299 3597 cognosceret,
3318 3537 3373 3583 et
3397 3543 3427 3581 a
3444 3543 3702 3598 compage

2120 3614 2357 3685 corporis
2400 3617 2481 3669 sui
2520 3626 2677 3685 caput
2703 3616 2932 3672 charitas
2979 3632 3082 3682 non
3110 3627 3422 3688 separaret:
3450 3619 3548 3685 sic,
3576 3633 3698 3674 cum

2123 3704 2539 3760 misericordiam
2563 3721 2713 3760 suam
2744 3721 2847 3760 non
2869 3706 3123 3777 dispergit
3147 3708 3327 3774 abeo,
3348 3712 3381 3761 ’a
3411 3708 3567 3763 nobis
3592 3708 3703 3764 uti-

2122 3812 2224 3866 que
2248 3811 2351 3851 n0u
2374 3796 2649 3868 diSpergit,
2690 3798 2778 3866 qui
2805 3786 2988 3852 sumus
3015 3798 3253 3853 membra
3279 3798 3390 3869 ejus
3419 3807 3474 3855 et
3501 3814 3701 3871 corpus

2123 3888 2259 3957 ejus.
2314 3887 2425 3944 Nec
2471 3889 2592 3944 ideo
2642 3898 2817 3943 tamen
2853 3887 3111 3945 debemus
3147 3892 3316 3945 securi
3360 3905 3604 3960 peccare,
3646 3902 3703 3946 et

2124 3994 2372 4050 perverse
2402 3981 2554 4036 nobis
2578 3980 2813 4051 polliceri
2837 3982 3087 4051 quoniam
3115 3982 3368 4053 quidquid
3396 3984 3696 4049 fecerimus,

2124 4085 2229 4124 non
2257 4070 2507 4139 perimus.
2554 4072 2689 4126 Sunt
2713 4071 2856 4126 enim
2875 4071 3114 4141 quzcdam
3140 4083 3353 4144 peccata
3378 4084 3432 4130 et
3456 4074 3697 4145 quaedam

2125 4160 2426 4230 iniquitates
2447 4162 2513 4216 de
2538 4162 2729 4233 quibus
2758 4163 2968 4233 quidem
2994 4164 3256 4221 disserere
3292 4176 3448 4236 atque
3474 4166 3699 4224 definire

2125 4259 2217 4304 aut
2246 4251 2570 4321 impossibile
2598 4253 2751 4307 nobis
2774 4262 2874 4319 est,
2910 4264 3001 4309 aut
3020 4301 3033 4319 ,
3058 4257 3102 4310 si
3124 4255 3236 4326 jam
3263 4267 3405 4312 esset
3425 4258 3699 4328 possibile,

2126 4350 2268 4395 certe
2295 4343 2519 4410 tempori
2546 4342 2757 4413 longum
2785 4353 2946 4400 esset.
2968 4344 3134 4400 Nemo
3159 4345 3298 4401 enim
3328 4355 3502 4416 potest
3522 4349 3705 4405 dicere

2127 4447 2245 4488 esse
2272 4448 2330 4487 se
2372 4434 2486 4487 sine
2521 4445 2770 4502 peccato;
2796 4437 2920 4511 quia
2949 4437 2993 4490 si
3031 4436 3254 4502 dixerit,
3283 4439 3566 4493 mentietur
3597 4459 3610 4494 :
3641 4441 3705 4496 Si

2128 4525 2270 4580 enim
2298 4524 2569 4579 dixerimus
2596 4526 2713 4598 quia
2740 4536 2997 4596 peccatum
3021 4545 3121 4582 non
3148 4527 3382 4583 habemus
3405 4571 3421 4595 ,
3450 4546 3541 4584 nos
3565 4532 3703 4601 ipsos

2128 4618 2428 4684 scducimus,
2465 4628 2511 4671 et
2537 4620 2717 4673 ueritas
2758 4619 2812 4685 in
2839 4621 2978 4674 nobis
3002 4637 3103 4675 non
3142 4630 3213 4675 est
3250 4620 3270 4691 (
3293 4621 3312 4676 1
3338 4619 3494 4676 Ῑοαη.
3539 4626 3591 4689 1,
3617 4624 3703 4695 8).

2130 4708 2269 4779 Ergo
2298 4710 2653 4779 unusquisque
2684 4726 2778 4780 pro
2803 4712 3029 4778 peccatis
3058 4712 3166 4766 suis
3196 4716 3494 4769 necessario
3521 4716 3706 4785 ﬂagel-

2128 4785 2300 4865 latur;
2333 4800 2426 4855 sed
2452 4801 2518 4855 ab
2543 4816 2626 4864 eo,
2660 4801 2703 4855 si
2743 4802 3059 4859 christianus
3086 4813 3188 4868 est,
3221 4805 3313 4860 Dei
3340 4806 3704 4865 misericordia

2131 4907 2236 4945 non
2260 4891 2596 4963 dispergitur.
2643 4891 2807 4947 Plane
2835 4893 2881 4947 si
2917 4894 2970 4948 in
3001 4902 3173 4949 tantas
3211 4895 3335 4950 ieris
3375 4897 3703 4969 iniquitates,

2131 4992 2189 5036 ut
2229 4984 2454 5052 repellas
2483 4999 2511 5037 a
2538 4993 2592 5037 te
2620 4984 2819 5055 virgam
2845 4986 3175 5041 verberantis
3194 5029 3208 5051 ,
3239 4988 3283 5042 si
3327 4990 3554 5059 repellas
3585 5008 3707 5046 ma-

2132 5088 2255 5127 num
2284 5073 2618 5142 ﬂagellantis,
2642 5084 2694 5129 et
2712 5075 2779 5130 de
2794 5075 3069 5145 disciplina
3092 5077 3186 5133 Dei
3208 5078 3516 5149 indigneris,
3538 5091 3594 5137 et
3621 5083 3709 5138 fu-

2130 5165 2243 5235 gias
2268 5179 2298 5219 a
2322 5164 2480 5220 Patre
2506 5166 2763 5233 cardcute,
2792 5176 2846 5222 et
2874 5168 3009 5222 nolis
3030 5185 3148 5223 eum
3177 5179 3380 5240 patrem
3409 5173 3513 5243 pati
3536 5214 3550 5237 ,
3578 5176 3706 5243 quia

2132 5272 2238 5311 non
2278 5256 2444 5331 parcit
2484 5259 2756 5325 peccanti;
2790 5267 2844 5313 tu
2876 5268 2927 5315 te
2953 5259 3196 5315 alicnasti
3225 5262 3246 5293 ⁸
3272 5262 3339 5317 ab
3369 5262 3703 5331 luereditate,

2132 5348 2244 5418 ipse
2271 5358 2322 5403 te
2346 5365 2450 5403 non
2476 5348 2667 5419 abjecit
2698 5367 2712 5404 :
2751 5366 2871 5404 nam
2902 5353 2947 5406 si
2983 5366 3226 5407 maneres
3255 5352 3565 5425 flagellatus,
3597 5372 3706 5413 non

2132 5456 2433 5497 rctnancres
2478 5441 2862 5498 exhteredatus.
2896 5443 3297 5500 Misericordiam
3332 5462 3469 5513 vero,
3511 5447 3704 5523 inquit,

2194 5576 2212 5607 ¹
2246 5575 2318 5623 Sic
2330 5573 2557 5641 stsstdd.
2572 5588 3035 5641 vero,agnoscamus
3050 5591 3133 5628 :ac
3155 5578 3293 5640 paulo
3316 5585 3420 5639 post
3441 5577 3707 5641 habebant,

2131 5642 2432 5702 comparatur
2449 5634 2614 5695 homo;
2640 5630 2719 5685 ubi
2746 5630 2806 5687 ex
2842 5639 3079 5691 nonnullis
3103 5630 3293 5702 uls-litua:
3316 5630 3451 5690 'notte
3487 5649 3591 5691 Mss.
3626 5630 3707 5692 re;

2134 5700 2366 5762 ponimus,
2395 5704 2707 5762 computatur.

2198 5763 2216 5790 ³
2249 5766 2426 5808 ποι-ναν.
2448 5766 2548 5819 Ms,
2573 5759 2768 5811 alienas.
