4024 6210
312 331 439 386 i135

308 460 460 498 meam
510 459 613 496 non
650 442 936 514 dispergam
964 443 1022 497 ab
1062 460 1137 507 eo,
1172 460 1328 513 neque
1367 440 1549 493 nocrbo
1581 439 1630 491 in
1671 436 1874 490 ueritate

306 556 429 591 mea.
457 535 537 590 Ad
564 538 667 591 hoc
691 537 836 592 enim
858 554 962 591 non
990 536 1322 607 dispergetur
1350 531 1708 588 misericordia
1740 529 1872 584 libe-

308 628 479 693 rantis,
508 644 577 683 ne
606 637 795 683 noceat
816 628 1009 684 veritas
1029 627 1359 681 viudicautis.

373 721 422 775 4.
451 720 632 790 Neque
652 719 933 792 profanabo
958 727 1306 775 testamentum
1324 735 1522 783 meum;
1550 727 1594 770 et
1623 731 1735 784 qua!
1754 730 1872 785 pro-

306 813 478 867 cedunt
504 811 568 865 de
592 811 740 865 labiis
761 812 883 865 meis
905 828 1004 865 non
1025 810 1317 879 reprobabo.
1345 808 1458 862 Non
1490 808 1611 878 quia
1639 805 1726 859 lilii
1755 804 1872 873 ejus

305 915 540 975 peccant,
576 905 698 960 ideo
723 920 822 975 ego
849 903 1078 959 mendax
1108 902 1350 957 inveniar
1382 919 1395 953 :
1429 898 1678 970 promisi,
1708 896 1867 953 facio.

301 1000 319 1009 ⁹
339 1016 440 1053 one
465 1000 586 1069 quia
627 997 813 1051 volunt
839 996 913 1050 illi
953 996 1112 1050 etiam
1142 1008 1263 1051 cum
1289 991 1658 1061 desperatione
1678 1004 1868 1059 pecca-

299 1106 373 1153 re,
403 1100 457 1143 et
476 1090 556 1144 sic
582 1088 660 1143 ire
683 1087 904 1141 omnino
930 1086 981 1139 iu
1011 1094 1250 1155 peccata,
1281 1090 1339 1137 ut
1375 1080 1647 1137 odendant
1684 1080 1869 1136 oculos

304 1181 473 1236 Patris
497 1222 512 1245 ,
568 1189 625 1234 et
661 1166 993 1234 exhaeredari
1025 1182 1360 1240 mereantur;
1414 1187 1592 1228 nonne
1632 1172 1745 1242 ipse
1786 1180 1870 1226 est

298 1275 434 1327 Deus
456 1273 524 1327 de
552 1287 659 1342 quo
686 1271 886 1333 dictum
910 1277 992 1324 est
1026 1286 1039 1321 :
1070 1266 1150 1322 De
1170 1264 1424 1335 lapidibus
1451 1265 1563 1318 istis
1610 1261 1868 1318 suscitabit

298 1364 429 1429 ﬁlios
454 1362 674 1415 arm/ia:
694 1342 910 1431 (Μαιίιι.
939 1374 1016 1425 ιιι,
1042 1355 1145 1427 9)?
1174 1356 1355 1425 Itaque
1393 1354 1514 1409 dico
1554 1354 1724 1416 vobis,
1758 1354 1873 1419 rra-,

297 1468 396 1510 tres
427 1474 439 1506 :
473 1454 626 1507 multi
651 1452 922 1507 christiani
958 1449 1300 1527 tolerabiliter
1321 1454 1563 1517 peccant,
1592 1444 1742 1499 multi
1773 1444 1869 1498 lla-

294 1548 430 1618 gt'liO
448 1564 477 1601 a
507 1555 728 1616 peccato
753 1545 1109 1615 corriguntur,
1136 1552 1189 1597 et
1209 1540 1578 1605 emendantur,
1601 1547 1654 1594 et
1674 1553 1866 1592 sanan-

296 1652 406 1698 tur:
441 1639 595 1694 multi
644 1637 864 1691 omnino
908 1634 1099 1699 aversi,
1128 1631 1260 1688 dura
1310 1631 1519 1687 cervice
1565 1629 1865 1684 obnitentes

294 1734 542 1787 adversus
571 1730 906 1800 disciplinam
962 1727 1152 1791 Patris,
1202 1733 1257 1781 et
1320 1724 1488 1794 ipsam
1520 1721 1739 1777 omnino
1771 1718 1865 1774 Dei

296 1824 661 1895 paternitatem
702 1823 719 1853 ¹
746 1829 1055 1885 recusantes
1083 1860 1099 1885 ,
1140 1817 1397 1871 habentes
1430 1826 1604 1870 tamen
1653 1813 1863 1883 signum

294 1905 500 1979 Christi,
542 1922 672 1967 eunt
699 1912 751 1965 in
782 1911 914 1965 tales
960 1908 1296 1979 iniquitates,
1324 1915 1381 1961 ut
1410 1920 1515 1960 non
1548 1903 1713 1975 possit
1760 1902 1863 1957 nisi

294 2006 495 2062 recitari
528 2013 718 2062 contra
749 2018 863 2067 eos,
901 2003 1151 2071 Quoniam
1178 2002 1266 2073 qui
1292 2001 1415 2054 talia
1450 2007 1629 2071 agunt,
1653 2014 1863 2069 regnum

292 2101 377 2153 Dei
416 2115 520 2152 non
572 2096 893 2169 possidebunt
931 2093 1123 2167 (Galat.
1148 2109 1202 2159 ν,
1230 2092 1343 2163 21).
1372 2090 1486 2147 Non
1517 2101 1693 2146 tamen
1739 2103 1864 2160 pro-

292 2202 400 2261 pter
434 2190 538 2244 hos
580 2188 878 2244 remanebit
922 2186 1164 2243 Christus
1211 2187 1328 2240 sine
1372 2183 1722 2239 hereditate:
1756 2197 1861 2237 non

291 2293 503 2355 propter
516 2282 725 2353 paleam
754 2281 911 2336 etiam
938 2279 1202 2335 frumenta
1223 2276 1517 2332 interibunt
1537 2276 1749 2346 (Matth.
1782 2291 1856 2342 ιιι,

293 2377 408 2451 ig);
464 2391 574 2431 non
614 2383 839 2446 propter
863 2372 1039 2443 pisces
1068 2370 1236 2425 malos
1263 2369 1395 2424 nihil
1425 2384 1491 2422 ex
1530 2368 1615 2422 illa
1667 2383 1860 2439 sagena

288 2469 523 2523 mittetur
551 2466 605 2521 in
629 2464 843 2521 vaseula
867 2463 886 2534 (
912 2462 999 2519 Id.
1026 2466 1140 2528 xm,
1171 2461 1259 2525 47,
1282 2459 1394 2531 48).
1425 2459 1580 2514 Novit
1607 2459 1862 2514 Dominus

287 2562 370 2633 qui
402 2570 531 2615 sunt
554 2560 673 2629 ejus
702 2558 771 2629 (ll
816 2556 945 2611 Tim.
995 2570 1051 2623 ιι,
1082 2555 1198 2625 l9).
1230 2552 1463 2609 Securus
1487 2553 1628 2607 enim
1658 2553 1859 2623 promi-
1896 2604 1899 2611 ,

287 2655 369 2720 sit,
397 2654 493 2724 qui
540 2666 640 2707 nos
669 2659 954 2720 antequam
981 2661 1226 2703 essemus
1250 2645 1645 2717 praedestinavit
1678 2664 1692 2700 :
1724 2646 1861 2712 Quos

285 2756 448 2801 autem
466 2742 863 2815 prwdestinavit,
895 2742 1010 2797 illos
1036 2749 1084 2796 et
1113 2740 1300 2794 vocavit
1315 2756 1336 2805 ;
1365 2755 1486 2809 quos
1514 2748 1681 2792 autem
1708 2753 1861 2793 voca-

285 2838 376 2903 eit,
420 2837 543 2892 illos
576 2844 627 2890 et
660 2833 999 2907 justiﬁcavit;
1038 2848 1163 2902 quos
1189 2842 1358 2885 autem
1376 2830 1701 2901 justiﬁcavit,
1744 2829 1861 2885 iilos

282 2941 325 2984 et
367 2928 700 3000 gloriﬁcavit.
757 2926 987 2981 Peccent
1041 2931 1295 2995 quantum
1328 2914 1513 2977 volent
1547 2919 1814 2989 deSperati
1843 2937 1877 2973 :.

283 3020 647 3091 respondeant
676 3016 913 3072 membra
942 3014 1159 3080 Christi,
1191 3014 1253 3069 Si
1288 3012 1430 3068 Deus
1452 3029 1543 3084 pro
1565 3009 1725 3076 nobis,
1748 3011 1861 3084 quis

280 3099 459 3169 contra
478 3129 573 3168 nos
592 3110 767 3183 (Rom.
789 3125 900 3176 vin,
930 3107 1125 3180 ‘29-'51)
1145 3107 1169 3161 ἲ
1189 3106 1304 3161 Non
1332 3121 1458 3175 ergo
1485 3105 1701 3160 nocebit
1723 3106 1861 3160 Deus

280 3205 333 3261 in
356 3204 589 3260 veritate
639 3216 765 3265 sua,
811 3215 911 3256 nec
941 3197 1241 3269 profanabit
1279 3205 1652 3253 testamentum
1681 3210 1858 3252 suum.

282 3297 463 3355 lauet
514 3295 789 3352 immobile
827 3300 1205 3348 testamentum
1244 3290 1380 3359 ejus,
1412 3290 1535 3360 quia
1594 3290 1707 3359 ipse
1759 3288 1859 3344 sibi

280 3392 575 3463 praesciens
600 3385 998 3459 praedestinavit
1031 3382 1272 3438 hzeredes
1301 3400 1315 3437 :
1342 3390 1395 3437 et
1423 3396 1540 3451 qua:
1567 3381 1861 3451 procedunt

278 3480 343 3535 de
373 3477 535 3532 labiis
573 3476 709 3545 ejus,
742 3487 851 3527 non
876 3468 1202 3540 reprobabit.

344 3573 403 3627 5.
449 3568 601 3643 [νει-ε.
635 3563 854 3636 36-58.]
894 3563 1030 3619 Audi
1082 3560 1149 3615 ad
1178 3554 1631 3614 confirmationem
1674 3567 1816 3612 tuam
1842 3600 1856 3625 ,

275 3664 401 3719 audi
430 3663 501 3717 ad
523 3660 869 3718 securitatem
897 3666 1038 3710 tuam
1061 3695 1077 3716 ,
1108 3654 1151 3709 si
1181 3663 1230 3710 te
1263 3654 1315 3708 in
1369 3655 1625 3711 membris
1662 3653 1860 3710 Christi

276 3770 399 3810 esse
426 3750 730 3824 cognoscis.
761 3747 931 3804 Semel
965 3748 1139 3818 juravi
1170 3748 1224 3801 in
1263 3756 1433 3800 sancto
1457 3762 1586 3812 meo,
1610 3746 1653 3800 si
1699 3744 1863 3798 David

279 3846 519 3901 mentiar.
554 3842 853 3912 Exspectas
885 3847 944 3894 ut
1000 3838 1192 3893 iterum
1240 3838 1384 3908 juret
1435 3838 1615 3892 Deus?
1642 3835 1862 3904 Quoties

277 3942 555 4011 iuraturus
576 3947 679 4003 est,
720 3935 764 3991 si
795 3934 958 3991 semel
981 3932 1210 4004 jurando
1250 3930 1552 3986 mentitur?
1577 3927 1749 3984 Unam
1771 3927 1861 3997 ju-

277 4034 546 4088 rationem
579 4044 676 4100 pro
702 4029 809 4083 vita
858 4034 1037 4081 nostra
1089 4023 1292 4090 habuit,
1334 4023 1421 4093 qui
1461 4036 1555 4091 pro
1594 4021 1747 4075 nobis
1794 4018 1862 4073 ad

273 4135 513 4180 mortem
567 4121 789 4178 Unicum
829 4134 982 4187 suum
1006 4116 1171 4172 misit.
1205 4113 1374 4170 Semel
1410 4112 1585 4184 juravi
1614 4111 1666 4166 in
1691 4118 1863 4165 sancto

276 4236 415 4281 meo,
440 4218 485 4269 si
523 4214 689 4267 David
718 4211 969 4281 mentiar;
991 4224 1158 4264 semen
1187 4207 1297 4278 ejus
1323 4206 1377 4259 in
1401 4213 1645 4260 wternum
1689 4219 1864 4256 mane-

274 4312 362 4363 bit.
393 4309 459 4363 lu
484 4317 746 4362 aeternum
771 4312 951 4360 manet
974 4316 1156 4357 semen
1184 4298 1334 4369 ejus;
1361 4297 1483 4368 quia
1509 4297 1661 4351 novit
1684 4295 1863 4351 Domi-

272 4418 379 4455 nus
413 4400 506 4470 qui
533 4407 659 4451 sunt
682 4395 818 4465 ejus.
847 4392 915 4447 Et
943 4392 1084 4447 sedes
1118 4391 1226 4462 ejus
1252 4389 1378 4443 sicut
1404 4388 1480 4443 sol
1503 4388 1556 4442 in
1593 4396 1865 4457 conspectu

270 4512 414 4559 meo,
434 4504 482 4547 et
506 4492 640 4546 sicut
666 4490 789 4543 luna
804 4490 1027 4558 perfecta
1046 4486 1101 4540 in
1120 4494 1360 4539 teternum
1383 4501 1401 4548 ;
1432 4493 1477 4537 et
1506 4483 1643 4555 testis
1666 4482 1719 4534 in
1740 4481 1864 4535 ctelo

270 4589 474 4655 ﬁdelis.
523 4573 698 4641 Sedes
721 4583 860 4650 ejus,
898 4580 1088 4650 quibus
1115 4578 1439 4639 dominatur,
1470 4576 1525 4630 in
1561 4575 1751 4645 quibus
1776 4589 1863 4628 se-

264 4684 383 4744 del,
416 4682 473 4733 iu
504 4677 700 4748 quibus
726 4682 928 4745 regnat.
957 4671 1014 4728 Si
1038 4673 1194 4728 sedes
1219 4672 1355 4742 ejus,
1380 4678 1433 4737 et
1454 4668 1690 4724 membra
1714 4667 1864 4735 ejus;

265 4775 397 4841 quia
434 4771 603 4824 etiam
633 4768 869 4822 membra
900 4774 1080 4819 nostra
1123 4763 1280 4819 sedes
1305 4770 1430 4818 sunt
1455 4760 1644 4830 capitis
1675 4759 1863 4814 nostri.

268 4866 476 4920 Videte
516 4859 969 4933 quemadmodum
995 4868 1187 4911 cratera
1215 4855 1393 4910 omnia
1419 4853 1656 4908 membra
1686 4863 1866 4906 nostra

263 4965 444 5027 caput
468 4960 726 5025 portent:
753 4958 913 5020 caput
941 4958 1117 5004 autem
1140 4946 1313 5018 ipsum
1341 4961 1504 5014 super
1527 4961 1585 4999 se
1615 4960 1718 4997 non
1743 4958 1867 5012 por-

262 5060 343 5103 tat
374 5044 596 5117 aliquid
617 5085 632 5109 ,
672 5042 770 5099 sed
802 5043 971 5112 ipsum
1021 5048 1263 5109 portatur
1299 5054 1331 5093 a
1378 5038 1586 5093 caneris
1614 5034 1869 5090 membris

262 5151 391 5195 ams:
404 5139 484 5193 ris
504 5179 524 5204 ,
559 5135 710 5205 quasi
742 5141 909 5188 totum
952 5146 1150 5201 corpus
1178 5130 1408 5184 hominis
1447 5127 1604 5183 sedes
1632 5128 1701 5181 sit
1725 5128 1872 5194 capi-

260 5234 357 5287 tis.
396 5231 584 5287 Sech
610 5243 741 5298 ergo
784 5226 921 5295 ejus,
953 5240 1140 5278 omnes
1172 5224 1223 5277 in
1255 5223 1446 5292 quibus
1473 5228 1657 5290 regnat
1684 5221 1823 5273 Deus
1854 5260 1868 5283 ,

1294 324 1684 384 ENARRATIO
1722 318 1788 375 ιΝ
1824 318 2146 378 PSALMUM
2183 324 2504 386 LXXXVIII.

3420 348 3557 404 H33

1984 434 2150 489 malos
2175 437 2386 530 Matth.
2404 457 2453 528 v,
2470 443 2581 514 45).
2611 445 2846 518 Denique
2867 450 2964 506 iste
2990 453 3069 508 sol
3091 441 3142 510 in
3160 470 3444 530 conspectu
3473 473 3555 518 est

1983 541 2086 579 non
2115 528 2283 583 solum
2312 531 2605 603 hominum,
2629 552 2817 604 verum
2847 543 3004 597 etiam
3030 528 3550 613 pecorum'miuutis-

1980 618 2341 694 simarumque
2365 642 2666 683 muscarum
2697 646 2710 683 :
2734 633 2873 702 quod
2901 635 3044 690 enim
3067 626 3427 707 quorumlibet
3468 647 3546 699 vi-

1980 710 2300 771 lissimorum
2348 718 2654 774 animalium
2686 735 2792 776 non
2834 724 2988 783 videt
3033 727 3201 784 solem
3243 732 3442 790 istum?
3483 740 3552 793 At

1980 818 2107 858 vero
2143 806 2210 860 de
2254 807 2346 862 illo
2390 809 2502 865 sole
2547 812 2674 882 quid
2710 814 2785 868 ait
2811 818 3063 887 proprie?
3088 819 3235 876 Sicut
3257 825 3334 878 sol
3352 826 3403 880 in
3428 844 3550 883 con-

1976 896 2147 964 spectu
2168 914 2296 952 mea.
2324 898 2439 955 Non
2484 902 2537 957 in
2560 912 2852 974 conspectu
2874 907 3171 979 hominum,
3200 915 3378 970 nonin
3414 932 3550 975 con-

1977 997 2159 1056 spectu
2180 992 2371 1057 carnis,
2391 1006 2495 1048 non
2524 994 2578 1049 in
2593 1007 2881 1066 conspectu
2903 1002 3200 1058 mortalium
3219 1004 3545 1074 animalium,

1975 1077 2069 1167 sed
2111 1079 2164 1133 in
2189 1093 2607 1165 conspectu'ineo.
2640 1084 2710 1141 Et
2748 1078 2875 1143 sicut
2904 1091 3025 1147 luna
3069 1109 3089 1148 :
3115 1094 3209 1151 sed
3231 1112 3348 1167 qua:
3376 1098 3497 1155 luna
3523 1102 3548 1156 ?

1976 1166 2212 1240 Perfecta
2238 1172 2292 1227 in
2320 1184 2581 1235 internum.
2618 1177 2849 1249 Etenim,
2877 1183 2977 1238 etsi
3006 1166 3278 1256 perficitur
3297 1187 3417 1244 luna
3446 1176 3546 1246 ista

1974 1276 2128 1330 quam
2177 1264 2444 1333 novimus,
2502 1270 2605 1324 alio
2646 1271 2733 1327 die
2774 1273 2954 1347 incipit
2980 1277 3178 1342 minui,
3206 1289 3546 1353 posteaquam

1972 1353 2202 1422 perfecta
2254 1354 2433 1413 fuerit.
2489 1361 2635 1416 Sicut
2681 1364 2823 1429 luna,
2854 1367 3043 1437 inquit,
3075 1375 3295 1441 perfecta
3328 1374 3380 1427 in
3404 1383 3547 1429 teter-

1928 1446 1933 1455 '
1973 1463 2135 1503 num:
2163 1450 2239 1505 sic
2292 1452 2592 1522 perficietur
2620 1456 2776 1513 sedes
2803 1459 2917 1529 ejus
2969 1469 3212 1533 tanquam
3243 1463 3404 1530 luna;
3450 1467 3544 1522 sed

1972 1538 2096 1593 luna
2123 1541 2173 1594 in
2201 1550 2454 1597 aeternum
2478 1547 2730 1615 perfecta.
2759 1548 2813 1604 Si
2835 1550 2912 1605 sol
2936 1593 2952 1619 ,
2984 1567 3150 1622 quare
3177 1564 3230 1610 et
3250 1554 3417 1612 luna?
3442 1557 3543 1614 Per

1971 1627 2148 1683 lunam
2177 1632 2349 1687 solent
2374 1634 2671 1705 Signiﬁcare
2697 1637 2988 1710 Scriptura:
3020 1644 3396 1702 mortalitatem
3419 1663 3539 1703 car-

1970 1723 2053 1776 nis
2080 1724 2262 1792 bujus,
2289 1738 2507 1796 propter
2529 1742 2809 1801 augmenta
2858 1742 2911 1789 et
2939 1734 3296 1804 decrementa,
3329 1750 3545 1812 propter

1970 1814 2324 1872 transitoriam
2379 1822 2632 1890 speciem.
2684 1823 2921 1896 Denique
2949 1836 3002 1882 et
3030 1828 3240 1886 Jericho
3269 1830 3413 1887 Luna
3459 1835 3544 1889 in-

1971 1912 2290 1975 terpretatur
2308 1927 2321 1962 :
2342 1920 2396 1965 et
2420 1913 2599 1983 utique
2625 1916 2840 1985 quidam
2861 1920 2949 1989 qui
2976 1919 3334 1980 descendebat
3353 1925 3420 1980 ab
3446 1926 3541 1982 Je-

1969 2000 2199 2092 rusalem
2228 2002 2281 2057 in
2307 2003 2541 2075 Jcricho,
2579 2008 2763 2064 incidit
2799 2011 2852 2066 in
2885 2014 3118 2072 latrones
3142 2016 3290 2088 (Luc.
3315 2036 3367 2083 ι,
3408 2020 3538 2092 50);

1968 2089 2325 2151 descendebat
2348 2099 2488 2153 enim
2516 2099 2583 2155 ab
2612 2102 3014 2162 immortalitate.
3035 2107 3102 2163 ad
3142 2089 3537 2168 mortalitatem.

1966 2179 2165 2237 Similis
2193 2195 2274 2240 est
2299 2201 2426 2258 ergo
2450 2204 2573 2244 caro
2598 2191 2694 2246 ista
2721 2193 2880 2263 lunae,
2906 2212 3025 2267 quae
3051 2200 3193 2254 omni
3223 2211 3460 2272 tempore
3487 2212 3541 2258 et
3564 2208 3569 2211 ’

1966 2276 2110 2329 omni
2138 2293 2318 2334 mense
2337 2282 2532 2349 patitur
2547 2297 2827 2355 augmenta
2849 2298 2903 2343 et
2929 2289 3297 2348 decrementa:
3321 2295 3413 2349 sed
3440 2297 3541 2351 erit

1966 2382 2092 2422 caro
2121 2369 2218 2424 ista
2250 2381 2425 2427 nostra
2454 2373 2505 2428 iu
2536 2379 2926 2435 resurrectione
2964 2384 3231 2451 perlecta;
3258 2396 3305 2440 et
3334 2389 3468 2442 lestis
3486 2390 3540 2442 in

1965 2459 2090 2512 creto
2115 2458 2301 2527 ﬁdelis.
2347 2461 2528 2535 Itaque
2565 2466 2612 2520 si
2646 2467 2700 2521 in
2753 2455 2868 2524 solo
2918 2472 3098 2527 animo
3136 2475 3538 2544 perliceremur.

1968 2552 2332 2607 tantummodo
2357 2554 2457 2609 soli
2488 2570 2584 2611 nos
2608 2568 2981 2629 compararet;
3015 2578 3198 2619 rursus
3217 2607 3231 2631 ,
3265 2566 3309 2621 si
3342 2567 3393 2621 in
3422 2570 3537 2624 solo

1969 2653 2193 2709 corpore
2220 2642 2616 2712 perﬁceremur,
2639 2650 3004 2707 tantummodo
3030 2650 3169 2710 lunae
3198 2671 3294 2713 nos
3320 2672 3537 2730 compa-

1966 2742 2110 2790 raret
2136 2753 2150 2790 :
2180 2736 2274 2792 sed
2303 2738 2425 2809 quia
2454 2739 2691 2810 perﬁciet
2736 2758 2834 2799 nos
2861 2744 3002 2800 Deus
3022 2755 3076 2801 et
3097 2747 3149 2801 in
3179 2748 3358 2804 animo
3398 2760 3454 2807 et
3486 2752 3539 2808 in

1964 2840 2209 2896 corpore,
2254 2830 2546 2886 secundum
2597 2834 2833 2889 animum
2860 2835 3059 2892 dictum
3085 2847 3185 2902 est.
3215 2841 3344 2895 sicut
3369 2842 3448 2897 sol
3484 2846 3538 2899 in

1966 2927 2233 2989 conspectu
2253 2937 2362 2976 meo
2377 2938 2400 2989 ,°
2428 2926 2550 2994 quia
2578 2925 2811 2982 animum
2842 2943 2945 2982 non
2969 2930 3113 2986 videt
3141 2932 3244 2987 nisi
3275 2933 3457 2989 Deus:
3486 2945 3535 2990 et

1964 3009 2091 3063 sicut
2112 3010 2265 3079 (uita,
2290 3011 2398 3082 jam
2424 3027 2590 3082 caro;
2634 3020 2855 3088 perfecta
2890 3018 2944 3072 in
2975 3030 3238 3087 internum,
3276 3023 3332 3077 in
3356 3037 3536 3079 resur-

1965 3100 2203 3157 rectione
2230 3098 2620 3160 mortuorum:
2672 3116 2720 3160 et
2764 3107 2904 3163 testis
2927 3110 2981 3163 in
3023 3112 3149 3166 caelo
3188 3112 3391 3182 ﬁdelis;
3415 3115 3537 3185 quia

1964 3207 2089 3247 vera
2118 3192 2430 3249 dicebantur
2449 3196 2627 3251 omnia
2675 3198 2743 3254 de
2767 3201 3156 3258 resurrectione
3184 3212 3535 3260 mortuorum.

1964 3282 2200 3339 Obsecro
2224 3300 2338 3349 vos,
2380 3287 2561 3342 audite
2604 3287 2704 3344 hoc
2742 3289 2931 3346 iterum
2957 3291 3185 3362 planius,
3215 3303 3270 3350 ct
3295 3310 3537 3352 memen-

1965 3385 2110 3431 tote:
2138 3378 2250 3432 scio
2274 3378 2415 3433 enim
2437 3380 2697 3451 quosdam
2727 3383 3071 3454 intellexisse,
3108 3387 3240 3444 alios
3271 3403 3400 3445 vero
3426 3390 3538 3445 for-

1967 3467 2128 3522 tassis
2150 3467 2275 3537 quid
2314 3469 2539 3525 dixerim
2574 3470 2749 3529 adhuc
2773 3474 3060 3546 inquirere.
3112 3478 3168 3533 In
3192 3479 3345 3535 nulla
3377 3496 3435 3537 re
3462 3482 3539 3537 sic

1965 3558 2345 3614 contradicitur
2372 3559 2492 3616 ﬁdei
2515 3562 2848 3631 Christianae,
2882 3583 3039 3636 quam
3068 3568 3121 3623 in
3148 3571 3538 3628 resurrectione

1966 3651 2160 3705 carnis.
2191 3651 2428 3722 Denique
2457 3653 2543 3708 ille
2571 3654 2661 3723 qui
2687 3664 2840 3709 natus
2868 3668 2950 3711 est
2977 3658 3031 3711 in
3062 3659 3269 3729 signum
3300 3663 3383 3716 cui
3410 3681 3538 3718 con-

1968 3742 2239 3797 tradicitur
2270 3743 2378 3815 (Id.
2411 3761 2464 3810 ιι,
2498 3744 2611 3817 54),
2654 3756 2709 3802 et
2735 3746 2899 3817 ipsam
2930 3765 3142 3805 carnem
3180 3768 3328 3809 suam
3357 3758 3538 3811 r‘esus-

1965 3835 2175 3901 citavit,
2213 3844 2272 3890 ut
2301 3837 2507 3892 obviam
2558 3839 2656 3894 iret
2692 3840 3099 3911 contradictori;
3153 3855 3209 3900 et
3233 3848 3320 3916 qtii
3360 3862 3541 3919 posset

1967 3926 2204 3981 membra
2236 3943 2328 3982 sua
2371 3928 2449 3983 sic
2474 3944 2694 3998 sanare,
2727 3941 2785 3987 ut
2830 3948 2892 3988 ea
2924 3935 3198 3993 vulnerata
3240 3938 3403 3996 fuisse
3433 3957 3541 3997 non

1968 4025 2271 4087 appareret,
2301 4018 2577 4075 cicatrices
2602 4024 2832 4078 servavit
2873 4025 2928 4079 in
2966 4041 3209 4097 corpore,
3246 4038 3304 4085 ut
3350 4032 3542 4090 vulnus

1967 4107 2309 4163 dubitationis
2344 4117 2565 4165 sanaret
2600 4110 2653 4164 in
2683 4111 2862 4169 corde.
2896 4113 2953 4170 In
2983 4116 3124 4171 nulla
3157 4133 3286 4190 ergo
3329 4136 3387 4177 re
3432 4132 3538 4177 tam

1969 4200 2342 4267 vehementer,
2376 4210 2480 4256 tam
2509 4203 2869 4273 pertinaciter,
2899 4217 3004 4262 tam
3035 4209 3225 4266 obnixe
3251 4222 3305 4267 et
3329 4223 3543 4270 conten-

1971 4295 2106 4351 tiose
2118 4294 2494 4351 contradicitur
2515 4295 2634 4352 lidei
2659 4295 2982 4364 christiana},
3012 4301 3228 4357 sicutde
3252 4305 3429 4361 carnis
3454 4323 3541 4360 re-

1969 4387 2315 4441 surrectione.
2344 4386 2474 4441 Nam
2501 4387 2568 4442 de
2589 4388 2751 4447 animi
2777 4389 3170 4447 immortalitate
3210 4396 3358 4451 multi
3381 4398 3538 4452 etiam

1970 4481 2270 4551 philosophi
2298 4480 2545 4537 Gentium
2582 4483 2745 4537 multa
2776 4483 3199 4554 disputaverunt,
3227 4499 3279 4542 ct
3323 4489 3544 4544 immor-

1976 4575 2138 4630 talem
2167 4589 2287 4630 esse
2314 4575 2550 4629 animum
2577 4574 2864 4630 humanum
2893 4578 3131 4646 pluribus
3159 4590 3214 4634 et
3238 4581 3543 4651 multiplici-

1972 4670 2073 4725 bus
2101 4664 2250 4724 libris
2304 4669 2661 4738 conscriptum
2711 4671 2983 4725 memoria:
3028 4672 3353 4742 reliquerunt
3385 4691 3543 4729 :cuiu

1973 4771 2187 4816 ventum
2210 4759 2368 4815 fuerit
2391 4760 2456 4814 ad
2482 4762 2923 4815 resurrectionem
2951 4763 3146 4828 carnis,
3174 4779 3277 4817 non
3299 4764 3544 4831 titubant,

1972 4853 2066 4907 sed
2109 4852 2443 4921 apertissime
2466 4850 2858 4918 contradicunt,
2901 4861 2955 4905 et
2980 4855 3331 4909 contradictio
3357 4870 3541 4910 eorum

1976 4945 2096 4999 talis
2116 4954 2214 5005 est,
2238 4952 2297 4999 ut
2314 4943 2493 4998 dicant
2521 4944 2632 4998 fieri
2661 4958 2765 4998 non
2798 4958 2954 5014 posse
2982 4954 3041 4999 ut
3066 4960 3191 5001 caro
3213 4947 3305 5000 ista
3340 4956 3547 5002 terrena

1976 5037 2142 5106 possit
2171 5037 2223 5090 in
2252 5035 2442 5091 malum
2474 5034 2783 5091 ascendere.
2814 5035 2936 5091 Ideo
2957 5037 3078 5090 luna
3108 5037 3203 5091 ista
3237 5035 3463 5105 perfecta
3494 5038 3547 5092 in

1976 5141 2255 5193 mternum,
2286 5138 2340 5182 et
2362 5127 2615 5183 adversus
2637 5144 2825 5185 omnes
2854 5128 3271 5183 contradictores
3299 5129 3447 5183 testis
3497 5130 3548 5182 in

1976 5222 2113 5278 ccclo
2138 5223 2325 5276 ﬁdelis.

2050 5312 2101 5368 6.
2132 5310 2283 5385 [vers.
2332 5311 2541 5385 39-46.]
2572 5313 2691 5367 llaec
2739 5313 2808 5368 de
2840 5312 3053 5368 Christo
3104 5313 3361 5383 promissa
3407 5327 3551 5381 sunt,

1982 5420 2138 5475 quam
2168 5415 2334 5469 certa,
2388 5420 2545 5473 quam
2597 5406 2775 5471 ﬁrma,
2802 5421 2958 5474 quam
2981 5414 3183 5474 aperta,
3215 5421 3370 5476 quam
3400 5408 3552 5465 indu.

1986 5498 2168 5551 bitata.
2198 5496 2350 5561 Nam,
2383 5498 2481 5551 etsi
2511 5496 2750 5565 quaedam
2781 5506 2905 5550 sunt
2928 5504 3063 5551 tecta
3093 5499 3380 5569 myswriis,
3406 5516 3551 5572 quae-

1987 5589 2107 5644 dam
2149 5600 2322 5642 tamen
2353 5588 2429 5641 sic
2460 5587 2758 5654 manifesta,
2792 5598 2947 5667 ut/ex
2989 5589 3118 5659 ipsis
3148 5581 3396 5648 facillime
3430 5610 3551 5664 ape.

1989 5684 2192 5737 riantur
2211 5682 2455 5736 obscura.
2485 5681 2607 5735 llaec
2627 5694 2748 5735 cum
2776 5681 2847 5736 ita
2875 5682 3002 5747 sint,
3034 5683 3208 5739 videte
3242 5686 3366 5754 quid
3389 5688 3552 5755 sequi-

1990 5786 2073 5831 tur
2109 5794 2120 5829 :
2160 5793 2177 5827 ι
2218 5773 2297 5829 Tu
2349 5789 2472 5829 vero
2504 5771 2742 5843 repuﬁsti
2768 5816 2783 5841 ,
2814 5781 2867 5830 ct
2895 5773 2973 5830 ad‘
3010 5775 3231 5831 nihilum
3263 5775 3546 5840 deduxisri,

257 5330 345 5381 sic
390 5333 571 5381 erunt
599 5363 613 5385 ,
645 5321 813 5391 inquit
843 5358 858 5384 ,
891 5319 943 5372 in
969 5325 1255 5386 conspectu
1283 5330 1403 5369 meo
1431 5314 1568 5368 sicut
1593 5313 1673 5367 sol
1707 5331 1717 5365 :
1751 5313 1871 5380 quia

250 5418 403 5489 justi
444 5413 726 5484 fulgebunt
751 5412 803 5465 in
832 5425 996 5480 regno
1018 5409 1189 5464 Patris
1219 5407 1324 5462 mei
1346 5410 1364 5438 ²
1390 5405 1527 5460 sicut
1555 5405 1632 5460 sol
1661 5404 1871 5476 (.ilatth.

250 5526 387 5574 xm,
430 5504 676 5577 43).Scd
705 5504 781 5558 sol
808 5501 1186 5571 spiritualiter;
1214 5515 1320 5555 non
1344 5497 1708 5568 corporaliter,
1742 5496 1878 5550 sicut

253 5604 437 5659 lucet
466 5599 573 5653 iste
617 5597 684 5652 de
728 5595 889 5661 cmlo,
939 5610 1095 5664 quem
1130 5592 1252 5647 facit
1277 5592 1404 5647 oriri
1431 5606 1591 5661 Super
1621 5589 1788 5645 bonos
1826 5597 1878 5644 et

320 5737 339 5765 ε
388 5731 479 5781 sic
502 5736 609 5798 uss.
639 5736 686 5778 Αι
709 5726 844 5798 md,
868 5724 1208 5779 hcereditatem.

322 5800 349 5828 ³
394 5794 547 5842 αυιὶι.
576 5799 678 5854 315.,
700 5794 787 5841 sui.
