4024 6210
476 282 610 336 H35

471 391 719 449 distulisti
774 392 1045 450 Christum
1098 401 1264 447 tuum.
1340 389 1585 446 Evertiin
1660 398 2031 445 testamentum

477 486 621 541 Servi
653 487 761 551 tui;
796 485 1080 557 profanasti
1119 485 1169 538 in
1200 494 1336 539 terra
1379 483 1707 538 sanctitatem
1738 482 1878 551 ejus.
1929 481 2034 537 De-

473 578 710 634 srruxisti
735 593 919 633 omnes
966 577 1222 633 macerias
1250 577 1397 646 ejus;
1442 577 1661 647 posuisti
1711 574 2034 630 munitiones

472 671 585 736 ejus
611 666 963 726 formidinem.
1004 668 1480 738 Diripuerunteum
1524 683 1708 723 omnes
1752 678 2033 721 transeun-

470 769 549 814 tes
576 761 744 825 viam;
772 760 940 815 lactus
974 770 1058 816 est
1100 761 1438 831 opprobrium
1484 761 1669 815 vicinis
1712 765 1840 815 suis.
1873 760 2035 815 Exal-

471 851 589 905 tasti
631 852 902 907 dexteram
955 845 1286 907 inimicorum
1340 852 1487 923 ejus;
1514 852 1811 922 jucundasti
1846 867 2032 909 omnes

472 944 709 998 inimicos
739 942 873 1013 ejus.
928 943 1176 998 Avertisti
1227 942 1544 1012 adjutorium
1588 942 1747 1013 gladii
1791 942 1905 1013 ejus
1933 984 1949 1010 ,
1980 950 2034 997 et

467 1049 569 1089 non
616 1049 675 1089 es
726 1035 1009 1106 epitulatus
1054 1035 1101 1091 ei
1143 1036 1195 1089 in
1242 1035 1401 1091 bello.
1440 1035 1742 1103 ,Dissolvisti
1792 1051 1912 1091 eum
1965 1035 2032 1090 ab

467 1127 836 1183 emundatione
870 1146 884 1182 :
913 1128 1090 1182 sedem
1112 1128 1227 1198 ejus
1271 1126 1322 1182 in
1369 1137 1561 1182 terram
1602 1127 1841 1183 collisisti
1862 1128 1902 1179 ¹.
1933 1126 2032 1182 Mi-

432 1224 437 1229 '
466 1218 624 1272 nuisti
673 1218 786 1272 dies
814 1218 955 1274 sedis
1001 1218 1151 1289 ejus;
1186 1219 1455 1289 perfodisti
1476 1235 1597 1275 eum
1646 1218 1975 1275 confusione.
2007 1238 2027 1271 ι

464 1308 596 1375 Quid
619 1307 853 1361 esthoc?
879 1307 970 1362 Illa
993 1309 1167 1363 omnia
1200 1309 1483 1379 promisisti
1507 1327 1522 1375 ;
1553 1320 1605 1364 tu
1627 1325 1750 1364 vero
1775 1310 1872 1365 ista
1906 1324 2034 1364 cou-

466 1400 624 1452 traria
673 1398 863 1454 fecisti.
919 1398 1018 1455 Ubi
1048 1394 1172 1453 sunt
1220 1399 1599 1470 promissiones
1626 1399 1692 1454 ad
1721 1413 1852 1469 quas
1873 1399 2031 1469 paulo

461 1498 583 1543 ante
618 1488 975 1559 gaudebamus
1005 1531 1018 1557 ,
1064 1489 1130 1545 de
1172 1491 1361 1561 quibus
1424 1500 1529 1547 tam
1594 1491 1837 1546 alacriter
1878 1491 2031 1561 plau-

463 1580 718 1635 debamus
746 1623 761 1646 ,
809 1580 877 1636 de
920 1582 1109 1651 quibus
1155 1582 1328 1637 securi
1398 1583 1835 1652 gratulabamur?
1869 1582 2028 1651 Quasi

464 1672 597 1724 alius
647 1672 987 1741 promiserit,
1027 1673 1159 1728 alius
1216 1676 1481 1729 everterit.
1530 1675 1678 1742 Quod
1733 1675 2027 1740 mirandum

459 1771 567 1826 est,
600 1778 701 1816 non
745 1763 913 1829 alius;
944 1762 1058 1828 sed,
1094 1763 1173 1817 Tu
1217 1780 1366 1831 vero,
1418 1774 1474 1820 tu
1520 1767 1607 1835 qui
1656 1765 2022 1836 promittebas,

461 1863 514 1906 tu
559 1854 645 1923 qui
702 1854 1080 1920 conﬁrmabas,
1138 1864 1191 1910 tu
1243 1856 1330 1925 qui
1394 1867 1609 1927 propter
1647 1856 2025 1912 dubitationem

459 1944 739 1999 humanam
775 1946 931 2000 etiam
959 1946 1193 2016 jurahas,
1227 1947 1312 2003 illa
1340 1948 1649 2018 promisisti,
1678 1956 1731 2003 et
1771 1948 1870 2002 ista
1894 1946 2024 2002 ieci-

457 2034 545 2087 sti.
573 2034 670 2090 Ubi
704 2036 892 2091 tenebo
909 2035 1277 2106 jusjurandum
1306 2047 1472 2103 tuum,
1505 2038 1590 2092 ubi
1615 2039 1876 2093 inveniam
1905 2053 2023 2107 pro-

457 2127 673 2181 missum
697 2129 881 2183 tuum?
903 2129 1036 2198 Quid
1067 2140 1146 2184 est
1172 2130 1308 2185 hoc?
1337 2132 1406 2184 ita
1433 2148 1559 2186 vero
1590 2130 1777 2187 falsum
1801 2132 2023 2201 promit-

457 2216 592 2272 teret
624 2220 763 2274 Dcus
786 2260 801 2285 ,
835 2229 925 2274 aut
946 2221 1132 2275 talsum
1157 2220 1396 2291 juraret?
1423 2223 1599 2291 Quare
1626 2238 1752 2293 ergo
1788 2223 1876 2277 illa
1908 2238 2021 2293 pro-

455 2309 618 2376 misit,
644 2318 697 2364 et
727 2311 823 2365 ista
854 2310 1018 2366 fecit?
1063 2312 1173 2382 Ego
1199 2312 1317 2367 dico
1345 2314 1467 2384 quia
1494 2314 1592 2369 ista
1636 2313 1780 2380 fecit,
1813 2322 1869 2368 ut
1896 2329 2021 2384 pro-

455 2400 610 2454 missa
641 2400 891 2455 ﬁrmaret.
920 2400 1024 2456 Sed
1051 2402 1168 2471 quis
1195 2418 1294 2474 ego
1322 2402 1409 2474 qui
1436 2404 1536 2458 hoc
1560 2403 1715 2458 dico?
1741 2403 2022 2458 Videamus

454 2492 497 2543 si
529 2489 628 2545 hoc
652 2492 845 2546 veritas
876 2480 1053 2557 ’dicit;
1086 2503 1209 2547 tunc
1239 2509 1343 2547 non
1373 2494 1473 2549 erit
1511 2495 1665 2549 inane
1693 2494 1834 2565 quod
1877 2493 2017 2549 dico.

460 2582 623 2637 David
665 2584 866 2653 positus
895 2584 1112 2638 eratcui
1143 2585 1579 2654 promittercutur
1610 2584 1724 2641 haec
1742 2586 1921 2640 omnia
1964 2587 2016 2641 in

454 2675 658 2730 semine
682 2675 794 2746 ejus
814 2719 828 2742 ,
857 2674 999 2746 quod
1049 2686 1129 2731 est
1157 2675 1401 2732 Christus
1426 2719 1441 2744 ,
1485 2678 1769 2749 implenda.
1794 2679 2019 2749 Propter

450 2769 709 2837 promissa
754 2783 883 2838 ergo
909 2783 1027 2839 qua:
1068 2768 1208 2823 dicta
1259 2778 1381 2824 sunt
1406 2769 1471 2824 ad
1521 2769 1701 2837 David,
1732 2780 2015 2840 exspecta-

452 2860 578 2912 bant
607 2842 848 2914 homines
872 2874 933 2913 ea
966 2859 1171 2930 impleri
1217 2861 1268 2914 in
1300 2860 1481 2915 David.
1502 2861 1753 2927 Proinde,
1781 2877 1848 2916 ne
1868 2862 2018 2933 quis-

404 3002 415 3029 .
455 2963 612 3017 quam
669 2947 989 3003 ehristianus
1023 2965 1140 3004 cum
1181 2950 1421 3017 diceret,
1475 2952 1550 3006 De
1588 2951 1795 3008 Christo
1848 2952 2012 3014 dixit;

446 3039 580 3092 alius
610 3039 827 3105 diceret,
858 3039 991 3107 Non,
1021 3041 1112 3095 sed
1145 3041 1210 3096 de
1258 3042 1350 3097 illo
1380 3042 1538 3095 David
1569 3042 1737 3107 dixit;
1787 3052 1840 3117 et
1864 3059 2013 3099 erra-

446 3140 544 3193 ret,
576 3145 694 3184 cum
725 3129 929 3185 videret
976 3131 1188 3200 impleta
1237 3133 1412 3186 omnia
1463 3148 1580 3187 esse
1609 3134 1660 3188 in
1695 3134 1856 3188 David
1884 3153 1896 3188 :
1921 3134 2015 3189 de-

404 3208 637 3273 'struxit
685 3235 746 3274 ea
799 3221 850 3273 in
883 3220 1067 3288 David,
1110 3231 1167 3276 ut
1206 3237 1324 3276 eum
1376 3223 1525 3279 vides
1572 3240 1633 3279 ea
1682 3225 1732 3278 in
1764 3225 1855 3280 illo
1903 3242 2011 3281 non

442 3310 680 3378 impteta,
717 3327 833 3381 qme
859 3326 1078 3367 necesse
1107 3322 1187 3367 est
1217 3312 1443 3384 impleri,
1471 3312 1678 3385 qnaéras
1704 3316 1925 3372 alterum
1960 3318 2011 3373 in

443 3415 549 3469 quo
578 3401 925 3455 ostendantur
946 3402 1174 3473 impleri.
1209 3404 1281 3458 Ita
1306 3405 1466 3460 etiam
1495 3406 1562 3460 de
1589 3406 1726 3461 Esau
1752 3416 1804 3462 et
1825 3407 2009 3475 Jacob,

444 3486 740 3545 invenimus
778 3492 1032 3563 majorem
1083 3494 1355 3549 adoratum
1385 3511 1414 3548 a
1444 3497 1645 3552 minore
1665 3539 1679 3562 ,
1712 3514 1831 3553 cum
1878 3502 2010 3555 scri-

443 3590 587 3650 ptum
611 3582 699 3648 sit,
732 3581 902 3653 Major
921 3584 1095 3638 serviet
1119 3585 1299 3640 minori
1328 3585 1475 3657 (Gen.
1503 3604 1624 3653 xxv,
1656 3588 1783 3661 25);
1816 3600 1872 3645 ut
1891 3606 2009 3645 cum

445 3672 498 3726 in
528 3672 854 3745 illis‘duobtts
881 3676 1303 3744 praecedentibus
1330 3676 1524 3733 videris
1570 3694 1673 3734 non
1706 3681 2005 3750 impletum,

441 3773 717 3833 exspectes
742 3764 873 3819 duos
901 3766 1140 3836 populos,
1166 3767 1216 3820 in
1240 3768 1431 3837 quibus
1452 3769 1728 3839 impleatur
1744 3771 1883 3842 quod
1906 3788 2008 3827 non

440 3856 663 3910 mendax
696 3857 834 3911 Deus
855 3857 1088 3927 polliceri
1116 3858 1379 3929 dignatur.
1418 3859 1545 3916 Ecce
1583 3878 1646 3916 ex
1680 3865 1865 3918 semine
1902 3872 2006 3933 tuo,

438 3946 569 4000 dixit
599 3946 782 4013 David,
817 3965 1002 4018 ponam
1040 3966 1191 4019 super
1229 3952 1394 4006 sedem
1444 3960 1580 4006 tuam
1609 3952 1777 4024 (I’sal.
1811 3970 1966 4009 exxxr
1991 3998 2006 4023 ,

440 4041 549 4109 Η).
584 4039 829 4094 Promisit
857 4056 922 4096 ex
951 4043 1153 4098 semine
1181 4044 1299 4113 ejus
1327 4046 1375 4098 in
1407 4054 1662 4100 aeternum
1694 4048 1923 4117 aliquid;
1957 4057 2011 4102 ct

445 4142 597 4185 natus
648 4132 923 4198 Salomon,
957 4133 1124 4189 factus
1152 4145 1233 4189 est
1259 4146 1417 4189 tantm
1457 4138 1758 4205 sapientim,
1804 4149 1859 4191 ut
1886 4154 2010 4207 pro-

437 4224 621 4279 missio
658 4225 749 4279 Dei
771 4225 836 4279 de
877 4226 1082 4280 semine
1123 4227 1280 4281 David
1314 4228 1361 4280 in
1394 4228 1481 4280 illo
1516 4238 1786 4296 putaretur
1818 4230 2005 4298 imple-

438 4325 486 4367 ta
520 4314 648 4368 :sed
685 4315 875 4369 cecidit
922 4314 1169 4369 Salomon
1192 4358 1207 4381 ,
1261 4328 1313 4371 et
1339 4317 1486 4371 dedit
1542 4319 1711 4373 locum
1743 4321 2006 4390 sperando

446 4404 660 4477 Christo
686 4421 700 4469 ;
730 4414 784 4457 ut
813 4406 1060 4473 quoniam
1085 4406 1222 4461 Deus
1244 4424 1339 4462 nec
1366 4408 1472 4462 falli
1506 4421 1703 4480 posset,
1739 4429 1833 4468 nec
1861 4414 2005 4470 faile-

434 4512 509 4561 re,
536 4510 688 4564 quem
718 4495 915 4549 sciebat
944 4510 1206 4564 casurum,
1234 4514 1336 4552 non
1369 4501 1417 4553 in
1449 4516 1512 4555 eo
1534 4513 1754 4571 poneret
1783 4507 2006 4573 promis-

432 4604 549 4642 sum
572 4604 746 4653 suum,
774 4588 866 4643 sed
899 4600 1015 4658 post
1041 4605 1219 4645 casum
1245 4594 1358 4660 ejus
1389 4594 1678 4662 respiceres
1707 4605 1759 4650 tu
1794 4597 1959 4652 Deum
1985 4642 2000 4663 ,

433 4693 484 4733 et
513 4679 777 4749 ﬂagitares
809 4681 1145 4747 promiésum.
1175 4683 1331 4752 Ergo,
1361 4684 1601 4751 Domine,
1631 4687 1879 4742 mentitus
1908 4691 2003 4744 es?

433 4772 543 4825 Non
574 4771 762 4839 imples
802 4772 942 4840 quod
979 4774 1304 4841 promisisti?
1334 4792 1438 4831 non
1483 4777 1700 4833 exhibes
1750 4781 1888 4849 quod
1918 4783 1999 4850 ju-

433 4860 601 4915 rasti?
629 4860 789 4915 Forte
819 4862 904 4915 hic
943 4862 1180 4919 dicturus
1211 4866 1301 4921 tibi
1342 4876 1453 4921 erat
1481 4869 1617 4923 Deus
1642 4887 1655 4923 :
1682 4869 1858 4925 Juravi
1881 4876 2001 4941 qui-

432 4953 550 5007 dum
600 4961 651 5005 et
695 4952 916 5021 promisi
944 4994 957 5016 ,
989 4954 1082 5008 sed
1125 4957 1224 5010 iste
1265 4958 1431 5012 noluit
1477 4975 1834 5029 perseverare.
1866 4963 1999 5031 Quid

428 5042 597 5112 ergo?
627 5052 701 5108 tu,
732 5041 954 5097 Domine
1004 5044 1163 5111 Deus,
1198 5063 1301 5102 non
1346 5051 1662 5118 prmsciehas
1693 5053 1847 5108 istum
1895 5071 1999 5110 non

386 5168 397 5177 .
430 5143 883 5201 perseveraturum
906 5134 930 5187 ?
958 5133 1148 5205 Utique
1178 5138 1405 5193 sciebas.
1459 5140 1632 5208 Quare
1653 5159 1779 5214 ergo
1807 5144 1859 5199 in
1893 5162 1996 5199 non

429 5232 829 5291 perseveratum
852 5225 979 5280 mihi
1005 5227 1142 5296 quod
1171 5239 1423 5284 aeternum
1454 5243 1595 5287 esset
1622 5238 2000 5305 promittebas?

428 5310 612 5368 Nonne
641 5325 694 5368 tu
741 5315 953 5370 dixisti:
977 5317 1037 5371 Si
1073 5317 1424 5387 dereliquerint
1468 5324 1623 5393 legem
1661 5343 1842 5392 meam,
1873 5332 1997 5383 etin

429 5403 630 5469 iudiciis
669 5407 792 5485 meis
841 5424 941 5460 non
988 5409 1366 5471 ambulaverint,
1397 5423 1441 5466 et
1488 5416 1727 5469 ntandula
1752 5436 1862 5472 nica
1899 5437 1999 5473 non

428 5493 768 5565 custodierint,
809 5508 854 5551 et
877 5507 1219 5556 testamentum
1247 5521 1407 5558 meum
1453 5508 1999 5579 profanaverint;ma-

1687 276 1743 331 S.
1786 272 2150 331 AUGUSTINI
2190 274 2489 333 EPISCOPI

3582 287 3720 341 H56

2143 388 2287 442 nebit
2317 399 2491 445 tamen
2520 392 2802 462 promissio
2829 408 2964 458 mea,
2992 395 3301 463 implebitur
3336 396 3533 473 juratio
3561 414 3678 454 mea
3699 402 3725 455 Ἰ

2144 478 2313 534 Semel
2328 483 2501 551 juravi
2530 483 2582 535 in
2612 494 2784 538 sancto
2814 501 2941 549 meo,
2976 486 3114 539 intus
3140 487 3191 540 in
3220 500 3426 543 secreto
3450 488 3679 557 quodam
3705 532 3721 555 ,

2142 567 2193 620 in
2223 570 2336 637 ipso
2368 571 2509 627 fonte
2541 574 2679 628 unde
2704 574 2984 645 Prophette
3009 576 3275 644 biberunt,
3303 578 3393 648 qui
3417 579 3571 634 nobis
3608 580 3723 638 haec

2140 670 2481 715 ructarcrunt
2507 681 2519 716 :
2555 664 2741 730 Semel,
2779 665 2964 736 inquit,
3000 669 3189 739 juravi,
3221 668 3265 722 si
3288 667 3454 722 David
3480 672 3720 725 mentiar.

2140 749 2344 806 Exhibe
2388 768 2514 823 ergo
2573 754 2713 823 quod
2753 755 2943 826 jurasti
2975 798 2987 819 ,
3027 756 3191 812 redde
3232 752 3369 828 quod
3408 760 3718 828 promisisti.

2139 840 2412 896 Sublatum
2435 854 2515 898 est
2543 844 2609 898 de
2637 845 2738 898 isto
2781 845 2966 909 David,
2994 863 3060 902 ne
3096 858 3496 917 exspectaretur
3535 850 3585 904 in
3618 851 3720 906 isto

2139 930 2324 986 David.
2348 933 2606 1003 Exspecta
2635 950 2760 1006 ergo
2781 936 2923 1007 quod
2948 939 3188 1007 promisi‘
3208 978 3223 991 .

2211 1022 2260 1075 7.
2294 1021 2446 1078 Novit
2475 1026 2604 1079 illud
2628 1036 2679 1081 et
2700 1028 2815 1097 ipse
2845 1026 3027 1081 David.
3057 1028 3189 1083 Vide
3215 1029 3356 1083 enim
3386 1030 3511 1100 quid
3535 1031 3715 1088 dicat:

2141 1113 2217 1168 Tu
2242 1131 2354 1170 vero
2383 1117 2629 1185 repulisti,
2660 1127 2706 1173 et
2727 1119 2794 1171 ad
2815 1119 3026 1172 nihilum
3056 1119 3329 1175 deduxisti.
3352 1122 3490 1194 Ergo
3521 1123 3605 1178 ubi
3636 1136 3719 1179 est

2139 1204 2281 1275 quod
2310 1208 2638 1276 promisisti?
2685 1208 2934 1265 Distulisti
2972 1210 3223 1266 Christum
3265 1222 3424 1267 tuum.
3464 1214 3718 1281 Quamvis

2138 1297 2347 1350 tristitia
2366 1299 2603 1368 quaedam
2635 1300 2929 1364 enunieret.
2961 1303 3013 1357 in
3031 1302 3132 1358 hoc
3158 1314 3329 1359 tamen
3358 1307 3523 1361 verbo
3545 1300 3720 1364 reiicit

2137 1399 2480 1445 nos:manet
2530 1392 2764 1459 omnino,
2812 1393 2972 1463 Deus,
3025 1393 3167 1466 quod
3212 1396 3532 1465 promisisti;
3588 1414 3714 1453 nam

2135 1480 2400 1538 Christum
2450 1493 2599 1538 tuum
2654 1501 2758 1540 non
2808 1486 3089 1553 abstulisti,
3132 1488 3225 1543 sed
3271 1489 3528 1544 distulisti.
3579 1490 3715 1547 Huic

2134 1589 2261 1645 ergo
2308 1576 2492 1644 David,
2536 1578 2588 1630 in
2632 1594 2738 1648 quo
2781 1579 3063 1649 sperabant
3094 1579 3261 1649 ignari
3313 1582 3569 1651 promissa
3616 1598 3710 1637 sua

2135 1664 2302 1719 Deum
2334 1669 2747 1738 completurum,
2775 1669 2948 1725 videte
2975 1671 3096 1741 quid
3128 1672 3336 1738 accidit,
3365 1683 3422 1726 ut
3452 1675 3709 1743 promissa

2135 1754 2231 1810 Dei
2282 1757 2483 1811 ﬁrmius
2531 1760 2580 1813 in
2633 1762 2735 1816 alio
2774 1771 2981 1831 sperata
3030 1763 3432 1832 compleantur:
3463 1764 3711 1820 Distuliin

2132 1843 2384 1900 Christum
2439 1859 2578 1903 tuum
2618 1866 2635 1905 :
2678 1852 2890 1906 euertisti
2917 1862 3260 1906 testamentum
3301 1854 3429 1908 servi
3472 1856 3564 1909 tui.
3608 1856 3727 1911 Ubi'

2129 1948 2211 1991 est
2263 1938 2403 1992 enim
2451 1948 2825 1995 testamentum
2878 1950 3028 1996 vetus
3081 1942 3430 1998 Judteorum?
3478 1946 3563 2000 ubi
3625 1956 3709 2002 est

2130 2038 2269 2083 terra
2303 2026 2813 2105 illa'promissiouis,
2847 2033 2898 2087 in
2932 2049 3031 2104 qua
3081 2033 3377 2089 habitantes
3400 2046 3704 2106 peccarunt,

2128 2135 2229 2190 QU‘l
2258 2120 2429 2175 deleta
2461 2124 2792 2194 migraruut?
2840 2124 3081 2195 Regnum
3134 2125 3437 2180 Iudaeorum
3488 2129 3703 2198 quaeris,

2128 2227 2233 2264 non
2259 2221 2340 2267 est
2374 2230 2385 2263 :
2417 2214 2583 2268 altare
2619 2213 2920 2268 .ludrcorum
2966 2216 3178 2285 qua’ris,
3212 2233 3314 2270 non
3354 2226 3435 2271 est
3460 2236 3473 2271 :
3503 2219 3709 2273 sacriﬁ-

2125 2304 2263 2356 cium
2286 2302 2583 2357 Jud2eorum
2603 2307 2813 2374 quaeris,
2835 2321 2936 2359 non
2966 2317 3047 2361 est
3073 2307 3461 2394 :sacerdotium
3486 2308 3704 2364 Judteo-

2086 2438 2103 2464 χ
2124 2411 2241 2449 rum
2293 2398 2500 2466 quieris,
2558 2413 2660 2452 non
2686 2411 2786 2453 est.
2817 2398 3053 2453 Evertisti
3074 2410 3417 2456 testamentum
3442 2403 3569 2455 servi
3591 2404 3705 2467 tui;

2124 2490 2404 2558 profanasti
2454 2491 2504 2542 in
2553 2498 2685 2543 terra
2725 2491 3035 2545 sanctitatem
3074 2492 3203 2562 ejus.
3246 2492 3437 2547 Sancta
3466 2493 3550 2548 illa
3578 2510 3702 2565 qua:

2122 2579 2406 2645 huhebmt,
2454 2591 2658 2636 terrena
2691 2597 2810 2637 esse
2858 2583 3155 2638 ostendisti.
3185 2582 3489 2639 Destruxisti
3529 2601 3700 2641 omnes

2121 2673 2362 2727 macerias
2411 2675 2537 2742 ejus,
2589 2674 2779 2745 quibus
2823 2690 2941 2729 eum
2986 2676 3523 2747 munieras:quando
3555 2679 3698 2734 enim

2120 2762 2459 2832 diriperetur,
2514 2766 2611 2818 uisi
2653 2766 2895 2820 maceriae
2934 2756 3120 2821 diruta:
3164 2767 3429 2822 fuissent?
3474 2767 3700 2824 Posuisti

2120 2855 2418 2908 munitiones
2447 2857 2554 2925 ejus
2590 2856 2927 2924 formidinem.
2956 2856 3090 2923 Quid
3120 2868 3219 2919 est,
3248 2858 3563 2929 formidinem
3584 2860 3610 2913 .9
3629 2859 3699 2917 Ut

2118 2942 2324 2997 dicatur
2375 2946 2730 3014 peccantibus,
2764 2946 2824 3001 Si
2871 2946 3003 3000 Deus
3040 2949 3350 3002 naturalibus
3396 2953 3549 3004 ramis
3595 2967 3697 3006 non

2120 3036 2353 3104 pepercit,
2388 3053 2541 3102 neque
2557 3037 2644 3089 tibi
2681 3047 2848 3107 parcet
2887 3037 3058 3107 (Rom.
3110 3054 3181 3100 ΧΥ,
3222 3039 3335 3108 21).
3364 3037 3695 3107 Diripuerunt

2118 3142 2229 3179 eum
2256 3142 2422 3180 omnes
2464 3137 2769 3182 transeuntes
2802 3129 2931 3182 uiam
2956 3145 2974 3182 :
3000 3145 3185 3184 omnes
3232 3132 3432 3186 scilicet
3472 3132 3689 3200 Gentes,

2117 3233 2212 3288 per
2241 3218 2391 3283 viam,
2420 3218 2520 3273 hoc
2553 3230 2653 3285 est,
2694 3236 2787 3289 per
2818 3222 2974 3275 vitam
3008 3222 3159 3276 istam
3208 3231 3539 3279 transeuntes
3565 3225 3693 3279 diri-

2116 3317 2345 3376 puerunt
2394 3308 2961 3380 Israel,'diripuerunt
3005 3313 3185 3367 David.
3233 3313 3464 3368 Primum
3517 3316 3693 3374 videte

2116 3399 2278 3453 frusta
2308 3401 2420 3471 ejus
2452 3403 2500 3455 in
2532 3403 2776 3457 omnibus
2790 3406 3069 3475 gentibus:
3097 3408 3163 3461 de
3184 3407 3311 3477 ipsis
3335 3408 3474 3463 enim
3490 3408 3688 3464 dictum

2115 3500 2215 3556 est,
2246 3489 2424 3544 Partes
2441 3494 2662 3563 vulpium
2689 3505 2832 3549 erunt
2857 3495 3024 3567 (Psal.
3045 3514 3167 3562 LXII,
3187 3501 3206 3553 1
3224 3502 3292 3570 Ι).
3313 3499 3481 3572 [leges
3497 3502 3691 3572 quippe

2117 3581 2308 3650 impios
2340 3585 2527 3653 vulpes
2557 3586 2835 3655 appellavit
2860 3587 3148 3657 Scriptura,
3169 3589 3379 3646 dolosos
3401 3602 3452 3645 et
3477 3592 3689 3648 timidos
3716 3652 3731 3669 ,

2116 3687 2247 3740 quas
2280 3682 2440 3729 terret
2472 3677 2637 3730 virtus
2680 3678 2869 3732 aliena.
2900 3678 3024 3735 ldeo
3051 3682 3162 3750 ipse
3194 3681 3444 3737 Dominus
3474 3698 3591 3738 cum
3618 3683 3688 3742 de

2116 3762 2324 3820 Herode
2346 3768 2702 3822 comminante
2730 3769 3035 3839 loqueretur
3065 3790 3076 3823 :
3113 3770 3291 3837 Dicite,
3330 3773 3517 3843 inquit,
3549 3777 3690 3847 vulpi

2113 3855 2191 3908 illi
2221 3854 2370 3927 (Luc.
2404 3873 2515 3925 xm,
2537 3857 2647 3931 59.).
2683 3859 2793 3913 Rex
2821 3861 2907 3931 qui
2931 3862 3192 3916 neminun
3216 3862 3487 3918 hominum
3515 3866 3683 3930 timet,

2115 3945 2227 4016 ipse
2256 3949 2436 4017 vulpes
2460 3965 2562 4003 non
2594 3960 2676 4004 est
2706 3968 2719 4005 :
2751 3952 2834 4005 leo
2865 3952 2953 4006 ille
2975 3953 3040 4008 de
3070 3955 3208 4009 tribu
3236 3952 3408 4019 .Juda,
3436 3956 3520 4011 cui
3558 3942 3686 4011 diei-

2115 4044 2219 4104 tur,
2244 4038 2520 4093 Asrendisti
2536 4042 2855 4105 recumbens,
2870 4042 3098 4097 dormisti
3120 4046 3245 4099 sicut
3269 4046 3346 4100 leo
3367 4046 3517 4117 (Gen.
3542 4063 3682 4114 xm,

2114 4125 2191 4199 9).
2236 4128 2503 4184 Potestate
2555 4132 2878 4200 ascendisti,
2928 4143 3184 4203 potestate
3239 4136 3511 4200 dormisti;
3561 4139 3682 4207 quia

2111 4220 2343 4288 voluisti,
2392 4222 2631 4277 dormisti
2662 4225 2702 4277 ².
2737 4224 2858 4278 Ideo
2898 4226 2950 4280 in
2980 4227 3082 4279 alio
3137 4227 3339 4296 psalmo
3384 4229 3530 4293 dicit,
3576 4228 3685 4300 Ego

2113 4311 2340 4366 dormivi.
2368 4313 2553 4368 Nonne
2581 4315 2729 4384 plena
2756 4328 2865 4370 erat
2888 4318 3144 4371 sententia
3176 4360 3191 4384 ,
3227 4318 3470 4387 Dormivi,
3515 4330 3562 4375 et
3597 4336 3686 4375 so-

2111 4419 2282 4455 mnum
2308 4405 2432 4474 cwpi
2455 4417 2525 4459 :et
2542 4407 2818 4473 exsurrexi,
2835 4408 3069 4477 quoniam
3083 4407 3326 4461 Dominus
3341 4411 3579 4479 suscipiet
3607 4426 3687 4466 me

2112 4492 2281 4563 (Psal.
2308 4511 2382 4556 ιιι,
2407 4495 2495 4567 6)?
2515 4512 2678 4565 quare
2701 4498 2933 4552 additum
2961 4509 3062 4562 est,
3089 4497 3238 4569 Ego?
3267 4499 3473 4554 Etcum
3495 4516 3687 4572 magno

2110 4584 2342 4654 pondere
2368 4588 2808 4656 pronuntiatulum
2840 4589 2973 4656 est’,
3004 4590 3145 4660 Ego;
3192 4590 3302 4660 Ego
3343 4592 3570 4648 dormivi.
3606 4595 3683 4651 Illi

2110 4676 2410 4740 smvieruut,
2447 4677 2517 4731 illi
2546 4680 2804 4746 persecuti
2828 4690 2982 4745 sunt,
3029 4680 3121 4733 sed
3154 4681 3197 4734 si
3229 4682 3534 4747 noluissem,
3576 4700 3685 4740 non

2109 4765 2444 4823 dormissem.
2478 4768 2587 4840 Ego
2613 4772 2843 4824 dor-miri.
2874 4772 3008 4841 Ergo
3029 4772 3094 4825 de
3118 4773 3308 4842 quibus
3327 4774 3522 4828 dictum
3544 4785 3680 4841 erat,

2115 4858 2293 4914 Partes
2322 4862 2546 4931 vulpium
2576 4873 2718 4915 erunt
2741 4880 2760 4928 ;
2807 4863 2873 4917 de
2901 4863 2982 4916 his
3011 4879 3151 4917 nunc
3180 4863 3376 4918 dictum
3404 4874 3505 4930 est,
3537 4862 3685 4919 Diri—

2110 4962 2322 5019 puerunt
2351 4969 2460 5006 eum
2485 4970 2653 5007 omnes
2676 4964 2987 5009 transeuntes
3015 4956 3143 5008 uiam
3164 4974 3184 5025 ;
3218 4959 3381 5027 factus
3406 4965 3479 5009 est
3498 4972 3678 5026 oppro-

2106 5047 2266 5099 brium
2288 5047 2462 5103 vicinis
2492 5050 2613 5102 suis.
2646 5049 2896 5105 Exultasti
2922 5052 3176 5105 dexteram
3195 5052 3513 5106 inimicorum
3536 5052 3688 5121 ejus,-

2108 5138 2394 5199 iucumlasti
2431 5158 2597 5194 omnes
2634 5145 2861 5197 inimicos
2887 5146 3014 5213 ejus.
3058 5145 3330 5201 Advortite
3354 5145 3587 5207 Judteos.
3630 5154 3685 5201 et

2106 5229 2279 5284 vidi-te
2310 5232 2483 5283 otntiia
2518 5233 2731 5300 impleta
2763 5251 2880 5303 qua:
2908 5236 3154 5304 prmdicta
3181 5246 3325 5290 sunt.
3345 5238 3576 5291 Avertisti
3600 5239 3687 5290 ad-

2108 5321 2347 5383 iutorium
2364 5322 2520 5391 gladii
2548 5325 2674 5393 ejus.
2689 5325 2965 5405 Quomodo
2985 5328 3221 5383 solebant
3240 5330 3390 5399 pauci
3408 5329 3682 5397 dimicare,

2108 5413 2296 5466 multo;
2328 5415 2706 5487 prosternere?
2736 5418 2964 5471 Arertisti
3011 5421 3315 5489 adjutorium
3351 5421 3508 5491 gladii
3551 5423 3683 5491 ejus,

2169 5548 2185 5577 ¹
2221 5549 2289 5595 Sic
2310 5552 2415 5595 Mss.
2435 5546 2545 5594 Edd.
2571 5560 2703 5605 vero,
2727 5552 2881 5609 promi
2894 5558 2960 5598 ett.

2169 5611 2188 5638 ³
2224 5610 2304 5655 Hic
2325 5608 2502 5656 addunt
2518 5610 2648 5669 ΜΛ,
2674 5608 2785 5673 quia
2809 5611 3013 5673 voluisti,
3036 5612 3289 5664 ascendisli
3311 5624 3328 5663 .‘
3352 5614 3478 5676 quod
3510 5627 3538 5664 a
3578 5622 3683 5667 Mss.

2106 5669 2260 5717 abest.

2174 5734 2193 5764 ³
2226 5733 2309 5779 διε,
2328 5737 2429 5780 Mss.
2459 5732 2566 5779 ΗΜ.
2597 5746 2728 5797 vero,
2755 5737 3103 5797 pronuntiauit:
3122 5742 3205 5786 est.
