  <div class='ocr_page' id='page_1' title='image "/cluster/home/n/w/nwhite01/storage/ocr_20150623/37/hvd.32044096580592/064.png"; bbox 0 0 4038 6208; ppageno 0'>
   <div class='ocr_carea' id='block_1_1' title="bbox 249 347 274 396">
    <p class='ocr_par' dir='ltr' id='par_1_1' title="bbox 249 347 274 396">
     <span class='ocr_line' id='line_1_1' title="bbox 249 347 274 396; baseline 0 0"><span class='ocrx_word' id='word_1_1' title='bbox 249 347 274 396; x_wconf 78' lang='lat'><strong><em>\</em></strong></span> 
     </span>
    </p>
   </div>
   <div class='ocr_carea' id='block_1_2' title="bbox 285 5514 1942 5589">
    <p class='ocr_par' dir='ltr' id='par_1_2' title="bbox 285 5514 1942 5589">
     <span class='ocr_line' id='line_1_2' title="bbox 285 5514 1942 5589; baseline -0.004 -14"><span class='ocrx_word' id='word_1_2' title='bbox 285 5561 305 5581; x_wconf 61' lang='grc' dir='ltr'><strong>ι</strong></span> <span class='ocrx_word' id='word_1_3' title='bbox 358 5523 503 5575; x_wconf 84' lang='lat' dir='ltr'><strong>niam</strong></span> <span class='ocrx_word' id='word_1_4' title='bbox 531 5521 813 5589; x_wconf 73' lang='lat' dir='ltr'><strong>miri/ienuit</strong></span> <span class='ocrx_word' id='word_1_5' title='bbox 846 5519 1090 5572; x_wconf 77' lang='lat' dir='ltr'><strong>Dominus</strong></span> <span class='ocrx_word' id='word_1_6' title='bbox 1126 5526 1350 5571; x_wconf 84' lang='lat' dir='ltr'><strong>sanctum</strong></span> <span class='ocrx_word' id='word_1_7' title='bbox 1398 5533 1541 5568; x_wconf 88' lang='lat' dir='ltr'><strong>suum</strong></span> <span class='ocrx_word' id='word_1_8' title='bbox 1587 5514 1756 5586; x_wconf 85' lang='lat' dir='ltr'><strong>(Psal.</strong></span> <span class='ocrx_word' id='word_1_9' title='bbox 1785 5531 1854 5577; x_wconf 83' lang='lat' dir='ltr'><strong>tv,</strong></span> <span class='ocrx_word' id='word_1_10' title='bbox 1889 5516 1942 5580; x_wconf 79' lang='lat'><strong>5,</strong></span> 
     </span>
    </p>
   </div>
   <div class='ocr_carea' id='block_1_3' title="bbox 408 367 542 422">
    <p class='ocr_par' dir='ltr' id='par_1_3' title="bbox 408 367 542 422">
     <span class='ocr_line' id='line_1_3' title="bbox 408 367 542 422; baseline 0.015 -2"><span class='ocrx_word' id='word_1_11' title='bbox 408 367 542 422; x_wconf 76' lang='lat'><strong>“37</strong></span> 
     </span>
    </p>
   </div>
   <div class='ocr_carea' id='block_1_4' title="bbox 403 481 1982 554">
    <p class='ocr_par' dir='ltr' id='par_1_4' title="bbox 403 481 1982 554">
     <span class='ocr_line' id='line_1_4' title="bbox 403 481 1982 554; baseline 0 -16"><span class='ocrx_word' id='word_1_12' title='bbox 403 497 450 538; x_wconf 85' lang='lat' dir='ltr'><strong>ct</strong></span> <span class='ocrx_word' id='word_1_13' title='bbox 479 501 576 538; x_wconf 85' lang='lat' dir='ltr'><strong>non</strong></span> <span class='ocrx_word' id='word_1_14' title='bbox 615 499 668 537; x_wconf 82' lang='lat' dir='ltr'><strong>es</strong></span> <span class='ocrx_word' id='word_1_15' title='bbox 697 483 969 554; x_wconf 84' lang='lat' dir='ltr'><strong>apitulatus</strong></span> <span class='ocrx_word' id='word_1_16' title='bbox 998 482 1044 538; x_wconf 88' lang='lat' dir='ltr'><strong>ei</strong></span> <span class='ocrx_word' id='word_1_17' title='bbox 1083 484 1134 538; x_wconf 91' lang='lat' dir='ltr'><strong>in</strong></span> <span class='ocrx_word' id='word_1_18' title='bbox 1161 481 1304 539; x_wconf 85' lang='lat' dir='ltr'><strong>bello.</strong></span> <span class='ocrx_word' id='word_1_19' title='bbox 1352 484 1536 540; x_wconf 84' lang='lat' dir='ltr'><strong>Merito</strong></span> <span class='ocrx_word' id='word_1_20' title='bbox 1564 486 1750 551; x_wconf 86' lang='lat' dir='ltr'><strong>victus,</strong></span> <span class='ocrx_word' id='word_1_21' title='bbox 1793 485 1982 539; x_wconf 89' lang='lat' dir='ltr'><strong>merito</strong></span> 
     </span>
    </p>
   </div>
   <div class='ocr_carea' id='block_1_5' title="bbox 404 575 1978 645">
    <p class='ocr_par' dir='ltr' id='par_1_5' title="bbox 404 575 1978 645">
     <span class='ocr_line' id='line_1_5' title="bbox 404 575 1978 645; baseline 0.001 -16"><span class='ocrx_word' id='word_1_22' title='bbox 404 584 606 644; x_wconf 83' lang='lat' dir='ltr'><strong>captus,</strong></span> <span class='ocrx_word' id='word_1_23' title='bbox 627 575 816 628; x_wconf 89' lang='lat' dir='ltr'><strong>merito</strong></span> <span class='ocrx_word' id='word_1_24' title='bbox 831 590 861 629; x_wconf 91' lang='lat' dir='ltr'><strong>a</strong></span> <span class='ocrx_word' id='word_1_25' title='bbox 888 589 1050 644; x_wconf 79' lang='lat' dir='ltr'><strong>regno</strong></span> <span class='ocrx_word' id='word_1_26' title='bbox 1061 591 1155 629; x_wconf 90' lang='lat' dir='ltr'><strong>suo</strong></span> <span class='ocrx_word' id='word_1_27' title='bbox 1171 576 1446 642; x_wconf 87' lang='lat' dir='ltr'><strong>alienatus,</strong></span> <span class='ocrx_word' id='word_1_28' title='bbox 1471 577 1658 630; x_wconf 88' lang='lat' dir='ltr'><strong>merito</strong></span> <span class='ocrx_word' id='word_1_29' title='bbox 1676 576 1946 645; x_wconf 89' lang='lat' dir='ltr'><strong>dispersus</strong></span> <span class='ocrx_word' id='word_1_30' title='bbox 1965 594 1978 629; x_wconf 90' lang='lat'><strong>:</strong></span> 
     </span>
    </p>
   </div>
   <div class='ocr_carea' id='block_1_6' title="bbox 405 666 1972 736">
    <p class='ocr_par' dir='ltr' id='par_1_6' title="bbox 405 666 1972 736">
     <span class='ocr_line' id='line_1_6' title="bbox 405 666 1972 736; baseline -0.001 -16"><span class='ocrx_word' id='word_1_31' title='bbox 405 683 520 721; x_wconf 85' lang='lat' dir='ltr'><strong>eam</strong></span> <span class='ocrx_word' id='word_1_32' title='bbox 549 667 690 721; x_wconf 90' lang='lat' dir='ltr'><strong>enim</strong></span> <span class='ocrx_word' id='word_1_33' title='bbox 717 675 912 720; x_wconf 91' lang='lat' dir='ltr'><strong>terram</strong></span> <span class='ocrx_word' id='word_1_34' title='bbox 942 666 1188 736; x_wconf 82' lang='lat' dir='ltr'><strong>perdidit,</strong></span> <span class='ocrx_word' id='word_1_35' title='bbox 1212 681 1308 736; x_wconf 92' lang='lat' dir='ltr'><strong>pro</strong></span> <span class='ocrx_word' id='word_1_36' title='bbox 1331 682 1432 736; x_wconf 90' lang='lat' dir='ltr'><strong>qua</strong></span> <span class='ocrx_word' id='word_1_37' title='bbox 1456 667 1730 720; x_wconf 90' lang='lat' dir='ltr'><strong>Dominum</strong></span> <span class='ocrx_word' id='word_1_38' title='bbox 1761 666 1972 721; x_wconf 87' lang='lat' dir='ltr'><strong>occidit.</strong></span> 
     </span>
    </p>
   </div>
   <div class='ocr_carea' id='block_1_7' title="bbox 400 757 1980 828">
    <p class='ocr_par' dir='ltr' id='par_1_7' title="bbox 400 757 1980 828">
     <span class='ocr_line' id='line_1_7' title="bbox 400 757 1980 828; baseline 0 -18"><span class='ocrx_word' id='word_1_39' title='bbox 400 758 636 811; x_wconf 76' lang='lat' dir='ltr'><strong>Avertiin</strong></span> <span class='ocrx_word' id='word_1_40' title='bbox 662 757 972 828; x_wconf 87' lang='lat' dir='ltr'><strong>adjutorium</strong></span> <span class='ocrx_word' id='word_1_41' title='bbox 997 757 1154 828; x_wconf 77' lang='lat' dir='ltr'><strong><em>gladii</em></strong></span> <span class='ocrx_word' id='word_1_42' title='bbox 1177 757 1306 828; x_wconf 87' lang='lat' dir='ltr'><strong>ejus,</strong></span> <span class='ocrx_word' id='word_1_43' title='bbox 1350 768 1395 811; x_wconf 88' lang='lat' dir='ltr'><strong>et</strong></span> <span class='ocrx_word' id='word_1_44' title='bbox 1425 773 1522 811; x_wconf 90' lang='lat' dir='ltr'><strong>non</strong></span> <span class='ocrx_word' id='word_1_45' title='bbox 1551 775 1602 811; x_wconf 91' lang='lat' dir='ltr'><strong>es</strong></span> <span class='ocrx_word' id='word_1_46' title='bbox 1635 757 1907 826; x_wconf 88' lang='lat' dir='ltr'><strong>opitulatus</strong></span> <span class='ocrx_word' id='word_1_47' title='bbox 1933 759 1980 811; x_wconf 88' lang='lat' dir='ltr'><strong>ei</strong></span> 
     </span>
    </p>
   </div>
   <div class='ocr_carea' id='block_1_8' title="bbox 396 848 1978 917">
    <p class='ocr_par' dir='ltr' id='par_1_8' title="bbox 396 848 1978 917">
     <span class='ocr_line' id='line_1_8' title="bbox 396 848 1978 917; baseline 0.001 -15"><span class='ocrx_word' id='word_1_48' title='bbox 396 849 450 902; x_wconf 87' lang='lat' dir='ltr'><strong>in</strong></span> <span class='ocrx_word' id='word_1_49' title='bbox 480 849 630 902; x_wconf 81' lang='lat' dir='ltr'><strong>bello.</strong></span> <span class='ocrx_word' id='word_1_50' title='bbox 663 849 947 904; x_wconf 88' lang='lat' dir='ltr'><strong>Dissolvisti</strong></span> <span class='ocrx_word' id='word_1_51' title='bbox 965 866 1078 904; x_wconf 85' lang='lat' dir='ltr'><strong>eum</strong></span> <span class='ocrx_word' id='word_1_52' title='bbox 1101 850 1163 904; x_wconf 89' lang='lat' dir='ltr'><strong>ab</strong></span> <span class='ocrx_word' id='word_1_53' title='bbox 1183 850 1549 905; x_wconf 87' lang='lat' dir='ltr'><strong>emundatione.</strong></span> <span class='ocrx_word' id='word_1_54' title='bbox 1582 848 1716 917; x_wconf 83' lang='lat' dir='ltr'><strong>Quid</strong></span> <span class='ocrx_word' id='word_1_55' title='bbox 1737 859 1818 905; x_wconf 89' lang='lat' dir='ltr'><strong>est</strong></span> <span class='ocrx_word' id='word_1_56' title='bbox 1839 849 1939 904; x_wconf 91' lang='lat' dir='ltr'><strong>hoc</strong></span> <span class='ocrx_word' id='word_1_57' title='bbox 1953 851 1978 902; x_wconf 64' lang='grc' dir='ltr'><strong><em>Ἰ</em></strong></span> 
     </span>
    </p>
   </div>
   <div class='ocr_carea' id='block_1_9' title="bbox 396 938 1978 1012">
    <p class='ocr_par' dir='ltr' id='par_1_9' title="bbox 396 938 1978 1012">
     <span class='ocr_line' id='line_1_9' title="bbox 396 938 1978 1012; baseline 0.003 -19"><span class='ocrx_word' id='word_1_58' title='bbox 396 938 538 993; x_wconf 82' lang='lat' dir='ltr'><strong>Inter</strong></span> <span class='ocrx_word' id='word_1_59' title='bbox 560 941 739 994; x_wconf 85' lang='lat' dir='ltr'><strong>omnia</strong></span> <span class='ocrx_word' id='word_1_60' title='bbox 765 942 898 995; x_wconf 89' lang='lat' dir='ltr'><strong>mala</strong></span> <span class='ocrx_word' id='word_1_61' title='bbox 925 955 1145 1012; x_wconf 88' lang='lat' dir='ltr'><strong>magnus</strong></span> <span class='ocrx_word' id='word_1_62' title='bbox 1161 941 1248 996; x_wconf 84' lang='lat' dir='ltr'><strong>hic</strong></span> <span class='ocrx_word' id='word_1_63' title='bbox 1273 950 1458 996; x_wconf 83' lang='lat' dir='ltr'><strong>terror.</strong></span> <span class='ocrx_word' id='word_1_64' title='bbox 1488 941 1978 1009; x_wconf 72' lang='lat' dir='ltr'><strong>Quantumcumque</strong></span> 
     </span>
    </p>
   </div>
   <div class='ocr_carea' id='block_1_10' title="bbox 394 1031 1972 1102">
    <p class='ocr_par' dir='ltr' id='par_1_10' title="bbox 394 1031 1972 1102">
     <span class='ocr_line' id='line_1_10' title="bbox 394 1031 1972 1102; baseline 0 -18"><span class='ocrx_word' id='word_1_65' title='bbox 394 1031 534 1084; x_wconf 89' lang='lat' dir='ltr'><strong>enim</strong></span> <span class='ocrx_word' id='word_1_66' title='bbox 565 1031 735 1085; x_wconf 76' lang='lat' dir='ltr'><strong>credat</strong></span> <span class='ocrx_word' id='word_1_67' title='bbox 765 1032 932 1095; x_wconf 87' lang='lat' dir='ltr'><strong>Deus,</strong></span> <span class='ocrx_word' id='word_1_68' title='bbox 979 1033 1360 1102; x_wconf 83' lang='lat' dir='ltr'><strong>quantumlibet</strong></span> <span class='ocrx_word' id='word_1_69' title='bbox 1383 1033 1656 1096; x_wconf 85' lang='lat' dir='ltr'><strong>irascatur,</strong></span> <span class='ocrx_word' id='word_1_70' title='bbox 1689 1040 1972 1100; x_wconf 88' lang='lat' dir='ltr'><strong>quantum-</strong></span> 
     </span>
    </p>
   </div>
   <div class='ocr_carea' id='block_1_11' title="bbox 393 1121 1968 1193">
    <p class='ocr_par' dir='ltr' id='par_1_11' title="bbox 393 1121 1968 1193">
     <span class='ocr_line' id='line_1_11' title="bbox 393 1121 1968 1193; baseline 0.001 -17"><span class='ocrx_word' id='word_1_71' title='bbox 393 1121 524 1176; x_wconf 82' lang='lat' dir='ltr'><strong>libet</strong></span> <span class='ocrx_word' id='word_1_72' title='bbox 574 1123 852 1189; x_wconf 88' lang='lat' dir='ltr'><strong>verberet,</strong></span> <span class='ocrx_word' id='word_1_73' title='bbox 901 1122 1160 1193; x_wconf 81' lang='lat' dir='ltr'><strong>flagellet;</strong></span> <span class='ocrx_word' id='word_1_74' title='bbox 1212 1124 1428 1192; x_wconf 91' lang='lat' dir='ltr'><strong>ligatum</strong></span> <span class='ocrx_word' id='word_1_75' title='bbox 1482 1131 1660 1177; x_wconf 88' lang='lat' dir='ltr'><strong>tamen</strong></span> <span class='ocrx_word' id='word_1_76' title='bbox 1711 1122 1968 1193; x_wconf 82' lang='lat' dir='ltr'><strong>ﬂagellet,</strong></span> 
     </span>
    </p>
   </div>
   <div class='ocr_carea' id='block_1_12' title="bbox 389 1215 1971 1285">
    <p class='ocr_par' dir='ltr' id='par_1_12' title="bbox 389 1215 1971 1285">
     <span class='ocr_line' id='line_1_12' title="bbox 389 1215 1971 1285; baseline 0.002 -17"><span class='ocrx_word' id='word_1_77' title='bbox 389 1232 546 1285; x_wconf 83' lang='lat' dir='ltr'><strong>quem</strong></span> <span class='ocrx_word' id='word_1_78' title='bbox 573 1216 811 1282; x_wconf 88' lang='lat' dir='ltr'><strong>mundet,</strong></span> <span class='ocrx_word' id='word_1_79' title='bbox 834 1232 938 1270; x_wconf 90' lang='lat' dir='ltr'><strong>non</strong></span> <span class='ocrx_word' id='word_1_80' title='bbox 954 1216 1203 1272; x_wconf 87' lang='lat' dir='ltr'><strong>dissolvat</strong></span> <span class='ocrx_word' id='word_1_81' title='bbox 1225 1215 1292 1270; x_wconf 87' lang='lat' dir='ltr'><strong>ab</strong></span> <span class='ocrx_word' id='word_1_82' title='bbox 1314 1215 1684 1271; x_wconf 90' lang='lat' dir='ltr'><strong>emundatione</strong></span> <span class='ocrx_word' id='word_1_83' title='bbox 1715 1233 1728 1268; x_wconf 89' lang='lat'><strong>:</strong></span> <span class='ocrx_word' id='word_1_84' title='bbox 1760 1216 1803 1270; x_wconf 91' lang='lat' dir='ltr'><strong>si</strong></span> <span class='ocrx_word' id='word_1_85' title='bbox 1828 1219 1971 1271; x_wconf 89' lang='lat' dir='ltr'><strong>enim</strong></span> 
     </span>
    </p>
   </div>
   <div class='ocr_carea' id='block_1_13' title="bbox 391 1306 1968 1376">
    <p class='ocr_par' dir='ltr' id='par_1_13' title="bbox 391 1306 1968 1376">
     <span class='ocr_line' id='line_1_13' title="bbox 391 1306 1968 1376; baseline 0.002 -17"><span class='ocrx_word' id='word_1_86' title='bbox 391 1306 636 1361; x_wconf 85' lang='lat' dir='ltr'><strong>dissolvit</strong></span> <span class='ocrx_word' id='word_1_87' title='bbox 678 1308 746 1362; x_wconf 92' lang='lat' dir='ltr'><strong>ab</strong></span> <span class='ocrx_word' id='word_1_88' title='bbox 773 1307 1179 1374; x_wconf 81' lang='lat' dir='ltr'><strong>emundatione;</strong></span> <span class='ocrx_word' id='word_1_89' title='bbox 1220 1308 1328 1376; x_wconf 89' lang='lat' dir='ltr'><strong>jam</strong></span> <span class='ocrx_word' id='word_1_90' title='bbox 1374 1324 1477 1362; x_wconf 93' lang='lat' dir='ltr'><strong>non</strong></span> <span class='ocrx_word' id='word_1_91' title='bbox 1507 1307 1664 1362; x_wconf 89' lang='lat' dir='ltr'><strong>habet</strong></span> <span class='ocrx_word' id='word_1_92' title='bbox 1711 1308 1968 1362; x_wconf 81' lang='lat' dir='ltr'><strong>mundan-</strong></span> 
     </span>
    </p>
   </div>
   <div class='ocr_carea' id='block_1_14' title="bbox 387 1396 1968 1470">
    <p class='ocr_par' dir='ltr' id='par_1_14' title="bbox 387 1396 1968 1470">
     <span class='ocr_line' id='line_1_14' title="bbox 387 1396 1968 1470; baseline 0.003 -19"><span class='ocrx_word' id='word_1_93' title='bbox 387 1396 536 1462; x_wconf 89' lang='lat' dir='ltr'><strong>dum,</strong></span> <span class='ocrx_word' id='word_1_94' title='bbox 564 1398 659 1453; x_wconf 88' lang='lat' dir='ltr'><strong>sed</strong></span> <span class='ocrx_word' id='word_1_95' title='bbox 686 1399 1084 1468; x_wconf 86' lang='lat' dir='ltr'><strong>projicieudum.</strong></span> <span class='ocrx_word' id='word_1_96' title='bbox 1120 1401 1159 1454; x_wconf 84' lang='lat' dir='ltr'><strong>A</strong></span> <span class='ocrx_word' id='word_1_97' title='bbox 1191 1415 1289 1469; x_wconf 91' lang='lat' dir='ltr'><strong>qua</strong></span> <span class='ocrx_word' id='word_1_98' title='bbox 1315 1415 1440 1470; x_wconf 86' lang='lat' dir='ltr'><strong>ergo</strong></span> <span class='ocrx_word' id='word_1_99' title='bbox 1465 1400 1836 1454; x_wconf 88' lang='lat' dir='ltr'><strong>emundatione</strong></span> <span class='ocrx_word' id='word_1_100' title='bbox 1861 1400 1968 1455; x_wconf 86' lang='lat' dir='ltr'><strong>dis-</strong></span> 
     </span>
    </p>
   </div>
   <div class='ocr_carea' id='block_1_15' title="bbox 388 1487 1963 1561">
    <p class='ocr_par' dir='ltr' id='par_1_15' title="bbox 388 1487 1963 1561">
     <span class='ocr_line' id='line_1_15' title="bbox 388 1487 1963 1561; baseline 0 -17"><span class='ocrx_word' id='word_1_101' title='bbox 388 1487 615 1544; x_wconf 82' lang='lat' dir='ltr'><strong>SOIvitur</strong></span> <span class='ocrx_word' id='word_1_102' title='bbox 639 1488 898 1543; x_wconf 68' lang='lat' dir='ltr'><strong>Iudaeus?</strong></span> <span class='ocrx_word' id='word_1_103' title='bbox 927 1491 968 1542; x_wconf 89' lang='lat' dir='ltr'><strong>A</strong></span> <span class='ocrx_word' id='word_1_104' title='bbox 994 1490 1115 1544; x_wconf 87' lang='lat' dir='ltr'><strong>lide.</strong></span> <span class='ocrx_word' id='word_1_105' title='bbox 1140 1491 1216 1544; x_wconf 87' lang='lat' dir='ltr'><strong>Ex</strong></span> <span class='ocrx_word' id='word_1_106' title='bbox 1248 1490 1349 1545; x_wconf 91' lang='lat' dir='ltr'><strong>ﬁde</strong></span> <span class='ocrx_word' id='word_1_107' title='bbox 1366 1491 1506 1544; x_wconf 90' lang='lat' dir='ltr'><strong>enim</strong></span> <span class='ocrx_word' id='word_1_108' title='bbox 1529 1491 1750 1545; x_wconf 84' lang='lat' dir='ltr'><strong>vivimus</strong></span> <span class='ocrx_word' id='word_1_109' title='bbox 1771 1489 1963 1561; x_wconf 82' lang='lat' dir='ltr'><strong>(Galat.</strong></span> 
     </span>
    </p>
   </div>
   <div class='ocr_carea' id='block_1_16' title="bbox 385 1575 1965 1650">
    <p class='ocr_par' dir='ltr' id='par_1_16' title="bbox 385 1575 1965 1650">
     <span class='ocr_line' id='line_1_16' title="bbox 385 1575 1965 1650; baseline 0.003 -21"><span class='ocrx_word' id='word_1_110' title='bbox 385 1590 468 1643; x_wconf 88' lang='lat' dir='ltr'><strong>Ill,</strong></span> <span class='ocrx_word' id='word_1_111' title='bbox 502 1575 626 1648; x_wconf 88' lang='lat' dir='ltr'><strong>Il);</strong></span> <span class='ocrx_word' id='word_1_112' title='bbox 675 1587 730 1632; x_wconf 89' lang='lat' dir='ltr'><strong>et</strong></span> <span class='ocrx_word' id='word_1_113' title='bbox 768 1578 836 1634; x_wconf 90' lang='lat' dir='ltr'><strong>de</strong></span> <span class='ocrx_word' id='word_1_114' title='bbox 879 1578 981 1650; x_wconf 88' lang='lat' dir='ltr'><strong>ﬁde</strong></span> <span class='ocrx_word' id='word_1_115' title='bbox 1019 1579 1217 1634; x_wconf 88' lang='lat' dir='ltr'><strong>dictum</strong></span> <span class='ocrx_word' id='word_1_116' title='bbox 1261 1590 1362 1646; x_wconf 88' lang='lat' dir='ltr'><strong>est,</strong></span> <span class='ocrx_word' id='word_1_117' title='bbox 1394 1579 1524 1634; x_wconf 83' lang='lat' dir='ltr'><strong>Fide</strong></span> <span class='ocrx_word' id='word_1_118' title='bbox 1545 1580 1791 1634; x_wconf 86' lang='lat' dir='ltr'><strong>mandans</strong></span> <span class='ocrx_word' id='word_1_119' title='bbox 1811 1582 1965 1634; x_wconf 87' lang='lat' dir='ltr'><strong>corda</strong></span> 
     </span>
    </p>
   </div>
   <div class='ocr_carea' id='block_1_17' title="bbox 387 1670 1959 1742">
    <p class='ocr_par' dir='ltr' id='par_1_17' title="bbox 387 1670 1959 1742">
     <span class='ocr_line' id='line_1_17' title="bbox 387 1670 1959 1742; baseline 0.004 -20"><span class='ocrx_word' id='word_1_120' title='bbox 387 1685 558 1722; x_wconf 87' lang='lat' dir='ltr'><strong>eorum</strong></span> <span class='ocrx_word' id='word_1_121' title='bbox 589 1670 724 1740; x_wconf 75' lang='lat' dir='ltr'><strong>(Act.</strong></span> <span class='ocrx_word' id='word_1_122' title='bbox 753 1688 839 1736; x_wconf 82' lang='lat' dir='ltr'><strong>xv,</strong></span> <span class='ocrx_word' id='word_1_123' title='bbox 866 1672 920 1742; x_wconf 87' lang='lat'><strong>9)</strong></span> <span class='ocrx_word' id='word_1_124' title='bbox 954 1682 1036 1726; x_wconf 90' lang='lat' dir='ltr'><strong>:et</strong></span> <span class='ocrx_word' id='word_1_125' title='bbox 1065 1673 1182 1742; x_wconf 91' lang='lat' dir='ltr'><strong>quia</strong></span> <span class='ocrx_word' id='word_1_126' title='bbox 1215 1674 1324 1728; x_wconf 89' lang='lat' dir='ltr'><strong>sola</strong></span> <span class='ocrx_word' id='word_1_127' title='bbox 1356 1673 1484 1729; x_wconf 93' lang='lat' dir='ltr'><strong>ﬁdes</strong></span> <span class='ocrx_word' id='word_1_128' title='bbox 1503 1672 1694 1728; x_wconf 89' lang='lat' dir='ltr'><strong>Christi</strong></span> <span class='ocrx_word' id='word_1_129' title='bbox 1723 1674 1959 1742; x_wconf 89' lang='lat' dir='ltr'><strong>mundat,</strong></span> 
     </span>
    </p>
   </div>
   <div class='ocr_carea' id='block_1_18' title="bbox 389 1761 1956 1819">
    <p class='ocr_par' dir='ltr' id='par_1_18' title="bbox 389 1761 1956 1819">
     <span class='ocr_line' id='line_1_18' title="bbox 389 1761 1956 1819; baseline 0.004 -6"><span class='ocrx_word' id='word_1_130' title='bbox 389 1775 490 1814; x_wconf 90' lang='lat' dir='ltr'><strong>non</strong></span> <span class='ocrx_word' id='word_1_131' title='bbox 517 1761 784 1816; x_wconf 86' lang='lat' dir='ltr'><strong>credendo</strong></span> <span class='ocrx_word' id='word_1_132' title='bbox 812 1763 861 1816; x_wconf 93' lang='lat' dir='ltr'><strong>in</strong></span> <span class='ocrx_word' id='word_1_133' title='bbox 891 1763 1154 1816; x_wconf 88' lang='lat' dir='ltr'><strong>Christum</strong></span> <span class='ocrx_word' id='word_1_134' title='bbox 1174 1765 1325 1818; x_wconf 85' lang='lat' dir='ltr'><strong>soluti</strong></span> <span class='ocrx_word' id='word_1_135' title='bbox 1345 1775 1465 1818; x_wconf 88' lang='lat' dir='ltr'><strong>sunt</strong></span> <span class='ocrx_word' id='word_1_136' title='bbox 1483 1764 1549 1818; x_wconf 92' lang='lat' dir='ltr'><strong>ab</strong></span> <span class='ocrx_word' id='word_1_137' title='bbox 1569 1766 1956 1819; x_wconf 86' lang='lat' dir='ltr'><strong>emundatione.</strong></span> 
     </span>
    </p>
   </div>
   <div class='ocr_carea' id='block_1_19' title="bbox 383 1848 1960 1927">
    <p class='ocr_par' dir='ltr' id='par_1_19' title="bbox 383 1848 1960 1927">
     <span class='ocr_line' id='line_1_19' title="bbox 383 1848 1960 1927; baseline 0.005 -25"><span class='ocrx_word' id='word_1_138' title='bbox 383 1848 669 1905; x_wconf 87' lang='lat' dir='ltr'><strong>Dissolvisti</strong></span> <span class='ocrx_word' id='word_1_139' title='bbox 697 1869 808 1905; x_wconf 88' lang='lat' dir='ltr'><strong>eum</strong></span> <span class='ocrx_word' id='word_1_140' title='bbox 844 1853 904 1906; x_wconf 88' lang='lat' dir='ltr'><strong>ab</strong></span> <span class='ocrx_word' id='word_1_141' title='bbox 929 1855 1312 1920; x_wconf 89' lang='lat' dir='ltr'><strong>emundatione;</strong></span> <span class='ocrx_word' id='word_1_142' title='bbox 1339 1855 1502 1909; x_wconf 84' lang='lat' dir='ltr'><strong>sedem</strong></span> <span class='ocrx_word' id='word_1_143' title='bbox 1549 1858 1658 1927; x_wconf 88' lang='lat' dir='ltr'><strong>ejus</strong></span> <span class='ocrx_word' id='word_1_144' title='bbox 1703 1858 1756 1910; x_wconf 89' lang='lat' dir='ltr'><strong>in</strong></span> <span class='ocrx_word' id='word_1_145' title='bbox 1778 1868 1960 1910; x_wconf 88' lang='lat' dir='ltr'><strong>terram</strong></span> 
     </span>
    </p>
   </div>
   <div class='ocr_carea' id='block_1_20' title="bbox 382 1943 1957 2019">
    <p class='ocr_par' dir='ltr' id='par_1_20' title="bbox 382 1943 1957 2019">
     <span class='ocr_line' id='line_1_20' title="bbox 382 1943 1957 2019; baseline 0.006 -25"><span class='ocrx_word' id='word_1_146' title='bbox 382 1943 613 1996; x_wconf 85' lang='lat' dir='ltr'><strong>collisiin</strong></span> <span class='ocrx_word' id='word_1_147' title='bbox 653 1961 672 1997; x_wconf 93' lang='lat'><strong><em>:</em></strong></span> <span class='ocrx_word' id='word_1_148' title='bbox 697 1945 885 1999; x_wconf 87' lang='lat' dir='ltr'><strong>merito</strong></span> <span class='ocrx_word' id='word_1_149' title='bbox 910 1955 962 2000; x_wconf 90' lang='lat' dir='ltr'><strong>et</strong></span> <span class='ocrx_word' id='word_1_150' title='bbox 995 1945 1212 2015; x_wconf 80' lang='lat' dir='ltr'><strong>fregisti.</strong></span> <span class='ocrx_word' id='word_1_151' title='bbox 1247 1946 1477 2001; x_wconf 81' lang='lat' dir='ltr'><strong>Minuisti</strong></span> <span class='ocrx_word' id='word_1_152' title='bbox 1504 1949 1608 2002; x_wconf 84' lang='lat' dir='ltr'><strong>dies</strong></span> <span class='ocrx_word' id='word_1_153' title='bbox 1634 1949 1764 2002; x_wconf 83' lang='lat' dir='ltr'><strong>sedis</strong></span> <span class='ocrx_word' id='word_1_154' title='bbox 1809 1952 1920 2019; x_wconf 86' lang='lat' dir='ltr'><strong>ejus</strong></span> <span class='ocrx_word' id='word_1_155' title='bbox 1939 1969 1957 2003; x_wconf 88' lang='lat'><em>:</em></span> 
     </span>
    </p>
   </div>
   <div class='ocr_carea' id='block_1_21' title="bbox 381 2033 1955 2108">
    <p class='ocr_par' dir='ltr' id='par_1_21' title="bbox 381 2033 1955 2108">
     <span class='ocr_line' id='line_1_21' title="bbox 381 2033 1955 2108; baseline 0.004 -22"><span class='ocrx_word' id='word_1_156' title='bbox 381 2033 639 2102; x_wconf 85' lang='lat' dir='ltr'><strong>putabant</strong></span> <span class='ocrx_word' id='word_1_157' title='bbox 666 2050 725 2088; x_wconf 90' lang='lat' dir='ltr'><strong>se</strong></span> <span class='ocrx_word' id='word_1_158' title='bbox 747 2035 797 2088; x_wconf 91' lang='lat' dir='ltr'><strong>in</strong></span> <span class='ocrx_word' id='word_1_159' title='bbox 829 2044 1083 2090; x_wconf 69' lang='lat' dir='ltr'><strong>aeternum</strong></span> <span class='ocrx_word' id='word_1_160' title='bbox 1111 2039 1478 2107; x_wconf 72' lang='lat' dir='ltr'><strong>regnaturos‘.</strong></span> <span class='ocrx_word' id='word_1_161' title='bbox 1531 2037 1810 2108; x_wconf 80' lang='lat' dir='ltr'><strong>Perfudisti</strong></span> <span class='ocrx_word' id='word_1_162' title='bbox 1843 2057 1955 2093; x_wconf 89' lang='lat' dir='ltr'><strong>eum</strong></span> 
     </span>
    </p>
   </div>
   <div class='ocr_carea' id='block_1_22' title="bbox 376 2128 1955 2198">
    <p class='ocr_par' dir='ltr' id='par_1_22' title="bbox 376 2128 1955 2198">
     <span class='ocr_line' id='line_1_22' title="bbox 376 2128 1955 2198; baseline 0.004 -19"><span class='ocrx_word' id='word_1_163' title='bbox 376 2130 690 2198; x_wconf 79' lang='lat' dir='ltr'><strong>confusione.</strong></span> <span class='ocrx_word' id='word_1_164' title='bbox 718 2128 839 2182; x_wconf 83' lang='lat' dir='ltr'><strong>II;rc</strong></span> <span class='ocrx_word' id='word_1_165' title='bbox 871 2131 1046 2183; x_wconf 90' lang='lat' dir='ltr'><strong>omnia</strong></span> <span class='ocrx_word' id='word_1_166' title='bbox 1077 2139 1366 2185; x_wconf 89' lang='lat' dir='ltr'><strong>evenerunt</strong></span> <span class='ocrx_word' id='word_1_167' title='bbox 1393 2129 1609 2197; x_wconf 67' lang='lat' dir='ltr'><strong>Judmis,</strong></span> <span class='ocrx_word' id='word_1_168' title='bbox 1640 2147 1744 2185; x_wconf 91' lang='lat' dir='ltr'><strong>non</strong></span> <span class='ocrx_word' id='word_1_169' title='bbox 1780 2141 1955 2186; x_wconf 89' lang='lat' dir='ltr'><strong>tamen</strong></span> 
     </span>
    </p>
   </div>
   <div class='ocr_carea' id='block_1_23' title="bbox 375 2219 1122 2285">
    <p class='ocr_par' dir='ltr' id='par_1_23' title="bbox 375 2219 1122 2285">
     <span class='ocr_line' id='line_1_23' title="bbox 375 2219 1122 2285; baseline 0.004 -13"><span class='ocrx_word' id='word_1_170' title='bbox 375 2219 551 2274; x_wconf 74' lang='lat' dir='ltr'><strong>ablato</strong></span> <span class='ocrx_word' id='word_1_171' title='bbox 577 2220 808 2285; x_wconf 88' lang='lat' dir='ltr'><strong>Christo,</strong></span> <span class='ocrx_word' id='word_1_172' title='bbox 832 2221 923 2275; x_wconf 86' lang='lat' dir='ltr'><strong>sed</strong></span> <span class='ocrx_word' id='word_1_173' title='bbox 945 2221 1122 2275; x_wconf 89' lang='lat' dir='ltr'><strong>dilato.</strong></span> 
     </span>
    </p>
   </div>
   <div class='ocr_carea' id='block_1_24' title="bbox 441 2311 1952 2388">
    <p class='ocr_par' dir='ltr' id='par_1_24' title="bbox 441 2311 1952 2388">
     <span class='ocr_line' id='line_1_24' title="bbox 441 2311 1952 2388; baseline 0.003 -20"><span class='ocrx_word' id='word_1_174' title='bbox 441 2313 496 2368; x_wconf 90' lang='lat'><strong>8.</strong></span> <span class='ocrx_word' id='word_1_175' title='bbox 537 2311 690 2383; x_wconf 84' lang='lat' dir='ltr'><strong>[vers.</strong></span> <span class='ocrx_word' id='word_1_176' title='bbox 720 2311 834 2385; x_wconf 64' lang='lat'><strong>47.]</strong></span> <span class='ocrx_word' id='word_1_177' title='bbox 866 2314 1144 2369; x_wconf 77' lang='lat' dir='ltr'><strong>Videamus</strong></span> <span class='ocrx_word' id='word_1_178' title='bbox 1185 2329 1310 2385; x_wconf 87' lang='lat' dir='ltr'><strong>ergo</strong></span> <span class='ocrx_word' id='word_1_179' title='bbox 1349 2324 1524 2370; x_wconf 89' lang='lat' dir='ltr'><strong>utrum</strong></span> <span class='ocrx_word' id='word_1_180' title='bbox 1559 2317 1772 2388; x_wconf 80' lang='lat' dir='ltr'><strong>Impleat</strong></span> <span class='ocrx_word' id='word_1_181' title='bbox 1815 2318 1952 2373; x_wconf 88' lang='lat' dir='ltr'><strong>Deus</strong></span> 
     </span>
    </p>
   </div>
   <div class='ocr_carea' id='block_1_25' title="bbox 371 2407 1952 2479">
    <p class='ocr_par' dir='ltr' id='par_1_25' title="bbox 371 2407 1952 2479">
     <span class='ocr_line' id='line_1_25' title="bbox 371 2407 1952 2479; baseline 0.004 -19"><span class='ocrx_word' id='word_1_182' title='bbox 371 2407 636 2477; x_wconf 85' lang='lat' dir='ltr'><strong>promissa</strong></span> <span class='ocrx_word' id='word_1_183' title='bbox 677 2422 792 2461; x_wconf 89' lang='lat' dir='ltr'><strong>sua.</strong></span> <span class='ocrx_word' id='word_1_184' title='bbox 841 2408 965 2463; x_wconf 89' lang='lat' dir='ltr'><strong>Post</strong></span> <span class='ocrx_word' id='word_1_185' title='bbox 1019 2407 1132 2462; x_wconf 72' lang='lat' dir='ltr'><strong>haec</strong></span> <span class='ocrx_word' id='word_1_186' title='bbox 1175 2407 1306 2462; x_wconf 88' lang='lat' dir='ltr'><strong>dura</strong></span> <span class='ocrx_word' id='word_1_187' title='bbox 1358 2425 1476 2479; x_wconf 80' lang='lat' dir='ltr'><strong>quze</strong></span> <span class='ocrx_word' id='word_1_188' title='bbox 1521 2412 1952 2466; x_wconf 75' lang='lat' dir='ltr'><strong>commemoravit</strong></span> 
     </span>
    </p>
   </div>
   <div class='ocr_carea' id='block_1_26' title="bbox 371 2500 1950 2570">
    <p class='ocr_par' dir='ltr' id='par_1_26' title="bbox 371 2500 1950 2570">
     <span class='ocr_line' id='line_1_26' title="bbox 371 2500 1950 2570; baseline 0.004 -17"><span class='ocrx_word' id='word_1_189' title='bbox 371 2500 620 2556; x_wconf 73' lang='lat' dir='ltr'><strong>evenisse</strong></span> <span class='ocrx_word' id='word_1_190' title='bbox 649 2500 721 2554; x_wconf 88' lang='lat' dir='ltr'><strong>illi</strong></span> <span class='ocrx_word' id='word_1_191' title='bbox 745 2501 935 2569; x_wconf 88' lang='lat' dir='ltr'><strong>populo</strong></span> <span class='ocrx_word' id='word_1_192' title='bbox 950 2510 1002 2554; x_wconf 87' lang='lat' dir='ltr'><strong>et</strong></span> <span class='ocrx_word' id='word_1_193' title='bbox 1022 2501 1094 2554; x_wconf 88' lang='lat' dir='ltr'><strong>illi</strong></span> <span class='ocrx_word' id='word_1_194' title='bbox 1124 2515 1305 2570; x_wconf 89' lang='lat' dir='ltr'><strong>regno,</strong></span> <span class='ocrx_word' id='word_1_195' title='bbox 1332 2516 1397 2556; x_wconf 91' lang='lat' dir='ltr'><strong>ne</strong></span> <span class='ocrx_word' id='word_1_196' title='bbox 1420 2501 1488 2555; x_wconf 88' lang='lat' dir='ltr'><strong>ibi</strong></span> <span class='ocrx_word' id='word_1_197' title='bbox 1512 2511 1783 2570; x_wconf 86' lang='lat' dir='ltr'><strong>putaretur</strong></span> <span class='ocrx_word' id='word_1_198' title='bbox 1808 2503 1950 2560; x_wconf 87' lang='lat' dir='ltr'><strong>Deus</strong></span> 
     </span>
    </p>
   </div>
   <div class='ocr_carea' id='block_1_27' title="bbox 371 2591 1948 2661">
    <p class='ocr_par' dir='ltr' id='par_1_27' title="bbox 371 2591 1948 2661">
     <span class='ocr_line' id='line_1_27' title="bbox 371 2591 1948 2661; baseline 0.002 -16"><span class='ocrx_word' id='word_1_199' title='bbox 371 2591 674 2660; x_wconf 84' lang='lat' dir='ltr'><strong>implevisse</strong></span> <span class='ocrx_word' id='word_1_200' title='bbox 701 2591 840 2661; x_wconf 90' lang='lat' dir='ltr'><strong>quod</strong></span> <span class='ocrx_word' id='word_1_201' title='bbox 893 2592 1224 2661; x_wconf 84' lang='lat' dir='ltr'><strong>promiserat,</strong></span> <span class='ocrx_word' id='word_1_202' title='bbox 1259 2593 1352 2646; x_wconf 78' lang='lat' dir='ltr'><strong>et&#39;</strong></span> <span class='ocrx_word' id='word_1_203' title='bbox 1395 2608 1500 2646; x_wconf 92' lang='lat' dir='ltr'><strong>non</strong></span> <span class='ocrx_word' id='word_1_204' title='bbox 1534 2593 1683 2646; x_wconf 87' lang='lat' dir='ltr'><strong>daret</strong></span> <span class='ocrx_word' id='word_1_205' title='bbox 1723 2594 1948 2648; x_wconf 89' lang='lat' dir='ltr'><strong>alterum</strong></span> 
     </span>
    </p>
   </div>
   <div class='ocr_carea' id='block_1_28' title="bbox 369 2681 1945 2754">
    <p class='ocr_par' dir='ltr' id='par_1_28' title="bbox 369 2681 1945 2754">
     <span class='ocr_line' id='line_1_28' title="bbox 369 2681 1945 2754; baseline 0.001 -18"><span class='ocrx_word' id='word_1_206' title='bbox 369 2697 592 2752; x_wconf 84' lang='lat' dir='ltr'><strong>regnum</strong></span> <span class='ocrx_word' id='word_1_207' title='bbox 616 2684 666 2737; x_wconf 91' lang='lat' dir='ltr'><strong>in</strong></span> <span class='ocrx_word' id='word_1_208' title='bbox 686 2681 916 2748; x_wconf 88' lang='lat' dir='ltr'><strong>Christo,</strong></span> <span class='ocrx_word' id='word_1_209' title='bbox 948 2683 1096 2751; x_wconf 88' lang='lat' dir='ltr'><strong>cujus</strong></span> <span class='ocrx_word' id='word_1_210' title='bbox 1121 2683 1267 2753; x_wconf 83' lang='lat' dir='ltr'><strong>regni</strong></span> <span class='ocrx_word' id='word_1_211' title='bbox 1298 2698 1401 2737; x_wconf 91' lang='lat' dir='ltr'><strong>non</strong></span> <span class='ocrx_word' id='word_1_212' title='bbox 1426 2685 1523 2737; x_wconf 88' lang='lat' dir='ltr'><strong>erit</strong></span> <span class='ocrx_word' id='word_1_213' title='bbox 1548 2683 1698 2748; x_wconf 90' lang='lat' dir='ltr'><strong>ﬁnis;</strong></span> <span class='ocrx_word' id='word_1_214' title='bbox 1724 2685 1945 2754; x_wconf 90' lang='lat' dir='ltr'><strong>alloqui-</strong></span> 
     </span>
    </p>
   </div>
   <div class='ocr_carea' id='block_1_29' title="bbox 369 2773 1946 2843">
    <p class='ocr_par' dir='ltr' id='par_1_29' title="bbox 369 2773 1946 2843">
     <span class='ocr_line' id='line_1_29' title="bbox 369 2773 1946 2843; baseline -0.001 -15"><span class='ocrx_word' id='word_1_215' title='bbox 369 2782 456 2828; x_wconf 84' lang='lat' dir='ltr'><strong>tur</strong></span> <span class='ocrx_word' id='word_1_216' title='bbox 476 2789 598 2828; x_wconf 89' lang='lat' dir='ltr'><strong>eum</strong></span> <span class='ocrx_word' id='word_1_217' title='bbox 621 2773 905 2843; x_wconf 87' lang='lat' dir='ltr'><strong>Propheta,</strong></span> <span class='ocrx_word' id='word_1_218' title='bbox 936 2783 988 2827; x_wconf 88' lang='lat' dir='ltr'><strong>et</strong></span> <span class='ocrx_word' id='word_1_219' title='bbox 1011 2774 1138 2828; x_wconf 87' lang='lat' dir='ltr'><strong>dicit</strong></span> <span class='ocrx_word' id='word_1_220' title='bbox 1169 2792 1181 2828; x_wconf 92' lang='lat'><strong>:</strong></span> <span class='ocrx_word' id='word_1_221' title='bbox 1209 2773 1493 2842; x_wconf 82' lang='lat' dir='ltr'><strong>Quousque,</strong></span> <span class='ocrx_word' id='word_1_222' title='bbox 1527 2773 1757 2839; x_wconf 80' lang='lat' dir='ltr'><strong>Domine,</strong></span> <span class='ocrx_word' id='word_1_223' title='bbox 1803 2791 1946 2828; x_wconf 87' lang='lat' dir='ltr'><strong>aver-</strong></span> 
     </span>
    </p>
   </div>
   <div class='ocr_carea' id='block_1_30' title="bbox 367 2864 1943 2934">
    <p class='ocr_par' dir='ltr' id='par_1_30' title="bbox 367 2864 1943 2934">
     <span class='ocr_line' id='line_1_30' title="bbox 367 2864 1943 2934; baseline 0.001 -16"><span class='ocrx_word' id='word_1_224' title='bbox 367 2865 487 2918; x_wconf 86' lang='lat' dir='ltr'><strong>teris</strong></span> <span class='ocrx_word' id='word_1_225' title='bbox 515 2865 568 2918; x_wconf 89' lang='lat' dir='ltr'><strong>in</strong></span> <span class='ocrx_word' id='word_1_226' title='bbox 595 2864 783 2933; x_wconf 77' lang='lat' dir='ltr'><strong>ﬁnem?</strong></span> <span class='ocrx_word' id='word_1_227' title='bbox 809 2864 969 2932; x_wconf 81' lang='lat' dir='ltr'><strong>Forte</strong></span> <span class='ocrx_word' id='word_1_228' title='bbox 1013 2865 1151 2919; x_wconf 80' lang='lat' dir='ltr'><strong>enim</strong></span> <span class='ocrx_word' id='word_1_229' title='bbox 1197 2880 1300 2918; x_wconf 90' lang='lat' dir='ltr'><strong>non</strong></span> <span class='ocrx_word' id='word_1_230' title='bbox 1331 2865 1380 2918; x_wconf 91' lang='lat' dir='ltr'><strong>in</strong></span> <span class='ocrx_word' id='word_1_231' title='bbox 1423 2864 1580 2919; x_wconf 87' lang='lat' dir='ltr'><strong>ﬁnem</strong></span> <span class='ocrx_word' id='word_1_232' title='bbox 1609 2874 1662 2919; x_wconf 90' lang='lat' dir='ltr'><strong>ct</strong></span> <span class='ocrx_word' id='word_1_233' title='bbox 1692 2865 1758 2919; x_wconf 88' lang='lat' dir='ltr'><strong>ab</strong></span> <span class='ocrx_word' id='word_1_234' title='bbox 1783 2867 1943 2934; x_wconf 90' lang='lat' dir='ltr'><strong>ipsis;</strong></span> 
     </span>
    </p>
   </div>
   <div class='ocr_carea' id='block_1_31' title="bbox 365 2955 1946 3026">
    <p class='ocr_par' dir='ltr' id='par_1_31' title="bbox 365 2955 1946 3026">
     <span class='ocr_line' id='line_1_31' title="bbox 365 2955 1946 3026; baseline 0.001 -15"><span class='ocrx_word' id='word_1_235' title='bbox 365 2958 489 3025; x_wconf 81' lang='lat' dir='ltr'><strong>quia</strong></span> <span class='ocrx_word' id='word_1_236' title='bbox 539 2957 749 3011; x_wconf 68' lang='lat' dir='ltr'><strong>caecitas</strong></span> <span class='ocrx_word' id='word_1_237' title='bbox 796 2972 860 3010; x_wconf 88' lang='lat' dir='ltr'><strong>ex</strong></span> <span class='ocrx_word' id='word_1_238' title='bbox 899 2964 1049 3026; x_wconf 89' lang='lat' dir='ltr'><strong>parte</strong></span> <span class='ocrx_word' id='word_1_239' title='bbox 1077 2955 1233 3010; x_wconf 89' lang='lat' dir='ltr'><strong>Israel</strong></span> <span class='ocrx_word' id='word_1_240' title='bbox 1284 2956 1416 3010; x_wconf 88' lang='lat' dir='ltr'><strong>facta</strong></span> <span class='ocrx_word' id='word_1_241' title='bbox 1456 2966 1555 3020; x_wconf 87' lang='lat' dir='ltr'><strong>est,</strong></span> <span class='ocrx_word' id='word_1_242' title='bbox 1587 2965 1643 3010; x_wconf 90' lang='lat' dir='ltr'><strong>ut</strong></span> <span class='ocrx_word' id='word_1_243' title='bbox 1680 2958 1946 3026; x_wconf 80' lang='lat' dir='ltr'><strong>plenitudo</strong></span> 
     </span>
    </p>
   </div>
   <div class='ocr_carea' id='block_1_32' title="bbox 366 3047 1948 3115">
    <p class='ocr_par' dir='ltr' id='par_1_32' title="bbox 366 3047 1948 3115">
     <span class='ocr_line' id='line_1_32' title="bbox 366 3047 1948 3115; baseline -0.001 -11"><span class='ocrx_word' id='word_1_244' title='bbox 366 3049 618 3104; x_wconf 84' lang='lat' dir='ltr'><strong>Gentium</strong></span> <span class='ocrx_word' id='word_1_245' title='bbox 669 3049 906 3115; x_wconf 84' lang='lat' dir='ltr'><strong>intraret,</strong></span> <span class='ocrx_word' id='word_1_246' title='bbox 960 3057 1014 3103; x_wconf 91' lang='lat' dir='ltr'><strong>et</strong></span> <span class='ocrx_word' id='word_1_247' title='bbox 1054 3047 1131 3102; x_wconf 91' lang='lat' dir='ltr'><strong>sic</strong></span> <span class='ocrx_word' id='word_1_248' title='bbox 1174 3047 1346 3102; x_wconf 90' lang='lat' dir='ltr'><strong>omnis</strong></span> <span class='ocrx_word' id='word_1_249' title='bbox 1389 3048 1550 3102; x_wconf 91' lang='lat' dir='ltr'><strong>Israel</strong></span> <span class='ocrx_word' id='word_1_250' title='bbox 1595 3049 1772 3103; x_wconf 87' lang='lat' dir='ltr'><strong>salvus</strong></span> <span class='ocrx_word' id='word_1_251' title='bbox 1801 3048 1948 3104; x_wconf 89' lang='lat' dir='ltr'><strong>ﬁeret</strong></span> 
     </span>
    </p>
   </div>
   <div class='ocr_carea' id='block_1_33' title="bbox 367 3140 1946 3213">
    <p class='ocr_par' dir='ltr' id='par_1_33' title="bbox 367 3140 1946 3213">
     <span class='ocr_line' id='line_1_33' title="bbox 367 3140 1946 3213; baseline 0.002 -19"><span class='ocrx_word' id='word_1_252' title='bbox 367 3140 545 3205; x_wconf 83' lang='lat' dir='ltr'><strong>(Rom.</strong></span> <span class='ocrx_word' id='word_1_253' title='bbox 570 3157 644 3207; x_wconf 72' lang='lat' dir='ltr'><strong>xl,</strong></span> <span class='ocrx_word' id='word_1_254' title='bbox 692 3140 804 3213; x_wconf 70' lang='lat'><strong>25).</strong></span> <span class='ocrx_word' id='word_1_255' title='bbox 836 3140 1038 3196; x_wconf 89' lang='lat' dir='ltr'><strong>Interea</strong></span> <span class='ocrx_word' id='word_1_256' title='bbox 1067 3152 1260 3206; x_wconf 89' lang='lat' dir='ltr'><strong>tamen,</strong></span> <span class='ocrx_word' id='word_1_257' title='bbox 1293 3140 1598 3195; x_wconf 75' lang='lat' dir='ltr'><strong>Exardescet</strong></span> <span class='ocrx_word' id='word_1_258' title='bbox 1647 3143 1771 3196; x_wconf 79' lang='lat' dir='ltr'><strong>sicut</strong></span> <span class='ocrx_word' id='word_1_259' title='bbox 1815 3143 1946 3212; x_wconf 86' lang='lat' dir='ltr'><strong>ignis</strong></span> 
     </span>
    </p>
   </div>
   <div class='ocr_carea' id='block_1_34' title="bbox 366 3233 578 3287">
    <p class='ocr_par' dir='ltr' id='par_1_34' title="bbox 366 3233 578 3287">
     <span class='ocr_line' id='line_1_34' title="bbox 366 3233 578 3287; baseline 0.009 -2"><span class='ocrx_word' id='word_1_260' title='bbox 366 3233 444 3286; x_wconf 77' lang='lat' dir='ltr'><strong>ira</strong></span> <span class='ocrx_word' id='word_1_261' title='bbox 473 3243 578 3287; x_wconf 83' lang='lat' dir='ltr'><strong>tua.</strong></span> 
     </span>
    </p>
   </div>
   <div class='ocr_carea' id='block_1_35' title="bbox 439 3323 1942 3398">
    <p class='ocr_par' dir='ltr' id='par_1_35' title="bbox 439 3323 1942 3398">
     <span class='ocr_line' id='line_1_35' title="bbox 439 3323 1942 3398; baseline 0.001 -19"><span class='ocrx_word' id='word_1_262' title='bbox 439 3326 495 3379; x_wconf 85' lang='lat'><strong>9.</strong></span> <span class='ocrx_word' id='word_1_263' title='bbox 526 3325 675 3398; x_wconf 90' lang='lat' dir='ltr'><strong>[vers.</strong></span> <span class='ocrx_word' id='word_1_264' title='bbox 706 3325 793 3389; x_wconf 68' lang='grc'><strong>48,</strong></span> <span class='ocrx_word' id='word_1_265' title='bbox 822 3323 936 3397; x_wconf 75' lang='grc'><strong>49.]</strong></span> <span class='ocrx_word' id='word_1_266' title='bbox 969 3325 1221 3380; x_wconf 80' lang='lat' dir='ltr'><strong>Memento</strong></span> <span class='ocrx_word' id='word_1_267' title='bbox 1246 3341 1357 3396; x_wconf 77' lang='lat' dir='ltr'><strong>qua:</strong></span> <span class='ocrx_word' id='word_1_268' title='bbox 1381 3335 1450 3379; x_wconf 90' lang='lat' dir='ltr'><strong>est</strong></span> <span class='ocrx_word' id='word_1_269' title='bbox 1490 3326 1764 3380; x_wconf 78' lang='lat' dir='ltr'><strong>substantia</strong></span> <span class='ocrx_word' id='word_1_270' title='bbox 1813 3343 1942 3380; x_wconf 91' lang='lat' dir='ltr'><strong>mea.</strong></span> 
     </span>
    </p>
   </div>
   <div class='ocr_carea' id='block_1_36' title="bbox 364 3416 1942 3488">
    <p class='ocr_par' dir='ltr' id='par_1_36' title="bbox 364 3416 1942 3488">
     <span class='ocr_line' id='line_1_36' title="bbox 364 3416 1942 3488; baseline -0.001 -16"><span class='ocrx_word' id='word_1_271' title='bbox 364 3416 529 3474; x_wconf 79' lang='lat' dir='ltr'><strong>David</strong></span> <span class='ocrx_word' id='word_1_272' title='bbox 558 3418 660 3474; x_wconf 86' lang='lat' dir='ltr'><strong>iste</strong></span> <span class='ocrx_word' id='word_1_273' title='bbox 685 3417 811 3473; x_wconf 90' lang='lat' dir='ltr'><strong>dicit</strong></span> <span class='ocrx_word' id='word_1_274' title='bbox 837 3419 1038 3486; x_wconf 89' lang='lat' dir='ltr'><strong>positus</strong></span> <span class='ocrx_word' id='word_1_275' title='bbox 1069 3419 1120 3472; x_wconf 91' lang='lat' dir='ltr'><strong>in</strong></span> <span class='ocrx_word' id='word_1_276' title='bbox 1165 3433 1325 3472; x_wconf 90' lang='lat' dir='ltr'><strong>carne</strong></span> <span class='ocrx_word' id='word_1_277' title='bbox 1355 3419 1404 3471; x_wconf 91' lang='lat' dir='ltr'><strong>iu</strong></span> <span class='ocrx_word' id='word_1_278' title='bbox 1427 3417 1641 3484; x_wconf 75' lang='lat' dir='ltr'><strong>Judzcis,</strong></span> <span class='ocrx_word' id='word_1_279' title='bbox 1671 3418 1868 3488; x_wconf 90' lang='lat' dir='ltr'><strong>positus</strong></span> <span class='ocrx_word' id='word_1_280' title='bbox 1893 3419 1942 3471; x_wconf 92' lang='lat' dir='ltr'><strong>in</strong></span> 
     </span>
    </p>
   </div>
   <div class='ocr_carea' id='block_1_37' title="bbox 362 3510 1944 3583">
    <p class='ocr_par' dir='ltr' id='par_1_37' title="bbox 362 3510 1944 3583">
     <span class='ocr_line' id='line_1_37' title="bbox 362 3510 1944 3583; baseline -0.003 -15"><span class='ocrx_word' id='word_1_281' title='bbox 362 3528 462 3583; x_wconf 84' lang='lat' dir='ltr'><strong>spe</strong></span> <span class='ocrx_word' id='word_1_282' title='bbox 492 3513 541 3566; x_wconf 92' lang='lat' dir='ltr'><strong>in</strong></span> <span class='ocrx_word' id='word_1_283' title='bbox 569 3510 797 3574; x_wconf 88' lang='lat' dir='ltr'><strong>Christo,</strong></span> <span class='ocrx_word' id='word_1_284' title='bbox 827 3511 1077 3567; x_wconf 77' lang='lat' dir='ltr'><strong>Memento</strong></span> <span class='ocrx_word' id='word_1_285' title='bbox 1118 3526 1228 3580; x_wconf 69' lang='lat' dir='ltr'><strong>qua:</strong></span> <span class='ocrx_word' id='word_1_286' title='bbox 1266 3519 1338 3564; x_wconf 86' lang='lat' dir='ltr'><strong>est</strong></span> <span class='ocrx_word' id='word_1_287' title='bbox 1366 3511 1643 3563; x_wconf 85' lang='lat' dir='ltr'><strong>substantia</strong></span> <span class='ocrx_word' id='word_1_288' title='bbox 1670 3527 1798 3563; x_wconf 81' lang='lat' dir='ltr'><strong>mea.</strong></span> <span class='ocrx_word' id='word_1_289' title='bbox 1830 3510 1944 3567; x_wconf 84' lang='lat' dir='ltr'><strong>Non</strong></span> 
     </span>
    </p>
   </div>
   <div class='ocr_carea' id='block_1_38' title="bbox 363 3600 1941 3676">
    <p class='ocr_par' dir='ltr' id='par_1_38' title="bbox 363 3600 1941 3676">
     <span class='ocr_line' id='line_1_38' title="bbox 363 3600 1941 3676; baseline -0.005 -15"><span class='ocrx_word' id='word_1_290' title='bbox 363 3607 509 3661; x_wconf 91' lang='lat' dir='ltr'><strong>enim</strong></span> <span class='ocrx_word' id='word_1_291' title='bbox 539 3605 658 3676; x_wconf 85' lang='lat' dir='ltr'><strong>quia</strong></span> <span class='ocrx_word' id='word_1_292' title='bbox 698 3603 865 3659; x_wconf 74' lang='grc' dir='ltr'>,ιιιᾱωί</span> <span class='ocrx_word' id='word_1_293' title='bbox 895 3602 1221 3664; x_wconf 90' lang='lat' dir='ltr'><strong>defecerunt,</strong></span> <span class='ocrx_word' id='word_1_294' title='bbox 1251 3600 1442 3656; x_wconf 89' lang='lat' dir='ltr'><strong>defecit</strong></span> <span class='ocrx_word' id='word_1_295' title='bbox 1469 3602 1758 3655; x_wconf 87' lang='lat' dir='ltr'><strong>substantia</strong></span> <span class='ocrx_word' id='word_1_296' title='bbox 1802 3615 1941 3655; x_wconf 89' lang='lat' dir='ltr'><strong>mea.</strong></span> 
     </span>
    </p>
   </div>
   <div class='ocr_carea' id='block_1_39' title="bbox 362 3692 1944 3768">
    <p class='ocr_par' dir='ltr' id='par_1_39' title="bbox 362 3692 1944 3768">
     <span class='ocr_line' id='line_1_39' title="bbox 362 3692 1944 3768; baseline -0.004 -16"><span class='ocrx_word' id='word_1_297' title='bbox 362 3695 576 3752; x_wconf 82' lang='lat' dir='ltr'><strong>Etenim</strong></span> <span class='ocrx_word' id='word_1_298' title='bbox 605 3697 672 3749; x_wconf 92' lang='lat' dir='ltr'><strong>de</strong></span> <span class='ocrx_word' id='word_1_299' title='bbox 696 3695 786 3748; x_wconf 92' lang='lat' dir='ltr'><strong>illo</strong></span> <span class='ocrx_word' id='word_1_300' title='bbox 813 3695 1008 3764; x_wconf 87' lang='lat' dir='ltr'><strong>populo</strong></span> <span class='ocrx_word' id='word_1_301' title='bbox 1048 3693 1194 3768; x_wconf 84' lang='lat' dir='ltr'><strong>virgo</strong></span> <span class='ocrx_word' id='word_1_302' title='bbox 1223 3692 1406 3757; x_wconf 85' lang='lat' dir='ltr'><strong>Maria,</strong></span> <span class='ocrx_word' id='word_1_303' title='bbox 1452 3692 1520 3747; x_wconf 90' lang='lat' dir='ltr'><strong>de</strong></span> <span class='ocrx_word' id='word_1_304' title='bbox 1542 3694 1743 3763; x_wconf 80' lang='lat' dir='ltr'><strong>virgine</strong></span> <span class='ocrx_word' id='word_1_305' title='bbox 1783 3692 1944 3746; x_wconf 81' lang='lat' dir='ltr'><strong>Maria</strong></span> 
     </span>
    </p>
   </div>
   <div class='ocr_carea' id='block_1_40' title="bbox 362 3783 1944 3852">
    <p class='ocr_par' dir='ltr' id='par_1_40' title="bbox 362 3783 1944 3852">
     <span class='ocr_line' id='line_1_40' title="bbox 362 3783 1944 3852; baseline -0.006 -8"><span class='ocrx_word' id='word_1_306' title='bbox 362 3803 492 3844; x_wconf 87' lang='lat' dir='ltr'><strong>caro</strong></span> <span class='ocrx_word' id='word_1_307' title='bbox 515 3785 744 3849; x_wconf 86' lang='lat' dir='ltr'><strong>Christi;</strong></span> <span class='ocrx_word' id='word_1_308' title='bbox 774 3794 826 3840; x_wconf 91' lang='lat' dir='ltr'><strong>et</strong></span> <span class='ocrx_word' id='word_1_309' title='bbox 847 3799 970 3839; x_wconf 89' lang='lat' dir='ltr'><strong>caro</strong></span> <span class='ocrx_word' id='word_1_310' title='bbox 997 3784 1082 3837; x_wconf 90' lang='lat' dir='ltr'><strong>illa</strong></span> <span class='ocrx_word' id='word_1_311' title='bbox 1115 3797 1216 3837; x_wconf 90' lang='lat' dir='ltr'><strong>non</strong></span> <span class='ocrx_word' id='word_1_312' title='bbox 1248 3783 1513 3852; x_wconf 87' lang='lat' dir='ltr'><strong>peccatrix</strong></span> <span class='ocrx_word' id='word_1_313' title='bbox 1538 3800 1552 3845; x_wconf 89' lang='lat'><strong>;</strong></span> <span class='ocrx_word' id='word_1_314' title='bbox 1577 3783 1669 3836; x_wconf 87' lang='lat' dir='ltr'><strong>sed</strong></span> <span class='ocrx_word' id='word_1_315' title='bbox 1698 3791 1944 3851; x_wconf 88' lang='lat' dir='ltr'><strong>peccate-</strong></span> 
     </span>
    </p>
   </div>
   <div class='ocr_carea' id='block_1_41' title="bbox 362 3873 1943 3945">
    <p class='ocr_par' dir='ltr' id='par_1_41' title="bbox 362 3873 1943 3945">
     <span class='ocr_line' id='line_1_41' title="bbox 362 3873 1943 3945; baseline -0.004 -11"><span class='ocrx_word' id='word_1_316' title='bbox 362 3894 486 3934; x_wconf 86' lang='lat' dir='ltr'><strong>rum</strong></span> <span class='ocrx_word' id='word_1_317' title='bbox 511 3877 811 3932; x_wconf 82' lang='lat' dir='ltr'><strong>mundatrix</strong></span> <span class='ocrx_word' id='word_1_318' title='bbox 845 3894 858 3928; x_wconf 88' lang='lat'>:</span> <span class='ocrx_word' id='word_1_319' title='bbox 892 3876 963 3931; x_wconf 90' lang='lat' dir='ltr'><strong>ibi</strong></span> <span class='ocrx_word' id='word_1_320' title='bbox 989 3884 1090 3938; x_wconf 88' lang='lat' dir='ltr'><strong>est,</strong></span> <span class='ocrx_word' id='word_1_321' title='bbox 1123 3875 1313 3945; x_wconf 84' lang='lat' dir='ltr'><strong>inquit,</strong></span> <span class='ocrx_word' id='word_1_322' title='bbox 1341 3875 1631 3929; x_wconf 89' lang='lat' dir='ltr'><strong>substantia</strong></span> <span class='ocrx_word' id='word_1_323' title='bbox 1659 3888 1797 3928; x_wconf 90' lang='lat' dir='ltr'><strong>mea.</strong></span> <span class='ocrx_word' id='word_1_324' title='bbox 1829 3873 1943 3927; x_wconf 85' lang='lat' dir='ltr'><strong>Me-</strong></span> 
     </span>
    </p>
   </div>
   <div class='ocr_carea' id='block_1_42' title="bbox 363 3965 1946 4040">
    <p class='ocr_par' dir='ltr' id='par_1_42' title="bbox 363 3965 1946 4040">
     <span class='ocr_line' id='line_1_42' title="bbox 363 3965 1946 4040; baseline -0.002 -18"><span class='ocrx_word' id='word_1_325' title='bbox 363 3978 529 4022; x_wconf 85' lang='lat' dir='ltr'><strong>mento</strong></span> <span class='ocrx_word' id='word_1_326' title='bbox 555 3984 666 4040; x_wconf 68' lang='lat' dir='ltr'><strong>quaa</strong></span> <span class='ocrx_word' id='word_1_327' title='bbox 685 3977 757 4022; x_wconf 87' lang='lat' dir='ltr'><strong>est</strong></span> <span class='ocrx_word' id='word_1_328' title='bbox 782 3966 1058 4021; x_wconf 81' lang='lat' dir='ltr'><strong>substantia</strong></span> <span class='ocrx_word' id='word_1_329' title='bbox 1075 3983 1203 4020; x_wconf 89' lang='lat' dir='ltr'><strong>mea.</strong></span> <span class='ocrx_word' id='word_1_330' title='bbox 1229 3965 1343 4019; x_wconf 90' lang='lat' dir='ltr'><strong>Non</strong></span> <span class='ocrx_word' id='word_1_331' title='bbox 1372 3965 1512 4019; x_wconf 91' lang='lat' dir='ltr'><strong>enim</strong></span> <span class='ocrx_word' id='word_1_332' title='bbox 1542 3965 1758 4019; x_wconf 89' lang='lat' dir='ltr'><strong>omnino</strong></span> <span class='ocrx_word' id='word_1_333' title='bbox 1780 3965 1946 4019; x_wconf 82' lang='lat' dir='ltr'><strong>inter-</strong></span> 
     </span>
    </p>
   </div>
   <div class='ocr_carea' id='block_1_43' title="bbox 362 4055 1943 4127">
    <p class='ocr_par' dir='ltr' id='par_1_43' title="bbox 362 4055 1943 4127">
     <span class='ocr_line' id='line_1_43' title="bbox 362 4055 1943 4127; baseline -0.004 -11"><span class='ocrx_word' id='word_1_334' title='bbox 362 4062 424 4116; x_wconf 90' lang='lat' dir='ltr'><strong>iit</strong></span> <span class='ocrx_word' id='word_1_335' title='bbox 454 4062 598 4116; x_wconf 78' lang='lat' dir='ltr'><strong>radix</strong></span> <span class='ocrx_word' id='word_1_336' title='bbox 623 4078 639 4126; x_wconf 90' lang='lat'><strong>;</strong></span> <span class='ocrx_word' id='word_1_337' title='bbox 665 4061 1050 4114; x_wconf 79' lang='lat' dir='ltr'><strong>veniet’semen</strong></span> <span class='ocrx_word' id='word_1_338' title='bbox 1104 4058 1188 4112; x_wconf 91' lang='lat' dir='ltr'><strong>cui</strong></span> <span class='ocrx_word' id='word_1_339' title='bbox 1218 4058 1535 4127; x_wconf 89' lang='lat' dir='ltr'><strong>promissum</strong></span> <span class='ocrx_word' id='word_1_340' title='bbox 1565 4065 1666 4120; x_wconf 84' lang='lat' dir='ltr'><strong>est,</strong></span> <span class='ocrx_word' id='word_1_341' title='bbox 1715 4055 1943 4125; x_wconf 81' lang='lat' dir='ltr'><strong>disposi-</strong></span> 
     </span>
    </p>
   </div>
   <div class='ocr_carea' id='block_1_44' title="bbox 359 4146 1940 4223">
    <p class='ocr_par' dir='ltr' id='par_1_44' title="bbox 359 4146 1940 4223">
     <span class='ocr_line' id='line_1_44' title="bbox 359 4146 1940 4223; baseline -0.006 -15"><span class='ocrx_word' id='word_1_342' title='bbox 359 4163 474 4208; x_wconf 89' lang='lat' dir='ltr'><strong>tum</strong></span> <span class='ocrx_word' id='word_1_343' title='bbox 507 4170 601 4223; x_wconf 83' lang='lat' dir='ltr'><strong>per</strong></span> <span class='ocrx_word' id='word_1_344' title='bbox 621 4153 851 4222; x_wconf 85' lang='lat' dir='ltr'><strong>Angelos</strong></span> <span class='ocrx_word' id='word_1_345' title='bbox 891 4153 940 4206; x_wconf 92' lang='lat' dir='ltr'><strong>in</strong></span> <span class='ocrx_word' id='word_1_346' title='bbox 967 4167 1123 4206; x_wconf 90' lang='lat' dir='ltr'><strong>manu</strong></span> <span class='ocrx_word' id='word_1_347' title='bbox 1153 4149 1455 4204; x_wconf 84' lang='lat' dir='ltr'><strong>Mediatoris</strong></span> <span class='ocrx_word' id='word_1_348' title='bbox 1499 4146 1690 4219; x_wconf 79' lang='lat' dir='ltr'><strong>(Galat.</strong></span> <span class='ocrx_word' id='word_1_349' title='bbox 1722 4165 1797 4212; x_wconf 87' lang='lat' dir='ltr'><strong>Ill,</strong></span> <span class='ocrx_word' id='word_1_350' title='bbox 1832 4148 1940 4216; x_wconf 81' lang='grc'><strong>19).</strong></span> 
     </span>
    </p>
   </div>
   <div class='ocr_carea' id='block_1_45' title="bbox 361 4240 1946 4314">
    <p class='ocr_par' dir='ltr' id='par_1_45' title="bbox 361 4240 1946 4314">
     <span class='ocr_line' id='line_1_45' title="bbox 361 4240 1946 4314; baseline -0.003 -16"><span class='ocrx_word' id='word_1_351' title='bbox 361 4244 619 4298; x_wconf 69' lang='lat' dir='ltr'><strong>Memento</strong></span> <span class='ocrx_word' id='word_1_352' title='bbox 669 4259 782 4314; x_wconf 65' lang='lat' dir='ltr'><strong>quae</strong></span> <span class='ocrx_word' id='word_1_353' title='bbox 819 4253 891 4297; x_wconf 88' lang='lat' dir='ltr'><strong>est</strong></span> <span class='ocrx_word' id='word_1_354' title='bbox 942 4242 1221 4296; x_wconf 83' lang='lat' dir='ltr'><strong>substantia</strong></span> <span class='ocrx_word' id='word_1_355' title='bbox 1277 4257 1386 4292; x_wconf 89' lang='lat' dir='ltr'><strong>mea</strong></span> <span class='ocrx_word' id='word_1_356' title='bbox 1433 4255 1450 4294; x_wconf 90' lang='lat'><strong><em>:</em></strong></span> <span class='ocrx_word' id='word_1_357' title='bbox 1491 4257 1590 4293; x_wconf 91' lang='lat' dir='ltr'><strong>non</strong></span> <span class='ocrx_word' id='word_1_358' title='bbox 1643 4240 1772 4292; x_wconf 88' lang='lat' dir='ltr'><strong>enim</strong></span> <span class='ocrx_word' id='word_1_359' title='bbox 1823 4256 1946 4293; x_wconf 86' lang='lat' dir='ltr'><strong>vane</strong></span> 
     </span>
    </p>
   </div>
   <div class='ocr_carea' id='block_1_46' title="bbox 362 4329 1988 4403">
    <p class='ocr_par' dir='ltr' id='par_1_46' title="bbox 362 4329 1988 4403">
     <span class='ocr_line' id='line_1_46' title="bbox 362 4329 1988 4403; baseline -0.004 -11"><span class='ocrx_word' id='word_1_360' title='bbox 362 4336 661 4392; x_wconf 84' lang='lat' dir='ltr'><strong>constituisti</strong></span> <span class='ocrx_word' id='word_1_361' title='bbox 712 4351 882 4389; x_wconf 89' lang='lat' dir='ltr'><strong>omnes</strong></span> <span class='ocrx_word' id='word_1_362' title='bbox 933 4335 1065 4403; x_wconf 81' lang='lat' dir='ltr'><strong>ﬁlios</strong></span> <span class='ocrx_word' id='word_1_363' title='bbox 1110 4334 1385 4386; x_wconf 82' lang='lat' dir='ltr'><strong>hominum.</strong></span> <span class='ocrx_word' id='word_1_364' title='bbox 1441 4332 1578 4385; x_wconf 82' lang='lat' dir='ltr'><strong>Ecce</strong></span> <span class='ocrx_word' id='word_1_365' title='bbox 1619 4346 1803 4384; x_wconf 90' lang='lat' dir='ltr'><strong>omnes</strong></span> <span class='ocrx_word' id='word_1_366' title='bbox 1853 4329 1988 4385; x_wconf 55' lang='lat' dir='ltr'><strong>lilii!</strong></span> 
     </span>
    </p>
   </div>
   <div class='ocr_carea' id='block_1_47' title="bbox 362 4427 1945 4489">
    <p class='ocr_par' dir='ltr' id='par_1_47' title="bbox 362 4427 1945 4489">
     <span class='ocr_line' id='line_1_47' title="bbox 362 4427 1945 4489; baseline -0.004 -6"><span class='ocrx_word' id='word_1_367' title='bbox 362 4430 635 4483; x_wconf 85' lang='lat' dir='ltr'><strong>hominum</strong></span> <span class='ocrx_word' id='word_1_368' title='bbox 690 4428 864 4482; x_wconf 86' lang='lat' dir='ltr'><strong>ierunt</strong></span> <span class='ocrx_word' id='word_1_369' title='bbox 910 4427 962 4480; x_wconf 91' lang='lat' dir='ltr'><strong>in</strong></span> <span class='ocrx_word' id='word_1_370' title='bbox 1009 4427 1330 4489; x_wconf 86' lang='lat' dir='ltr'><strong>vanitatem;</strong></span> <span class='ocrx_word' id='word_1_371' title='bbox 1379 4433 1431 4477; x_wconf 89' lang='lat' dir='ltr'><strong>tu</strong></span> <span class='ocrx_word' id='word_1_372' title='bbox 1479 4433 1650 4476; x_wconf 91' lang='lat' dir='ltr'><strong>tamen</strong></span> <span class='ocrx_word' id='word_1_373' title='bbox 1683 4438 1783 4476; x_wconf 91' lang='lat' dir='ltr'><strong>non</strong></span> <span class='ocrx_word' id='word_1_374' title='bbox 1812 4439 1945 4477; x_wconf 90' lang='lat' dir='ltr'><strong>vane</strong></span> 
     </span>
    </p>
   </div>
   <div class='ocr_carea' id='block_1_48' title="bbox 363 4500 1942 4586">
    <p class='ocr_par' dir='ltr' id='par_1_48' title="bbox 363 4500 1942 4586">
     <span class='ocr_line' id='line_1_48' title="bbox 363 4500 1942 4586; baseline -0.006 -11"><span class='ocrx_word' id='word_1_375' title='bbox 363 4521 480 4575; x_wconf 90' lang='lat' dir='ltr'><strong>illos</strong></span> <span class='ocrx_word' id='word_1_376' title='bbox 506 4500 844 4576; x_wconf 84' lang='lat' dir='ltr'><strong>constituisti.</strong></span> <span class='ocrx_word' id='word_1_377' title='bbox 867 4517 1001 4572; x_wconf 90' lang='lat' dir='ltr'><strong>Cum</strong></span> <span class='ocrx_word' id='word_1_378' title='bbox 1025 4531 1152 4586; x_wconf 87' lang='lat' dir='ltr'><strong>ergo</strong></span> <span class='ocrx_word' id='word_1_379' title='bbox 1169 4516 1538 4570; x_wconf 90' lang='lat' dir='ltr'><strong>ieruntomnes</strong></span> <span class='ocrx_word' id='word_1_380' title='bbox 1560 4515 1612 4568; x_wconf 91' lang='lat' dir='ltr'><strong>in</strong></span> <span class='ocrx_word' id='word_1_381' title='bbox 1640 4513 1942 4578; x_wconf 88' lang='lat' dir='ltr'><strong>vanitatem,</strong></span> 
     </span>
    </p>
   </div>
   <div class='ocr_carea' id='block_1_49' title="bbox 361 4603 1942 4680">
    <p class='ocr_par' dir='ltr' id='par_1_49' title="bbox 361 4603 1942 4680">
     <span class='ocr_line' id='line_1_49' title="bbox 361 4603 1942 4680; baseline -0.005 -16"><span class='ocrx_word' id='word_1_382' title='bbox 361 4624 494 4680; x_wconf 87' lang='lat' dir='ltr'><strong>quos</strong></span> <span class='ocrx_word' id='word_1_383' title='bbox 522 4619 575 4664; x_wconf 90' lang='lat' dir='ltr'><strong>tu</strong></span> <span class='ocrx_word' id='word_1_384' title='bbox 607 4625 712 4663; x_wconf 90' lang='lat' dir='ltr'><strong>non</strong></span> <span class='ocrx_word' id='word_1_385' title='bbox 741 4624 874 4663; x_wconf 88' lang='lat' dir='ltr'><strong>vane</strong></span> <span class='ocrx_word' id='word_1_386' title='bbox 902 4605 1254 4670; x_wconf 89' lang='lat' dir='ltr'><strong>constituisti;</strong></span> <span class='ocrx_word' id='word_1_387' title='bbox 1289 4604 1428 4658; x_wconf 88' lang='lat' dir='ltr'><strong>unde</strong></span> <span class='ocrx_word' id='word_1_388' title='bbox 1459 4619 1552 4658; x_wconf 91' lang='lat' dir='ltr'><strong>eos</strong></span> <span class='ocrx_word' id='word_1_389' title='bbox 1599 4603 1883 4657; x_wconf 88' lang='lat' dir='ltr'><strong>mundares</strong></span> <span class='ocrx_word' id='word_1_390' title='bbox 1912 4619 1942 4657; x_wconf 88' lang='lat' dir='ltr'><strong>a</strong></span> 
     </span>
    </p>
   </div>
   <div class='ocr_carea' id='block_1_50' title="bbox 363 4693 1944 4770">
    <p class='ocr_par' dir='ltr' id='par_1_50' title="bbox 363 4693 1944 4770">
     <span class='ocr_line' id='line_1_50' title="bbox 363 4693 1944 4770; baseline -0.005 -15"><span class='ocrx_word' id='word_1_391' title='bbox 363 4701 616 4766; x_wconf 87' lang='lat' dir='ltr'><strong>vanitate,</strong></span> <span class='ocrx_word' id='word_1_392' title='bbox 645 4698 894 4770; x_wconf 88' lang='lat' dir='ltr'><strong>numquid</strong></span> <span class='ocrx_word' id='word_1_393' title='bbox 927 4697 1055 4752; x_wconf 92' lang='lat' dir='ltr'><strong>nihil</strong></span> <span class='ocrx_word' id='word_1_394' title='bbox 1090 4697 1179 4750; x_wconf 89' lang='lat' dir='ltr'><strong>tibi</strong></span> <span class='ocrx_word' id='word_1_395' title='bbox 1209 4697 1430 4750; x_wconf 82' lang='lat' dir='ltr'><strong>servasti</strong></span> <span class='ocrx_word' id='word_1_396' title='bbox 1449 4695 1472 4747; x_wconf 71' lang='grc' dir='ltr'><strong>’ἒ</strong></span> <span class='ocrx_word' id='word_1_397' title='bbox 1517 4693 1644 4746; x_wconf 89' lang='lat' dir='ltr'><strong>Illud</strong></span> <span class='ocrx_word' id='word_1_398' title='bbox 1679 4693 1818 4763; x_wconf 91' lang='lat' dir='ltr'><strong>quod</strong></span> <span class='ocrx_word' id='word_1_399' title='bbox 1852 4693 1944 4747; x_wconf 91' lang='lat' dir='ltr'><strong>tibi</strong></span> 
     </span>
    </p>
   </div>
   <div class='ocr_carea' id='block_1_51' title="bbox 361 4785 1945 4848">
    <p class='ocr_par' dir='ltr' id='par_1_51' title="bbox 361 4785 1945 4848">
     <span class='ocr_line' id='line_1_51' title="bbox 361 4785 1945 4848; baseline -0.006 -1"><span class='ocrx_word' id='word_1_400' title='bbox 361 4793 587 4848; x_wconf 86' lang='lat' dir='ltr'><strong>servasti</strong></span> <span class='ocrx_word' id='word_1_401' title='bbox 617 4790 758 4845; x_wconf 88' lang='lat' dir='ltr'><strong>unde</strong></span> <span class='ocrx_word' id='word_1_402' title='bbox 798 4789 1083 4844; x_wconf 88' lang='lat' dir='ltr'><strong>mundares</strong></span> <span class='ocrx_word' id='word_1_403' title='bbox 1110 4787 1354 4841; x_wconf 90' lang='lat' dir='ltr'><strong>homines</strong></span> <span class='ocrx_word' id='word_1_404' title='bbox 1398 4801 1425 4839; x_wconf 90' lang='lat' dir='ltr'><strong>a</strong></span> <span class='ocrx_word' id='word_1_405' title='bbox 1451 4785 1699 4848; x_wconf 89' lang='lat' dir='ltr'><strong>vanitate,</strong></span> <span class='ocrx_word' id='word_1_406' title='bbox 1732 4796 1945 4838; x_wconf 90' lang='lat' dir='ltr'><strong>sanctus</strong></span> 
     </span>
    </p>
   </div>
   <div class='ocr_carea' id='block_1_52' title="bbox 362 4875 1946 4947">
    <p class='ocr_par' dir='ltr' id='par_1_52' title="bbox 362 4875 1946 4947">
     <span class='ocr_line' id='line_1_52' title="bbox 362 4875 1946 4947; baseline -0.006 -10"><span class='ocrx_word' id='word_1_407' title='bbox 362 4883 454 4938; x_wconf 90' lang='lat' dir='ltr'><strong>ille</strong></span> <span class='ocrx_word' id='word_1_408' title='bbox 485 4891 628 4947; x_wconf 90' lang='lat' dir='ltr'><strong>tuus,</strong></span> <span class='ocrx_word' id='word_1_409' title='bbox 661 4881 712 4934; x_wconf 89' lang='lat' dir='ltr'><strong>in</strong></span> <span class='ocrx_word' id='word_1_410' title='bbox 741 4895 806 4935; x_wconf 91' lang='lat' dir='ltr'><strong>eo</strong></span> <span class='ocrx_word' id='word_1_411' title='bbox 829 4878 1122 4934; x_wconf 88' lang='lat' dir='ltr'><strong>substantia</strong></span> <span class='ocrx_word' id='word_1_412' title='bbox 1142 4892 1276 4930; x_wconf 87' lang='lat' dir='ltr'><strong>mea.</strong></span> <span class='ocrx_word' id='word_1_413' title='bbox 1309 4877 1383 4930; x_wconf 81' lang='lat' dir='ltr'><strong>Ex</strong></span> <span class='ocrx_word' id='word_1_414' title='bbox 1433 4875 1525 4929; x_wconf 91' lang='lat' dir='ltr'><strong>illo</strong></span> <span class='ocrx_word' id='word_1_415' title='bbox 1581 4879 1723 4932; x_wconf 90' lang='lat' dir='ltr'><strong>enim</strong></span> <span class='ocrx_word' id='word_1_416' title='bbox 1788 4892 1946 4931; x_wconf 91' lang='lat' dir='ltr'><strong>mun-</strong></span> 
     </span>
    </p>
   </div>
   <div class='ocr_carea' id='block_1_53' title="bbox 363 4966 1943 5041">
    <p class='ocr_par' dir='ltr' id='par_1_53' title="bbox 363 4966 1943 5041">
     <span class='ocr_line' id='line_1_53' title="bbox 363 4966 1943 5041; baseline -0.006 -13"><span class='ocrx_word' id='word_1_417' title='bbox 363 4973 557 5028; x_wconf 87' lang='lat' dir='ltr'><strong>dautur</strong></span> <span class='ocrx_word' id='word_1_418' title='bbox 582 4987 791 5038; x_wconf 90' lang='lat' dir='ltr'><strong>omnes,</strong></span> <span class='ocrx_word' id='word_1_419' title='bbox 822 4986 954 5041; x_wconf 90' lang='lat' dir='ltr'><strong>quos</strong></span> <span class='ocrx_word' id='word_1_420' title='bbox 982 4985 1084 5023; x_wconf 91' lang='lat' dir='ltr'><strong>non</strong></span> <span class='ocrx_word' id='word_1_421' title='bbox 1115 4969 1302 5022; x_wconf 84' lang='lat' dir='ltr'><strong>frustra</strong></span> <span class='ocrx_word' id='word_1_422' title='bbox 1326 4966 1641 5021; x_wconf 83' lang='lat' dir='ltr'><strong>constituisti</strong></span> <span class='ocrx_word' id='word_1_423' title='bbox 1674 4983 1702 5020; x_wconf 90' lang='lat' dir='ltr'><strong>a</strong></span> <span class='ocrx_word' id='word_1_424' title='bbox 1735 4967 1943 5036; x_wconf 84' lang='lat' dir='ltr'><strong>prepria</strong></span> 
     </span>
    </p>
   </div>
   <div class='ocr_carea' id='block_1_54' title="bbox 360 5058 1945 5132">
    <p class='ocr_par' dir='ltr' id='par_1_54' title="bbox 360 5058 1945 5132">
     <span class='ocr_line' id='line_1_54' title="bbox 360 5058 1945 5132; baseline -0.004 -16"><span class='ocrx_word' id='word_1_425' title='bbox 360 5067 598 5118; x_wconf 78' lang='lat' dir='ltr'><strong>vanitate</strong></span> <span class='ocrx_word' id='word_1_426' title='bbox 633 5082 648 5118; x_wconf 74' lang='grc' dir='ltr'>ε</span> <span class='ocrx_word' id='word_1_427' title='bbox 675 5062 866 5132; x_wconf 89' lang='lat' dir='ltr'><strong>quibus</strong></span> <span class='ocrx_word' id='word_1_428' title='bbox 889 5062 1099 5121; x_wconf 86' lang='lat' dir='ltr'><strong>dicitur,</strong></span> <span class='ocrx_word' id='word_1_429' title='bbox 1129 5058 1254 5112; x_wconf 86' lang='lat' dir='ltr'><strong>Filii</strong></span> <span class='ocrx_word' id='word_1_430' title='bbox 1276 5058 1530 5111; x_wconf 85' lang='lat' dir='ltr'><strong>hominum</strong></span> <span class='ocrx_word' id='word_1_431' title='bbox 1558 5073 1808 5126; x_wconf 86' lang='lat' dir='ltr'><strong>quousque</strong></span> <span class='ocrx_word' id='word_1_432' title='bbox 1830 5074 1945 5127; x_wconf 86' lang='lat' dir='ltr'><strong>gra-</strong></span> 
     </span>
    </p>
   </div>
   <div class='ocr_carea' id='block_1_55' title="bbox 359 5150 1947 5226">
    <p class='ocr_par' dir='ltr' id='par_1_55' title="bbox 359 5150 1947 5226">
     <span class='ocr_line' id='line_1_55' title="bbox 359 5150 1947 5226; baseline -0.006 -16"><span class='ocrx_word' id='word_1_433' title='bbox 359 5174 444 5212; x_wconf 73' lang='lat' dir='ltr'><strong>ves</strong></span> <span class='ocrx_word' id='word_1_434' title='bbox 468 5155 658 5210; x_wconf 87' lang='lat' dir='ltr'><strong>corde?</strong></span> <span class='ocrx_word' id='word_1_435' title='bbox 683 5154 859 5226; x_wconf 83' lang='lat' dir='ltr'><strong>utquid</strong></span> <span class='ocrx_word' id='word_1_436' title='bbox 879 5153 1088 5224; x_wconf 87' lang='lat' dir='ltr'><strong>diligitis</strong></span> <span class='ocrx_word' id='word_1_437' title='bbox 1119 5153 1402 5214; x_wconf 86' lang='lat' dir='ltr'><strong>vanitatem,</strong></span> <span class='ocrx_word' id='word_1_438' title='bbox 1427 5162 1470 5203; x_wconf 89' lang='lat' dir='ltr'><strong>et</strong></span> <span class='ocrx_word' id='word_1_439' title='bbox 1492 5151 1714 5218; x_wconf 75' lang='lat' dir='ltr'><strong>quwritis</strong></span> <span class='ocrx_word' id='word_1_440' title='bbox 1742 5150 1947 5202; x_wconf 80' lang='lat' dir='ltr'><strong>utenda-</strong></span> 
     </span>
    </p>
   </div>
   <div class='ocr_carea' id='block_1_56' title="bbox 355 5245 1942 5324">
    <p class='ocr_par' dir='ltr' id='par_1_56' title="bbox 355 5245 1942 5324">
     <span class='ocr_line' id='line_1_56' title="bbox 355 5245 1942 5324; baseline -0.006 -20"><span class='ocrx_word' id='word_1_441' title='bbox 355 5251 536 5305; x_wconf 74' lang='lat' dir='ltr'><strong>cium?</strong></span> <span class='ocrx_word' id='word_1_442' title='bbox 566 5249 724 5317; x_wconf 80' lang='lat' dir='ltr'><strong>Forte</strong></span> <span class='ocrx_word' id='word_1_443' title='bbox 753 5249 964 5303; x_wconf 92' lang='lat' dir='ltr'><strong>solliciti</strong></span> <span class='ocrx_word' id='word_1_444' title='bbox 993 5246 1111 5301; x_wconf 88' lang='lat' dir='ltr'><strong>facti</strong></span> <span class='ocrx_word' id='word_1_445' title='bbox 1131 5254 1577 5324; x_wconf 74' lang='lat' dir='ltr'><strong>converterentur</strong></span> <span class='ocrx_word' id='word_1_446' title='bbox 1618 5260 1646 5296; x_wconf 90' lang='lat' dir='ltr'><strong>a</strong></span> <span class='ocrx_word' id='word_1_447' title='bbox 1696 5245 1942 5308; x_wconf 82' lang='lat' dir='ltr'><strong>vanitate,</strong></span> 
     </span>
    </p>
   </div>
   <div class='ocr_carea' id='block_1_57' title="bbox 359 5334 1946 5406">
    <p class='ocr_par' dir='ltr' id='par_1_57' title="bbox 359 5334 1946 5406">
     <span class='ocr_line' id='line_1_57' title="bbox 359 5334 1946 5406; baseline -0.005 -10"><span class='ocrx_word' id='word_1_448' title='bbox 359 5341 670 5396; x_wconf 85' lang='lat' dir='ltr'><strong>invenirent</strong></span> <span class='ocrx_word' id='word_1_449' title='bbox 697 5355 756 5394; x_wconf 90' lang='lat' dir='ltr'><strong>se</strong></span> <span class='ocrx_word' id='word_1_450' title='bbox 803 5339 1034 5393; x_wconf 86' lang='lat' dir='ltr'><strong>vanitate</strong></span> <span class='ocrx_word' id='word_1_451' title='bbox 1083 5338 1402 5406; x_wconf 81' lang='lat' dir='ltr'><strong>inquinatus,</strong></span> <span class='ocrx_word' id='word_1_452' title='bbox 1449 5346 1751 5404; x_wconf 73' lang='lat' dir='ltr'><strong>qtnrrcreut</strong></span> <span class='ocrx_word' id='word_1_453' title='bbox 1807 5334 1946 5388; x_wconf 86' lang='lat' dir='ltr'><strong>unde</strong></span> 
     </span>
    </p>
   </div>
   <div class='ocr_carea' id='block_1_58' title="bbox 357 5421 1943 5492">
    <p class='ocr_par' dir='ltr' id='par_1_58' title="bbox 357 5421 1943 5492">
     <span class='ocr_line' id='line_1_58' title="bbox 357 5421 1943 5492; baseline -0.006 -5"><span class='ocrx_word' id='word_1_454' title='bbox 357 5421 749 5487; x_wconf 67' lang='lat' dir='ltr'><strong>mandarentur</strong></span> <span class='ocrx_word' id='word_1_455' title='bbox 779 5446 793 5488; x_wconf 89' lang='lat'>:</span> <span class='ocrx_word' id='word_1_456' title='bbox 823 5444 1091 5492; x_wconf 87' lang='lat' dir='ltr'><strong>succurre,</strong></span> <span class='ocrx_word' id='word_1_457' title='bbox 1135 5426 1215 5482; x_wconf 89' lang='lat' dir='ltr'><strong>fac</strong></span> <span class='ocrx_word' id='word_1_458' title='bbox 1254 5440 1488 5481; x_wconf 88' lang='lat' dir='ltr'><strong>securos.</strong></span> <span class='ocrx_word' id='word_1_459' title='bbox 1522 5424 1584 5477; x_wconf 82' lang='lat' dir='ltr'><strong>Et</strong></span> <span class='ocrx_word' id='word_1_460' title='bbox 1625 5425 1795 5478; x_wconf 59' lang='lat' dir='ltr'><strong>scitote</strong></span> <span class='ocrx_word' id='word_1_461' title='bbox 1818 5441 1943 5492; x_wconf 79' lang='lat' dir='ltr'><strong>quo-</strong></span> 
     </span>
    </p>
   </div>
   <div class='ocr_carea' id='block_1_59' title="bbox 357 5608 1943 5681">
    <p class='ocr_par' dir='ltr' id='par_1_59' title="bbox 357 5608 1943 5681">
     <span class='ocr_line' id='line_1_59' title="bbox 357 5608 1943 5681; baseline -0.006 -12"><span class='ocrx_word' id='word_1_462' title='bbox 357 5615 441 5681; x_wconf 71' lang='grc'><strong>4).</strong></span> <span class='ocrx_word' id='word_1_463' title='bbox 472 5615 720 5667; x_wconf 86' lang='lat' dir='ltr'><strong>Sanctum</strong></span> <span class='ocrx_word' id='word_1_464' title='bbox 753 5628 907 5667; x_wconf 88' lang='lat' dir='ltr'><strong>suum</strong></span> <span class='ocrx_word' id='word_1_465' title='bbox 939 5609 1298 5665; x_wconf 86' lang='lat' dir='ltr'><strong>admirabilem</strong></span> <span class='ocrx_word' id='word_1_466' title='bbox 1353 5609 1503 5670; x_wconf 82' lang='lat' dir='ltr'><strong>fecit;</strong></span> <span class='ocrx_word' id='word_1_467' title='bbox 1553 5608 1671 5660; x_wconf 85' lang='lat' dir='ltr'><strong>inde</strong></span> <span class='ocrx_word' id='word_1_468' title='bbox 1693 5623 1876 5660; x_wconf 86' lang='lat' dir='ltr'><strong>omnes</strong></span> <span class='ocrx_word' id='word_1_469' title='bbox 1915 5624 1943 5660; x_wconf 67' lang='grc' dir='ltr'><strong>ιι</strong></span> 
     </span>
    </p>
   </div>
   <div class='ocr_carea' id='block_1_60' title="bbox 430 5705 1944 5773">
    <p class='ocr_par' dir='ltr' id='par_1_60' title="bbox 430 5705 1944 5773">
     <span class='ocr_line' id='line_1_60' title="bbox 430 5705 1944 5773; baseline -0.003 -14"><span class='ocrx_word' id='word_1_470' title='bbox 430 5711 448 5742; x_wconf 76' lang='grc'>⁸</span> <span class='ocrx_word' id='word_1_471' title='bbox 486 5717 536 5759; x_wconf 91' lang='lat' dir='ltr'><strong>tn</strong></span> <span class='ocrx_word' id='word_1_472' title='bbox 559 5710 669 5759; x_wconf 64' lang='lat' dir='ltr'><strong>ald.</strong></span> <span class='ocrx_word' id='word_1_473' title='bbox 691 5711 1008 5773; x_wconf 84' lang='lat' dir='ltr'><strong>repetebatur</strong></span> <span class='ocrx_word' id='word_1_474' title='bbox 1041 5709 1150 5758; x_wconf 90' lang='lat' dir='ltr'><strong>hic:</strong></span> <span class='ocrx_word' id='word_1_475' title='bbox 1179 5705 1386 5759; x_wconf 64' lang='lat' dir='ltr'><strong>stinuisti</strong></span> <span class='ocrx_word' id='word_1_476' title='bbox 1411 5705 1511 5757; x_wconf 79' lang='lat' dir='ltr'><strong>dies</strong></span> <span class='ocrx_word' id='word_1_477' title='bbox 1535 5705 1660 5757; x_wconf 79' lang='lat' dir='ltr'><strong>sedis</strong></span> <span class='ocrx_word' id='word_1_478' title='bbox 1685 5705 1786 5767; x_wconf 79' lang='lat' dir='ltr'><strong>ejus</strong></span> <span class='ocrx_word' id='word_1_479' title='bbox 1808 5719 1818 5754; x_wconf 92' lang='lat'>:</span> <span class='ocrx_word' id='word_1_480' title='bbox 1858 5705 1944 5756; x_wconf 74' lang='lat' dir='ltr'><strong>sed</strong></span> 
     </span>
    </p>
   </div>
   <div class='ocr_carea' id='block_1_61' title="bbox 360 5772 682 5823">
    <p class='ocr_par' dir='ltr' id='par_1_61' title="bbox 360 5772 682 5823">
     <span class='ocr_line' id='line_1_61' title="bbox 360 5772 682 5823; baseline -0.009 0"><span class='ocrx_word' id='word_1_481' title='bbox 360 5772 507 5823; x_wconf 72' lang='lat' dir='ltr'><strong>abest</strong></span> <span class='ocrx_word' id='word_1_482' title='bbox 528 5787 553 5820; x_wconf 92' lang='lat' dir='ltr'><strong>a</strong></span> <span class='ocrx_word' id='word_1_483' title='bbox 579 5779 682 5821; x_wconf 78' lang='lat' dir='ltr'><strong>Mss.</strong></span> 
     </span>
    </p>
   </div>
   <div class='ocr_carea' id='block_1_62' title="bbox 433 5836 735 5894">
    <p class='ocr_par' dir='ltr' id='par_1_62' title="bbox 433 5836 735 5894">
     <span class='ocr_line' id='line_1_62' title="bbox 433 5836 735 5894; baseline 0.003 -11"><span class='ocrx_word' id='word_1_484' title='bbox 433 5836 454 5866; x_wconf 76' lang='grc'>³</span> <span class='ocrx_word' id='word_1_485' title='bbox 487 5841 643 5894; x_wconf 78' lang='lat' dir='ltr'><strong>Forte,</strong></span> <span class='ocrx_word' id='word_1_486' title='bbox 672 5841 735 5884; x_wconf 86' lang='lat' dir='ltr'><strong>ut.</strong></span> 
     </span>
    </p>
   </div>
   <div class='ocr_carea' id='block_1_63' title="bbox 1408 370 2614 434">
    <p class='ocr_par' dir='ltr' id='par_1_63' title="bbox 1408 370 2614 434">
     <span class='ocr_line' id='line_1_63' title="bbox 1408 370 2614 434; baseline 0.005 -6"><span class='ocrx_word' id='word_1_487' title='bbox 1408 370 1797 428; x_wconf 67' lang='lat' dir='ltr'><strong>ENARRATIO</strong></span> <span class='ocrx_word' id='word_1_488' title='bbox 1834 371 1898 426; x_wconf 78' lang='lat' dir='ltr'><strong>IN</strong></span> <span class='ocrx_word' id='word_1_489' title='bbox 1938 370 2251 429; x_wconf 69' lang='lat' dir='ltr'><strong>PSALMUM</strong></span> <span class='ocrx_word' id='word_1_490' title='bbox 2291 377 2614 434; x_wconf 72' lang='lat' dir='ltr'><strong>LXXXVIII.</strong></span> 
     </span>
    </p>
   </div>
   <div class='ocr_carea' id='block_1_64' title="bbox 3527 387 3660 443">
    <p class='ocr_par' dir='ltr' id='par_1_64' title="bbox 3527 387 3660 443">
     <span class='ocr_line' id='line_1_64' title="bbox 3527 387 3660 443; baseline 0.023 -3"><span class='ocrx_word' id='word_1_491' title='bbox 3527 387 3660 443; x_wconf 77' lang='lat'><strong>“58</strong></span> 
     </span>
    </p>
   </div>
   <div class='ocr_carea' id='block_1_65' title="bbox 2093 489 3647 567">
    <p class='ocr_par' dir='ltr' id='par_1_65' title="bbox 2093 489 3647 567">
     <span class='ocr_line' id='line_1_65' title="bbox 2093 489 3647 567; baseline 0.011 -30"><span class='ocrx_word' id='word_1_492' title='bbox 2093 489 2321 544; x_wconf 85' lang='lat' dir='ltr'><strong>vanitate</strong></span> <span class='ocrx_word' id='word_1_493' title='bbox 2369 491 2637 546; x_wconf 82' lang='lat' dir='ltr'><strong>mandavit</strong></span> <span class='ocrx_word' id='word_1_494' title='bbox 2666 510 2678 546; x_wconf 89' lang='lat'><strong>:</strong></span> <span class='ocrx_word' id='word_1_495' title='bbox 2709 494 2776 548; x_wconf 86' lang='lat' dir='ltr'><strong>ibi</strong></span> <span class='ocrx_word' id='word_1_496' title='bbox 2819 501 2920 561; x_wconf 89' lang='lat' dir='ltr'><strong>est,</strong></span> <span class='ocrx_word' id='word_1_497' title='bbox 2964 495 3150 565; x_wconf 91' lang='lat' dir='ltr'><strong>inquit,</strong></span> <span class='ocrx_word' id='word_1_498' title='bbox 3181 497 3469 553; x_wconf 87' lang='lat' dir='ltr'><strong>substantia</strong></span> <span class='ocrx_word' id='word_1_499' title='bbox 3500 516 3647 567; x_wconf 74' lang='lat' dir='ltr'><strong>mea,</strong></span> 
     </span>
    </p>
   </div>
   <div class='ocr_carea' id='block_1_66' title="bbox 2086 580 3654 658">
    <p class='ocr_par' dir='ltr' id='par_1_66' title="bbox 2086 580 3654 658">
     <span class='ocr_line' id='line_1_66' title="bbox 2086 580 3654 658; baseline 0.008 -29"><span class='ocrx_word' id='word_1_500' title='bbox 2086 588 2352 634; x_wconf 87' lang='lat' dir='ltr'><strong>memento</strong></span> <span class='ocrx_word' id='word_1_501' title='bbox 2372 580 2506 650; x_wconf 87' lang='lat' dir='ltr'><strong>ejus.</strong></span> <span class='ocrx_word' id='word_1_502' title='bbox 2537 580 2655 636; x_wconf 91' lang='lat' dir='ltr'><strong>Non</strong></span> <span class='ocrx_word' id='word_1_503' title='bbox 2681 585 2810 636; x_wconf 90' lang='lat' dir='ltr'><strong>enim</strong></span> <span class='ocrx_word' id='word_1_504' title='bbox 2834 601 2958 638; x_wconf 87' lang='lat' dir='ltr'><strong>vane</strong></span> <span class='ocrx_word' id='word_1_505' title='bbox 2992 585 3291 640; x_wconf 85' lang='lat' dir='ltr'><strong>constituisti</strong></span> <span class='ocrx_word' id='word_1_506' title='bbox 3315 605 3482 642; x_wconf 88' lang='lat' dir='ltr'><strong>omnes</strong></span> <span class='ocrx_word' id='word_1_507' title='bbox 3523 592 3654 658; x_wconf 83' lang='lat' dir='ltr'><strong>ﬁlios</strong></span> 
     </span>
    </p>
   </div>
   <div class='ocr_carea' id='block_1_67' title="bbox 2089 670 3652 746">
    <p class='ocr_par' dir='ltr' id='par_1_67' title="bbox 2089 670 3652 746">
     <span class='ocr_line' id='line_1_67' title="bbox 2089 670 3652 746; baseline 0.01 -24"><span class='ocrx_word' id='word_1_508' title='bbox 2089 670 2368 727; x_wconf 82' lang='lat' dir='ltr'><strong>hominum.</strong></span> <span class='ocrx_word' id='word_1_509' title='bbox 2412 673 2551 744; x_wconf 83' lang='lat' dir='ltr'><strong>Ergo</strong></span> <span class='ocrx_word' id='word_1_510' title='bbox 2591 677 2811 730; x_wconf 82' lang='lat' dir='ltr'><strong>servasti</strong></span> <span class='ocrx_word' id='word_1_511' title='bbox 2837 677 3029 746; x_wconf 89' lang='lat' dir='ltr'><strong>aliquid</strong></span> <span class='ocrx_word' id='word_1_512' title='bbox 3063 679 3200 732; x_wconf 89' lang='lat' dir='ltr'><strong>unde</strong></span> <span class='ocrx_word' id='word_1_513' title='bbox 3249 679 3652 740; x_wconf 81' lang='lat' dir='ltr'><strong>mandarentur.</strong></span> 
     </span>
    </p>
   </div>
   <div class='ocr_carea' id='block_1_68' title="bbox 2082 761 3653 840">
    <p class='ocr_par' dir='ltr' id='par_1_68' title="bbox 2082 761 3653 840">
     <span class='ocr_line' id='line_1_68' title="bbox 2082 761 3653 840; baseline 0.008 -25"><span class='ocrx_word' id='word_1_514' title='bbox 2082 761 2210 830; x_wconf 86' lang='lat' dir='ltr'><strong>Quis</strong></span> <span class='ocrx_word' id='word_1_515' title='bbox 2235 774 2317 818; x_wconf 87' lang='lat' dir='ltr'><strong>est</strong></span> <span class='ocrx_word' id='word_1_516' title='bbox 2343 765 2439 820; x_wconf 92' lang='lat' dir='ltr'><strong>iste</strong></span> <span class='ocrx_word' id='word_1_517' title='bbox 2461 781 2615 835; x_wconf 88' lang='lat' dir='ltr'><strong>quem</strong></span> <span class='ocrx_word' id='word_1_518' title='bbox 2643 768 2904 822; x_wconf 86' lang='lat' dir='ltr'><strong>servasti?</strong></span> <span class='ocrx_word' id='word_1_519' title='bbox 2930 767 3052 833; x_wconf 83' lang='lat' dir='ltr'><strong>Quis</strong></span> <span class='ocrx_word' id='word_1_520' title='bbox 3075 779 3146 823; x_wconf 86' lang='lat' dir='ltr'><strong>est</strong></span> <span class='ocrx_word' id='word_1_521' title='bbox 3173 771 3320 824; x_wconf 87' lang='lat' dir='ltr'><strong>homo</strong></span> <span class='ocrx_word' id='word_1_522' title='bbox 3346 788 3429 840; x_wconf 77' lang='lat' dir='ltr'><strong>qui</strong></span> <span class='ocrx_word' id='word_1_523' title='bbox 3457 773 3582 827; x_wconf 84' lang='lat' dir='ltr'><strong>vivet</strong></span> <span class='ocrx_word' id='word_1_524' title='bbox 3607 783 3653 827; x_wconf 85' lang='lat' dir='ltr'><strong>et</strong></span> 
     </span>
    </p>
   </div>
   <div class='ocr_carea' id='block_1_69' title="bbox 2081 856 3699 932">
    <p class='ocr_par' dir='ltr' id='par_1_69' title="bbox 2081 856 3699 932">
     <span class='ocr_line' id='line_1_69' title="bbox 2081 856 3699 932; baseline 0.006 -24"><span class='ocrx_word' id='word_1_525' title='bbox 2081 871 2180 909; x_wconf 89' lang='lat' dir='ltr'><strong>non</strong></span> <span class='ocrx_word' id='word_1_526' title='bbox 2226 856 2405 910; x_wconf 82' lang='lat' dir='ltr'><strong>videbit</strong></span> <span class='ocrx_word' id='word_1_527' title='bbox 2447 859 2693 912; x_wconf 86' lang='lat' dir='ltr'><strong>mortem?</strong></span> <span class='ocrx_word' id='word_1_528' title='bbox 2716 859 2956 930; x_wconf 87' lang='lat' dir='ltr'><strong>Ergoille</strong></span> <span class='ocrx_word' id='word_1_529' title='bbox 2983 859 3138 914; x_wconf 91' lang='lat' dir='ltr'><strong>homo</strong></span> <span class='ocrx_word' id='word_1_530' title='bbox 3166 863 3255 932; x_wconf 90' lang='lat' dir='ltr'><strong>qui</strong></span> <span class='ocrx_word' id='word_1_531' title='bbox 3282 863 3420 918; x_wconf 85' lang='lat' dir='ltr'><strong>vivet</strong></span> <span class='ocrx_word' id='word_1_532' title='bbox 3448 874 3500 918; x_wconf 90' lang='lat' dir='ltr'><strong>et</strong></span> <span class='ocrx_word' id='word_1_533' title='bbox 3548 881 3649 920; x_wconf 87' lang='lat' dir='ltr'><strong>non</strong></span> <span class='ocrx_word' id='word_1_534' title='bbox 3693 875 3699 902; x_wconf 67' lang='grc' dir='ltr'><em>τ</em></span> 
     </span>
    </p>
   </div>
   <div class='ocr_carea' id='block_1_70' title="bbox 2079 944 3648 1019">
    <p class='ocr_par' dir='ltr' id='par_1_70' title="bbox 2079 944 3648 1019">
     <span class='ocr_line' id='line_1_70' title="bbox 2079 944 3648 1019; baseline 0.009 -23"><span class='ocrx_word' id='word_1_535' title='bbox 2079 944 2277 1000; x_wconf 91' lang='lat' dir='ltr'><strong>videbit</strong></span> <span class='ocrx_word' id='word_1_536' title='bbox 2299 957 2546 1014; x_wconf 90' lang='lat' dir='ltr'><strong>mortem,</strong></span> <span class='ocrx_word' id='word_1_537' title='bbox 2579 950 2690 1019; x_wconf 91' lang='lat' dir='ltr'><strong>ipse</strong></span> <span class='ocrx_word' id='word_1_538' title='bbox 2718 949 2934 1003; x_wconf 89' lang='lat' dir='ltr'><strong>mundat</strong></span> <span class='ocrx_word' id='word_1_539' title='bbox 2960 957 2990 1004; x_wconf 63' lang='grc' dir='ltr'>τι</span> <span class='ocrx_word' id='word_1_540' title='bbox 3015 951 3262 1006; x_wconf 87' lang='lat' dir='ltr'><strong>vanitate.</strong></span> <span class='ocrx_word' id='word_1_541' title='bbox 3292 951 3407 1007; x_wconf 89' lang='lat' dir='ltr'><strong>Non</strong></span> <span class='ocrx_word' id='word_1_542' title='bbox 3437 955 3577 1008; x_wconf 90' lang='lat' dir='ltr'><strong>enim</strong></span> <span class='ocrx_word' id='word_1_543' title='bbox 3597 956 3648 1010; x_wconf 88' lang='lat' dir='ltr'><strong>in</strong></span> 
     </span>
    </p>
   </div>
   <div class='ocr_carea' id='block_1_71' title="bbox 2082 1037 3648 1112">
    <p class='ocr_par' dir='ltr' id='par_1_71' title="bbox 2082 1037 3648 1112">
     <span class='ocr_line' id='line_1_71' title="bbox 2082 1037 3648 1112; baseline 0.008 -26"><span class='ocrx_word' id='word_1_544' title='bbox 2082 1037 2308 1092; x_wconf 88' lang='lat' dir='ltr'><strong>vanitate</strong></span> <span class='ocrx_word' id='word_1_545' title='bbox 2333 1039 2602 1093; x_wconf 87' lang='lat' dir='ltr'><strong>constituit</strong></span> <span class='ocrx_word' id='word_1_546' title='bbox 2631 1055 2817 1094; x_wconf 90' lang='lat' dir='ltr'><strong>omnes</strong></span> <span class='ocrx_word' id='word_1_547' title='bbox 2841 1040 2976 1094; x_wconf 86' lang='lat' dir='ltr'><strong>ﬁlios</strong></span> <span class='ocrx_word' id='word_1_548' title='bbox 2996 1039 3290 1106; x_wconf 90' lang='lat' dir='ltr'><strong>hominum,</strong></span> <span class='ocrx_word' id='word_1_549' title='bbox 3342 1051 3432 1097; x_wconf 91' lang='lat' dir='ltr'><strong>aut</strong></span> <span class='ocrx_word' id='word_1_550' title='bbox 3475 1053 3648 1112; x_wconf 86' lang='lat' dir='ltr'><strong>potest</strong></span> 
     </span>
    </p>
   </div>
   <div class='ocr_carea' id='block_1_72' title="bbox 2077 1124 3646 1198">
    <p class='ocr_par' dir='ltr' id='par_1_72' title="bbox 2077 1124 3646 1198">
     <span class='ocr_line' id='line_1_72' title="bbox 2077 1124 3646 1198; baseline 0.007 -20"><span class='ocrx_word' id='word_1_551' title='bbox 2077 1124 2193 1180; x_wconf 89' lang='lat' dir='ltr'><strong>illos</strong></span> <span class='ocrx_word' id='word_1_552' title='bbox 2218 1135 2559 1184; x_wconf 88' lang='lat' dir='ltr'><strong>contemnere</strong></span> <span class='ocrx_word' id='word_1_553' title='bbox 2581 1130 2669 1198; x_wconf 91' lang='lat' dir='ltr'><strong>qui</strong></span> <span class='ocrx_word' id='word_1_554' title='bbox 2696 1129 2817 1185; x_wconf 78' lang='lat' dir='ltr'><strong>fecit</strong></span> <span class='ocrx_word' id='word_1_555' title='bbox 2846 1129 2983 1198; x_wconf 91' lang='lat' dir='ltr'><strong>illos,</strong></span> <span class='ocrx_word' id='word_1_556' title='bbox 3014 1131 3100 1184; x_wconf 72' lang='lat' dir='ltr'><strong>ut1</strong></span> <span class='ocrx_word' id='word_1_557' title='bbox 3126 1146 3229 1187; x_wconf 91' lang='lat' dir='ltr'><strong>non</strong></span> <span class='ocrx_word' id='word_1_558' title='bbox 3253 1147 3346 1188; x_wconf 88' lang='lat' dir='ltr'><strong>eos</strong></span> <span class='ocrx_word' id='word_1_559' title='bbox 3369 1143 3646 1190; x_wconf 77' lang='lat' dir='ltr'><strong>converte-</strong></span> 
     </span>
    </p>
   </div>
   <div class='ocr_carea' id='block_1_73' title="bbox 2075 1220 2684 1276">
    <p class='ocr_par' dir='ltr' id='par_1_73' title="bbox 2075 1220 2684 1276">
     <span class='ocr_line' id='line_1_73' title="bbox 2075 1220 2684 1276; baseline 0.005 -5"><span class='ocrx_word' id='word_1_560' title='bbox 2075 1226 2157 1272; x_wconf 86' lang='lat' dir='ltr'><strong>ret</strong></span> <span class='ocrx_word' id='word_1_561' title='bbox 2182 1226 2236 1272; x_wconf 92' lang='lat' dir='ltr'><strong>et</strong></span> <span class='ocrx_word' id='word_1_562' title='bbox 2265 1235 2368 1274; x_wconf 93' lang='lat' dir='ltr'><strong>non</strong></span> <span class='ocrx_word' id='word_1_563' title='bbox 2390 1220 2684 1276; x_wconf 90' lang='lat' dir='ltr'><strong>mundarct.</strong></span> 
     </span>
    </p>
   </div>
   <div class='ocr_carea' id='block_1_74' title="bbox 2146 1309 3642 1380">
    <p class='ocr_par' dir='ltr' id='par_1_74' title="bbox 2146 1309 3642 1380">
     <span class='ocr_line' id='line_1_74' title="bbox 2146 1309 3642 1380; baseline 0.006 -19"><span class='ocrx_word' id='word_1_564' title='bbox 2146 1309 2232 1363; x_wconf 78' lang='grc'><strong>10.</strong></span> <span class='ocrx_word' id='word_1_565' title='bbox 2278 1309 2402 1375; x_wconf 84' lang='lat' dir='ltr'><strong>Quis</strong></span> <span class='ocrx_word' id='word_1_566' title='bbox 2429 1320 2500 1364; x_wconf 91' lang='lat' dir='ltr'><strong>est</strong></span> <span class='ocrx_word' id='word_1_567' title='bbox 2521 1312 2668 1366; x_wconf 90' lang='lat' dir='ltr'><strong>homo</strong></span> <span class='ocrx_word' id='word_1_568' title='bbox 2695 1313 2780 1380; x_wconf 91' lang='lat' dir='ltr'><strong>qui</strong></span> <span class='ocrx_word' id='word_1_569' title='bbox 2807 1313 2931 1366; x_wconf 87' lang='lat' dir='ltr'><strong>vivet</strong></span> <span class='ocrx_word' id='word_1_570' title='bbox 2967 1322 3013 1366; x_wconf 92' lang='lat' dir='ltr'><strong>et</strong></span> <span class='ocrx_word' id='word_1_571' title='bbox 3042 1331 3141 1368; x_wconf 91' lang='lat' dir='ltr'><strong>non</strong></span> <span class='ocrx_word' id='word_1_572' title='bbox 3170 1314 3349 1368; x_wconf 87' lang='lat' dir='ltr'><strong>videbit</strong></span> <span class='ocrx_word' id='word_1_573' title='bbox 3390 1325 3594 1369; x_wconf 85' lang='lat' dir='ltr'><strong>mortem</strong></span> <span class='ocrx_word' id='word_1_574' title='bbox 3617 1319 3642 1370; x_wconf 68' lang='lat'><strong>.9</strong></span> 
     </span>
    </p>
   </div>
   <div class='ocr_carea' id='block_1_75' title="bbox 2072 1399 3639 1473">
    <p class='ocr_par' dir='ltr' id='par_1_75' title="bbox 2072 1399 3639 1473">
     <span class='ocr_line' id='line_1_75' title="bbox 2072 1399 3639 1473; baseline 0.005 -19"><span class='ocrx_word' id='word_1_575' title='bbox 2072 1399 2304 1471; x_wconf 88' lang='lat' dir='ltr'><strong>Surgens</strong></span> <span class='ocrx_word' id='word_1_576' title='bbox 2326 1404 2464 1457; x_wconf 88' lang='lat' dir='ltr'><strong>enim</strong></span> <span class='ocrx_word' id='word_1_577' title='bbox 2487 1419 2517 1457; x_wconf 88' lang='lat' dir='ltr'><strong>a</strong></span> <span class='ocrx_word' id='word_1_578' title='bbox 2542 1406 2764 1459; x_wconf 87' lang='lat' dir='ltr'><strong>mortuis</strong></span> <span class='ocrx_word' id='word_1_579' title='bbox 2786 1406 2894 1473; x_wconf 90' lang='lat' dir='ltr'><strong>jam</strong></span> <span class='ocrx_word' id='word_1_580' title='bbox 2923 1421 3028 1460; x_wconf 92' lang='lat' dir='ltr'><strong>non</strong></span> <span class='ocrx_word' id='word_1_581' title='bbox 3051 1407 3292 1472; x_wconf 92' lang='lat' dir='ltr'><strong>moritur,</strong></span> <span class='ocrx_word' id='word_1_582' title='bbox 3322 1416 3374 1462; x_wconf 92' lang='lat' dir='ltr'><strong>et</strong></span> <span class='ocrx_word' id='word_1_583' title='bbox 3411 1422 3554 1462; x_wconf 89' lang='lat' dir='ltr'><strong>mors</strong></span> <span class='ocrx_word' id='word_1_584' title='bbox 3589 1409 3639 1462; x_wconf 93' lang='lat' dir='ltr'><strong>ci</strong></span> 
     </span>
    </p>
   </div>
   <div class='ocr_carea' id='block_1_76' title="bbox 2069 1494 3638 1567">
    <p class='ocr_par' dir='ltr' id='par_1_76' title="bbox 2069 1494 3638 1567">
     <span class='ocr_line' id='line_1_76' title="bbox 2069 1494 3638 1567; baseline 0.003 -21"><span class='ocrx_word' id='word_1_585' title='bbox 2069 1494 2202 1547; x_wconf 89' lang='lat' dir='ltr'><strong>ultra</strong></span> <span class='ocrx_word' id='word_1_586' title='bbox 2236 1509 2338 1548; x_wconf 94' lang='lat' dir='ltr'><strong>non</strong></span> <span class='ocrx_word' id='word_1_587' title='bbox 2363 1495 2718 1551; x_wconf 87' lang='lat' dir='ltr'><strong>dominabitur</strong></span> <span class='ocrx_word' id='word_1_588' title='bbox 2743 1495 2914 1566; x_wconf 84' lang='lat' dir='ltr'><strong>(Rom.</strong></span> <span class='ocrx_word' id='word_1_589' title='bbox 2946 1497 3014 1560; x_wconf 82' lang='lat' dir='ltr'><strong>vi,</strong></span> <span class='ocrx_word' id='word_1_590' title='bbox 3047 1497 3125 1566; x_wconf 92' lang='lat'><strong>9).</strong></span> <span class='ocrx_word' id='word_1_591' title='bbox 3159 1498 3392 1567; x_wconf 88' lang='lat' dir='ltr'><strong>Denique</strong></span> <span class='ocrx_word' id='word_1_592' title='bbox 3430 1513 3547 1552; x_wconf 91' lang='lat' dir='ltr'><strong>cum</strong></span> <span class='ocrx_word' id='word_1_593' title='bbox 3586 1501 3638 1552; x_wconf 92' lang='lat' dir='ltr'><strong>in</strong></span> 
     </span>
    </p>
   </div>
   <div class='ocr_carea' id='block_1_77' title="bbox 2068 1586 3627 1659">
    <p class='ocr_par' dir='ltr' id='par_1_77' title="bbox 2068 1586 3627 1659">
     <span class='ocr_line' id='line_1_77' title="bbox 2068 1586 3627 1659; baseline 0.003 -20"><span class='ocrx_word' id='word_1_594' title='bbox 2068 1586 2171 1639; x_wconf 90' lang='lat' dir='ltr'><strong>alio</strong></span> <span class='ocrx_word' id='word_1_595' title='bbox 2200 1587 2402 1655; x_wconf 85' lang='lat' dir='ltr'><strong>psalmo</strong></span> <span class='ocrx_word' id='word_1_596' title='bbox 2423 1589 2674 1657; x_wconf 90' lang='lat' dir='ltr'><strong>scriptum</strong></span> <span class='ocrx_word' id='word_1_597' title='bbox 2695 1589 2917 1657; x_wconf 86' lang='lat' dir='ltr'><strong>legatur,</strong></span> <span class='ocrx_word' id='word_1_598' title='bbox 2941 1589 2989 1641; x_wconf 88' lang='grc' dir='ltr'><em>Ν</em></span> <span class='ocrx_word' id='word_1_599' title='bbox 2994 1607 3058 1643; x_wconf 90' lang='lat' dir='ltr'><strong>an</strong></span> <span class='ocrx_word' id='word_1_600' title='bbox 3079 1589 3386 1659; x_wconf 76' lang='lat' dir='ltr'><strong>derelinquas</strong></span> <span class='ocrx_word' id='word_1_601' title='bbox 3407 1592 3627 1644; x_wconf 86' lang='lat' dir='ltr'><strong>animam</strong></span> 
     </span>
    </p>
   </div>
   <div class='ocr_carea' id='block_1_78' title="bbox 2066 1679 3636 1749">
    <p class='ocr_par' dir='ltr' id='par_1_78' title="bbox 2066 1679 3636 1749">
     <span class='ocr_line' id='line_1_78' title="bbox 2066 1679 3636 1749; baseline 0.005 -20"><span class='ocrx_word' id='word_1_602' title='bbox 2066 1694 2227 1731; x_wconf 85' lang='lat' dir='ltr'><strong>meum</strong></span> <span class='ocrx_word' id='word_1_603' title='bbox 2252 1680 2304 1732; x_wconf 90' lang='lat' dir='ltr'><strong>in</strong></span> <span class='ocrx_word' id='word_1_604' title='bbox 2333 1679 2547 1749; x_wconf 80' lang='lat' dir='ltr'><strong>inferno,</strong></span> <span class='ocrx_word' id='word_1_605' title='bbox 2575 1697 2663 1734; x_wconf 89' lang='lat' dir='ltr'><strong>nec</strong></span> <span class='ocrx_word' id='word_1_606' title='bbox 2687 1680 2827 1735; x_wconf 86' lang='lat' dir='ltr'><strong>dabis</strong></span> <span class='ocrx_word' id='word_1_607' title='bbox 2855 1681 3096 1736; x_wconf 85' lang='lat' dir='ltr'><strong>Sanctum</strong></span> <span class='ocrx_word' id='word_1_608' title='bbox 3114 1692 3252 1735; x_wconf 88' lang='lat' dir='ltr'><strong>tuum</strong></span> <span class='ocrx_word' id='word_1_609' title='bbox 3281 1683 3444 1737; x_wconf 86' lang='lat' dir='ltr'><strong>videre</strong></span> <span class='ocrx_word' id='word_1_610' title='bbox 3462 1701 3636 1737; x_wconf 85' lang='lat' dir='ltr'><strong>corru-</strong></span> 
     </span>
    </p>
   </div>
   <div class='ocr_carea' id='block_1_79' title="bbox 2065 1759 3633 1845">
    <p class='ocr_par' dir='ltr' id='par_1_79' title="bbox 2065 1759 3633 1845">
     <span class='ocr_line' id='line_1_79' title="bbox 2065 1759 3633 1845; baseline 0.005 -25"><span class='ocrx_word' id='word_1_611' title='bbox 2065 1770 2278 1837; x_wconf 84' lang='lat' dir='ltr'><strong>ptionem</strong></span> <span class='ocrx_word' id='word_1_612' title='bbox 2299 1770 2468 1839; x_wconf 85' lang='lat' dir='ltr'><strong>(Psal.</strong></span> <span class='ocrx_word' id='word_1_613' title='bbox 2496 1788 2584 1837; x_wconf 84' lang='lat' dir='ltr'><strong>xv,</strong></span> <span class='ocrx_word' id='word_1_614' title='bbox 2610 1772 2722 1842; x_wconf 74' lang='lat'><strong>10),</strong></span> <span class='ocrx_word' id='word_1_615' title='bbox 2754 1773 2972 1827; x_wconf 86' lang='lat' dir='ltr'><strong>assumit</strong></span> <span class='ocrx_word' id='word_1_616' title='bbox 2999 1773 3099 1827; x_wconf 92' lang='lat' dir='ltr'><strong>hoc</strong></span> <span class='ocrx_word' id='word_1_617' title='bbox 3125 1759 3478 1828; x_wconf 89' lang='lat' dir='ltr'><strong>testimonium</strong></span> <span class='ocrx_word' id='word_1_618' title='bbox 3502 1790 3633 1845; x_wconf 84' lang='lat' dir='ltr'><strong>apo-</strong></span> 
     </span>
    </p>
   </div>
   <div class='ocr_carea' id='block_1_80' title="bbox 2063 1860 3630 1934">
    <p class='ocr_par' dir='ltr' id='par_1_80' title="bbox 2063 1860 3630 1934">
     <span class='ocr_line' id='line_1_80' title="bbox 2063 1860 3630 1934; baseline 0.004 -22"><span class='ocrx_word' id='word_1_619' title='bbox 2063 1860 2246 1914; x_wconf 85' lang='lat' dir='ltr'><strong>stolica</strong></span> <span class='ocrx_word' id='word_1_620' title='bbox 2299 1861 2612 1930; x_wconf 89' lang='lat' dir='ltr'><strong>disciplina,</strong></span> <span class='ocrx_word' id='word_1_621' title='bbox 2664 1873 2718 1917; x_wconf 90' lang='lat' dir='ltr'><strong>et</strong></span> <span class='ocrx_word' id='word_1_622' title='bbox 2760 1864 2828 1916; x_wconf 90' lang='lat' dir='ltr'><strong>ita</strong></span> <span class='ocrx_word' id='word_1_623' title='bbox 2877 1864 2930 1917; x_wconf 88' lang='lat' dir='ltr'><strong>in</strong></span> <span class='ocrx_word' id='word_1_624' title='bbox 2975 1863 3195 1918; x_wconf 81' lang='lat' dir='ltr'><strong>Actibus</strong></span> <span class='ocrx_word' id='word_1_625' title='bbox 3261 1865 3630 1934; x_wconf 84' lang='lat' dir='ltr'><strong>Apostolorum</strong></span> 
     </span>
    </p>
   </div>
   <div class='ocr_carea' id='block_1_81' title="bbox 2062 1953 3631 2026">
    <p class='ocr_par' dir='ltr' id='par_1_81' title="bbox 2062 1953 3631 2026">
     <span class='ocr_line' id='line_1_81' title="bbox 2062 1953 3631 2026; baseline 0.003 -22"><span class='ocrx_word' id='word_1_626' title='bbox 2062 1961 2240 2006; x_wconf 87' lang='lat' dir='ltr'><strong>contra</strong></span> <span class='ocrx_word' id='word_1_627' title='bbox 2275 1953 2512 2008; x_wconf 88' lang='lat' dir='ltr'><strong>inﬁdeles</strong></span> <span class='ocrx_word' id='word_1_628' title='bbox 2541 1954 2791 2022; x_wconf 88' lang='lat' dir='ltr'><strong>disputat,</strong></span> <span class='ocrx_word' id='word_1_629' title='bbox 2821 1955 3000 2009; x_wconf 89' lang='lat' dir='ltr'><strong>dicens</strong></span> <span class='ocrx_word' id='word_1_630' title='bbox 3034 1973 3046 2008; x_wconf 76' lang='grc' dir='ltr'>ε</span> <span class='ocrx_word' id='word_1_631' title='bbox 3087 1953 3194 2008; x_wconf 88' lang='lat' dir='ltr'><strong>Viri</strong></span> <span class='ocrx_word' id='word_1_632' title='bbox 3214 1959 3412 2026; x_wconf 80' lang='lat' dir='ltr'><strong>fratres,</strong></span> <span class='ocrx_word' id='word_1_633' title='bbox 3448 1956 3631 2009; x_wconf 85' lang='lat' dir='ltr'><strong>scimus</strong></span> 
     </span>
    </p>
   </div>
   <div class='ocr_carea' id='block_1_82' title="bbox 2060 2041 3631 2117">
    <p class='ocr_par' dir='ltr' id='par_1_82' title="bbox 2060 2041 3631 2117">
     <span class='ocr_line' id='line_1_82' title="bbox 2060 2041 3631 2117; baseline 0.003 -23"><span class='ocrx_word' id='word_1_634' title='bbox 2060 2043 2175 2111; x_wconf 87' lang='lat' dir='ltr'><strong>quia</strong></span> <span class='ocrx_word' id='word_1_635' title='bbox 2203 2041 2368 2096; x_wconf 88' lang='lat' dir='ltr'><strong>David</strong></span> <span class='ocrx_word' id='word_1_636' title='bbox 2394 2045 2680 2112; x_wconf 85' lang='lat' dir='ltr'><strong>patriarcha</strong></span> <span class='ocrx_word' id='word_1_637' title='bbox 2717 2055 2942 2100; x_wconf 87' lang='lat' dir='ltr'><strong>mortuus</strong></span> <span class='ocrx_word' id='word_1_638' title='bbox 2994 2055 3085 2111; x_wconf 88' lang='lat' dir='ltr'><strong>est,</strong></span> <span class='ocrx_word' id='word_1_639' title='bbox 3132 2056 3178 2100; x_wconf 87' lang='lat' dir='ltr'><strong>et</strong></span> <span class='ocrx_word' id='word_1_640' title='bbox 3224 2062 3342 2100; x_wconf 90' lang='lat' dir='ltr'><strong>caro</strong></span> <span class='ocrx_word' id='word_1_641' title='bbox 3379 2047 3486 2117; x_wconf 79' lang='lat' dir='ltr'><strong>ejus</strong></span> <span class='ocrx_word' id='word_1_642' title='bbox 3511 2046 3631 2099; x_wconf 83' lang='lat' dir='ltr'><strong>vidit</strong></span> 
     </span>
    </p>
   </div>
   <div class='ocr_carea' id='block_1_83' title="bbox 2059 2125 3630 2207">
    <p class='ocr_par' dir='ltr' id='par_1_83' title="bbox 2059 2125 3630 2207">
     <span class='ocr_line' id='line_1_83' title="bbox 2059 2125 3630 2207; baseline 0.003 -21"><span class='ocrx_word' id='word_1_643' title='bbox 2059 2136 2431 2204; x_wconf 81' lang='lat' dir='ltr'><strong>corruptionem</strong></span> <span class='ocrx_word' id='word_1_644' title='bbox 2457 2154 2475 2200; x_wconf 90' lang='lat'><strong>;</strong></span> <span class='ocrx_word' id='word_1_645' title='bbox 2504 2151 2608 2190; x_wconf 89' lang='lat' dir='ltr'><strong>non</strong></span> <span class='ocrx_word' id='word_1_646' title='bbox 2635 2139 2758 2207; x_wconf 83' lang='lat' dir='ltr'><strong>ergo</strong></span> <span class='ocrx_word' id='word_1_647' title='bbox 2779 2137 2845 2191; x_wconf 90' lang='lat' dir='ltr'><strong>de</strong></span> <span class='ocrx_word' id='word_1_648' title='bbox 2882 2138 2971 2191; x_wconf 89' lang='lat' dir='ltr'><strong>illo</strong></span> <span class='ocrx_word' id='word_1_649' title='bbox 2995 2137 3190 2192; x_wconf 83' lang='lat' dir='ltr'><strong>dictum</strong></span> <span class='ocrx_word' id='word_1_650' title='bbox 3221 2125 3322 2203; x_wconf 83' lang='lat' dir='ltr'><strong>est,</strong></span> <span class='ocrx_word' id='word_1_651' title='bbox 3355 2137 3462 2192; x_wconf 86' lang='lat' dir='ltr'><strong>Nec</strong></span> <span class='ocrx_word' id='word_1_652' title='bbox 3489 2138 3630 2192; x_wconf 88' lang='lat' dir='ltr'><strong>dabis</strong></span> 
     </span>
    </p>
   </div>
   <div class='ocr_carea' id='block_1_84' title="bbox 2059 2225 3624 2298">
    <p class='ocr_par' dir='ltr' id='par_1_84' title="bbox 2059 2225 3624 2298">
     <span class='ocr_line' id='line_1_84' title="bbox 2059 2225 3624 2298; baseline 0.002 -20"><span class='ocrx_word' id='word_1_653' title='bbox 2059 2225 2302 2278; x_wconf 88' lang='lat' dir='ltr'><strong>Sanctum</strong></span> <span class='ocrx_word' id='word_1_654' title='bbox 2331 2235 2468 2279; x_wconf 86' lang='lat' dir='ltr'><strong>tuum</strong></span> <span class='ocrx_word' id='word_1_655' title='bbox 2508 2228 2674 2281; x_wconf 86' lang='lat' dir='ltr'><strong>videre</strong></span> <span class='ocrx_word' id='word_1_656' title='bbox 2719 2229 3088 2296; x_wconf 76' lang='lat' dir='ltr'><strong>corruptionem</strong></span> <span class='ocrx_word' id='word_1_657' title='bbox 3139 2228 3272 2297; x_wconf 85' lang='lat' dir='ltr'><strong>(Act.</strong></span> <span class='ocrx_word' id='word_1_658' title='bbox 3315 2243 3373 2291; x_wconf 87' lang='lat' dir='ltr'><strong>tt,</strong></span> <span class='ocrx_word' id='word_1_659' title='bbox 3409 2227 3624 2298; x_wconf 73' lang='grc'><strong>27-51).</strong></span> 
     </span>
    </p>
   </div>
   <div class='ocr_carea' id='block_1_85' title="bbox 2057 2313 3623 2389">
    <p class='ocr_par' dir='ltr' id='par_1_85' title="bbox 2057 2313 3623 2389">
     <span class='ocr_line' id='line_1_85' title="bbox 2057 2313 3623 2389; baseline 0.003 -19"><span class='ocrx_word' id='word_1_660' title='bbox 2057 2316 2111 2370; x_wconf 89' lang='lat' dir='ltr'><strong>Si</strong></span> <span class='ocrx_word' id='word_1_661' title='bbox 2143 2332 2267 2387; x_wconf 85' lang='lat' dir='ltr'><strong>ergo</strong></span> <span class='ocrx_word' id='word_1_662' title='bbox 2297 2313 2400 2371; x_wconf 82' lang='lat' dir='ltr'><strong>non</strong></span> <span class='ocrx_word' id='word_1_663' title='bbox 2446 2318 2511 2372; x_wconf 90' lang='lat' dir='ltr'><strong>de</strong></span> <span class='ocrx_word' id='word_1_664' title='bbox 2540 2318 2630 2371; x_wconf 91' lang='lat' dir='ltr'><strong>illo</strong></span> <span class='ocrx_word' id='word_1_665' title='bbox 2671 2317 2868 2372; x_wconf 89' lang='lat' dir='ltr'><strong>dictum</strong></span> <span class='ocrx_word' id='word_1_666' title='bbox 2911 2327 3025 2382; x_wconf 91' lang='lat' dir='ltr'><strong>est,</strong></span> <span class='ocrx_word' id='word_1_667' title='bbox 3055 2319 3121 2373; x_wconf 92' lang='lat' dir='ltr'><strong>de</strong></span> <span class='ocrx_word' id='word_1_668' title='bbox 3140 2333 3246 2389; x_wconf 89' lang='lat' dir='ltr'><strong>quo</strong></span> <span class='ocrx_word' id='word_1_669' title='bbox 3281 2319 3479 2374; x_wconf 90' lang='lat' dir='ltr'><strong>dictum</strong></span> <span class='ocrx_word' id='word_1_670' title='bbox 3522 2331 3623 2384; x_wconf 89' lang='lat' dir='ltr'><strong>est,</strong></span> 
     </span>
    </p>
   </div>
   <div class='ocr_carea' id='block_1_86' title="bbox 2059 2407 3625 2478">
    <p class='ocr_par' dir='ltr' id='par_1_86' title="bbox 2059 2407 3625 2478">
     <span class='ocr_line' id='line_1_86' title="bbox 2059 2407 3625 2478; baseline 0.003 -18"><span class='ocrx_word' id='word_1_671' title='bbox 2059 2407 2184 2474; x_wconf 88' lang='lat' dir='ltr'><strong>Quis</strong></span> <span class='ocrx_word' id='word_1_672' title='bbox 2205 2417 2276 2460; x_wconf 87' lang='lat' dir='ltr'><strong>est</strong></span> <span class='ocrx_word' id='word_1_673' title='bbox 2302 2408 2448 2462; x_wconf 90' lang='lat' dir='ltr'><strong>homo</strong></span> <span class='ocrx_word' id='word_1_674' title='bbox 2469 2410 2552 2478; x_wconf 88' lang='lat' dir='ltr'><strong>qui</strong></span> <span class='ocrx_word' id='word_1_675' title='bbox 2573 2410 2696 2462; x_wconf 89' lang='lat' dir='ltr'><strong>vivet</strong></span> <span class='ocrx_word' id='word_1_676' title='bbox 2720 2421 2766 2462; x_wconf 89' lang='lat' dir='ltr'><strong>et</strong></span> <span class='ocrx_word' id='word_1_677' title='bbox 2782 2424 2881 2462; x_wconf 89' lang='lat' dir='ltr'><strong>non</strong></span> <span class='ocrx_word' id='word_1_678' title='bbox 2909 2408 3087 2462; x_wconf 88' lang='lat' dir='ltr'><strong>videbit</strong></span> <span class='ocrx_word' id='word_1_679' title='bbox 3105 2419 3310 2463; x_wconf 88' lang='lat' dir='ltr'><strong>mortem</strong></span> <span class='ocrx_word' id='word_1_680' title='bbox 3327 2409 3352 2463; x_wconf 81' lang='lat'><strong>.’</strong></span> <span class='ocrx_word' id='word_1_681' title='bbox 3367 2408 3472 2464; x_wconf 88' lang='lat' dir='ltr'><strong>Sed</strong></span> <span class='ocrx_word' id='word_1_682' title='bbox 3493 2409 3625 2466; x_wconf 87' lang='lat' dir='ltr'><strong>forte</strong></span> 
     </span>
    </p>
   </div>
   <div class='ocr_carea' id='block_1_87' title="bbox 2053 2498 3624 2568">
    <p class='ocr_par' dir='ltr' id='par_1_87' title="bbox 2053 2498 3624 2568">
     <span class='ocr_line' id='line_1_87' title="bbox 2053 2498 3624 2568; baseline 0.003 -17"><span class='ocrx_word' id='word_1_683' title='bbox 2053 2498 2227 2551; x_wconf 89' lang='lat' dir='ltr'><strong>nullus</strong></span> <span class='ocrx_word' id='word_1_684' title='bbox 2245 2507 2345 2553; x_wconf 87' lang='lat' dir='ltr'><strong>est.</strong></span> <span class='ocrx_word' id='word_1_685' title='bbox 2393 2499 2519 2564; x_wconf 93' lang='lat' dir='ltr'><strong>Imo,</strong></span> <span class='ocrx_word' id='word_1_686' title='bbox 2554 2498 2677 2564; x_wconf 81' lang='lat' dir='ltr'><strong>Quis</strong></span> <span class='ocrx_word' id='word_1_687' title='bbox 2705 2508 2795 2565; x_wconf 85' lang='lat' dir='ltr'><strong>est,</strong></span> <span class='ocrx_word' id='word_1_688' title='bbox 2823 2509 2878 2552; x_wconf 94' lang='lat' dir='ltr'><strong>ut</strong></span> <span class='ocrx_word' id='word_1_689' title='bbox 2909 2514 3114 2568; x_wconf 79' lang='lat' dir='ltr'><strong>quaeras</strong></span> <span class='ocrx_word' id='word_1_690' title='bbox 3141 2498 3338 2554; x_wconf 90' lang='lat' dir='ltr'><strong>dictum</strong></span> <span class='ocrx_word' id='word_1_691' title='bbox 3366 2509 3468 2567; x_wconf 88' lang='lat' dir='ltr'><strong>est,</strong></span> <span class='ocrx_word' id='word_1_692' title='bbox 3517 2517 3624 2556; x_wconf 89' lang='lat' dir='ltr'><strong>non</strong></span> 
     </span>
    </p>
   </div>
   <div class='ocr_carea' id='block_1_88' title="bbox 2052 2587 3622 2660">
    <p class='ocr_par' dir='ltr' id='par_1_88' title="bbox 2052 2587 3622 2660">
     <span class='ocr_line' id='line_1_88' title="bbox 2052 2587 3622 2660; baseline 0.004 -20"><span class='ocrx_word' id='word_1_693' title='bbox 2052 2598 2109 2641; x_wconf 91' lang='lat' dir='ltr'><strong>ut</strong></span> <span class='ocrx_word' id='word_1_694' title='bbox 2129 2589 2398 2658; x_wconf 87' lang='lat' dir='ltr'><strong>desperes.</strong></span> <span class='ocrx_word' id='word_1_695' title='bbox 2429 2587 2533 2645; x_wconf 89' lang='lat' dir='ltr'><strong>Sed</strong></span> <span class='ocrx_word' id='word_1_696' title='bbox 2557 2590 2692 2644; x_wconf 92' lang='lat' dir='ltr'><strong>forte</strong></span> <span class='ocrx_word' id='word_1_697' title='bbox 2715 2598 2796 2643; x_wconf 92' lang='lat' dir='ltr'><strong>est</strong></span> <span class='ocrx_word' id='word_1_698' title='bbox 2819 2589 3008 2660; x_wconf 87' lang='lat' dir='ltr'><strong>aliquis</strong></span> <span class='ocrx_word' id='word_1_699' title='bbox 3033 2589 3190 2644; x_wconf 89' lang='lat' dir='ltr'><strong>homo</strong></span> <span class='ocrx_word' id='word_1_700' title='bbox 3211 2591 3295 2660; x_wconf 85' lang='lat' dir='ltr'><strong>qui</strong></span> <span class='ocrx_word' id='word_1_701' title='bbox 3319 2591 3440 2645; x_wconf 86' lang='lat' dir='ltr'><strong>vivet</strong></span> <span class='ocrx_word' id='word_1_702' title='bbox 3466 2600 3622 2646; x_wconf 88' lang='lat' dir='ltr'><strong>etnon</strong></span> 
     </span>
    </p>
   </div>
   <div class='ocr_carea' id='block_1_89' title="bbox 2050 2680 3621 2750">
    <p class='ocr_par' dir='ltr' id='par_1_89' title="bbox 2050 2680 3621 2750">
     <span class='ocr_line' id='line_1_89' title="bbox 2050 2680 3621 2750; baseline 0.003 -18"><span class='ocrx_word' id='word_1_703' title='bbox 2050 2680 2228 2733; x_wconf 85' lang='lat' dir='ltr'><strong>videbit</strong></span> <span class='ocrx_word' id='word_1_704' title='bbox 2248 2689 2612 2744; x_wconf 86' lang='lat' dir='ltr'><strong>mortem;non</strong></span> <span class='ocrx_word' id='word_1_705' title='bbox 2639 2689 2812 2736; x_wconf 88' lang='lat' dir='ltr'><strong>tamen</strong></span> <span class='ocrx_word' id='word_1_706' title='bbox 2851 2681 2917 2736; x_wconf 89' lang='lat' dir='ltr'><strong>de</strong></span> <span class='ocrx_word' id='word_1_707' title='bbox 2943 2680 3156 2736; x_wconf 82' lang='lat' dir='ltr'><strong>Christo</strong></span> <span class='ocrx_word' id='word_1_708' title='bbox 3179 2680 3332 2748; x_wconf 79' lang='lat' dir='ltr'><strong>dixit,</strong></span> <span class='ocrx_word' id='word_1_709' title='bbox 3359 2682 3444 2750; x_wconf 92' lang='lat' dir='ltr'><strong>qui</strong></span> <span class='ocrx_word' id='word_1_710' title='bbox 3476 2697 3621 2737; x_wconf 88' lang='lat' dir='ltr'><strong>mor-</strong></span> 
     </span>
    </p>
   </div>
   <div class='ocr_carea' id='block_1_90' title="bbox 2053 2773 3623 2843">
    <p class='ocr_par' dir='ltr' id='par_1_90' title="bbox 2053 2773 3623 2843">
     <span class='ocr_line' id='line_1_90' title="bbox 2053 2773 3623 2843; baseline 0.003 -21"><span class='ocrx_word' id='word_1_711' title='bbox 2053 2781 2171 2826; x_wconf 92' lang='lat' dir='ltr'><strong>tuus</strong></span> <span class='ocrx_word' id='word_1_712' title='bbox 2197 2782 2278 2827; x_wconf 90' lang='lat' dir='ltr'><strong>est</strong></span> <span class='ocrx_word' id='word_1_713' title='bbox 2296 2774 2319 2826; x_wconf 88' lang='lat'><strong>?</strong></span> <span class='ocrx_word' id='word_1_714' title='bbox 2339 2773 2525 2828; x_wconf 89' lang='lat' dir='ltr'><strong>Nullus</strong></span> <span class='ocrx_word' id='word_1_715' title='bbox 2551 2775 2770 2828; x_wconf 90' lang='lat' dir='ltr'><strong>omnino</strong></span> <span class='ocrx_word' id='word_1_716' title='bbox 2799 2773 2957 2828; x_wconf 91' lang='lat' dir='ltr'><strong>homo</strong></span> <span class='ocrx_word' id='word_1_717' title='bbox 2983 2783 3065 2828; x_wconf 91' lang='lat' dir='ltr'><strong>est</strong></span> <span class='ocrx_word' id='word_1_718' title='bbox 3090 2774 3175 2843; x_wconf 88' lang='lat' dir='ltr'><strong>qui</strong></span> <span class='ocrx_word' id='word_1_719' title='bbox 3196 2773 3319 2828; x_wconf 76' lang='lat' dir='ltr'><strong>vicet</strong></span> <span class='ocrx_word' id='word_1_720' title='bbox 3345 2785 3391 2828; x_wconf 90' lang='lat' dir='ltr'><strong>et</strong></span> <span class='ocrx_word' id='word_1_721' title='bbox 3418 2791 3516 2828; x_wconf 87' lang='lat' dir='ltr'><strong>non</strong></span> <span class='ocrx_word' id='word_1_722' title='bbox 3546 2776 3623 2827; x_wconf 70' lang='lat' dir='ltr'><strong>vi-&#39;</strong></span> 
     </span>
    </p>
   </div>
   <div class='ocr_carea' id='block_1_91' title="bbox 2051 2863 3620 2934">
    <p class='ocr_par' dir='ltr' id='par_1_91' title="bbox 2051 2863 3620 2934">
     <span class='ocr_line' id='line_1_91' title="bbox 2051 2863 3620 2934; baseline 0.003 -20"><span class='ocrx_word' id='word_1_723' title='bbox 2051 2863 2180 2915; x_wconf 90' lang='lat' dir='ltr'><strong>debit</strong></span> <span class='ocrx_word' id='word_1_724' title='bbox 2218 2873 2444 2930; x_wconf 89' lang='lat' dir='ltr'><strong>mortem,</strong></span> <span class='ocrx_word' id='word_1_725' title='bbox 2494 2865 2594 2918; x_wconf 90' lang='lat' dir='ltr'><strong>nisi</strong></span> <span class='ocrx_word' id='word_1_726' title='bbox 2645 2865 2735 2934; x_wconf 92' lang='lat' dir='ltr'><strong>qui</strong></span> <span class='ocrx_word' id='word_1_727' title='bbox 2774 2865 2882 2933; x_wconf 86' lang='lat' dir='ltr'><strong>jam</strong></span> <span class='ocrx_word' id='word_1_728' title='bbox 2909 2879 3004 2933; x_wconf 91' lang='lat' dir='ltr'><strong>pro</strong></span> <span class='ocrx_word' id='word_1_729' title='bbox 3032 2864 3339 2918; x_wconf 90' lang='lat' dir='ltr'><strong>mortalibus</strong></span> <span class='ocrx_word' id='word_1_730' title='bbox 3384 2875 3620 2919; x_wconf 91' lang='lat' dir='ltr'><strong>mortuus</strong></span> 
     </span>
    </p>
   </div>
   <div class='ocr_carea' id='block_1_92' title="bbox 2049 2954 3687 3026">
    <p class='ocr_par' dir='ltr' id='par_1_92' title="bbox 2049 2954 3687 3026">
     <span class='ocr_line' id='line_1_92' title="bbox 2049 2954 3687 3026; baseline 0.001 -18"><span class='ocrx_word' id='word_1_731' title='bbox 2049 2963 2146 3008; x_wconf 91' lang='lat' dir='ltr'><strong>est.</strong></span> <span class='ocrx_word' id='word_1_732' title='bbox 2178 2954 2306 3010; x_wconf 82' lang='lat' dir='ltr'><strong>Nam</strong></span> <span class='ocrx_word' id='word_1_733' title='bbox 2333 2964 2390 3010; x_wconf 93' lang='lat' dir='ltr'><strong>ut</strong></span> <span class='ocrx_word' id='word_1_734' title='bbox 2413 2957 2549 3010; x_wconf 90' lang='lat' dir='ltr'><strong>scias</strong></span> <span class='ocrx_word' id='word_1_735' title='bbox 2569 2957 2685 3026; x_wconf 89' lang='lat' dir='ltr'><strong>quia</strong></span> <span class='ocrx_word' id='word_1_736' title='bbox 2704 2956 2769 3011; x_wconf 92' lang='lat' dir='ltr'><strong>de</strong></span> <span class='ocrx_word' id='word_1_737' title='bbox 2796 2957 2886 3010; x_wconf 91' lang='lat' dir='ltr'><strong>illo</strong></span> <span class='ocrx_word' id='word_1_738' title='bbox 2914 2956 3062 3022; x_wconf 86' lang='lat' dir='ltr'><strong>dixit,</strong></span> <span class='ocrx_word' id='word_1_739' title='bbox 3086 2957 3202 3010; x_wconf 86' lang='lat' dir='ltr'><strong>vide</strong></span> <span class='ocrx_word' id='word_1_740' title='bbox 3221 2957 3342 3026; x_wconf 86' lang='lat' dir='ltr'><strong>quid</strong></span> <span class='ocrx_word' id='word_1_741' title='bbox 3365 2957 3616 3026; x_wconf 86' lang='lat' dir='ltr'><strong>sequitur.</strong></span> <span class='ocrx_word' id='word_1_742' title='bbox 3685 3024 3687 3026; x_wconf 21' lang='grc' dir='ltr'><strong>η</strong></span> 
     </span>
    </p>
   </div>
   <div class='ocr_carea' id='block_1_93' title="bbox 2053 3045 3617 3115">
    <p class='ocr_par' dir='ltr' id='par_1_93' title="bbox 2053 3045 3617 3115">
     <span class='ocr_line' id='line_1_93' title="bbox 2053 3045 3617 3115; baseline -0.001 -18"><span class='ocrx_word' id='word_1_743' title='bbox 2053 3045 2178 3110; x_wconf 85' lang='lat' dir='ltr'><strong>Quis</strong></span> <span class='ocrx_word' id='word_1_744' title='bbox 2203 3056 2272 3100; x_wconf 85' lang='lat' dir='ltr'><strong>est</strong></span> <span class='ocrx_word' id='word_1_745' title='bbox 2308 3048 2456 3101; x_wconf 90' lang='lat' dir='ltr'><strong>homo</strong></span> <span class='ocrx_word' id='word_1_746' title='bbox 2489 3048 2574 3115; x_wconf 90' lang='lat' dir='ltr'><strong>qui</strong></span> <span class='ocrx_word' id='word_1_747' title='bbox 2601 3048 2725 3100; x_wconf 90' lang='lat' dir='ltr'><strong>vivet</strong></span> <span class='ocrx_word' id='word_1_748' title='bbox 2765 3056 2812 3100; x_wconf 91' lang='lat' dir='ltr'><strong>et</strong></span> <span class='ocrx_word' id='word_1_749' title='bbox 2838 3064 2936 3100; x_wconf 90' lang='lat' dir='ltr'><strong>non</strong></span> <span class='ocrx_word' id='word_1_750' title='bbox 2979 3046 3157 3100; x_wconf 81' lang='lat' dir='ltr'><strong>videbit</strong></span> <span class='ocrx_word' id='word_1_751' title='bbox 3185 3045 3436 3098; x_wconf 86' lang='lat' dir='ltr'><strong>mortem?</strong></span> <span class='ocrx_word' id='word_1_752' title='bbox 3475 3045 3617 3114; x_wconf 81' lang='lat' dir='ltr'><strong>Ergo</strong></span> 
     </span>
    </p>
   </div>
   <div class='ocr_carea' id='block_1_94' title="bbox 2050 3134 3617 3207">
    <p class='ocr_par' dir='ltr' id='par_1_94' title="bbox 2050 3134 3617 3207">
     <span class='ocr_line' id='line_1_94' title="bbox 2050 3134 3617 3207; baseline -0.001 -18"><span class='ocrx_word' id='word_1_753' title='bbox 2050 3151 2318 3207; x_wconf 82' lang='lat' dir='ltr'><strong>nunquam</strong></span> <span class='ocrx_word' id='word_1_754' title='bbox 2348 3137 2446 3191; x_wconf 81' lang='lat' dir='ltr'><strong>fuit</strong></span> <span class='ocrx_word' id='word_1_755' title='bbox 2475 3137 2527 3192; x_wconf 90' lang='lat' dir='ltr'><strong>in</strong></span> <span class='ocrx_word' id='word_1_756' title='bbox 2557 3138 2762 3192; x_wconf 86' lang='lat' dir='ltr'><strong>morte?</strong></span> <span class='ocrx_word' id='word_1_757' title='bbox 2793 3136 2928 3192; x_wconf 88' lang='lat' dir='ltr'><strong>Fuit.</strong></span> <span class='ocrx_word' id='word_1_758' title='bbox 2955 3134 3229 3203; x_wconf 83' lang='lat' dir='ltr'><strong>Quomodo</strong></span> <span class='ocrx_word' id='word_1_759' title='bbox 3265 3149 3392 3204; x_wconf 82' lang='lat' dir='ltr'><strong>ergo</strong></span> <span class='ocrx_word' id='word_1_760' title='bbox 3419 3135 3542 3189; x_wconf 83' lang='lat' dir='ltr'><strong>vivet</strong></span> <span class='ocrx_word' id='word_1_761' title='bbox 3570 3145 3617 3188; x_wconf 88' lang='lat' dir='ltr'><strong>ct</strong></span> 
     </span>
    </p>
   </div>
   <div class='ocr_carea' id='block_1_95' title="bbox 2049 3225 3615 3281">
    <p class='ocr_par' dir='ltr' id='par_1_95' title="bbox 2049 3225 3615 3281">
     <span class='ocr_line' id='line_1_95' title="bbox 2049 3225 3615 3281; baseline -0.001 -3"><span class='ocrx_word' id='word_1_762' title='bbox 2049 3241 2150 3278; x_wconf 88' lang='lat' dir='ltr'><strong>non</strong></span> <span class='ocrx_word' id='word_1_763' title='bbox 2177 3226 2358 3280; x_wconf 90' lang='lat' dir='ltr'><strong>videbit</strong></span> <span class='ocrx_word' id='word_1_764' title='bbox 2381 3226 2630 3281; x_wconf 76' lang='lat' dir='ltr'><strong>mortem!</strong></span> <span class='ocrx_word' id='word_1_765' title='bbox 2658 3225 2814 3280; x_wconf 80' lang='lat' dir='ltr'><strong>Eruet</strong></span> <span class='ocrx_word' id='word_1_766' title='bbox 2841 3227 3059 3279; x_wconf 84' lang='lat' dir='ltr'><strong>animam</strong></span> <span class='ocrx_word' id='word_1_767' title='bbox 3086 3241 3230 3280; x_wconf 77' lang='lat' dir='ltr'><strong>suain</strong></span> <span class='ocrx_word' id='word_1_768' title='bbox 3275 3225 3338 3278; x_wconf 87' lang='lat' dir='ltr'><strong>de</strong></span> <span class='ocrx_word' id='word_1_769' title='bbox 3390 3225 3615 3278; x_wconf 84' lang='lat' dir='ltr'><strong>manibus</strong></span> 
     </span>
    </p>
   </div>
   <div class='ocr_carea' id='block_1_96' title="bbox 2049 3315 3615 3387">
    <p class='ocr_par' dir='ltr' id='par_1_96' title="bbox 2049 3315 3615 3387">
     <span class='ocr_line' id='line_1_96' title="bbox 2049 3315 3615 3387; baseline -0.002 -18"><span class='ocrx_word' id='word_1_770' title='bbox 2049 3318 2256 3387; x_wconf 76' lang='lat' dir='ltr'><strong>inferni.</strong></span> <span class='ocrx_word' id='word_1_771' title='bbox 2288 3318 2428 3373; x_wconf 88' lang='lat' dir='ltr'><strong>Ecce</strong></span> <span class='ocrx_word' id='word_1_772' title='bbox 2471 3334 2598 3374; x_wconf 88' lang='lat' dir='ltr'><strong>vere</strong></span> <span class='ocrx_word' id='word_1_773' title='bbox 2645 3319 2811 3383; x_wconf 91' lang='lat' dir='ltr'><strong>solus,</strong></span> <span class='ocrx_word' id='word_1_774' title='bbox 2856 3318 3077 3372; x_wconf 87' lang='lat' dir='ltr'><strong>omnino</strong></span> <span class='ocrx_word' id='word_1_775' title='bbox 3108 3315 3437 3386; x_wconf 85' lang='lat' dir='ltr'><strong>singulariter</strong></span> <span class='ocrx_word' id='word_1_776' title='bbox 3475 3315 3615 3369; x_wconf 80' lang='lat' dir='ltr'><strong>solus</strong></span> 
     </span>
    </p>
   </div>
   <div class='ocr_carea' id='block_1_97' title="bbox 2048 3407 3614 3472">
    <p class='ocr_par' dir='ltr' id='par_1_97' title="bbox 2048 3407 3614 3472">
     <span class='ocr_line' id='line_1_97' title="bbox 2048 3407 3614 3472; baseline -0.004 -10"><span class='ocrx_word' id='word_1_777' title='bbox 2048 3411 2174 3464; x_wconf 88' lang='lat' dir='ltr'><strong>vivet</strong></span> <span class='ocrx_word' id='word_1_778' title='bbox 2198 3421 2245 3464; x_wconf 88' lang='lat' dir='ltr'><strong>et</strong></span> <span class='ocrx_word' id='word_1_779' title='bbox 2269 3426 2367 3464; x_wconf 89' lang='lat' dir='ltr'><strong>non</strong></span> <span class='ocrx_word' id='word_1_780' title='bbox 2389 3410 2566 3464; x_wconf 89' lang='lat' dir='ltr'><strong>videbit</strong></span> <span class='ocrx_word' id='word_1_781' title='bbox 2590 3422 2830 3472; x_wconf 88' lang='lat' dir='ltr'><strong>mortem;</strong></span> <span class='ocrx_word' id='word_1_782' title='bbox 2851 3420 2986 3463; x_wconf 83' lang='lat' dir='ltr'><strong>eruet</strong></span> <span class='ocrx_word' id='word_1_783' title='bbox 3011 3426 3230 3462; x_wconf 77' lang='lat' dir='ltr'><strong>animum</strong></span> <span class='ocrx_word' id='word_1_784' title='bbox 3251 3424 3393 3463; x_wconf 89' lang='lat' dir='ltr'><strong>suam</strong></span> <span class='ocrx_word' id='word_1_785' title='bbox 3418 3407 3481 3460; x_wconf 83' lang='lat' dir='ltr'><strong>de</strong></span> <span class='ocrx_word' id='word_1_786' title='bbox 3509 3425 3614 3458; x_wconf 78' lang='lat' dir='ltr'><strong>nnt-</strong></span> 
     </span>
    </p>
   </div>
   <div class='ocr_carea' id='block_1_98' title="bbox 2049 3499 3612 3570">
    <p class='ocr_par' dir='ltr' id='par_1_98' title="bbox 2049 3499 3612 3570">
     <span class='ocr_line' id='line_1_98' title="bbox 2049 3499 3612 3570; baseline -0.003 -18"><span class='ocrx_word' id='word_1_787' title='bbox 2049 3499 2191 3554; x_wconf 88' lang='lat' dir='ltr'><strong>nibus</strong></span> <span class='ocrx_word' id='word_1_788' title='bbox 2210 3501 2394 3570; x_wconf 79' lang='lat' dir='ltr'><strong>inferni</strong></span> <span class='ocrx_word' id='word_1_789' title='bbox 2418 3517 2435 3554; x_wconf 91' lang='lat'><strong><em>:</em></strong></span> <span class='ocrx_word' id='word_1_790' title='bbox 2459 3501 2577 3570; x_wconf 86' lang='lat' dir='ltr'><strong>quia</strong></span> <span class='ocrx_word' id='word_1_791' title='bbox 2609 3501 2706 3555; x_wconf 87' lang='lat' dir='ltr'><strong>etsi</strong></span> <span class='ocrx_word' id='word_1_792' title='bbox 2739 3501 2913 3555; x_wconf 64' lang='lat' dir='ltr'><strong>caueri</strong></span> <span class='ocrx_word' id='word_1_793' title='bbox 2936 3500 3116 3554; x_wconf 70' lang='lat' dir='ltr'><strong>ﬁdeles</strong></span> <span class='ocrx_word' id='word_1_794' title='bbox 3143 3499 3257 3568; x_wconf 88' lang='lat' dir='ltr'><strong>ejus</strong></span> <span class='ocrx_word' id='word_1_795' title='bbox 3287 3508 3558 3568; x_wconf 74' lang='lat' dir='ltr'><strong>resurgunt</strong></span> <span class='ocrx_word' id='word_1_796' title='bbox 3585 3515 3612 3548; x_wconf 87' lang='lat' dir='ltr'><strong>a</strong></span> 
     </span>
    </p>
   </div>
   <div class='ocr_carea' id='block_1_99' title="bbox 2048 3587 3614 3661">
    <p class='ocr_par' dir='ltr' id='par_1_99' title="bbox 2048 3587 3614 3661">
     <span class='ocr_line' id='line_1_99' title="bbox 2048 3587 3614 3661; baseline -0.003 -17"><span class='ocrx_word' id='word_1_797' title='bbox 2048 3592 2290 3656; x_wconf 89' lang='lat' dir='ltr'><strong>mortuis,</strong></span> <span class='ocrx_word' id='word_1_798' title='bbox 2313 3593 2562 3647; x_wconf 86' lang='lat' dir='ltr'><strong>etvivcut</strong></span> <span class='ocrx_word' id='word_1_799' title='bbox 2586 3601 2640 3646; x_wconf 86' lang='lat' dir='ltr'><strong>et</strong></span> <span class='ocrx_word' id='word_1_800' title='bbox 2667 3593 2762 3661; x_wconf 93' lang='lat' dir='ltr'><strong>ipsi</strong></span> <span class='ocrx_word' id='word_1_801' title='bbox 2792 3593 2841 3645; x_wconf 90' lang='lat' dir='ltr'><strong>in</strong></span> <span class='ocrx_word' id='word_1_802' title='bbox 2861 3603 3137 3656; x_wconf 77' lang='lat' dir='ltr'><strong>ancrnum,</strong></span> <span class='ocrx_word' id='word_1_803' title='bbox 3163 3600 3214 3644; x_wconf 91' lang='lat' dir='ltr'><strong>et</strong></span> <span class='ocrx_word' id='word_1_804' title='bbox 3241 3606 3343 3641; x_wconf 91' lang='lat' dir='ltr'><strong>non</strong></span> <span class='ocrx_word' id='word_1_805' title='bbox 3364 3587 3614 3642; x_wconf 83' lang='lat' dir='ltr'><strong>videbunt</strong></span> 
     </span>
    </p>
   </div>
   <div class='ocr_carea' id='block_1_100' title="bbox 2049 3677 3613 3749">
    <p class='ocr_par' dir='ltr' id='par_1_100' title="bbox 2049 3677 3613 3749">
     <span class='ocr_line' id='line_1_100' title="bbox 2049 3677 3613 3749; baseline -0.003 -15"><span class='ocrx_word' id='word_1_806' title='bbox 2049 3689 2329 3746; x_wconf 74' lang='lat' dir='ltr'><strong>mortem;</strong></span> <span class='ocrx_word' id='word_1_807' title='bbox 2361 3698 2465 3735; x_wconf 91' lang='lat' dir='ltr'><strong>nou</strong></span> <span class='ocrx_word' id='word_1_808' title='bbox 2521 3691 2694 3735; x_wconf 87' lang='lat' dir='ltr'><strong>tamen</strong></span> <span class='ocrx_word' id='word_1_809' title='bbox 2736 3682 2962 3734; x_wconf 84' lang='lat' dir='ltr'><strong>animum</strong></span> <span class='ocrx_word' id='word_1_810' title='bbox 3019 3695 3169 3733; x_wconf 87' lang='lat' dir='ltr'><strong>suam</strong></span> <span class='ocrx_word' id='word_1_811' title='bbox 3215 3678 3310 3749; x_wconf 90' lang='lat' dir='ltr'><strong>ipsi</strong></span> <span class='ocrx_word' id='word_1_812' title='bbox 3336 3686 3522 3731; x_wconf 84' lang='lat' dir='ltr'><strong>erueut</strong></span> <span class='ocrx_word' id='word_1_813' title='bbox 3547 3677 3613 3730; x_wconf 84' lang='lat' dir='ltr'><strong>de</strong></span> 
     </span>
    </p>
   </div>
   <div class='ocr_carea' id='block_1_101' title="bbox 2049 3767 3607 3841">
    <p class='ocr_par' dir='ltr' id='par_1_101' title="bbox 2049 3767 3607 3841">
     <span class='ocr_line' id='line_1_101' title="bbox 2049 3767 3607 3841; baseline -0.007 -15"><span class='ocrx_word' id='word_1_814' title='bbox 2049 3773 2294 3827; x_wconf 90' lang='lat' dir='ltr'><strong>manibus</strong></span> <span class='ocrx_word' id='word_1_815' title='bbox 2324 3772 2534 3826; x_wconf 81' lang='lat' dir='ltr'><strong>inferni.</strong></span> <span class='ocrx_word' id='word_1_816' title='bbox 2569 3772 2660 3825; x_wconf 92' lang='lat' dir='ltr'><strong>Ille</strong></span> <span class='ocrx_word' id='word_1_817' title='bbox 2687 3772 2775 3841; x_wconf 89' lang='lat' dir='ltr'><strong>qui</strong></span> <span class='ocrx_word' id='word_1_818' title='bbox 2801 3772 2937 3825; x_wconf 90' lang='lat' dir='ltr'><strong>eruit.</strong></span> <span class='ocrx_word' id='word_1_819' title='bbox 2961 3771 3192 3822; x_wconf 87' lang='lat' dir='ltr'><strong>animam</strong></span> <span class='ocrx_word' id='word_1_820' title='bbox 3223 3783 3369 3821; x_wconf 91' lang='lat' dir='ltr'><strong>suam</strong></span> <span class='ocrx_word' id='word_1_821' title='bbox 3401 3767 3466 3819; x_wconf 83' lang='lat' dir='ltr'><strong>de.</strong></span> <span class='ocrx_word' id='word_1_822' title='bbox 3497 3784 3607 3818; x_wconf 79' lang='lat' dir='ltr'><strong>Ina-</strong></span> 
     </span>
    </p>
   </div>
   <div class='ocr_carea' id='block_1_102' title="bbox 2049 3858 3610 3931">
    <p class='ocr_par' dir='ltr' id='par_1_102' title="bbox 2049 3858 3610 3931">
     <span class='ocr_line' id='line_1_102' title="bbox 2049 3858 3610 3931; baseline -0.006 -15"><span class='ocrx_word' id='word_1_823' title='bbox 2049 3862 2203 3916; x_wconf 87' lang='lat' dir='ltr'><strong>nibus</strong></span> <span class='ocrx_word' id='word_1_824' title='bbox 2253 3861 2462 3928; x_wconf 88' lang='lat' dir='ltr'><strong>inferni,</strong></span> <span class='ocrx_word' id='word_1_825' title='bbox 2509 3863 2621 3931; x_wconf 89' lang='lat' dir='ltr'><strong>ipse</strong></span> <span class='ocrx_word' id='word_1_826' title='bbox 2662 3862 2802 3916; x_wconf 89' lang='lat' dir='ltr'><strong>eruit</strong></span> <span class='ocrx_word' id='word_1_827' title='bbox 2845 3862 3048 3914; x_wconf 87' lang='lat' dir='ltr'><strong>animas</strong></span> <span class='ocrx_word' id='word_1_828' title='bbox 3086 3858 3320 3913; x_wconf 87' lang='lat' dir='ltr'><strong>ﬁdelium</strong></span> <span class='ocrx_word' id='word_1_829' title='bbox 3353 3872 3610 3913; x_wconf 84' lang='lat' dir='ltr'><strong>suorum;</strong></span> 
     </span>
    </p>
   </div>
   <div class='ocr_carea' id='block_1_103' title="bbox 2049 3949 3611 4020">
    <p class='ocr_par' dir='ltr' id='par_1_103' title="bbox 2049 3949 3611 4020">
     <span class='ocr_line' id='line_1_103' title="bbox 2049 3949 3611 4020; baseline -0.006 -14"><span class='ocrx_word' id='word_1_830' title='bbox 2049 3953 2147 4020; x_wconf 87' lang='lat' dir='ltr'><strong>ipsi</strong></span> <span class='ocrx_word' id='word_1_831' title='bbox 2177 3967 2235 4006; x_wconf 91' lang='lat' dir='ltr'><strong>se</strong></span> <span class='ocrx_word' id='word_1_832' title='bbox 2272 3967 2460 4006; x_wconf 86' lang='lat' dir='ltr'><strong>eruere</strong></span> <span class='ocrx_word' id='word_1_833' title='bbox 2488 3967 2590 4005; x_wconf 90' lang='lat' dir='ltr'><strong>non</strong></span> <span class='ocrx_word' id='word_1_834' title='bbox 2629 3962 2864 4020; x_wconf 87' lang='lat' dir='ltr'><strong>possunt.</strong></span> <span class='ocrx_word' id='word_1_835' title='bbox 2898 3950 3066 4004; x_wconf 87' lang='lat' dir='ltr'><strong>Proba</strong></span> <span class='ocrx_word' id='word_1_836' title='bbox 3099 3950 3218 4019; x_wconf 87' lang='lat' dir='ltr'><strong>quia</strong></span> <span class='ocrx_word' id='word_1_837' title='bbox 3239 3949 3358 4018; x_wconf 86' lang='lat' dir='ltr'><strong>ipse</strong></span> <span class='ocrx_word' id='word_1_838' title='bbox 3386 3949 3611 4000; x_wconf 80' lang='lat' dir='ltr'><strong>animum</strong></span> 
     </span>
    </p>
   </div>
   <div class='ocr_carea' id='block_1_104' title="bbox 2047 4040 3610 4110">
    <p class='ocr_par' dir='ltr' id='par_1_104' title="bbox 2047 4040 3610 4110">
     <span class='ocr_line' id='line_1_104' title="bbox 2047 4040 3610 4110; baseline -0.005 -13"><span class='ocrx_word' id='word_1_839' title='bbox 2047 4058 2197 4097; x_wconf 88' lang='lat' dir='ltr'><strong>suam</strong></span> <span class='ocrx_word' id='word_1_840' title='bbox 2223 4043 2379 4097; x_wconf 87' lang='lat' dir='ltr'><strong>eruit.</strong></span> <span class='ocrx_word' id='word_1_841' title='bbox 2412 4040 2716 4096; x_wconf 89' lang='lat' dir='ltr'><strong>Potestatem</strong></span> <span class='ocrx_word' id='word_1_842' title='bbox 2746 4042 2900 4094; x_wconf 79' lang='lat' dir='ltr'><strong>habeo</strong></span> <span class='ocrx_word' id='word_1_843' title='bbox 2931 4040 3148 4110; x_wconf 85' lang='lat' dir='ltr'><strong>ponendi</strong></span> <span class='ocrx_word' id='word_1_844' title='bbox 3177 4040 3400 4092; x_wconf 83' lang='lat' dir='ltr'><strong>animum</strong></span> <span class='ocrx_word' id='word_1_845' title='bbox 3429 4056 3610 4098; x_wconf 69' lang='lat' dir='ltr'><strong>meum,</strong></span> 
     </span>
    </p>
   </div>
   <div class='ocr_carea' id='block_1_105' title="bbox 2050 4128 3615 4201">
    <p class='ocr_par' dir='ltr' id='par_1_105' title="bbox 2050 4128 3615 4201">
     <span class='ocr_line' id='line_1_105' title="bbox 2050 4128 3615 4201; baseline -0.007 -13"><span class='ocrx_word' id='word_1_846' title='bbox 2050 4145 2096 4188; x_wconf 89' lang='lat' dir='ltr'><strong>et</strong></span> <span class='ocrx_word' id='word_1_847' title='bbox 2118 4143 2410 4201; x_wconf 87' lang='lat' dir='ltr'><strong>potestatem</strong></span> <span class='ocrx_word' id='word_1_848' title='bbox 2451 4132 2606 4186; x_wconf 87' lang='lat' dir='ltr'><strong>habeo</strong></span> <span class='ocrx_word' id='word_1_849' title='bbox 2644 4133 2824 4186; x_wconf 69' lang='lat' dir='ltr'><strong>iterum</strong></span> <span class='ocrx_word' id='word_1_850' title='bbox 2853 4130 3085 4184; x_wconf 87' lang='lat' dir='ltr'><strong>sumendi</strong></span> <span class='ocrx_word' id='word_1_851' title='bbox 3130 4146 3259 4182; x_wconf 85' lang='lat' dir='ltr'><strong>eam.</strong></span> <span class='ocrx_word' id='word_1_852' title='bbox 3291 4128 3453 4182; x_wconf 84' lang='lat' dir='ltr'><strong>Nemo</strong></span> <span class='ocrx_word' id='word_1_853' title='bbox 3490 4131 3615 4180; x_wconf 78' lang='lat' dir='ltr'><strong>tollit</strong></span> 
     </span>
    </p>
   </div>
   <div class='ocr_carea' id='block_1_106' title="bbox 2049 4218 3616 4294">
    <p class='ocr_par' dir='ltr' id='par_1_106' title="bbox 2049 4218 3616 4294">
     <span class='ocr_line' id='line_1_106' title="bbox 2049 4218 3616 4294; baseline -0.003 -17"><span class='ocrx_word' id='word_1_854' title='bbox 2049 4241 2159 4278; x_wconf 84' lang='lat' dir='ltr'><strong>eam</strong></span> <span class='ocrx_word' id='word_1_855' title='bbox 2200 4241 2231 4276; x_wconf 93' lang='lat' dir='ltr'><strong>a</strong></span> <span class='ocrx_word' id='word_1_856' title='bbox 2259 4240 2382 4288; x_wconf 86' lang='lat' dir='ltr'><strong>me;</strong></span> <span class='ocrx_word' id='word_1_857' title='bbox 2426 4223 2546 4292; x_wconf 88' lang='lat' dir='ltr'><strong>quia</strong></span> <span class='ocrx_word' id='word_1_858' title='bbox 2580 4239 2669 4294; x_wconf 86' lang='lat' dir='ltr'><strong>ego</strong></span> <span class='ocrx_word' id='word_1_859' title='bbox 2717 4222 2926 4276; x_wconf 80' lang='lat' dir='ltr'><strong>dormivi</strong></span> <span class='ocrx_word' id='word_1_860' title='bbox 2949 4219 3116 4292; x_wconf 86' lang='lat' dir='ltr'><strong>(Psal.</strong></span> <span class='ocrx_word' id='word_1_861' title='bbox 3165 4234 3238 4284; x_wconf 90' lang='lat' dir='ltr'><strong>Ill,</strong></span> <span class='ocrx_word' id='word_1_862' title='bbox 3269 4218 3324 4292; x_wconf 88' lang='grc'><strong>6)</strong></span> <span class='ocrx_word' id='word_1_863' title='bbox 3350 4238 3362 4274; x_wconf 90' lang='lat'><strong>:</strong></span> <span class='ocrx_word' id='word_1_864' title='bbox 3391 4221 3481 4272; x_wconf 89' lang='lat' dir='ltr'><strong>sed</strong></span> <span class='ocrx_word' id='word_1_865' title='bbox 3514 4221 3616 4287; x_wconf 75' lang='lat' dir='ltr'><strong>ipse</strong></span> 
     </span>
    </p>
   </div>
   <div class='ocr_carea' id='block_1_107' title="bbox 2048 4297 3613 4386">
    <p class='ocr_par' dir='ltr' id='par_1_107' title="bbox 2048 4297 3613 4386">
     <span class='ocr_line' id='line_1_107' title="bbox 2048 4297 3613 4386; baseline -0.003 -15"><span class='ocrx_word' id='word_1_866' title='bbox 2048 4335 2158 4371; x_wconf 88' lang='lat' dir='ltr'><strong>eam</strong></span> <span class='ocrx_word' id='word_1_867' title='bbox 2188 4334 2317 4385; x_wconf 88' lang='lat' dir='ltr'><strong>pono</strong></span> <span class='ocrx_word' id='word_1_868' title='bbox 2339 4333 2369 4369; x_wconf 91' lang='lat' dir='ltr'><strong>a</strong></span> <span class='ocrx_word' id='word_1_869' title='bbox 2394 4333 2490 4382; x_wconf 87' lang='lat' dir='ltr'><strong>me,</strong></span> <span class='ocrx_word' id='word_1_870' title='bbox 2523 4325 2567 4370; x_wconf 90' lang='lat' dir='ltr'><strong>et</strong></span> <span class='ocrx_word' id='word_1_871' title='bbox 2586 4317 2764 4368; x_wconf 87' lang='lat' dir='ltr'><strong>iterum</strong></span> <span class='ocrx_word' id='word_1_872' title='bbox 2791 4331 2933 4368; x_wconf 89' lang='lat' dir='ltr'><strong>sumo</strong></span> <span class='ocrx_word' id='word_1_873' title='bbox 2954 4331 3065 4368; x_wconf 80' lang='lat' dir='ltr'><strong>eant</strong></span> <span class='ocrx_word' id='word_1_874' title='bbox 3092 4313 3266 4386; x_wconf 84' lang='lat' dir='ltr'><strong>(Joan.</strong></span> <span class='ocrx_word' id='word_1_875' title='bbox 3297 4330 3351 4379; x_wconf 85' lang='lat' dir='ltr'><strong>x,</strong></span> <span class='ocrx_word' id='word_1_876' title='bbox 3376 4315 3461 4378; x_wconf 84' lang='lat' dir='ltr'><strong>I7,</strong></span> <span class='ocrx_word' id='word_1_877' title='bbox 3493 4297 3577 4382; x_wconf 67' lang='lat' dir='ltr'><strong>l8)</strong></span> <span class='ocrx_word' id='word_1_878' title='bbox 3599 4355 3613 4375; x_wconf 91' lang='lat'><strong>,</strong></span> 
     </span>
    </p>
   </div>
   <div class='ocr_carea' id='block_1_108' title="bbox 2048 4405 3615 4478">
    <p class='ocr_par' dir='ltr' id='par_1_108' title="bbox 2048 4405 3615 4478">
     <span class='ocr_line' id='line_1_108' title="bbox 2048 4405 3615 4478; baseline -0.002 -17"><span class='ocrx_word' id='word_1_879' title='bbox 2048 4409 2168 4477; x_wconf 89' lang='lat' dir='ltr'><strong>quia</strong></span> <span class='ocrx_word' id='word_1_880' title='bbox 2195 4408 2309 4478; x_wconf 88' lang='lat' dir='ltr'><strong>ipse</strong></span> <span class='ocrx_word' id='word_1_881' title='bbox 2335 4416 2416 4462; x_wconf 88' lang='lat' dir='ltr'><strong>est</strong></span> <span class='ocrx_word' id='word_1_882' title='bbox 2445 4406 2531 4478; x_wconf 92' lang='lat' dir='ltr'><strong>qui</strong></span> <span class='ocrx_word' id='word_1_883' title='bbox 2559 4410 2696 4461; x_wconf 90' lang='lat' dir='ltr'><strong>eruit</strong></span> <span class='ocrx_word' id='word_1_884' title='bbox 2725 4412 2954 4460; x_wconf 85' lang='lat' dir='ltr'><strong>animam</strong></span> <span class='ocrx_word' id='word_1_885' title='bbox 2985 4420 3136 4463; x_wconf 86' lang='lat' dir='ltr'><strong>suam</strong></span> <span class='ocrx_word' id='word_1_886' title='bbox 3175 4405 3241 4460; x_wconf 88' lang='lat' dir='ltr'><strong>de</strong></span> <span class='ocrx_word' id='word_1_887' title='bbox 3267 4407 3508 4461; x_wconf 88' lang='lat' dir='ltr'><strong>manibus</strong></span> <span class='ocrx_word' id='word_1_888' title='bbox 3535 4409 3615 4458; x_wconf 53' lang='lat' dir='ltr'><strong>in.</strong></span> 
     </span>
    </p>
   </div>
   <div class='ocr_carea' id='block_1_109' title="bbox 2049 4500 2202 4556">
    <p class='ocr_par' dir='ltr' id='par_1_109' title="bbox 2049 4500 2202 4556">
     <span class='ocr_line' id='line_1_109' title="bbox 2049 4500 2202 4556; baseline 0 -2"><span class='ocrx_word' id='word_1_889' title='bbox 2049 4500 2202 4556; x_wconf 85' lang='lat' dir='ltr'><strong>ferni.</strong></span> 
     </span>
    </p>
   </div>
   <div class='ocr_carea' id='block_1_110' title="bbox 2121 4591 3615 4665">
    <p class='ocr_par' dir='ltr' id='par_1_110' title="bbox 2121 4591 3615 4665">
     <span class='ocr_line' id='line_1_110' title="bbox 2121 4591 3615 4665; baseline -0.003 -19"><span class='ocrx_word' id='word_1_890' title='bbox 2121 4595 2206 4648; x_wconf 81' lang='lat' dir='ltr'><strong>II.</strong></span> <span class='ocrx_word' id='word_1_891' title='bbox 2229 4592 2378 4665; x_wconf 68' lang='lat' dir='ltr'><strong>[vers</strong></span> <span class='ocrx_word' id='word_1_892' title='bbox 2413 4591 2526 4664; x_wconf 81' lang='lat'><strong>50.]</strong></span> <span class='ocrx_word' id='word_1_893' title='bbox 2556 4591 2660 4648; x_wconf 92' lang='lat' dir='ltr'><strong>Sed</strong></span> <span class='ocrx_word' id='word_1_894' title='bbox 2687 4601 2738 4647; x_wconf 91' lang='lat' dir='ltr'><strong>et</strong></span> <span class='ocrx_word' id='word_1_895' title='bbox 2760 4593 2809 4645; x_wconf 93' lang='lat' dir='ltr'><strong>in</strong></span> <span class='ocrx_word' id='word_1_896' title='bbox 2832 4593 2944 4660; x_wconf 87' lang='lat' dir='ltr'><strong>ipsa</strong></span> <span class='ocrx_word' id='word_1_897' title='bbox 2975 4591 3075 4647; x_wconf 90' lang='lat' dir='ltr'><strong>ﬁde</strong></span> <span class='ocrx_word' id='word_1_898' title='bbox 3099 4591 3294 4646; x_wconf 88' lang='lat' dir='ltr'><strong>Christi</strong></span> <span class='ocrx_word' id='word_1_899' title='bbox 3325 4592 3615 4645; x_wconf 87' lang='lat' dir='ltr'><strong>laboratum</strong></span> 
     </span>
    </p>
   </div>
   <div class='ocr_carea' id='block_1_111' title="bbox 2048 4682 3617 4756">
    <p class='ocr_par' dir='ltr' id='par_1_111' title="bbox 2048 4682 3617 4756">
     <span class='ocr_line' id='line_1_111' title="bbox 2048 4682 3617 4756; baseline -0.006 -16"><span class='ocrx_word' id='word_1_900' title='bbox 2048 4695 2130 4740; x_wconf 89' lang='lat' dir='ltr'><strong>est</strong></span> <span class='ocrx_word' id='word_1_901' title='bbox 2157 4685 2503 4756; x_wconf 83' lang='lat' dir='ltr'><strong>aliquantum,</strong></span> <span class='ocrx_word' id='word_1_902' title='bbox 2547 4693 2600 4739; x_wconf 90' lang='lat' dir='ltr'><strong>et</strong></span> <span class='ocrx_word' id='word_1_903' title='bbox 2648 4684 2737 4738; x_wconf 89' lang='lat' dir='ltr'><strong>diu</strong></span> <span class='ocrx_word' id='word_1_904' title='bbox 2787 4683 3033 4738; x_wconf 85' lang='lat' dir='ltr'><strong>dixerunt</strong></span> <span class='ocrx_word' id='word_1_905' title='bbox 3067 4682 3265 4738; x_wconf 86' lang='lat' dir='ltr'><strong>Gentes</strong></span> <span class='ocrx_word' id='word_1_906' title='bbox 3311 4682 3617 4745; x_wconf 53' lang='lat' dir='ltr'><strong>frementes,</strong></span> 
     </span>
    </p>
   </div>
   <div class='ocr_carea' id='block_1_112' title="bbox 2053 4774 3619 4847">
    <p class='ocr_par' dir='ltr' id='par_1_112' title="bbox 2053 4774 3619 4847">
     <span class='ocr_line' id='line_1_112' title="bbox 2053 4774 3619 4847; baseline -0.003 -16"><span class='ocrx_word' id='word_1_907' title='bbox 2053 4777 2268 4844; x_wconf 85' lang='lat' dir='ltr'><strong>Quando</strong></span> <span class='ocrx_word' id='word_1_908' title='bbox 2289 4779 2545 4841; x_wconf 89' lang='lat' dir='ltr'><strong>morietur,</strong></span> <span class='ocrx_word' id='word_1_909' title='bbox 2589 4785 2636 4829; x_wconf 89' lang='lat' dir='ltr'><strong>et</strong></span> <span class='ocrx_word' id='word_1_910' title='bbox 2661 4775 2835 4846; x_wconf 85' lang='lat' dir='ltr'><strong>peribit</strong></span> <span class='ocrx_word' id='word_1_911' title='bbox 2865 4791 3040 4829; x_wconf 84' lang='lat' dir='ltr'><strong>nomen</strong></span> <span class='ocrx_word' id='word_1_912' title='bbox 3064 4776 3172 4846; x_wconf 83' lang='lat' dir='ltr'><strong>ejus</strong></span> <span class='ocrx_word' id='word_1_913' title='bbox 3203 4774 3366 4847; x_wconf 85' lang='lat' dir='ltr'><strong>(Psal.</strong></span> <span class='ocrx_word' id='word_1_914' title='bbox 3411 4791 3496 4840; x_wconf 70' lang='grc' dir='ltr'>ιιι,</span> <span class='ocrx_word' id='word_1_915' title='bbox 3525 4776 3578 4843; x_wconf 78' lang='lat'><strong>6)</strong></span> <span class='ocrx_word' id='word_1_916' title='bbox 3598 4777 3619 4826; x_wconf 65' lang='grc' dir='ltr'><strong>’ἰ</strong></span> 
     </span>
    </p>
   </div>
   <div class='ocr_carea' id='block_1_113' title="bbox 2049 4864 3617 4937">
    <p class='ocr_par' dir='ltr' id='par_1_113' title="bbox 2049 4864 3617 4937">
     <span class='ocr_line' id='line_1_113' title="bbox 2049 4864 3617 4937; baseline -0.004 -16"><span class='ocrx_word' id='word_1_917' title='bbox 2049 4867 2273 4937; x_wconf 89' lang='lat' dir='ltr'><strong>Pr0pter</strong></span> <span class='ocrx_word' id='word_1_918' title='bbox 2295 4870 2390 4921; x_wconf 91' lang='lat' dir='ltr'><strong>hos</strong></span> <span class='ocrx_word' id='word_1_919' title='bbox 2416 4881 2542 4936; x_wconf 86' lang='lat' dir='ltr'><strong>ergo</strong></span> <span class='ocrx_word' id='word_1_920' title='bbox 2567 4866 2677 4934; x_wconf 82' lang='lat' dir='ltr'><strong>jam</strong></span> <span class='ocrx_word' id='word_1_921' title='bbox 2701 4866 2752 4920; x_wconf 91' lang='lat' dir='ltr'><strong>in</strong></span> <span class='ocrx_word' id='word_1_922' title='bbox 2779 4864 3050 4921; x_wconf 89' lang='lat' dir='ltr'><strong>Christum</strong></span> <span class='ocrx_word' id='word_1_923' title='bbox 3080 4865 3374 4929; x_wconf 83' lang='lat' dir='ltr'><strong>credentes,</strong></span> <span class='ocrx_word' id='word_1_924' title='bbox 3406 4865 3498 4918; x_wconf 84' lang='lat' dir='ltr'><strong>sed</strong></span> <span class='ocrx_word' id='word_1_925' title='bbox 3526 4866 3617 4917; x_wconf 86' lang='lat' dir='ltr'><strong>ali-</strong></span> 
     </span>
    </p>
   </div>
   <div class='ocr_carea' id='block_1_114' title="bbox 2049 4955 3618 5027">
    <p class='ocr_par' dir='ltr' id='par_1_114' title="bbox 2049 4955 3618 5027">
     <span class='ocr_line' id='line_1_114' title="bbox 2049 4955 3618 5027; baseline -0.003 -18"><span class='ocrx_word' id='word_1_926' title='bbox 2049 4958 2279 5027; x_wconf 87' lang='lat' dir='ltr'><strong>quandiu</strong></span> <span class='ocrx_word' id='word_1_927' title='bbox 2308 4958 2660 5023; x_wconf 87' lang='lat' dir='ltr'><strong>laboraturos,</strong></span> <span class='ocrx_word' id='word_1_928' title='bbox 2689 4957 2926 5027; x_wconf 90' lang='lat' dir='ltr'><strong>sequitur</strong></span> <span class='ocrx_word' id='word_1_929' title='bbox 2949 4965 3002 5011; x_wconf 88' lang='lat' dir='ltr'><strong>et</strong></span> <span class='ocrx_word' id='word_1_930' title='bbox 3039 4957 3166 5011; x_wconf 87' lang='lat' dir='ltr'><strong>dicit</strong></span> <span class='ocrx_word' id='word_1_931' title='bbox 3191 4974 3202 5007; x_wconf 94' lang='lat'><strong>:</strong></span> <span class='ocrx_word' id='word_1_932' title='bbox 3235 4955 3328 5010; x_wconf 85' lang='lat' dir='ltr'><strong>Ubi</strong></span> <span class='ocrx_word' id='word_1_933' title='bbox 3357 4965 3469 5008; x_wconf 87' lang='lat' dir='ltr'><strong>sunt</strong></span> <span class='ocrx_word' id='word_1_934' title='bbox 3522 4956 3618 5005; x_wconf 84' lang='lat' dir='ltr'><strong>mi-</strong></span> 
     </span>
    </p>
   </div>
   <div class='ocr_carea' id='block_1_115' title="bbox 2049 5045 3618 5118">
    <p class='ocr_par' dir='ltr' id='par_1_115' title="bbox 2049 5045 3618 5118">
     <span class='ocr_line' id='line_1_115' title="bbox 2049 5045 3618 5118; baseline -0.004 -18"><span class='ocrx_word' id='word_1_935' title='bbox 2049 5048 2334 5102; x_wconf 70' lang='lat' dir='ltr'><strong>sericordia:</strong></span> <span class='ocrx_word' id='word_1_936' title='bbox 2379 5059 2477 5101; x_wconf 78' lang='lat' dir='ltr'><strong>tua:</strong></span> <span class='ocrx_word' id='word_1_937' title='bbox 2525 5049 2774 5118; x_wconf 68' lang='lat' dir='ltr'><strong>antiquae,</strong></span> <span class='ocrx_word' id='word_1_938' title='bbox 2825 5047 3079 5101; x_wconf 83' lang='lat' dir='ltr'><strong>Domine?</strong></span> <span class='ocrx_word' id='word_1_939' title='bbox 3133 5047 3250 5102; x_wconf 81' lang='lat' dir='ltr'><strong>Jam</strong></span> <span class='ocrx_word' id='word_1_940' title='bbox 3309 5045 3618 5114; x_wconf 76' lang='lat' dir='ltr'><strong>agnovimus</strong></span> 
     </span>
    </p>
   </div>
   <div class='ocr_carea' id='block_1_116' title="bbox 2051 5136 3618 5207">
    <p class='ocr_par' dir='ltr' id='par_1_116' title="bbox 2051 5136 3618 5207">
     <span class='ocr_line' id='line_1_116' title="bbox 2051 5136 3618 5207; baseline -0.004 -16"><span class='ocrx_word' id='word_1_941' title='bbox 2051 5139 2315 5193; x_wconf 79' lang='lat' dir='ltr'><strong>Chrstum</strong></span> <span class='ocrx_word' id='word_1_942' title='bbox 2355 5138 2745 5203; x_wconf 83' lang='lat' dir='ltr'><strong>mundatoretn,</strong></span> <span class='ocrx_word' id='word_1_943' title='bbox 2774 5138 2880 5207; x_wconf 89' lang='lat' dir='ltr'><strong>jam</strong></span> <span class='ocrx_word' id='word_1_944' title='bbox 2913 5147 3150 5191; x_wconf 84' lang='lat' dir='ltr'><strong>tenemus</strong></span> <span class='ocrx_word' id='word_1_945' title='bbox 3181 5137 3228 5188; x_wconf 91' lang='lat' dir='ltr'><strong>in</strong></span> <span class='ocrx_word' id='word_1_946' title='bbox 3258 5136 3618 5204; x_wconf 64' lang='lat' dir='ltr'><strong>quocompirs</strong></span> 
     </span>
    </p>
   </div>
   <div class='ocr_carea' id='block_1_117' title="bbox 2052 5208 3618 5298">
    <p class='ocr_par' dir='ltr' id='par_1_117' title="bbox 2052 5208 3618 5298">
     <span class='ocr_line' id='line_1_117' title="bbox 2052 5208 3618 5298; baseline -0.003 -16"><span class='ocrx_word' id='word_1_947' title='bbox 2052 5230 2344 5298; x_wconf 89' lang='lat' dir='ltr'><strong>promissa;</strong></span> <span class='ocrx_word' id='word_1_948' title='bbox 2376 5230 2569 5284; x_wconf 79' lang='lat' dir='ltr'><strong>exhibe</strong></span> <span class='ocrx_word' id='word_1_949' title='bbox 2600 5230 2651 5282; x_wconf 92' lang='lat' dir='ltr'><strong>in</strong></span> <span class='ocrx_word' id='word_1_950' title='bbox 2670 5208 2760 5283; x_wconf 78' lang='lat' dir='ltr'><strong>illo</strong></span> <span class='ocrx_word' id='word_1_951' title='bbox 2785 5228 2924 5298; x_wconf 87' lang='lat' dir='ltr'><strong>quod</strong></span> <span class='ocrx_word' id='word_1_952' title='bbox 2949 5225 3256 5296; x_wconf 84' lang='lat' dir='ltr'><strong>promisisti.</strong></span> <span class='ocrx_word' id='word_1_953' title='bbox 3284 5223 3402 5294; x_wconf 77' lang='lat' dir='ltr'><strong>&quot;Ipse</strong></span> <span class='ocrx_word' id='word_1_954' title='bbox 3433 5236 3510 5277; x_wconf 80' lang='lat' dir='ltr'><strong>est</strong></span> <span class='ocrx_word' id='word_1_955' title='bbox 3537 5230 3618 5292; x_wconf 78' lang='lat' dir='ltr'><strong>qui</strong></span> 
     </span>
    </p>
   </div>
   <div class='ocr_carea' id='block_1_118' title="bbox 2051 5317 3618 5388">
    <p class='ocr_par' dir='ltr' id='par_1_118' title="bbox 2051 5317 3618 5388">
     <span class='ocr_line' id='line_1_118' title="bbox 2051 5317 3618 5388; baseline -0.004 -15"><span class='ocrx_word' id='word_1_956' title='bbox 2051 5323 2190 5377; x_wconf 82' lang='lat' dir='ltr'><strong>vivet</strong></span> <span class='ocrx_word' id='word_1_957' title='bbox 2220 5330 2275 5376; x_wconf 89' lang='lat' dir='ltr'><strong>et</strong></span> <span class='ocrx_word' id='word_1_958' title='bbox 2303 5338 2406 5376; x_wconf 90' lang='lat' dir='ltr'><strong>non</strong></span> <span class='ocrx_word' id='word_1_959' title='bbox 2451 5323 2646 5378; x_wconf 86' lang='lat' dir='ltr'><strong>videbit</strong></span> <span class='ocrx_word' id='word_1_960' title='bbox 2675 5331 2920 5385; x_wconf 84' lang='lat' dir='ltr'><strong>mortem,</strong></span> <span class='ocrx_word' id='word_1_961' title='bbox 2954 5320 3064 5388; x_wconf 91' lang='lat' dir='ltr'><strong>ipse</strong></span> <span class='ocrx_word' id='word_1_962' title='bbox 3090 5317 3280 5386; x_wconf 88' lang='lat' dir='ltr'><strong>estqui</strong></span> <span class='ocrx_word' id='word_1_963' title='bbox 3326 5317 3464 5369; x_wconf 88' lang='lat' dir='ltr'><strong>eruit</strong></span> <span class='ocrx_word' id='word_1_964' title='bbox 3510 5319 3618 5367; x_wconf 58' lang='lat' dir='ltr'><strong>sui.</strong></span> 
     </span>
    </p>
   </div>
   <div class='ocr_carea' id='block_1_119' title="bbox 2051 5411 3618 5468">
    <p class='ocr_par' dir='ltr' id='par_1_119' title="bbox 2051 5411 3618 5468">
     <span class='ocr_line' id='line_1_119' title="bbox 2051 5411 3618 5468; baseline -0.002 -1"><span class='ocrx_word' id='word_1_965' title='bbox 2051 5431 2189 5468; x_wconf 89' lang='lat' dir='ltr'><strong>mam</strong></span> <span class='ocrx_word' id='word_1_966' title='bbox 2217 5431 2368 5468; x_wconf 89' lang='lat' dir='ltr'><strong>suam</strong></span> <span class='ocrx_word' id='word_1_967' title='bbox 2407 5415 2473 5468; x_wconf 89' lang='lat' dir='ltr'><strong>de</strong></span> <span class='ocrx_word' id='word_1_968' title='bbox 2503 5414 2744 5467; x_wconf 87' lang='lat' dir='ltr'><strong>manibus</strong></span> <span class='ocrx_word' id='word_1_969' title='bbox 2779 5413 2968 5466; x_wconf 82' lang='lat' dir='ltr'><strong>inl‘erui</strong></span> <span class='ocrx_word' id='word_1_970' title='bbox 2994 5429 3006 5464; x_wconf 91' lang='lat'>:</span> <span class='ocrx_word' id='word_1_971' title='bbox 3035 5421 3088 5466; x_wconf 90' lang='lat' dir='ltr'><strong>et</strong></span> <span class='ocrx_word' id='word_1_972' title='bbox 3125 5425 3221 5463; x_wconf 92' lang='lat' dir='ltr'><strong>nos</strong></span> <span class='ocrx_word' id='word_1_973' title='bbox 3248 5419 3422 5463; x_wconf 88' lang='lat' dir='ltr'><strong>tamen</strong></span> <span class='ocrx_word' id='word_1_974' title='bbox 3451 5411 3618 5464; x_wconf 74' lang='lat' dir='ltr'><strong>adhuc</strong></span> 
     </span>
    </p>
   </div>
   <div class='ocr_carea' id='block_1_120' title="bbox 2050 5503 3623 5573">
    <p class='ocr_par' dir='ltr' id='par_1_120' title="bbox 2050 5503 3623 5573">
     <span class='ocr_line' id='line_1_120' title="bbox 2050 5503 3623 5573; baseline -0.004 -15"><span class='ocrx_word' id='word_1_975' title='bbox 2050 5506 2370 5559; x_wconf 86' lang='lat' dir='ltr'><strong>laboramus.</strong></span> <span class='ocrx_word' id='word_1_976' title='bbox 2405 5506 2655 5558; x_wconf 86' lang='lat' dir='ltr'><strong>Dixerunt</strong></span> <span class='ocrx_word' id='word_1_977' title='bbox 2692 5505 2790 5557; x_wconf 90' lang='lat' dir='ltr'><strong>ista</strong></span> <span class='ocrx_word' id='word_1_978' title='bbox 2818 5512 3098 5573; x_wconf 88' lang='lat' dir='ltr'><strong>martyres,</strong></span> <span class='ocrx_word' id='word_1_979' title='bbox 3135 5517 3357 5572; x_wconf 89' lang='lat' dir='ltr'><strong>quorum</strong></span> <span class='ocrx_word' id='word_1_980' title='bbox 3391 5503 3623 5554; x_wconf 80' lang='lat' dir='ltr'><strong>natahtia</strong></span> 
     </span>
    </p>
   </div>
   <div class='ocr_carea' id='block_1_121' title="bbox 2051 5594 3622 5665">
    <p class='ocr_par' dir='ltr' id='par_1_121' title="bbox 2051 5594 3622 5665">
     <span class='ocr_line' id='line_1_121' title="bbox 2051 5594 3622 5665; baseline -0.006 -13"><span class='ocrx_word' id='word_1_981' title='bbox 2051 5597 2403 5652; x_wconf 80' lang='lat' dir='ltr'><strong>celebramus.</strong></span> <span class='ocrx_word' id='word_1_982' title='bbox 2441 5596 2555 5665; x_wconf 88' lang='lat' dir='ltr'><strong>Ipse</strong></span> <span class='ocrx_word' id='word_1_983' title='bbox 2578 5597 2722 5649; x_wconf 88' lang='lat' dir='ltr'><strong>vivet</strong></span> <span class='ocrx_word' id='word_1_984' title='bbox 2766 5604 2817 5647; x_wconf 86' lang='lat' dir='ltr'><strong>et</strong></span> <span class='ocrx_word' id='word_1_985' title='bbox 2863 5610 2966 5646; x_wconf 91' lang='lat' dir='ltr'><strong>non</strong></span> <span class='ocrx_word' id='word_1_986' title='bbox 2996 5595 3189 5648; x_wconf 88' lang='lat' dir='ltr'><strong>videbit</strong></span> <span class='ocrx_word' id='word_1_987' title='bbox 3222 5604 3466 5658; x_wconf 88' lang='lat' dir='ltr'><strong>mortem,</strong></span> <span class='ocrx_word' id='word_1_988' title='bbox 3513 5594 3622 5661; x_wconf 85' lang='lat' dir='ltr'><strong>ipse</strong></span> 
     </span>
    </p>
   </div>
   <div class='ocr_carea' id='block_1_122' title="bbox 2051 5685 3622 5752">
    <p class='ocr_par' dir='ltr' id='par_1_122' title="bbox 2051 5685 3622 5752">
     <span class='ocr_line' id='line_1_122' title="bbox 2051 5685 3622 5752; baseline -0.006 -5"><span class='ocrx_word' id='word_1_989' title='bbox 2051 5690 2210 5747; x_wconf 85' lang='lat' dir='ltr'><strong>crnit&#39;</strong></span> <span class='ocrx_word' id='word_1_990' title='bbox 2240 5689 2469 5742; x_wconf 86' lang='lat' dir='ltr'><strong>animam</strong></span> <span class='ocrx_word' id='word_1_991' title='bbox 2518 5704 2664 5741; x_wconf 87' lang='lat' dir='ltr'><strong>suam</strong></span> <span class='ocrx_word' id='word_1_992' title='bbox 2725 5687 2791 5741; x_wconf 90' lang='lat' dir='ltr'><strong>de</strong></span> <span class='ocrx_word' id='word_1_993' title='bbox 2846 5686 3091 5742; x_wconf 89' lang='lat' dir='ltr'><strong>manibus</strong></span> <span class='ocrx_word' id='word_1_994' title='bbox 3147 5685 3373 5752; x_wconf 87' lang='lat' dir='ltr'><strong>inferni;</strong></span> <span class='ocrx_word' id='word_1_995' title='bbox 3421 5694 3474 5738; x_wconf 86' lang='lat' dir='ltr'><strong>et</strong></span> <span class='ocrx_word' id='word_1_996' title='bbox 3527 5700 3622 5739; x_wconf 75' lang='lat' dir='ltr'><strong>nos</strong></span> 
     </span>
    </p>
   </div>
   <div class='ocr_carea' id='block_1_123' title="bbox 2127 5818 2935 5883">
    <p class='ocr_par' dir='ltr' id='par_1_123' title="bbox 2127 5818 2935 5883">
     <span class='ocr_line' id='line_1_123' title="bbox 2127 5818 2935 5883; baseline -0.002 -11"><span class='ocrx_word' id='word_1_997' title='bbox 2127 5828 2139 5856; x_wconf 83' lang='grc'>¹</span> <span class='ocrx_word' id='word_1_998' title='bbox 2180 5831 2280 5873; x_wconf 66' lang='lat' dir='ltr'><strong>uss.</strong></span> <span class='ocrx_word' id='word_1_999' title='bbox 2306 5824 2527 5871; x_wconf 87' lang='lat' dir='ltr'><strong>omittunt</strong></span> <span class='ocrx_word' id='word_1_1000' title='bbox 2551 5818 2845 5883; x_wconf 82' lang='lat' dir='ltr'><strong>particulam,</strong></span> <span class='ocrx_word' id='word_1_1001' title='bbox 2867 5825 2935 5870; x_wconf 77' lang='lat' dir='ltr'><strong>ut.</strong></span> 
     </span>
    </p>
   </div>
  </div>
