4024 6210
352 853 362 878 ι

346 885 363 922 ,ι

400 362 532 420 H39

395 486 610 544 propter
635 482 684 526 te
705 469 1079 526 mortiﬁcamur
1102 470 1210 516 tota
1235 460 1342 520 die.
1368 456 1604 550 deputati
1632 466 1836 550 sumus-
1852 449 1957 550 vcl-

394 578 450 618 ut
479 550 606 620 oves
642 560 920 616 occisionis
951 555 1120 626 (Psal.
1153 569 1298 615 xum,
1325 549 1416 619 22:!)
1448 564 1462 602 :
1499 545 1594 602 Ubi
1615 555 1726 600 sunt
1769 544 1962 596 miseri-

393 658 576 710 cordia:
617 666 715 708 tua:
751 652 986 721 antiquae,
1037 646 1270 710 Domine,
1324 659 1445 713 quas
1467 640 1653 712 jurasti
1713 635 1873 689 David
1911 635 1963 686 in

395 751 594 802 veritate
621 756 703 798 tua
716 746 741 796 ?

465 838 551 892 19..
581 836 726 908 [vers.
757 831 868 904 5L]
902 831 1180 892 Memento,
1221 827 1450 887 Domine,
1483 821 1772 891 opprobrii,
1802 833 1969 872 servo—
2009 881 2015 886 ἱ

395 950 504 986 rum
533 941 748 984 tuorum.
779 929 894 983 tam
925 925 1017 978 illo
1045 924 1253 977 vivente
1273 963 1286 984 ,
1313 921 1423 989 jam
1445 918 1495 972 in
1527 915 1663 972 caalo
1691 913 1752 967 ad
1785 912 1967 965 dexte-

395 1037 505 1078 ram
542 1020 712 1074 Patris
751 1017 998 1079 sedente,
1027 1013 1308 1082 opprobria
1333 1008 1536 1076 objecta
1566 1014 1688 1058 sunt
1716 1002 1970 1058 Christia-

396 1114 479 1168 nis
496 1113 728 1166 :critnen
750 1109 816 1163 de
828 1107 1039 1162 Christo
1060 1103 1339 1160 Christiani
1358 1100 1446 1153 diu
1469 1099 1784 1152 habuerunt.
1803 1091 1971 1146 Vidua

396 1204 484 1258 illa
507 1203 794 1272 pariens,et
807 1199 1001 1252 habens
1015 1195 1150 1250 ﬁlios
1161 1192 1570 1248 abundantiores
1585 1202 1739 1258 quam
1756 1186 1846 1239 illa
1858 1199 1974 1253 qua)

397 1292 627 1359 habebat
650 1291 816 1345 virum
838 1287 984 1359 (Isai.
1000 1302 1106 1350 LIV,
1129 1287 1178 1350 l;
1199 1283 1367 1338 Galat.
1390 1298 1462 1349 tv,
1479 1279 1596 1350 ετ),
1616 1277 1813 1333 audivit
1831 1276 1976 1343 igno-

397 1385 589 1442 minias
608 1423 626 1450 ,
652 1382 850 1438 audivit
878 1379 1156 1449 opprobria
1183 1396 1196 1432 :
1227 1376 1318 1431 sed
1346 1373 1583 1448 Ecclesia
1610 1370 1975 1450 multiplicant,

399 1474 691 1529 extendens
734 1474 784 1527 in
824 1473 1094 1527 dexteram
1135 1476 1293 1538 atque
1327 1466 1598 1520 sinistram
1622 1505 1637 1528 ,
1679 1459 1980 1530 ignominize

402 1565 670 1619 viduitatis
689 1579 799 1619 sua:
821 1563 928 1633 jam
960 1576 1062 1616 non
1093 1569 1171 1615 est
1198 1572 1419 1613 memor.
1450 1556 1720 1618 Memento,
1749 1551 1977 1614 Domine,

403 1656 541 1724 apud
581 1671 736 1727 quem
775 1663 855 1709 est
895 1651 1211 1708 abundantia
1241 1649 1512 1705 suavitatis
1539 1646 1811 1702 memoria:
1839 1652 1980 1706 tuac;

406 1748 690 1812 Memento,
733 1745 841 1799 noli
881 1744 1137 1799 oblivisci.
1182 1741 1352 1811 Quid,
1395 1736 1694 1794 Memento?
1735 1735 1985 1788 Memento

406 1838 661 1907 opprobrii
694 1853 947 1892 servorum
986 1845 1221 1900 tuorum,
1248 1833 1381 1904 quod
1411 1831 1630 1886 continui
1656 1831 1708 1882 in
1737 1829 1849 1881 sinu
1880 1841 1986 1878 meo

407 1931 677 1984 multarum
713 1931 954 2000 gentium.
999 1927 1176 1992 Ibam,
1219 1925 1418 1994 inquit,
1460 1920 1780 1992 prmdicare,
1813 1927 1987 1985 etop-

408 2024 626 2092 probria
660 2023 935 2079 audiebam
958 2063 972 2087 ,
1004 2029 1058 2075 et
1093 2019 1146 2074 in
1175 2019 1288 2073 sinu
1320 2032 1440 2072 meo
1469 2013 1801 2070 continebam
1825 2029 1839 2075 ;
1867 2010 1988 2079 quia

409 2113 692 2182 implebam
726 2155 741 2180 ,
783 2111 1237 2182 Blaspheptamur,
1286 2122 1567 2180 rogamus;
1611 2104 1755 2175 quasi
1801 2118 1989 2172 purga-

410 2215 578 2259 menta
617 2203 790 2258 mundi
826 2204 944 2274 facti
985 2218 1190 2266 sumus,
1225 2201 1443 2254 omnium
1476 2198 1751 2267 peripsema
1806 2194 1847 2262 (Ι
1872 2192 1989 2248 Cor.

413 2316 494 2365 tv,
520 2298 626 2368 13).
656 2297 755 2352 Diu
779 2297 1151 2351 continuerunt
1175 2292 1454 2348 Chrisnaui
1482 2289 1763 2360 opprobria
1795 2288 1844 2340 in
1875 2287 1995 2341 sinu

412 2405 509 2443 suo
528 2431 544 2454 ,
575 2390 630 2443 in
658 2388 818 2444 corde
842 2402 973 2452 suo;
1002 2401 1100 2440 nec
1125 2384 1387 2438 audebant
1414 2382 1664 2436 resistere
1689 2378 1993 2432 convician-

414 2480 554 2535 tibus
599 2496 613 2534 :
656 2486 808 2535 antea
849 2492 968 2531 cum
1011 2477 1214 2530 crimen
1252 2473 1517 2528 videretur
1558 2468 1876 2538 respondere
1908 2482 1997 2536 pa-

413 2585 556 2641 gano
575 2613 588 2632 ,
619 2585 758 2624 nunc
777 2568 886 2638 jam
908 2569 1109 2622 crimen
1140 2573 1221 2620 est
1249 2578 1526 2617 remanere
1555 2574 1836 2631 paganum.
1866 2558 1999 2613 Gra-

417 2661 518 2714 tias
557 2659 782 2714 Domino
806 2676 820 2724 ;
863 2673 1069 2712 memor
1097 2655 1195 2710 fuit
1219 2654 1621 2725 opprobriorum
1650 2661 1952 2706 nostrorum
1981 2660 1996 2697 :

417 2748 669 2804 exultavit
707 2762 873 2802 cornu
909 2746 1102 2802 Christi
1145 2744 1226 2800 sui
1256 2786 1270 2807 ,
1313 2743 1434 2798 fecit
1468 2741 1831 2796 admirabilem
1860 2739 2000 2809 apud

417 2853 570 2908 reges
599 2847 773 2893 terrm.
801 2837 915 2892 Jam
942 2837 1099 2891 modo
1125 2849 1281 2891 nemo
1311 2834 1526 2889 insultat
1542 2831 1853 2886 Christianis
1872 2871 1886 2896 ,
1911 2839 2004 2886 aut

419 2929 466 2982 si
491 2929 726 2992 insultat,
745 2943 850 2983 non
877 2910 1083 2998 publice
1109 2927 1325 2980 insultat
1351 2942 1364 2978 :
1391 2925 1468 2978 sic
1490 2923 1718 2994 loquitur
1741 2923 1777 2987 ¹,
1804 2931 1860 2975 ιιι
1884 2922 2001 2991 plus

420 3022 602 3077 timeat
628 3021 795 3076 audiri
820 3064 834 3088 ,
867 3036 1022 3090 quam
1052 3019 1177 3074 velit
1200 3019 1364 3074 credi.
1393 3017 1538 3084 Quod
1565 3017 1788 3071 continui
1816 3017 1866 3070 in
1889 3017 2002 3072 sinu

421 3129 530 3166 meo
558 3113 829 3167 multarum
855 3112 1094 3181 gentium.

492 3204 579 3260 i5.
599 3201 758 3275 '[vers.
791 3201 904 3274 52]
935 3202 1080 3266 Quod
1107 3201 1523 3270 emjirobraverunt
1552 3201 1740 3253 inimici
1769 3201 1860 3266 tui,
1890 3199 2000 3254 Do-

422 3295 656 3349 mine:et
692 3295 856 3350 Judazi
885 3303 939 3348 et
968 3294 1177 3364 Pagani.
1211 3293 1357 3360 Quod
1386 3292 1804 3360 exprobrauerunt
1835 3307 1851 3343 :
1879 3292 2004 3360 qttid

423 3386 912 3454 cxprobravcrnnt?
934 3385 1375 3438 Commutationem
1391 3382 1574 3437 Christi
1591 3383 1677 3436 tui.
1696 3383 1804 3436 Hoc
1816 3398 1876 3438 ex
1887 3398 2005 3450 pro-

425 3479 708 3534 braverunt
728 3519 744 3545 ,
773 3477 1205 3532 commutationem
1227 3474 1413 3531 Christi
1434 3476 1507 3529 tui
1531 3491 1550 3530 :
1579 3475 1681 3530 hoc
1701 3475 1839 3530 enim
1862 3475 2004 3543 obje—

425 3580 612 3624 ecrunt
631 3611 644 3634 ,
672 3571 792 3640 quia
813 3571 1051 3623 mertuus
1078 3577 1161 3624 est
1197 3566 1458 3633 Christus,
1481 3568 1602 3636 quia
1625 3566 1906 3621 crucifixus
1926 3575 2007 3620 est

425 3660 684 3716 Christus.
728 3661 861 3728 Quid
911 3660 1136 3731 objicitis
1178 3659 1384 3714 insani?
1421 3658 1670 3727 Quamvis
1706 3660 1816 3728 jam
1852 3673 2008 3714 nemo

427 3763 510 3809 est
547 3754 635 3824 qui
673 3753 918 3823 objit-iat;
961 3761 1133 3806 tamen
1175 3751 1216 3804 si
1259 3749 1346 3820 qui
1385 3750 1573 3820 reliqui
1604 3760 2005 3816 remanserunt,

429 3845 552 3916 quid
591 3845 818 3914 objicitis
842 3845 961 3914 quia
991 3853 1229 3897 mortuus
1255 3851 1338 3896 est
1364 3841 1640 3896 Christus?
1666 3841 1758 3895 Ille
1783 3856 1886 3895 non
1917 3856 2008 3910 pe-

428 3936 748 4001 rimebatur,
793 3935 886 3989 sed
928 3934 1366 3989 commutabatur.
1408 3932 1642 3988 Mortuus
1671 3932 1863 3987 dicitur
1894 3948 2011 4002 pro-

429 4038 548 4100 pter
587 4028 837 4082 triduum.
867 4029 1001 4083 Ecce
1030 4028 1154 4098 quid
1183 4028 1634 4096 exprobraverunt
1661 4027 1856 4081 inimici
1890 4029 1958 4080 tui
1995 4047 2006 4080 :

432 4137 536 4175 non
576 4121 913 4175 amissionem
938 4163 952 4187 ,
994 4136 1096 4174 non
1139 4120 1521 4189 perditionem:
1563 4119 1652 4171 sed
1684 4109 1837 4187 plane
1871 4135 2010 4171 cam-

431 4213 753 4265 mutationem
802 4209 986 4265 Christi
1033 4210 1122 4261 tui.
1170 4210 1396 4262 Mutatus
1438 4218 1520 4260 est
1562 4209 1648 4261 ille.
1675 4225 1703 4260 a
1737 4210 2010 4276 temporali

432 4304 539 4356 vita
580 4303 644 4355 ad
683 4310 962 4361 mtcrnam,
1003 4309 1234 4353 mutatus
1273 4308 1354 4353 est
1393 4315 1420 4350 a
1456 4299 1652 4351 Juda-is
1688 4299 1749 4351 ad
1782 4299 2010 4365 Gentes,

434 4401 667 4446 mutatus
709 4400 791 4446 est
826 4391 983 4445 etiam
1020 4407 1050 4444 a
1077 4401 1214 4445 terra
1256 4392 1306 4444 in
1335 4391 1548 4445 ccelntn.
1577 4393 1708 4446 Eant
1735 4410 1875 4447 nunc
1901 4397 2014 4448 vani

436 4483 632 4534 inimici
662 4482 732 4533 tui
757 4523 769 4545 ,
802 4491 854 4535 et
884 4481 1054 4535 adhuc
1080 4482 1398 4551 exprobrent
1419 4485 1850 4538 commutationem
1873 4486 2018 4538 Chri-

437 4576 499 4628 sti
522 4574 612 4627 tui.
642 4574 849 4629 Utinam
871 4584 924 4628 et
947 4575 1041 4642 ipsi
1067 4581 1363 4637 mutentur;
1389 4577 1848 4630 commutationem
1867 4579 2017 4633 Clu-i-

439 4669 503 4720 sti
554 4683 655 4720 non
696 4667 1108 4736 cxprobrabunt.
1143 4667 1246 4722 Sed
1278 4667 1519 4735 displicet
1544 4667 1734 4722 Christi
1767 4673 2015 4736 mutatio,

439 4762 558 4828 quia
597 4759 690 4828 ipsi
733 4761 919 4812 mutari
958 4761 1140 4812 nolunt
1177 4776 1191 4812 :
1231 4776 1399 4826 neque
1434 4761 1571 4812 enim
1611 4772 1689 4814 est
1733 4761 1834 4813 illis
1871 4777 2019 4814 com-

440 4852 693 4914 mulatio,
739 4858 792 4904 ct
839 4865 939 4904 non
986 4850 1271 4904 timuerunt
1308 4852 1468 4904 Deum
1518 4851 1685 4919 (I‘sal.
1737 4868 1852 4916 LIV,
1904 4853 2016 4920 ΞΟ).

443 4942 592 5008 Quod
616 4940 1031 5013 exprobrauerunt
1060 4942 1248 4995 inimici
1272 4943 1364 5008 tui,
1387 4944 1820 4996 commutationem
1838 4943 2022 4997 Christi

442 5036 532 5086 tui.

513 5127 597 5178 ii.
627 5124 774 5198 [vers.
804 5122 915 5196 55.]
938 5124 1401 5193 Exprobravcrunt
1424 5124 1492 5175 illi
1518 5127 1978 5180 commutationem
2006 5145 2017 5181 :

443 5226 497 5269 tu
528 5227 698 5271 autem
732 5218 894 5286 quid?
919 5216 1205 5269 Benedictio
1235 5215 1439 5268 Domini
1467 5218 1486 5247 ²
1514 5217 1562 5267 in
1586 5227 1822 5269 teternum
1854 5234 1870 5270 :
1898 5221 2015 5285 ﬁat,

445 5311 551 5374 ﬁat.
622 5311 830 5366 Gratias
892 5309 1265 5364 misericordizc
1323 5308 1540 5376 ipsius;
1590 5308 1786 5377 gratias
1840 5313 2022 5378 gratia:

445 5401 610 5468 ipsius
639 5401 658 5431 ³
699 5401 804 5454 Nos
845 5403 987 5456 enim
1033 5402 1227 5471 gratias
1268 5400 1502 5470 agimus;
1535 5417 1636 5453 non
1668 5399 1852 5454 damus
1877 5442 1890 5462 ,
1925 5418 2021 5455 nec

509 5501 522 5528 ¹
561 5499 692 5556 ΒΜ..
720 5500 788 5549 sic
812 5500 1015 5561 loquitur
1037 5499 1177 5550 mula.
1206 5501 1366 5556 Abest,
1391 5498 1534 5557 mala,
1561 5514 1585 5547 a
1612 5499 1895 5547 melioribus
1914 5507 2017 5548 Mss.

505 5564 524 5591 ²
559 5568 664 5608 hov.
694 5562 782 5610 hoc
806 5571 988 5612 tantum
1013 5563 1144 5611 loco:
1179 5561 1454 5611 Iirnedictns
1486 5561 1724 5611 nominas.
1753 5570 1844 5609 t-Lr.:
1879 5572 2021 5609 liene-

443 5621 695 5671 dicttonent
719 5631 874 5670 autem
905 5625 1102 5674 honuni.
1130 5634 1181 5674 At
1207 5626 1417 5672 t'nelioris
1437 5632 1560 5672 noltc
1582 5633 1681 5672 Mss.
1711 5632 2016 5672 constanter:

447 5684 720 5733 Πριηνίην(ἰο
750 5684 949 5732 Ittn‘nini.

506 5750 524 5777 ³
559 5748 627 5794 sic
649 5744 864 5806 ιιΙυιιιμιρ
892 5753 989 5792 Mss.
1023 5745 1215 5793 Atta-.1;
1239 5745 1359 5804 Quid
1381 5746 1535 5796 dicunt
1561 5745 1709 5806 aliud,
1741 5760 1876 5806 quam
1906 5758 2017 5805 (ira-

442 5811 530 5860 !ias
553 5811 719 5873 gratus?
743 5807 887 5872 ipsius
905 5815 927 5854 .’

1615 341 1669 396 S.
1713 332 2073 394 AUCUSTlNl
2114 331 2412 388 EPISCOPl

3505 323 3641 376 Η.ιο

2071 445 2338 500 reddimus
2357 486 2372 510 ,
2405 460 2499 499 nec
2527 445 2804 498 referimus
2829 486 2841 507 ,
2878 459 2974 499 nec
3002 443 3374 514 rependituus:
3403 437 3598 512 gratias
3626 444 3641 480 ⁸

2069 537 2244 590 verbis
2273 537 2476 605 agimus
2499 577 2515 600 ,
2545 552 2602 590 re
2628 545 2886 590 tenemus.
2920 536 3031 604 Ipse
3057 551 3152 589 nos
3177 535 3342 606 gratis
3369 535 3541 588 salvos
3573 535 3648 588 fc-

2071 631 2172 692 cit,
2222 629 2331 698 ipse
2375 629 2668 698 impietalcs
2706 640 2912 684 nostras
2946 645 3046 682 non
3078 631 3098 660 ’
3126 629 3387 692 attendit;
3414 629 3526 698 ipse
3553 644 3650 682 nos

2074 705 2177 774 non
2204 735 2322 774 cum
2351 730 2646 789 qtnercmes
2674 722 2914 790 quzesivit
2933 763 2944 783 ,
2974 721 3173 775 invenit
3198 763 3212 785 ,
3241 719 3490 784 redemit,
3515 721 3648 773 libe-

2075 814 2210 868 ravit
2252 829 2280 867 a
2328 815 2598 868 dctuinatu
2637 814 2828 870 diaboli
2856 827 2910 870 et
2936 825 3197 885 potestate
3218 815 3598 869 dmmoniorum
3635 834 3648 869 :

2076 904 2306 975 alligavit
2331 921 2427 960 nos
2454 906 2554 960 ﬁde
2589 906 2913 960 mundandos
2937 947 2952 972 ,
2981 906 3118 959 unde
3149 906 3304 961 solvit
3332 906 3448 960 illos
3475 905 3652 959 inimi-

2077 1011 2169 1050 cns
2209 998 2295 1066 qui
2336 1014 2438 1051 non
2482 998 2735 1062 credunt,
2776 1010 2828 1053 et
2859 999 2976 1054 ideo
3007 999 3248 1054 mundari
3278 1017 3380 1054 non
3413 1011 3652 1068 possunt.

2081 1087 2266 1140 Dicant
2307 1089 2391 1156 qui
2429 1099 2794 1144 remanserunt
2819 1091 3051 1159 quotidie
3077 1092 3326 1161 quidquid
3354 1093 3537 1146 Volunt
3559 1133 3575 1160 ,
3605 1093 3652 1146 in

2081 1179 2194 1233 dies
2217 1179 2450 1250 singulos
2471 1181 2644 1234 minus
2667 1183 2941 1252 minusque
2968 1183 3315 1251 remanebunt
3348 1204 3362 1238 :
3385 1184 3658 1251 objiciunt,

2084 1273 2371 1336 irrideant,
2403 1275 2761 1343 exprobrent,
2794 1293 2900 1330 non
2929 1277 3192 1330 interitum
3217 1318 3232 1341 ,
3266 1277 3356 1331 sed
3385 1288 3661 1332 commuta-

2087 1367 2268 1419 tionem
2312 1366 2495 1419 Christi
2533 1367 2622 1419 tui.
2669 1367 2780 1420 Non
2813 1368 2992 1422 vident
3019 1370 3139 1438 quia
3168 1384 3288 1421 cum
3319 1369 3415 1421 ista
3443 1369 3662 1434 dicunt,

2085 1461 2332 1515 deﬁciunt
2357 1470 2446 1515 ant
2468 1461 2487 1490 ³
2509 1461 2770 1516 credendo
2793 1505 2806 1527 ,
2834 1472 2920 1516 aut
2947 1462 3258 1517 moriendo?
3286 1463 3496 1518 Illorum
3519 1464 3661 1516 enim

2089 1551 2386 1608 maledictio
2414 1554 2716 1620 temporalis
2741 1565 2822 1608 est
2844 1570 2860 1619 ;
2885 1553 3157 1608 benedictio
3182 1567 3358 1609 autem
3385 1555 3588 1609 Domini
3614 1557 3662 1610 in

2089 1652 2347 1696 retentum.
2396 1644 2463 1698 Et
2508 1645 2572 1699 ad
2622 1645 3032 1700 Conﬁrmandam
3084 1647 3502 1702 benedictionem
3534 1689 3551 1714 ,
3599 1663 3665 1703 ne

2090 1734 2208 1801 quis
2251 1735 2431 1788 timeat
2476 1753 2487 1787 :
2531 1737 2652 1800 ﬁat,
2684 1737 2791 1803 ﬁat.
2826 1737 2924 1791 Ista
2957 1739 3273 1809 subscriptio
3301 1749 3383 1794 est
3409 1742 3667 1794 cautioois

2094 1822 2208 1876 Dei.
2254 1823 2433 1878 Securi
2477 1841 2601 1894 ergo
2645 1826 2712 1881 de
2751 1830 3185 1896 promissionilms
3227 1829 3369 1900 ejus,
3405 1833 3702 1902 prmterita'
3751 1832 3756 1840 ’

2094 1914 2372 1968 credamus
2393 1957 2406 1977 ,
2439 1921 2716 1985 praesentia
2744 1934 3122 1990 cognoscamus
3141 1965 3155 1990 ,
3182 1922 3350 1978 futura
3373 1939 3666 1992 Speremus.

2097 2005 2210 2060 Non
2253 2022 2351 2062 nos
2395 2019 2601 2064 avertat
2641 2010 2884 2067 inimicus
2926 2027 2953 2064 a
2998 2013 3113 2084 via,
3160 2023 3216 2068 ut
3241 2017 3328 2084 qui
3355 2017 3551 2086 colligit
3575 2032 3672 2071 nos

2099 2107 2345 2169 tanquam
2389 2101 2558 2169 pullos
2595 2117 2719 2158 suos
2757 2105 2856 2160 sub
2895 2105 2991 2159 alis
3028 2106 3173 2172 suis,
3216 2107 3389 2162 foveat
3431 2124 3561 2172 nos;
3608 2126 3672 2165 ne

2099 2193 2406 2246 aberremus
2429 2194 2494 2250 ab
2521 2195 2619 2248 alis
2642 2196 2783 2263 ejus,
2813 2213 2879 2252 ne
2903 2198 3153 2267 accipiter
3171 2216 3357 2254 aereus
3387 2199 3552 2268 rapiat
3577 2201 3674 2254 im-

2102 2281 2308 2350 plumes
2350 2283 2521 2338 adhuc
2561 2285 2752 2354 pullos.
2781 2287 2893 2342 Non
2923 2289 3062 2344 enim
3093 2289 3158 2346 de
3188 2306 3244 2345 se
3273 2291 3431 2345 debet
3457 2307 3674 2362 sperare

2102 2371 2420 2428 christianos
2443 2392 2455 2428 :
2485 2375 2528 2428 si
2557 2376 2667 2432 vult
2694 2393 2812 2432 esse
2840 2379 3022 2434 ﬁrmus
3045 2421 3058 2443 ,
3086 2396 3280 2450 vapore
3310 2393 3548 2438 mat-eruo
3575 2400 3677 2437 nu-

2105 2465 2311 2518 triatur.
2360 2465 2450 2520 Illa
2493 2474 2577 2520 est
2621 2470 2763 2523 enim
2799 2471 2991 2539 gallina
3030 2473 3280 2544 colligens
3317 2475 3488 2544 pullos
3513 2490 3674 2539 suos.

2104 2555 2171 2610 de
2217 2572 2317 2626 qua
2360 2557 2746 2627 improperatnr
2783 2562 2855 2616 illi
2895 2563 3090 2619 civitati
3125 2565 3317 2620 inﬁdeli
3345 2566 3632 2622 Jerusalem
3663 2589 3676 2625 :

2112 2665 2130 2696 ι
2176 2647 2392 2714 Quoties
2428 2650 2567 2703 volui
2607 2652 2852 2722 colligere
2891 2653 3024 2708 ﬁlios
3063 2665 3179 2711 tuos
3220 2667 3464 2725 tauquam
3491 2661 3677 2729 gallina

2107 2741 2278 2808 pullos
2294 2756 2420 2796 suos
2437 2742 2534 2796 sub
2558 2744 2668 2798 alas
2691 2759 2834 2811 snas,
2852 2757 2904 2800 et
2929 2747 3138 2801 noluisti
3157 2749 3180 2801 ?
3198 2749 3332 2803 Ecce
3359 2751 3678 2818 relinquetur
3759 2815 3774 2830 ο

2107 2831 2257 2887 vobis
2278 2832 2466 2888 domus
2483 2846 2656 2890 vestra
2674 2835 2881 2891 deserta
2907 2856 2926 2888 ›
2954 2837 3162 2909 (Matth.
3204 2855 3358 2903 xxm,
3393 2842 3459 2895 '57
3483 2851 3529 2894 et
3565 2842 3680 2908 58).

2108 2924 2243 2979 liinc
2269 2924 2462 3003 dictum
2490 2935 2569 2981 est
2589 2967 2602 2990 ,
2635 2927 2858 2980 Posuisti
2887 2929 3183 2984 munitiones
3208 2932 3315 3003 ejus
3342 2935 3680 3002 formidinem.

2107 3017 2238 3088 Quia
2265 3033 2391 3090 ergo
2413 3018 2484 3072 illi
2509 3019 2785 3074 noluerunt
2809 3025 3014 3093 contegi
3046 3025 3145 3080 sub
3164 3025 3260 3079 alis
3281 3026 3486 3094 gallinae
3508 3026 3681 3093 hujus,

2108 3119 2164 3165 ct
2197 3109 2300 3165 tale
2335 3111 2634 3179 exemplum
2679 3111 2972 3176 dederunt,
3001 3131 3104 3183 quo
3135 3116 3318 3172 timere
3345 3117 3628 3172 debeamus
3656 3133 3683 3171 a

2088 3204 2347 3259 'volaticis
2383 3205 2654 3273 spiritibus
2694 3205 2976 3262 immundis
3001 3249 3015 3272 ,
3058 3211 3417 3278 qua-rentibus
3455 3211 3684 3280 quotidie

2111 3296 2247 3365 quod
2275 3298 2516 3365 rapiant;
2546 3299 2802 3354 intremus
2829 3300 2927 3355 sub
2955 3301 3065 3354 alas
3086 3303 3290 3370 gallina:
3318 3305 3471 3373 hujus
3497 3305 3687 3359 divinat

2111 3389 2392 3458 Sapientiae
2417 3433 2432 3456 ,
2462 3393 2708 3461 quoniam
2738 3404 2954 3462 propter
2983 3395 3152 3464 pullos
3174 3412 3297 3451 suos
3321 3397 3580 3452 inﬁrmata
3606 3407 3686 3454 est

2079 3555 2082 3560 ἴ
2113 3496 2278 3549 usque
2301 3481 2368 3536 ad
2389 3492 2635 3536 mortem.
2661 3486 2918 3540 Amemus.
2940 3487 3213 3541 Domimun
3239 3489 3401 3544 Deum
3428 3501 3686 3555 nostrum,

2112 3587 2350 3627 amemus
2391 3574 2677 3630 Ecclesium
2707 3578 2822 3646 ejus
2861 3596 2880 3634 :
2917 3580 3060 3636 illutn
3101 3583 3236 3635 sicut
3275 3593 3507 3652 patrem,
3536 3585 3686 3639 istam

2113 3665 2250 3719 sicut
2290 3674 2512 3721 matrem
2539 3684 2552 3732 ;
2595 3667 2740 3723 illum
2772 3671 2907 3724 sicut
2931 3671 3202 3726 dominum
3226 3713 3241 3738 ,
3273 3673 3405 3728 hanc
3429 3675 3565 3729 sicut
3591 3691 3687 3728 an-

2115 3759 2288 3814 cillam
2329 3760 2479 3830 ejus;
2519 3761 2638 3832 quia
2671 3763 2758 3817 ﬁlii
2789 3765 2995 3820 ancillae
3019 3767 3188 3836 ipsius
3215 3782 3416 3821 sumus.
3449 3769 3553 3823 Sed
3583 3786 3689 3823 ma-

2117 3847 2422 3906 trimonium
2450 3851 2548 3907 hoc
2575 3868 2763 3923 magna
2790 3855 3047 3914 charitate
3069 3859 3464 3928 compaginatur
3489 3878 3502 3912 :
3535 3878 3689 3916 nemo

2118 3942 2334 3997 oﬁ‘cndit
2376 3961 2536 3999 unum
2563 3986 2578 4008 ,
2609 3955 2666 4000 et
2691 3961 3024 4016 promeretur
3047 3951 3290 4006 alterum.
3324 3952 3489 4007 Nemo
3516 3953 3688 4020 dicat,

2118 4034 2198 4088 Ad
2243 4035 2378 4089 idola
2419 4037 2628 4106 quidem
2662 4038 2822 4106 vado,
2851 4043 3151 4110 arreptitios
3180 4053 3233 4097 ct
3260 4045 3534 4114 sortilegos
3561 4060 3690 4097 con-

2119 4128 2235 4181 solo
2270 4146 2282 4180 :
2322 4129 2411 4183 sed
2443 4140 2615 4184 tamen
2647 4133 2734 4186 Dei
2763 4133 3046 4186 Ecclesiam
3077 4151 3176 4187 non
3207 4137 3480 4206 relinquo;
3513 4135 3691 4190 catho-

2121 4218 2252 4271 licus
2295 4233 2430 4272 smn.
2469 4220 2678 4275 Tcncns
2720 4232 2977 4287 matrem,
3005 4224 3268 4278 oﬁ‘endisti
3300 4237 3520 4294 patrem.
3552 4228 3692 4282 Alius

2125 4311 2247 4363 item
2285 4309 2430 4374 dicit,
2459 4312 2604 4364 Absit
2636 4329 2662 4364 a
2691 4329 2776 4367 me
2804 4331 2817 4378 ;
2847 4330 2947 4367 non
2975 4316 3194 4369 consulo
3221 4317 3555 4385 sortilegum,
3591 4336 3692 4372 non

2123 4419 2303 4472 quer
2347 4405 2675 4473 arreptitium
2703 4447 2722 4470 ,
2753 4423 2853 4460 non
2899 4423 3079 4476 quer
3105 4408 3449 4462 divinationes
3475 4413 3696 4466 sacrile-

2123 4512 2234 4566 gas,
2269 4513 2371 4550 non
2413 4514 2476 4550 eo
2520 4499 2584 4552 ad
2621 4499 2884 4552 adoranda
2928 4485 3342 4568 damnooiapnon
3369 4504 3542 4558 servio
3571 4506 3696 4574 lapi-

2125 4591 2278 4642 dibus
2313 4591 2442 4645 :sed
2495 4601 2666 4645 tamen
2709 4592 2759 4644 in
2811 4601 2955 4660 parte
2999 4593 3181 4647 Donati
3227 4610 3365 4648 sum.
3413 4595 3546 4662 Quid
3609 4597 3695 4652 tibi

2125 4681 2340 4751 prodest
2363 4698 2463 4736 non
2493 4682 2723 4737 offensus
2746 4683 2918 4748 Pater,
2938 4685 3022 4754 qui
3045 4685 3298 4738 offensam
3321 4687 3554 4741 vindicat
3584 4704 3696 4740 tua-

2129 4786 2259 4830 trem
2280 4776 2302 4826 ?
2325 4777 2449 4846 quid
2482 4775 2693 4843 prodest
2719 4776 2759 4828 si
2792 4777 3062 4830 Dominum
3094 4780 3362 4833 conﬁteris
3382 4822 3395 4846 ,
3419 4781 3580 4833 Deum
3606 4779 3700 4833 b0-

2130 4884 2285 4921 noras
2303 4909 2317 4929 ,
2344 4869 2512 4934 ipsum
2543 4867 2793 4936 praedicas
2819 4911 2830 4930 ,
2864 4867 3049 4922 Filium
3076 4869 3190 4938 ejus
3214 4871 3453 4940 agnoscis
3473 4911 3487 4935 ,
3511 4871 3702 4925 seden-

2130 4968 2233 5012 tem
2262 4957 2325 5011 ad
2356 4958 2522 5012 Patris
2546 4958 2813 5012 dexteram
2839 4960 3108 5014 conﬁteris
3133 4978 3144 5024 ;
3171 4972 3223 5016 et
3244 4963 3577 5031 blasphemas
3605 4963 3704 5016 Ec~

2128 5049 2341 5103 clesiam
2377 5049 2527 5118 ejus?
2564 5050 2674 5104 Non
2701 5059 2752 5106 lc
2776 5051 3046 5121 corrigunt
3069 5054 3312 5123 exempla
3339 5054 3553 5109 humani
3579 5069 3703 5110 con-

2122 5142 2295 5212 jugii?
2338 5143 2392 5196 Si
2438 5145 2658 5200 haberes
2706 5146 2934 5216 aliquem
2981 5157 3297 5215 patronum,
3347 5149 3430 5202 cui
3471 5149 3706 5219 quotidie

2129 5239 2499 5308 obscqucreris
2535 5280 2550 5305 ,
2605 5240 2756 5310 cujus
2804 5241 2984 5295 limina
3031 5243 3310 5298 serviendo
3354 5253 3656 5298 contereres
3687 5286 3702 5310 ,

2193 5373 2207 5403 ¹
2244 5373 2314 5420 sic
2337 5373 2528 5439 citima!
2553 5380 2675 5439 nota?
2701 5382 2802 5422 uss.
2841 5375 2942 5429 Alii.
2965 5389 3050 5424 nec
3074 5377 3378 5437 rependimus
3399 5375 3593 5439 gratias,
3619 5377 3704 5426 sed

2128 5440 2310 5499 tantum
2333 5434 2485 5499 verbis
2507 5435 2690 5494 agimus
2708 5469 2721 5490 ,
2757 5445 2853 5499 etc.
2883 5447 2935 5486 At
2969 5439 3115 5487 editio
3131 5434 3266 5492 ιον..
3292 5452 3377 5488 nec
3399 5434 3706 5499 inpendimus

2125 5496 2342 5559 gratiam
2362 5509 2377 5543 :
2399 5496 2438 5543 ti
2462 5503 2642 5544 tantum
2666 5497 2820 5545 verbis
2842 5499 3057 5559 agimus;
3085 5510 3135 5550 et
3170 5516 3279 5549 mox
3313 5502 3433 5558 loco,
3455 5496 3532 5548 ‘re
3574 5508 3706 5551 tene-

2127 5571 2247 5606 mus.
2274 5558 2418 5604 habet
2441 5572 2547 5604 (ann
2571 5564 2662 5610 t~:r.,
2689 5558 3006 5610 retritminms.

2191 5621 2207 5647 ²
2246 5619 2489 5676 Particulo,
2516 5622 2809 5676 710.”,tlt‘t‘l'ill
2837 5624 2882 5669 in
2911 5623 3037 5680 Edd,
3067 5636 3156 5671 nec
3192 5629 3385 5682 reperta
3411 5622 3486 5670 hic
3514 5631 3588 5671 est
3613 5623 3702 5672 nisi

2127 5683 2172 5728 ιιι
2201 5683 2343 5738 Ῐὶι-έίιδ
2369 5689 2446 5727 ills.

2193 5746 2210 5770 υ
2246 5744 2369 5790 lirlzl.
2396 5750 2473 5792 aut
2499 5757 2585 5793 nor:

2129 5806 2299 5854 illeilli-".3
2328 5806 2489 5855 ictui.

2758 5745 2865 5794 udo.
2897 5745 3136 5803 t‘arur-ul-i,
3172 5758 3279 5806 non,
3316 5746 3452 5797 abest
3477 5759 3501 5796 a
3526 5753 3630 5797 Mss.
3654 5755 3702 5799 ct
