4024 6210
294 418 428 471 “il

294 549 454 603 quem
493 530 766 601 quotidie,
788 496 904 583 non
933 526 1053 582 dico
1080 525 1363 590 salutares,
1388 521 1481 578 sed
1508 529 1563 575 et
1587 518 1840 573 adorares
1864 556 1878 577 .

297 625 390 680 cui
431 622 767 693 impenderes
803 620 975 676 ﬁdelia
1006 618 1257 687 obsequia
1282 637 1298 683 ;
1326 617 1371 672 si
1398 631 1561 670 unum
1589 613 1789 669 crimen
1818 610 1885 665 de

302 720 421 785 ejus
443 717 670 787 conjuge
694 716 899 770 diceres
922 756 936 780 ,
966 712 1222 783 numquid
1242 710 1460 765 domum
1481 708 1597 776 ejus
1618 703 1887 761 intrares?

302 812 503 867 Tenete
543 824 712 880 ergo,
758 805 1087 872 eharissimi,
1136 812 1315 859 tenete
1356 815 1543 856 omnes
1571 797 1890 853 unanimiter

304 904 468 959 Deum
509 912 714 972 patrem
740 943 755 965 ,
796 909 850 955 et
887 909 1109 954 matrem
1150 896 1463 952 Ecclesiam.
1495 890 1737 948 Natalitia
1765 904 1891 944 san-

301 1005 509 1049 ctorum
535 974 658 1048 cum
685 992 974 1047 sobrietate
1002 989 1266 1044 celebrate
1292 1030 1303 1047 .
1328 978 1387 1041 ut
1406 985 1673 1039 imitemur
1691 995 1784 1037 eos
1803 980 1891 1051 qui

301 1093 694 1159 praecesserunt
733 1095 785 1140 et
825 1082 1088 1153 gaudeant
1115 1081 1181 1135 de
1204 1079 1355 1135 vobis
1382 1077 1470 1147 qui
1500 1084 1652 1130 orant
1678 1087 1778 1142 pro
1802 1087 1893 1127 vo-

304 1179 381 1233 bis
404 1195 421 1243 ;
468 1185 527 1231 nt
555 1177 572 1207 ³
611 1175 889 1230 benedictio
921 1170 1125 1226 Domini
1154 1171 1205 1223 in
1231 1179 1471 1223 retentum
1499 1174 1710 1220 maneat
1734 1176 1896 1232 super

304 1287 397 1326 vos
425 1288 440 1326 :
469 1271 590 1340 ﬁat,
618 1270 730 1339 ﬁat.

617 1493 701 1554 IN
741 1489 1124 1554 PSALMUM
1172 1484 1514 1549 LXXXIX

899 1632 1029 1687 ENA
1041 1628 1315 1685 “RATIO.

377 1755 432 1807 1.
458 1749 613 1824 [τετε.
647 1749 724 1823 1.]
749 1750 927 1804 Oratio
953 1746 1120 1818 Moysi
1150 1745 1366 1800 hominis
1389 1742 1516 1810 Dei,
1545 1742 1782 1813 psalmus
1802 1742 1903 1794 iste

312 1855 640 1918 praenotatur
681 1862 693 1898 ε
740 1859 835 1913 per
877 1857 1035 1921 quem
1062 1838 1329 1894 hominem
1360 1851 1512 1892 suum
1545 1835 1684 1890 Deus
1708 1832 1901 1903 Legem

311 1937 450 1992 dedit
484 1936 682 2005 populo
710 1938 813 1988 suo'
831 1974 846 1997 ,
879 1947 1033 2002 quem
1066 1945 1161 2001 pet;
1183 1927 1429 1984 eumdem
1455 1927 1725 1981 hominem
1747 1938 1900 1979 suum

312 2029 378 2084 de
412 2028 580 2083 domo
618 2023 894 2080 servitutis
930 2021 1191 2086 liberans,
1231 2017 1575 2089 quadraginta
1617 2028 1784 2069 annos
1810 2028 1905 2082 per

314 2132 552 2174 eremum
582 2116 753 2172 duxit.
785 2113 907 2168 Fuit
934 2116 1060 2182 ergo
1082 2111 1291 2182 Moyses
1316 2109 1555 2163 minister
1578 2102 1906 2160 Testamcnti

315 2209 563 2273 Veteris,
592 2217 648 2262 et
674 2205 932 2277 propheta
962 2201 1286 2258 Testamenti
1313 2200 1466 2255 Novi.
1502 2197 1686 2253 Omnia
1712 2197 1906 2268 quippe

312 2303 401 2356 illa
426 2302 481 2354 in
512 2302 681 2370 ﬁgura
709 2297 1057 2369 contingebant
1082 2298 1133 2350 in
1161 2296 1294 2362 illis,
1327 2298 1464 2350 sicut
1481 2294 1554 2347 ait
1578 2293 1863 2362 Apostolus
1888 2311 1903 2349 :

315 2392 506 2461 scripta
548 2402 667 2448 sunt
710 2401 877 2445 autem
921 2390 987 2443 ad
1028 2389 1393 2457 correptionem
1418 2395 1677 2451 nostram,
1707 2386 1759 2438 in
1784 2400 1907 2455 quos

316 2488 430 2556 ﬁnis
457 2486 763 2540 surculorum
791 2483 981 2537 obvenit
1009 2481 1051 2553 (Ι
1079 2480 1197 2534 Cor.
1224 2496 1256 2535 κ
1274 2522 1288 2544 ,
1314 2479 1423 2547 it).
1446 2477 1745 2534 Secundum
1771 2476 1908 2532 hanc

320 2596 442 2650 ergo
480 2577 935 2648 dispensationem
974 2586 1095 2645 quin
1137 2573 1274 2628 facta
1313 2580 1395 2627 est
1422 2587 1515 2641 per
1542 2572 1757 2643 Moysen
1778 2612 1793 2636 ,
1824 2570 1909 2623 in-

319 2669 623 2740 spiciendus
649 2678 731 2723 est
753 2667 855 2722 iste
881 2667 1112 2736 psahnus
1129 2704 1144 2731 ,
1174 2663 1266 2735 qui
1290 2679 1357 2718 ex
1382 2662 1496 2731 ejus
1521 2662 1761 2718 oratione
1783 2664 1906 2717 titu-

322 2762 426 2816 lum
457 2760 684 2828 accepit.

385 2854 441 2908 2.
490 2852 707 2906 Domine
729 2893 745 2917 ,
790 2849 991 2919 inquit,
1030 2849 1279 2920 refugium
1310 2849 1473 2917 {actus
1501 2862 1553 2902 es
1576 2846 1717 2900 nobis
1746 2847 1798 2900 in
1826 2863 1913 2917 ge—

322 2948 581 3003 neratione
621 2953 667 2999 et
707 2943 1028 3016 generatione
1069 2957 1087 2995 :
1128 2942 1239 2995 sive
1276 2941 1328 2994 in
1364 2939 1509 2993 omni
1538 2939 1908 3011 generatione,

321 3041 433 3095 sive
465 3040 520 3093 in
549 3037 757 3092 duabus
779 3034 1212 3107 generationibus
1236 3074 1250 3098 ,
1278 3042 1459 3088 vetere
1484 3040 1539 3088 et
1563 3047 1735 3097 nova;
1766 3032 1909 3103 quia,

324 3133 458 3187 sicut
480 3129 593 3184 (ἰὶιί
610 3171 628 3195 ,
660 3127 900 3182 minister
927 3126 1020 3180 fuit
1046 3126 1132 3181 ille
1157 3124 1485 3191 Testamenti
1516 3126 1825 3195 pertinentis
1845 3126 1914 3181 ad

324 3220 720 3291 generationem
734 3226 1045 3280 veterem,et
1056 3215 1643 3285 ProphetaTestamenti
1657 3216 1921 3286 pertineno

329 3312 394 3365 tis
412 3309 479 3365 ad
503 3308 900 3380 generationem
929 3322 1137 3360 novam.
1152 3307 1317 3375 Cujus
1328 3307 1650 3363 Testamenti
1667 3323 1913 3378 sponsor,

328 3418 659 3475 sponsusque
687 3401 915 3472 conjugii
944 3400 1085 3471 quod
1111 3400 1178 3455 de
1207 3400 1298 3455 illa
1323 3402 1666 3470 generatione
1696 3412 1917 3457 sortitus

330 3507 409 3551 est
428 3537 443 3558 ,
482 3496 559 3548 ait
594 3495 709 3564 ipse
735 3492 890 3547 Jcsus
918 3510 931 3544 :
963 3492 1024 3547 Si
1050 3476 1314 3554 crederetis
1345 3492 1548 3571 Moysi,
1579 3494 1843 3548 crederetis
1869 3503 1919 3548 et

330 3588 452 3642 mihi
474 3606 493 3652 ;
523 3588 587 3641 de
608 3604 686 3639 me
709 3586 842 3662 enim
869 3585 955 3662 ille
974 3592 1172 3662 Scripsit
1199 3586 1376 3662 (John.
1402 3607 1434 3645 ν
1449 3632 1472 3662 ,ᾔ
1494 3591 1609 3656 46).
1633 3584 1753 3662 Non
1775 3585 1917 3640 enim

323 3663 643 3717 credendum
674 3668 755 3716 est
777 3660 848 3715 ab
874 3659 991 3730 ipso
1015 3659 1232 3714 omnino
1258 3659 1436 3730 Moyse
1460 3660 1617 3714 isrum
1643 3660 1905 3729 psalmum

327 3753 486 3808 fuisse
523 3751 914 3821 conscriptum,
957 3750 1046 3820 qui
1076 3750 1193 3804 ullis
1219 3752 1333 3819 ejus
1362 3750 1550 3806 litteris
1580 3751 1775 3806 inditus
1801 3765 1907 3804 non

329 3854 440 3911 est,
468 3845 522 3898 in
550 3843 744 3915 quibus
772 3843 886 3913 ejus
911 3842 1112 3897 cantica
1142 3842 1337 3912 scripta
1367 3851 1491 3896 sunt
1522 3861 1535 3895 ε
1565 3842 1659 3896 sed
1687 3841 1908 3911 alicujus

333 3936 726 4006 signiﬁcationis
761 3934 927 4005 gratia
972 3944 1075 3988 tam
1116 3934 1289 4003 magni
1320 3932 1492 3986 meriti
1522 3934 1658 3988 servi
1686 3933 1778 3987 Dei
1808 3947 1907 3986 no—

338 4044 454 4083 men
496 4028 794 4083 adhibitum
834 4034 949 4088 est,
992 4041 1057 4081 ex
1100 4041 1206 4095 quo
1235 4025 1549 4095 dirigeretur
1574 4025 1794 4096 legentis
1824 4025 1909 4079 vel

335 4119 589 4174 audientis
633 4118 876 4173 intentio.
907 4115 1096 4171 Factus
1123 4132 1174 4169 es
1199 4130 1327 4185 ergo
1354 4113 1495 4170 nobis
1518 4156 1534 4181 ,
1564 4116 1766 4187 inquit,
1802 4116 1911 4171 Do-

334 4213 490 4277 mine,
516 4211 767 4282 refugium
787 4210 837 4263 in
856 4208 1174 4280 generatione
1196 4217 1242 4261 et
1268 4208 1600 4279 generatione.

407 4305 459 4358 3.
490 4302 636 4375 Iners.
668 4300 748 4375 2.]
774 4301 938 4369 Quale
963 4310 1139 4355 autem
1166 4299 1425 4372 refugium
1454 4299 1620 4356 factus
1645 4301 1749 4365 sit,
1782 4315 1913 4371 quo-

338 4397 475 4451 niam
512 4396 714 4450 scilicet
752 4393 905 4448 nobis
943 4394 1103 4464 erepit
1129 4407 1247 4448 esse
1274 4392 1413 4463 quod
1444 4408 1547 4447 non
1578 4402 1721 4457 erat,
1753 4392 1804 4447 id
1833 4400 1917 4448 est

341 4486 592 4558 refugium
615 4529 630 4552 ,
673 4501 779 4541 non
820 4495 995 4542 autem
1030 4487 1144 4557 ipse
1178 4498 1280 4540 non
1312 4493 1427 4540 erat
1453 4498 1732 4556 antequam
1765 4487 1917 4542 nobis

341 4588 478 4632 esset
515 4577 775 4648 refugium
797 4619 813 4645 ,
843 4587 1054 4633 secutus
1082 4577 1318 4646 adjunxit
1351 4595 1364 4629 :
1395 4575 1699 4647 Priusquam
1726 4588 1917 4632 montes

340 4669 546 4736 ﬁerent,
574 4678 622 4722 et
671 4671 971 4741 formaretur
997 4679 1132 4721 terra
1158 4677 1202 4720 et
1228 4666 1361 4720 orbis
1391 4676 1565 4731 terrm,
1615 4678 1661 4721 et
1700 4685 1733 4721 a
1757 4684 1917 4723 saecu-

339 4760 391 4812 lo
423 4759 443 4789 ’
478 4774 634 4828 usque
658 4738 710 4811 in
738 4738 978 4813 stecu'lum
1036 4768 1090 4811 tu
1124 4773 1194 4812 es.
1248 4757 1326 4812 Tu
1383 4772 1509 4828 ergo
1561 4760 1649 4828 qui
1708 4774 1920 4829 semper

340 4865 432 4914 es,
482 4860 535 4905 et
618 4859 898 4919 antequam
963 4852 1354 4917 cssemus,'et
1420 4854 1701 4921 anteQuam
1766 4868 1920 4906 mun-

340 4943 442 4997 dus
495 4954 656 5007 esset,
701 4942 955 5013 refugium
1010 4958 1075 4997 ex
1116 4957 1222 5013 quo
1265 4942 1330 4996 ad
1378 4951 1428 4997 te
1470 4944 1709 4999 conversi
1736 4959 1920 5000 sumus

344 5035 511 5090 factus
557 5050 618 5091 es
674 5036 844 5091 nobis.
868 5034 978 5091 Non
1002 5032 1130 5087 mihi
1173 5042 1347 5088 autem
1388 5034 1594 5089 videtur
1639 5043 1922 5105 utcumque

347 5127 744 5197 intelligendum
807 5127 945 5197 quod
984 5129 1092 5192 ait,
1125 5124 1430 5194 Priusquam
1476 5136 1664 5180 montes
1712 5127 1918 5195 ﬁerent,

346 5228 397 5272 et
441 5222 744 5290 formaretur
787 5226 962 5284 terra;
999 5218 1078 5272 vel
1100 5258 1114 5283 ,
1158 5219 1294 5271 sicut
1330 5218 1416 5271 alii
1453 5206 1662 5273 Codices
1690 5217 1920 5283 habent,

348 5311 487 5381 quod
531 5311 600 5366 de
635 5325 741 5364 uno
770 5309 937 5365 verbo
964 5324 1138 5379 gr.cco
1177 5324 1482 5378 expressum
1512 5318 1623 5376 est,
1657 5311 1927 5381 fingeretur

349 5416 503 5460 terra.
542 5403 747 5461 Montes
784 5402 973 5473 quippe
1013 5410 1186 5471 partes
1231 5411 1386 5456 teme
1427 5410 1550 5456 sunt
1587 5401 1801 5456 altiores
1830 5418 1844 5455 :
1872 5410 1927 5455 et

350 5498 531 5567 utique
568 5496 614 5551 si
645 5504 923 5565 antequam
954 5493 1270 5548 formaretur
1294 5502 1431 5547 terra
1462 5493 1596 5547 Deus
1619 5503 1731 5557 est,
1763 5510 1791 5547 a
1821 5509 1927 5564 quo

351 5600 493 5644 terra
540 5589 761 5644 formata
804 5598 884 5643 est
906 5605 927 5653 ς
968 5588 1091 5657 quid
1134 5602 1382 5657 magnum
1428 5586 1495 5640 de
1538 5587 1802 5641 montibus
1845 5587 1929 5642 vel

351 5680 677 5752 quibuslibet
713 5680 829 5735 aliis
875 5679 988 5749 ejus
1022 5678 1258 5749 partibus
1289 5676 1518 5747 dicitur,
1549 5694 1668 5735 cum
1693 5679 1761 5735 sit
1789 5679 1927 5735 Deus

421 5798 436 5827 ι
471 5794 607 5843 norb.
633 5799 738 5851 Ms,
773 5798 835 5842 et.

420 5860 439 5889 ³
474 5856 657 5921 Aliquot
679 5864 801 5917 Mss,
824 5861 869 5905 et
891 5866 921 5903 α
939 5852 1115 5904 stnculo
1133 5858 1179 5902 et
1202 5865 1365 5915 usque,
1393 5861 1483 5904 etc.

1400 396 1794 459 ENARRATIO
1834 392 1897 449 IN
1939 391 2259 449 PSALMUM
2296 394 2584 451 LXXXIX.

3438 408 3581 461 ΗΜ)

1993 527 2097 566 non
2127 514 2297 569 solum
2323 525 2448 571 ante
2476 527 2688 580 terram,
2719 517 2811 573 sed
2838 528 2892 574 et
2919 530 3040 576 ante
3067 515 3261 580 cdzlum
3282 535 3338 582 ct
3358 535 3574 591 terum.

1996 614 2051 658 et
2071 614 2194 658 ante
2213 619 2426 660 omnem
2447 608 2770 677 corporalem
2792 594 3225 686 spiritualemque
3245 626 3577 678 creaturam?

1991 696 2096 755 Sed
2130 698 2385 754 nimirum
2423 701 2666 755 universa
2704 712 2944 759 creatura
2986 707 3258 765 rationalis
3294 713 3394 766 hac
3427 714 3579 770 ditl'e-

1994 793 2164 847 rentia
2203 792 2428 848 fortasse
2459 793 2705 851 distincta
2746 806 2860 863 est,
2899 806 2956 852 ut
2981 778 3237 855 montium
3265 804 3479 860 nomine
3504 804 3576 861 si-

1995 882 2306 952 gnificentur
2343 883 2682 941 celsitudines
2721 887 3073 957 Angelorum,
3102 900 3157 947 et
3186 901 3339 949 terra:
3365 911 3581 954 nomine

1999 972 2267 1029 humilitas
2295 974 2590 1031 hominum.
2612 976 2681 1030 Et
2704 976 2823 1033 ideo
2846 980 3085 1049 quamvis
3103 983 3279 1038 omnia
3297 992 3414 1055 qua:
3431 1002 3580 1044 crea-

2001 1073 2051 1118 ta
2092 1075 2249 1133 sunt,
2286 1081 2389 1121 non
2420 1068 2706 1138 incongrue
2734 1069 2821 1124 vel
2847 1070 2981 1125 facta
3034 1073 3115 1128 vel
3153 1073 3375 1133 formata
3400 1077 3579 1135 dican-

2001 1169 2125 1226 tur;
2166 1169 2341 1215 tamen
2380 1160 2422 1215 si
2453 1161 2730 1216 verborum
2761 1162 2979 1217 istorum
3010 1174 3092 1220 est
3117 1148 3218 1223 ulla
3250 1171 3581 1240 proprietas,

2001 1254 2123 1307 facti
2149 1261 2275 1308 sunt
2301 1254 2487 1323 Angeli
2507 1294 2524 1319 ,
2551 1253 2639 1323 qui
2670 1269 2788 1309 cum
2815 1255 2868 1309 in
2894 1255 3006 1325 ejus
3031 1257 3333 1314 etelestibus
3359 1276 3580 1319 enume-

2002 1352 2245 1396 rarentur
2281 1342 2528 1413 operibus
2548 1384 2563 1409 ,
2605 1345 2671 1397 ita
2702 1347 3029 1401 enumeratio
3059 1348 3169 1417 ipsa
3193 1351 3440 1407 conclusa
3465 1361 3582 1419 est,

2002 1432 2126 1503 Ipse
2152 1435 2301 1498 dixit,
2332 1445 2377 1488 et
2404 1435 2541 1505 facta
2567 1446 2721 1501 sunt;
2747 1443 2853 1507 ipse
2878 1439 3169 1504 mandavit,
3203 1450 3250 1495 et
3277 1455 3444 1498 creata
3468 1455 3583 1500 sunt

2005 1525 2175 1599 (Rsal.
2205 1542 2434 1592 CXLVIII,
2465 1528 2523 1595 5)
2556 1545 2569 1580 ε
2604 1529 2743 1583 unde
2765 1539 2942 1585 autem
2966 1529 3126 1585 homo
3151 1534 3441 1590 secundum
3462 1551 3582 1592 cor—

2007 1635 2102 1687 pus
2146 1617 2331 1684 ﬁeret,
2375 1629 2512 1672 terra
2553 1618 2775 1673 formata
2820 1629 2921 1675 est.
2961 1620 3092 1676 Nam
3120 1622 3223 1678 hoc
3252 1626 3413 1680 verbo
3440 1626 3584 1683 Scri-

2007 1724 2156 1780 ptura
2185 1713 2369 1779 utitur,
2392 1712 2480 1767 ubi
2510 1712 2748 1783 legimus,
2772 1714 2881 1780 vel,
2912 1713 3086 1768 Finxit
3113 1713 3289 1783 Deus;
3315 1718 3422 1785 vel,
3448 1718 3584 1775 For-

2006 1803 2156 1857 mavit
2183 1802 2322 1858 Deus
2349 1803 2623 1859 hominem.
2650 1802 2713 1858 de
2742 1802 2862 1859 limo
2893 1813 3039 1859 terra:
3066 1805 3218 1877 (Gen.
3251 1823 3308 1873 lt,
3340 1808 3416 1880 7).
3447 1809 3587 1882 Ergo

2007 1893 2312 1964 priusquam
2357 1892 2547 1949 tierent
2569 1909 2631 1949 ea
2659 1909 2777 1965 qua
2805 1895 2858 1949 in
2880 1906 3123 1951 creatura
3152 1904 3240 1952 tua
3268 1914 3475 1955 summa
3506 1913 3585 1958 διο

2007 2002 2110 2056 que
2129 2000 2315 2057 magna
2337 1993 2497 2050 sunt;
2528 1986 2655 2057 quid
2686 1986 2832 2043 enim
2868 1988 3039 2056 majus
3089 1990 3336 2046 rationali
3382 1994 3584 2049 caelesti

2008 2082 2291 2134 creatura?
2328 2089 2383 2136 et
2405 2080 2711 2151 priusquam
2737 2080 3023 2153 ﬁngeretur
3047 2091 3186 2139 terra
3206 2128 3221 2151 ,
3248 2093 3308 2141 ut
3332 2097 3473 2143 esset
3496 2089 3585 2159 qui

2009 2180 2062 2225 te
2088 2179 2402 2241 agnosceret
2425 2179 2481 2226 et
2503 2170 2744 2227 laudaret
2767 2173 2820 2227 in
2850 2182 2987 2228 terra
3014 2168 3113 2230 :'et
3142 2174 3245 2231 hoc
3270 2192 3457 2247 parum
3482 2191 3584 2247 est,

2008 2263 2129 2332 quia
2158 2262 2256 2317 ista
2285 2271 2582 2332 coeperunt,
2604 2263 2717 2318 sive
2762 2263 2818 2318 in
2858 2271 3119 2333 tempore,
3156 2267 3271 2323 sive
3306 2284 3429 2323 cum
3458 2279 3576 2325 tem-

2012 2371 2173 2426 pore;
2200 2355 2296 2411 sed
2322 2372 2355 2409 a
2378 2355 2560 2410 seculo
2586 2365 2634 2410 et
2671 2372 2827 2426 usque
2863 2359 2916 2412 in
2944 2358 3188 2414 sarculum
3227 2371 3281 2415 tu
3319 2379 3391 2418 es.
3433 2364 3584 2434 Quod

2010 2447 2413 2503 convenientius
2439 2447 2724 2515 diceretur,
2756 2448 2838 2505 Ab
2860 2458 3060 2506 attento
3085 2451 3139 2507 in
3167 2462 3425 2521 internum
3446 2475 3461 2511 :
3483 2476 3585 2514 non

2012 2547 2153 2602 enim
2173 2561 2203 2600 a
2222 2545 2421 2601 szeculo
2446 2545 2607 2610 Deus,
2639 2544 2726 2615 qui
2764 2555 2847 2601 est
2883 2555 3007 2603 ante
3035 2548 3226 2603 saecula
3249 2566 3265 2613 ;
3292 2560 3384 2606 aut
3421 2566 3586 2624 usque

2014 2641 2066 2694 in
2102 2638 2377 2704 smculum,
2403 2638 2553 2708 cujus
2579 2647 2663 2693 est
2684 2632 2827 2705 ﬁnis,
2849 2654 2972 2694 cum
2996 2641 3065 2695 sit
3087 2640 3177 2697 ille
3198 2643 3314 2697 sine
3334 2642 3460 2701 fine.
3480 2645 3585 2701 Sed

2014 2747 2077 2786 es
2105 2730 2373 2800 ambiguo-
2395 2731 2559 2785 verbn
2595 2744 2769 2801 graeco
2795 2729 2853 2785 ﬁt
2881 2732 3192 2805 plerumque
3218 2735 3269 2789 in
3299 2736 3586 2807 Seripturls

2013 2832 2072 2879 ut
2096 2825 2182 2879 vel
2200 2824 2451 2880 saeculum
2482 2838 2580 2894 pro
2604 2833 2838 2888 aeterno,
2870 2826 2955 2880 vel
2983 2834 3241 2883 aeternum
3268 2845 3365 2900 pro
3393 2834 3587 2888 smculo

2013 2925 2177 2987 ponat
2203 2918 2399 2972 latinus
2446 2917 2732 2988 interpres.
2770 2915 2984 2987 Optime
3030 2928 3207 2975 autem
3259 2938 3364 2977 non
3406 2925 3517 2991 ait,
3545 2928 3587 2981 Α

2016 3008 2212 3064 saeculo
2252 3017 2309 3061 tu
2338 3007 2502 3072 fuisti,
2530 3016 2585 3062 et
2613 3022 2782 3076 usque
2828 3008 2882 3062 in
2931 3009 3183 3064 saeculum
3214 3020 3269 3066 tu
3314 3014 3424 3069 eris
3452 3031 3466 3068 :
3497 3017 3589 3071 sed

2016 3099 2298 3170 praesentis
2345 3095 2745 3167 signiﬁcationis
2792 3097 3014 3153 verbum
3061 3102 3270 3170 posuit,
3320 3104 3590 3160 insinuans

2019 3193 2111 3248 Dei
2155 3191 2505 3246 substantiam
2549 3192 2694 3245 omni
2745 3190 2904 3244 modo
2954 3191 3471 3263 incommutabilem,
3503 3198 3591 3251 ubi

2019 3298 2125 3340 non
2145 3292 2248 3347 est,
2279 3280 2421 3349 Fuit,
2452 3289 2507 3336 et
2536 3280 2680 3347 Erit;
2711 3280 2805 3335 sed
2830 3289 3056 3346 tantum,
3084 3283 3196 3339 Est.
3220 3283 3373 3341 Unde
3393 3285 3591 3343 dictum

2020 3386 2103 3432 est
2130 3393 2146 3443 ;
2184 3375 2293 3447 Ego
2317 3392 2426 3430 sum
2449 3375 2536 3445 qui
2581 3388 2725 3436 sum;
2750 3384 2826 3440 et,
2855 3373 2954 3442 Qui
2981 3385 3073 3439 est,
3096 3376 3229 3430 misit
3275 3394 3353 3431 me
3395 3379 3465 3431 ad
3510 3396 3595 3434 vos

2021 3466 2214 3538 (Exod.
2241 3480 2316 3533 ut,
2339 3464 2462 3538 M);
2489 3474 2562 3531 et,
2593 3464 2814 3520 Mutabis
2837 3481 2916 3531 ea,
2943 3475 2990 3520 et
3016 3468 3336 3522 mutabuntur
3358 3485 3377 3534 ;
3404 3479 3457 3524 tu
3498 3487 3593 3525 au-

2021 3570 2119 3615 tem
2143 3558 2277 3613 idem
2301 3559 2409 3629 ipse
2426 3574 2498 3624 es,
2520 3567 2567 3612 et
2591 3557 2715 3611 anni
2734 3557 2808 3611 tui
2831 3573 2932 3611 non
2958 3557 3191 3627 deﬁcient
3210 3559 3378 3626 (Psal.
3405 3575 3473 3626 Ct,
3504 3561 3593 3626 27,

2010 3639 2193 3710 4,128).
2227 3648 2366 3691 nece
2388 3650 2505 3705 quae
2538 3642 2807 3687 aeternitas
2859 3640 2993 3687 tacta
3017 3642 3100 3688 est
3122 3632 3276 3688 nobis
3305 3636 3584 3703 retugium,

2011 3739 2069 3782 ut
2095 3730 2147 3782 in
2169 3744 2228 3780 eu
2256 3728 2510 3793 mansuri,
2537 3725 2604 3780 ad
2633 3740 2749 3780 eam
2789 3710 2855 3779 de
2882 3723 2981 3779 hac
3030 3725 3284 3794 temporis
3324 3728 3593 3787 mutabili-

2015 3828 2121 3872 tate
2148 3817 2423 3886 fugiamus.
3199 3825 3207 3833 ·

2083 3911 2136 3963 4.
2170 3906 2316 3980 [vers.
2349 3905 2428 3978 5.]
2455 3905 2559 3962 Sed
2581 3906 2845 3976 quoniam
2881 3920 3002 3960 cum
3033 3905 3120 3960 hic
3163 3921 3367 3973 sumus,
3393 3908 3449 3962 in
3478 3924 3591 3963 ma-

2013 4000 2130 4081 gnis
2144 4010 2197 4055 et
2225 3999 2405 4053 multis
2432 3997 2812 4053 tentationibus
2834 3997 3081 4065 vivimus,
3110 3999 3303 4068 quibus
3326 4014 3395 4054 ne
3435 4015 3590 4055 aver-

2014 4104 2190 4149 tamur
2241 4089 2309 4146 ab
2357 4092 2461 4145 isto
2504 4089 2706 4159 refugio
2735 4089 3082 4144 metuendum
3132 4099 3254 4153 est;
3296 4088 3591 4147 intueamur

2015 4185 2141 4257 quid
2195 4196 2582 4254 consequenter
2628 4182 2801 4237 oratio
2851 4190 3036 4251 poscat
3082 4180 3313 4236 hominis
3357 4182 3469 4236 Dei.
3511 4182 3593 4236 Ne

2016 4287 2212 4332 avertas
2238 4277 2488 4331 hominem
2506 4275 2560 4328 in
2582 4273 2916 4328 humilitatem
2940 4288 2958 4325 :
2979 4272 3032 4326 id
3053 4271 3155 4339 est,
3175 4288 3244 4327 ne
3264 4287 3293 4325 a
3317 4272 3422 4327 tuis
3434 4280 3592 4327 teter-

2018 4371 2102 4426 nis
2126 4377 2284 4438 atque
2302 4366 2616 4423 sublimibus
2654 4365 2816 4420 homo
2856 4380 3096 4430 aversus,
3125 4365 3434 4435 temporalia
3460 4380 3591 4421 con-

2019 4461 2274 4530 cupiscat,
2302 4460 2576 4528 sapiatque
2602 4464 2832 4512 terrena.
2872 4455 2941 4511 Et
2964 4455 3113 4512 hoea
3143 4456 3253 4511 Deo
3278 4456 3411 4527 petit
3453 4458 3594 4528 quod

2022 4554 2161 4609 Deus
2182 4553 2295 4622 ipse
2319 4550 2608 4621 prmcepit;
2637 4549 2795 4605 simili
2835 4549 3053 4603 omnino
3102 4550 3364 4606 sententia
3390 4565 3491 4621 qua
3544 4551 3593 4606 in

2021 4636 2261 4701 oratione
2285 4644 2526 4707 dicimus,
2548 4641 2627 4697 Ne
2648 4658 2738 4696 nos
2758 4642 2946 4713 inferas
2971 4642 3024 4694 in
3047 4642 3368 4697 tentationem
3385 4641 3595 4715 (Matth.

2025 4756 2098 4799 vt.
2134 4739 2244 4808 15).
2279 4738 2517 4807 Denique
2546 4746 2602 4792 et
2632 4735 2716 4790 hic
2743 4718 2982 4807 adjungit
3011 4754 3024 4788 :
3052 4734 3119 4789 Et
3152 4736 3348 4805 dixisti,
3386 4737 3597 4792 Cancer.

2024 4832 2203 4894 timini,
2235 4831 2330 4899 ﬁlii
2351 4830 2629 4883 hominum.
2655 4829 2925 4898 Tanquam
2951 4828 3171 4894 diceret,
3206 4829 3319 4885 Hoc
3346 4845 3376 4884 a
3401 4839 3452 4885 te
3478 4839 3598 4899 peto

2026 4926 2164 4996 quod
2194 4927 2306 4995 ipse
2342 4924 2547 4994 jnssisti
2577 4923 2746 4978 :dans
2772 4926 2889 4993 ejus
2933 4923 3123 4993 gratiae
3144 4924 3389 4994 gloriam,
3418 4932 3475 4977 ut
3509 4925 3599 4993 qui

2026 5018 2296 5086 gloriatur,
2350 5017 2400 5070 in
2454 5015 2676 5069 Domino
2723 5015 2977 5085 glorietur
3023 5016 3065 5087 (Ι
3100 5014 3217 5070 Cor.
3246 5014 3437 5082 1,51);
3484 5015 3598 5069 sine

2027 5109 2179 5179 cujus
2202 5107 2488 5177 adjutorio,
2521 5123 2614 5177 per
2633 5107 2906 5162 arbitrium
2955 5107 3242 5161 voluntatis
3283 5105 3601 5161 tentationes

2029 5200 2183 5269 hujus
2228 5200 2350 5254 vita:
2400 5213 2649 5269 superare
2688 5215 2792 5252 non
2841 5213 3141 5267 possumus.
3177 5197 3257 5251 Ne
3283 5208 3494 5264 avertas,
3523 5200 3603 5253 in-

2028 5291 2174 5360 quit,
2229 5291 2479 5345 hominem
2519 5290 2574 5344 in
2626 5290 2951 5343 humilitatem
2980 5305 2999 5343 :
3020 5298 3074 5343 et
3120 5296 3295 5345 tamen
3323 5298 3378 5343 tu
3402 5290 3600 5357 dixisti,

2031 5382 2401 5447 Convertimini,
2433 5382 2527 5451 ﬁlii
2547 5382 2821 5435 hominum.
2844 5380 2946 5435 Sed
2974 5380 3037 5434 da
3068 5379 3205 5448 quod
3231 5382 3454 5450 jussisti,
3485 5399 3603 5450 prc-

2030 5489 2146 5530 cem
2193 5473 2419 5543 petentis
2466 5472 2815 5536 cxaudiendo,
2844 5460 2898 5525 et
2940 5470 3237 5547 adjuvando
3264 5472 3492 5528 volentis
3543 5477 3604 5527 ti—

2030 5567 2175 5623 dem.
3316 5640 3319 5641 ν

2102 5660 2155 5714 5.
2185 5657 2333 5730 [rem
2362 5656 2441 5729 4.]
2465 5657 2713 5722 Quoniam
2760 5655 2896 5710 mille
2937 5657 3061 5710 anni
3104 5668 3220 5712 ante
3262 5659 3433 5713 oculos
3462 5669 3597 5719 tuos.

2035 5760 2271 5819 tanquam
2299 5748 2403 5801 dies
2430 5749 2675 5813 hesterna,
2709 5764 2822 5815 ante
2846 5749 3103 5818 pra'teriit.
3134 5749 3255 5805 ideo
3271 5751 3522 5805 debemus
3539 5748 3603 5801 ad

2038 5844 2296 5916 refugium
2330 5852 2473 5898 tuum
2500 5885 2513 5913 ,
2546 5841 2634 5897 ubi
2665 5843 2777 5899 sine
2828 5843 2929 5899 ulla
2977 5842 3324 5899 mutabilitate
3356 5853 3408 5897 tu
3433 5857 3511 5909 es,
3539 5841 3616 5897 ab

3618 853 3626 879 l
