4024 6210
363 306 499 362 1165

347 425 453 479 illis
471 413 904 492 pra-tereuntibus
941 407 1342 478 labentibusque
1380 403 1650 469 converti;
1687 400 1936 473 quoniam

366 510 749 584 quantumiibct
780 506 899 559 huic
924 503 1045 558 vita:
1075 501 1286 572 longum
1309 509 1518 569 tempus
1545 504 1775 569 optetur,
1806 494 1943 549 mille

366 605 484 657 anni
524 612 639 656 ante
674 597 843 653 oculos
863 603 996 659 tuos,
1027 601 1262 662 tanquam
1304 591 1423 662 dies.
1457 594 1712 642 ltesternus
1737 599 1827 651 est,
1858 584 1946 654 qui

370 693 638 764 praeteriit;
676 703 782 743 non
834 685 1018 740 saltem
1067 691 1313 752 tanquam
1365 680 1478 734 dies
1529 677 1808 739 crastinus,
1854 675 1943 746 qui

369 793 623 839 venturus
643 788 722 833 est
754 795 768 831 :
802 776 872 831 ita
900 774 1072 836 omnia
1111 788 1229 842 quae
1270 771 1520 839 temporis
1564 769 1669 822 ﬁne
1693 765 1950 822 claudun-

372 885 475 938 tur,
510 885 604 941 pro
642 865 919 923 transactis
970 861 1208 917 habenda
1255 869 1398 915 sunt.
1442 859 1594 916 Unde
1634 868 1681 913 et
1734 873 1796 914 ea
1849 855 1947 910 sibi

324 947 332 969 ³
375 959 615 1031 Apostoli
645 955 937 1029 postposnit
980 952 1373 1023 intentio,quaa
1419 958 1564 1006 retro
1601 958 1725 1005 sunt
1766 947 1950 1005 oblivi-

373 1052 587 1116 scentis,
613 1050 701 1105 ubi
731 1045 1038 1117 temporalia
1069 1054 1254 1100 cuncta
1297 1051 1505 1114 oportet
1532 1041 1787 1112 intelligi;
1817 1049 1868 1095 et
1898 1040 1948 1093 in

374 1160 436 1199 ea
466 1159 584 1213 qua:
611 1151 730 1198 ante
758 1149 882 1195 sont
901 1139 1097 1195 extenti
1127 1136 1381 1207 (Philipp.
1410 1151 1489 1200 tu,
1517 1134 1624 1205 15),
1655 1150 1771 1205 qure
1793 1148 1953 1202 appe-

376 1234 493 1289 titio
517 1243 599 1290 est
622 1242 959 1287 acternorum.
983 1229 1060 1284 Ne
1100 1234 1350 1299 putarent
1390 1236 1565 1280 autem
1612 1225 1768 1294 aliqui
1811 1222 1955 1278 mille

377 1342 547 1381 annos
586 1326 663 1380 sic
690 1321 981 1393 computari
1026 1320 1163 1391 apud
1204 1320 1366 1375 Deum
1422 1333 1517 1390 pro
1547 1333 1651 1372 uno
1673 1317 1780 1383 die,
1806 1316 1956 1386 quasi

380 1427 487 1472 tam
520 1417 703 1486 longos
729 1415 842 1469 dies
860 1414 996 1468 Deus
1026 1411 1232 1477 habeat,
1247 1425 1366 1464 cum
1389 1409 1488 1464 lioc
1517 1408 1580 1461 ad
1608 1416 1955 1462 contemnen-

380 1506 502 1562 dam
556 1505 808 1575 temporis
857 1502 1234 1573 longitudinem
1282 1499 1477 1555 dictum
1530 1499 1781 1554 sit:idco
1808 1497 1958 1553 addi-

387 1597 487 1663 dit,
512 1595 583 1657 Et
609 1596 736 1649 sicut
783 1594 953 1664 vigilia
999 1593 1052 1646 in
1101 1601 1278 1655 nocte;
1306 1606 1426 1646 cum
1471 1590 1698 1662 vigilire‘
1730 1589 1957 1662 Spatium

387 1703 493 1743 non
510 1686 701 1742 habeat
717 1685 939 1755 amplius
955 1699 1109 1755 quam
1125 1694 1233 1737 tres
1249 1682 1426 1738 horas.
1444 1683 1509 1737 Et
1521 1691 1691 1735 tamen
1710 1682 1821 1734 ausi
1839 1689 1963 1734 sunt

383 1778 626 1834 homines
660 1791 978 1846 praesumere
1002 1775 1274 1829 scientiam
1305 1782 1634 1846 temporum;
1664 1772 1801 1843 quod
1827 1772 1961 1825 scire

384 1869 720 1939 Cttpientibns
745 1866 1019 1934 discipulis
1064 1866 1321 1919 Dominus
1360 1865 1452 1928 ait,
1481 1861 1600 1917 Non
1641 1872 1710 1915 est
1748 1872 1962 1915 oestrum

388 1963 512 2016 scire
538 1971 781 2029 tempora,
805 1974 916 2030 qua:
950 1956 1102 2010 Pater
1124 1956 1286 2025 posuit
1311 1958 1363 2009 in
1390 1972 1479 2009 sua
1504 1963 1742 2026 potestate
1758 1952 1891 2023 (Art.
1924 1969 1960 2017 ι,

389 2050 887 2122 7):ctdclinicrunt
932 2047 1034 2101 hoc
1063 2047 1314 2101 smculum
1362 2061 1453 2099 sex
1506 2059 1763 2099 annorum
1805 2043 1963 2096 milli-

391 2142 509 2208 bus,
542 2150 787 2211 tanquam
837 2153 926 2193 sex
957 2137 1145 2192 diebus
1192 2150 1347 2206 posse
1387 2135 1544 2189 ﬁniri.
1577 2135 1685 2189 Nec
1728 2133 1967 2188 attende-

388 2244 512 2289 runt
540 2233 677 2304 qttod
707 2232 903 2287 dictum
944 2238 1044 2293 est,
1091 2238 1327 2297 tanquam
1356 2228 1460 2281 dies
1483 2243 1634 2293 unus,
1657 2229 1741 2296 qui
1762 2235 1965 2292 printer-

389 2326 448 2379 iit
476 2340 619 2379 :non
664 2323 803 2378 enim
829 2362 843 2384 ,
895 2319 1105 2391 quando
1149 2319 1347 2374 dictum
1398 2326 1499 2383 est,
1529 2318 1627 2372 soli
1671 2317 1813 2371 mille
1843 2316 1965 2369 anni

391 2415 774 2495 praeterieram.
805 2412 910 2467 Et’
939 2426 1034 2466 eos
1062 2410 1291 2464 maxime
1340 2407 1521 2463 debuit
1562 2408 1869 2469 admonere,
1902 2422 1969 2460 ne

396 2517 695 2579 temporum
720 2503 1025 2559 luderentur
1045 2502 1066 2534 ³
1092 2502 1311 2566 incerto,
1342 2501 1481 2570 quod
1530 2508 1629 2565 est,
1657 2500 1780 2553 sicut
1801 2499 1969 2568 vigilia

391 2600 445 2653 in
470 2607 612 2653 nocte
641 2613 659 2651 :
688 2612 858 2665 neque
909 2595 1082 2660 enim,
1115 2594 1252 2648 sicut
1300 2592 1367 2647 de
1407 2607 1499 2646 sex
1545 2591 1732 2646 diebus
1773 2592 1970 2662 aliquid

397 2688 685 2744 verisimile
709 2685 956 2742 videntur
980 2684 1200 2755 opinati,
1231 2692 1444 2753 propter
1481 2695 1570 2737 sex
1612 2683 1725 2738 dies
1772 2682 1972 2751 primos

396 2779 588 2849 quibus
613 2779 755 2834 Deus
798 2775 1016 2846 perfecit
1040 2789 1199 2843 opera
1240 2789 1365 2838 sua;
1413 2774 1489 2828 sic
1535 2774 1690 2827 etiam
1721 2790 1809 2827 sex
1841 2774 1971 2840 vigi-

398 2870 535 2933 lias;
583 2870 633 2925 id
677 2877 758 2925 est.
805 2868 962 2922 horas
992 2866 1174 2921 decem
1206 2873 1424 2931 etocto,
1457 2874 1678 2935 possunt
1732 2866 1803 2918 illi
1854 2865 1971 2934 opi-

399 2962 599 3020 nationi
629 2969 898 3031 cooptare.

469 3054 522 3110 6.
547 3051 698 3127 [vers.
729 3054 782 3118 5,
811 3050 899 3124 6.}
937 3050 1134 3105 Deinde
1179 3050 1277 3105 iste
1315 3048 1475 3103 homo
1514 3050 1626 3114 Dei,
1668 3049 1750 3101 vel
1803 3047 1974 3116 potius

395 3144 739 3217 propheticus
765 3144 1001 3214 Spiritus,
1033 3141 1175 3195 velut
1200 3141 1291 3194 Dei
1336 3141 1506 3210 legem
1549 3140 1600 3192 in
1636 3148 1838 3193 secreta
1862 3138 1976 3207 ejus

400 3235 658 3306 sapientia
685 3233 1058 3301 conscriptam,
1090 3230 1174 3284 ubi
1205 3231 1324 3284 vita:
1352 3229 1651 3283 mortalium
1695 3228 1976 3298 peccatrici

404 3325 678 3383 constituit
725 3322 1068 3393 procurrendi
1115 3320 1327 3375 modum
1370 3334 1433 3375 ac
1470 3318 1804 3373 mortalitatis
1840 3334 1981 3371 :rrun

402 3431 601 3481 ninam,
633 3413 837 3469 videtur
863 3411 1088 3484 quodam
1139 3411 1297 3465 modo
1344 3410 1569 3465 recitare
1596 3451 1610 3472 ,
1638 3424 1758 3464 eum
1808 3408 1933 3463 dicit
1962 3450 1976 3472 ,

405 3511 535 3578 Qua:
552 3524 642 3579 pro
671 3507 827 3561 nihilo
854 3507 1119 3568 habentur,
1159 3505 1279 3557 anni
1317 3512 1464 3558 erunt
1487 3519 1679 3557 eorum.
1706 3502 1859 3556 Mane
1876 3503 1979 3557 sic-

403 3609 461 3653 ut
481 3600 633 3655 herba
659 3606 911 3665 transeat,
942 3614 1087 3651 mane
1130 3598 1308 3665 ﬂoreat
1330 3638 1345 3662 ,
1378 3604 1423 3650 et
1459 3606 1755 3665 praetereat;
1784 3612 1983 3666 vespere

403 3692 623 3760 decidat,
651 3692 899 3754 durescat,
919 3700 964 3743 et
993 3698 1205 3743 arescat.
1251 3688 1494 3743 Felicitas
1538 3703 1664 3757 ergo
1711 3687 1980 3742 hmredum

403 3784 612 3839 Veteris
638 3782 984 3847 Testamenti,
1013 3797 1169 3849 quam
1204 3795 1298 3850 pro
1334 3795 1525 3851 magno
1554 3779 1694 3833 bono
1717 3779 1984 3847 expetive—

408 3885 536 3929 runt
561 3890 591 3927 a
611 3874 831 3928 Domino
849 3874 956 3928 Deo
976 3887 1092 3937 suo,
1123 3871 1258 3926 hanc
1276 3871 1444 3942 legem
1467 3871 1705 3941 accipere
1724 3871 1916 3926 meruit
1932 3871 1982 3925 in

405 3964 611 4020 occulta
641 3964 757 4034 ejus
779 3963 1131 4034 providentia,
1158 3978 1314 4033 quam
1344 3962 1552 4018 videtur
1590 3964 1815 4018 recitare
1843 3962 1985 4034 Moy-

405 4072 495 4111 ses
523 4074 536 4110 :
567 4058 692 4122 Qua:
719 4071 810 4126 pro
837 4054 993 4109 nilu'lo
1021 4054 1284 4121 habentur,
1312 4053 1435 4107 anni
1455 4063 1599 4107 erant
1647 4070 1835 4107 eorum.
1883 4054 1984 4106 Pro

410 4149 579 4204 nihilo
602 4148 743 4203 enim
775 4146 1057 4211 habentur,
1078 4160 1194 4213 qua:
1245 4153 1525 4213 antequam
1557 4145 1787 4209 veniant,
1812 4143 1984 4199 adhuc

406 4258 513 4298 non
561 4249 717 4305 sunt;
739 4253 861 4294 cum
903 4238 1164 4300 venerint,
1194 4235 1302 4303 jam
1335 4250 1439 4289 non
1489 4244 1644 4289 erunt
1673 4254 1685 4290 :
1711 4250 1812 4289 non
1842 4238 1981 4290 enim

405 4342 465 4387 ιιι
487 4331 661 4387 adsint
684 4328 920 4393 veniunt,
947 4326 1042 4381 sed
1072 4334 1128 4379 ut
1153 4340 1256 4380 non
1284 4325 1409 4379 sint.
1431 4324 1604 4391 Mane,
1635 4325 1685 4381 id
1710 4334 1793 4380 est
1816 4327 1982 4396 prius,

407 4424 537 4478 sicut
549 4420 704 4489 barba
727 4404 967 4480 transeat,
996 4432 1143 4470 mane
1167 4418 1364 4487 ﬂoreat,
1390 4427 1435 4470 et
1458 4426 1983 4488 praetereatwespere,

407 4515 461 4570 id
510 4521 614 4581 est,
645 4520 847 4582 postea,
879 4508 1097 4576 decidat,
1139 4510 1402 4574 durescat,
1433 4519 1477 4564 et
1514 4520 1725 4579 arescat.
1758 4508 1984 4575 Decidat,

408 4608 590 4678 utique
607 4607 658 4661 in
687 4613 890 4669 morte;
918 4602 1166 4667 durescat,
1185 4603 1235 4656 in
1265 4602 1521 4658 cadavere
1545 4619 1560 4667 ;
1586 4612 1775 4657 arescat
1796 4603 1845 4656 in
1876 4604 1991 4672 pul-

408 4713 556 4755 vere.
577 4697 730 4765 Quas,
760 4696 859 4750 nisi
883 4709 1027 4758 caro,
1055 4694 1143 4748 ubi
1172 4702 1256 4749 est
1280 4694 1702 4764 concupiscentia
1742 4694 1988 4748 damnata

409 4786 736 4845 carnalium?
755 4785 939 4842 Omnis
967 4785 1107 4839 enim
1138 4799 1266 4840 caro
1283 4785 1558 4855 fenumket
1583 4785 1796 4840 claritas
1819 4783 1991 4839 homi-

410 4882 497 4938 nis
542 4888 600 4936 ut
637 4880 736 4935 llos
779 4876 923 4933 feni:
953 4876 1129 4931 fenum
1174 4875 1335 4942 aruit,
1362 4875 1462 4931 ﬂos
1500 4875 1730 4942 decidit;
1770 4875 1986 4930 verbum

410 4984 588 5032 autem
615 4970 823 5029 Domini
847 4977 1027 5025 manet
1051 4969 1103 5023 in
1138 4977 1395 5025 aeternum
1425 4967 1575 5037 (Isai.
1609 4985 1695 5034 χι,
1721 4968 1774 5034 6,
1802 4969 1881 5038 8).

486 5068 535 5122 7.
566 5064 716 5139 [θεῖε.
743 5061 821 5134 7.]
851 5062 998 5116 lianc
1024 5069 1198 5116 autem
1221 5078 1430 5131 pmnam
1456 5062 1524 5118 de
1546 5074 1763 5129 peccato
1788 5064 1990 5119 venisse

413 5173 518 5212 non
548 5167 747 5222 tacens,
767 5153 1016 5209 continuo
1068 5152 1289 5221 subjecit
1324 5171 1337 5206 :
1371 5153 1617 5218 Quoniam
1647 5154 1916 5223 defecimus
1938 5156 1989 5208 in

414 5250 492 5302 ira
518 5258 622 5311 tua,
649 5258 695 5302 et
722 5248 773 5301 in
794 5238 1137 5316 indignatione
1183 5254 1271 5297 tua
1314 5245 1599 5298 conturbati
1624 5261 1816 5297 sumus.
1846 5245 1994 5316 Defe-

416 5344 595 5404 cimus,
613 5341 665 5395 in
691 5339 996 5395 inﬁrmitate
1019 5337 1328 5401 ;conturbati
1354 5352 1544 5396 sumus,
1565 5336 1751 5390 mortis
1779 5336 1986 5390 timore.

420 5432 617 5487 Inﬁrmi
664 5433 803 5488 enim
836 5432 956 5487 facti
988 5444 1193 5494 sumus,
1225 5437 1279 5482 et
1306 5428 1660 5481 inﬁrmitatem
1695 5428 1843 5481 linire
1882 5438 1989 5492 tre~

418 5526 684 5599 pidamus.
711 5526 847 5578 Alter
869 5536 933 5592 te,
965 5525 1150 5594 inqttit,
1170 5523 1353 5593 cinget,
1387 5530 1430 5575 et
1456 5524 1579 5592 feret
1600 5537 1696 5594 quo
1718 5530 1767 5574 tu
1794 5537 1891 5575 non
1921 5520 1989 5573 ris

481 5640 497 5670 ³
536 5635 757 5697 Plerique
790 5643 915 5685 Mss.
939 5632 1118 5695 vigilia.

478 5701 501 5737 ι
531 5704 604 5751 ltr.
630 5695 800 5747 Venet.
828 5704 953 5743 t.ov.:
982 5702 1031 5746 et
1050 5695 1177 5752 quor!
1198 5707 1292 5744 eos.
1383 5702 1435 5745 tt.

480 5763 503 5805 ι
534 5768 607 5819 ετ.
633 5765 824 5819 \‘eneL,
849 5757 1199 5811 cbrndermtur.
1263 5762 1320 5806 Μ.

1586 288 1644 347 S.
1683 281 2057 345 AUGUSTlNl
2097 281 2397 342 EPISCOPI
2478 267 2487 274 ’

3483 289 3622 344 1146

2054 397 2227 469 (Joan.
2261 399 2508 467 xxt,18);
2551 401 2791 470 quamvis
2831 402 3080 473 martyrio
3125 417 3228 457 non
3258 394 3617 473 ‘puniendum,

2048 490 2143 546 sed
2170 490 2529 546 coronandum
2552 493 2567 524 ¹
2602 510 2616 545 :
2664 502 2718 548 et
2746 494 2908 565 ipsius
2935 494 3139 549 Domini
3171 495 3344 550 anima
3372 512 3467 552 nos
3488 497 3540 563 in
3565 514 3628 554 se

2053 582 2454 651 transﬁgurans,
2488 584 2652 665 tristis
2680 594 2797 641 erat
2839 602 3003 656 usque
3048 587 3114 641 ad
3159 597 3382 643 mortem
3410 589 3623 660 (Matth.

2050 689 2194 740 xxvr,
2225 674 2314 746 '58)
2343 691 2357 741 ;
2386 676 2635 745 quoniam
2661 685 2714 730 et
2738 676 2945 731 Domini
2991 678 3164 733 exitus
3206 680 3414 735 nonnisi
3443 685 3630 736 mortis

2054 766 2220 837 (Psal.
2254 783 2420 834 uvn,
2468 767 2579 838 21).

2123 866 2177 922 8.
2209 864 2356 939 [vers
2387 867 2466 939 8.]
2493 865 2715 923 Posuisti
2743 868 3026 939 iniquitates
3068 872 3264 923 nostras
3287 870 3338 923 in
3363 880 3631 940 conspectu
3661 874 3671 889 '

2056 966 2140 1011 tuo
2172 974 2191 1011 :
2211 957 2261 1013 id
2280 966 2382 1022 est,
2413 974 2517 1013 non
2542 958 2608 1014 ab
2628 959 2705 1015 eis
2739 958 3102 1014 dissimulasti.
3124 959 3379 1015 Sa’culum
3406 969 3635 1015 nostrum

2056 1048 2109 1101 in
2129 1048 2492 1104 illmninatioue
2506 1051 2668 1105 vultus
2684 1051 2756 1105 tui
2776 1066 2797 1106 :
2821 1051 3151 1119 subauditur,
3175 1052 3403 1118 posuisti.
3422 1051 3487 1105 In
3514 1053 3638 1107 illu-

2057 1140 2328 1194 ntinatiouc
2353 1151 2528 1196 autem
2576 1142 2742 1197 vultus
2778 1142 2855 1195 tui
2893 1141 3044 1208 dixit,
3072 1141 3213 1215 quod
3258 1144 3535 1212 superius,
3581 1145 3637 1197 in

2060 1242 2327 1299 conspectu
2371 1242 2490 1299 tuo,
2515 1240 2570 1286 et
2594 1233 2832 1287 saxulum
2870 1242 3097 1287 nostrum
3120 1273 3135 1297 ,
3182 1232 3323 1304 quod
3367 1234 3633 1304 superius,

2060 1323 2343 1393 iniquitates
2365 1334 2580 1377 nostras.

2133 1392 2185 1471 9.
2220 1414 2368 1488 [pars
2395 1416 2446 1479 9,
2478 1414 2587 1488 1υ.]
2614 1392 2863 1483 Quoniam
2890 1431 3059 1469 omnes
3100 1413 3206 1469 dies
3248 1415 3406 1468 nostri
3443 1415 3641 1484 defece-

2062 1516 2197 1572 runt,
2229 1517 2274 1560 et
2301 1508 2353 1561 in
2378 1507 2455 1560 ira
2481 1516 2567 1560 tua
2591 1507 2883 1579 defecimus.
2907 1506 3048 1563 Satis
3070 1507 3120 1562 in
3150 1507 3233 1561 bis
3258 1507 3434 1561 verbis
3454 1521 3640 1562 osum-

2062 1599 2203 1653 ditur
2230 1597 2451 1667 pcenalis
2476 1612 2594 1653 esse
2630 1597 2729 1652 ista
2770 1597 3082 1652 mortalitas.
3114 1596 3378 1653 Defecisse
3413 1597 3526 1652 dies
3555 1598 3645 1651 di-

2063 1691 2155 1757 cit,
2184 1691 2299 1746 sive
2326 1689 2468 1760 quoti
2503 1691 2553 1744 in
2580 1690 2657 1745 eis
2685 1688 2930 1744 deﬁciant
2973 1688 3215 1744 homines
3256 1688 3481 1742 amando
3523 1704 3644 1758 qua!

2066 1790 2360 1849 transeunt,
2390 1781 2499 1835 sive
2519 1779 2657 1850 quod
2677 1780 2739 1833 ad
2762 1780 3075 1849 paucitatem
3105 1778 3305 1834 redacti
3333 1780 3471 1844 sint;
3501 1780 3644 1848 quod

2065 1874 2271 1928 videtur
2301 1872 2353 1926 in
2374 1872 2815 1943 consequentibus
2852 1871 3075 1939 aperire,
3100 1886 3219 1924 cum
3249 1870 3375 1923 dicit
3406 1887 3419 1922 :
3455 1889 3473 1921 ι
3508 1869 3645 1922 Auni

2070 1965 2232 2018 nostri
2288 1964 2425 2018 sicut
2476 1979 2669 2018 aranea
2703 1963 3091 2017 meditabantur
3116 1964 3159 2015 ².
3214 1963 3336 2017 Dies
3388 1977 3647 2026 annorum

2070 2066 2373 2112 nostrorum
2405 2058 2456 2111 in
2482 2057 2610 2126 ipsis
2637 2056 2965 2126 septuaginta
2990 2055 3111 2109 anni
3142 2072 3156 2107 :
3193 2055 3238 2109 si
3277 2064 3451 2108 autem
3481 2055 3530 2108 in
3557 2071 3650 2122 po-

2070 2151 2358 2205 tentatibus
2406 2148 2672 2220 octoginta
2704 2150 2848 2210 anni,
2904 2158 2959 2203 et
3004 2149 3231 2218 amplius
3270 2164 3452 2203 eorum
3500 2148 3651 2201 labor

2051 2251 2126 2297 iet
2161 2242 2333 2297 dolor.
2360 2261 2379 2294 ι
2425 2241 2548 2295 Haec
2591 2240 2801 2310 quidem
2852 2239 3010 2293 verba
3048 2238 3295 2295 videntur
3349 2240 3652 2310 expriun-re

2073 2326 2377 2389 brevitatem
2418 2331 2790 2400 miseriamque
2835 2331 2954 2383 vita:
3002 2329 3193 2399 hujus;
3243 2329 3364 2398 quia
3424 2329 3647 2397 longa'vi

2072 2425 2401 2495 appellantur
2434 2425 2531 2477 hoc
2569 2432 2805 2493 tempore
2821 2423 2979 2495 etiam
3007 2421 3093 2491 qui
3122 2422 3449 2491 septuaginta
3480 2435 3651 2475 annos

2073 2505 2337 2570 vixerunt.
2369 2514 2544 2583 Usque
2574 2513 2637 2568 ad
2669 2492 2933 2583 octoginta
2964 2520 3139 2566 autem
3180 2511 3428 2565 videntur
3451 2513 3654 2580 aliquas

2073 2608 2213 2663 vires
2244 2607 2436 2661 habere
2468 2624 2479 2658 :
2514 2606 2591 2660 Itis
2612 2620 2739 2660 vero
2767 2604 2993 2673 amplius
3033 2604 3075 2657 si
3124 2602 3371 2667 vixerint,
3399 2602 3655 2672 multipli-

2074 2700 2208 2754 catis
2253 2698 2432 2754 labore
2480 2697 2757 2753 doloribus
2787 2698 2985 2751 vivunt.
3033 2694 3138 2751 Sed
3182 2694 3335 2767 multi
3380 2704 3434 2748 et
3474 2694 3655 2747 iutra'

2076 2790 2404 2860 septuaginta
2434 2803 2602 2843 annos
2640 2794 2830 2859 gerunt
2870 2786 3281 2841 inﬁrmissimam
3312 2792 3365 2841 et
3392 2801 3657 2839 terumno-

2077 2886 2339 2943 sissimam
2386 2891 2734 2946 senectutem,
2765 2889 2820 2935 et
2849 2896 2991 2951 sa-pe
3020 2880 3158 2935 ultra
3198 2880 3460 2949 octoginta
3489 2894 3657 2932 annos
3720 2876 3728 2891 '

2078 2991 2234 3032 senes
2263 2975 2569 3031 mirabiliter
2593 2975 2772 3044 vigere
2796 2972 3005 3044 probati
3029 2980 3170 3027 sunt.
3201 2972 3383 3026 Melius
3408 2981 3490 3026 est
3531 2988 3658 3039 ergo
3716 3041 3721 3045 '

2079 3069 2131 3123 in
2174 3068 2256 3123 bis
2281 3066 2514 3121 numeris
2542 3065 2815 3135 Spirituale
2854 3063 3053 3133 aliquid
3100 3062 3443 3132 perscrutari.
3476 3061 3660 3131 Neque

2079 3162 2218 3214 enim
2263 3174 2423 3229 super
2453 3157 2588 3211 ﬁlios
2632 3155 2821 3220 Adam,
2851 3170 2946 3225 per
2975 3168 3133 3223 quem
3178 3168 3338 3207 unum
3390 3153 3657 3206 hominem

2081 3261 2357 3323 peccatum
2383 3250 2597 3305 intravit
2617 3249 2667 3302 in
2691 3247 2968 3310 mundum,
2996 3254 3049 3300 et
3076 3261 3169 3315 per
3192 3256 3467 3315 peccaturo
3492 3259 3658 3307 mors,

2081 3355 2133 3397 et
2160 3345 2228 3397 ita
2260 3344 2311 3397 in
2356 3357 2542 3396 omnes
2588 3340 2834 3394 homines
2875 3353 3017 3391 mors
3071 3336 3375 3406 pertransiit
3397 3336 3570 3406 (Itoni.
3603 3351 3659 3399 v,

2083 3437 2199 3506 12),
2243 3435 2410 3506 major
2443 3433 2521 3489 ira
2550 3440 2632 3488 est
2681 3432 2795 3498 Dei,
2841 3431 2961 3501 quia
3012 3430 3178 3484 multo
3232 3429 3445 3483 brevius
3481 3429 3662 3484 vivunt

2083 3543 2238 3599 quam
2266 3528 2510 3583 vixerunt
2533 3524 2764 3594 antiqui;
2793 3537 2912 3576 cum
2932 3529 2986 3575 et
3015 3522 3133 3574 vitm
3157 3520 3391 3590 ipsorum
3419 3510 3567 3573 irrisa
3594 3519 3664 3573 sit

2084 3619 2376 3691 longitudo,
2407 3618 2491 3670 ubi
2548 3616 2694 3669 mille
2735 3615 2856 3667 anui
2908 3612 3197 3682 comparati
3236 3620 3358 3665 sunt
3411 3611 3513 3663 diei
3567 3610 3664 3663 be-

2086 3690 2266 3766 sterno
2286 3722 2441 3779 atque
2462 3707 2751 3777 pra-terito,
2782 3715 2834 3758 et
2855 3705 2998 3759 boris
3026 3704 3191 3758 tribus
3218 3720 3231 3757 :
3258 3713 3313 3758 et
3331 3703 3510 3772 utique
3537 3711 3663 3755 tunc
3703 3690 3723 3711 ’

2086 3806 2308 3861 multum
2366 3804 2650 3865 vivebant,
2694 3800 2906 3871 quando
2957 3799 3088 3853 iram
3122 3798 3211 3853 Dei
3242 3808 3664 3868 provocaverunt

2088 3916 2254 3969 usque
2279 3899 2343 3953 ad
2371 3899 2623 3953 diluvium
2650 3913 2755 3967 quo
2784 3896 3077 3966 perierunt.

2163 3992 2247 4048 10.
2274 3990 2612 4060 Septuaginta
2638 3998 2795 4057 porro
2823 3986 2944 4039 anni
2972 3994 3028 4040 et
3066 3985 3354 4055 octoginta,
3385 3983 3513 4038 ﬁunt
3535 3999 3665 4038 ceu-

2092 4095 2201 4140 ttuu
2225 4081 2634 4156 quinquaginta;
2663 4096 2819 4150 quem
2847 4087 3110 4133 sacratum
3137 4091 3255 4132 esse
3284 4090 3556 4130 numerum
3581 4090 3664 4127 επις

2092 4178 2159 4231 tis
2186 4177 2415 4230 insinuat
2448 4174 2580 4229 liber
2609 4172 2711 4226 iste
2731 4170 3083 4225 Psalmorum.
3116 4166 3262 4221 Hanc
3303 4167 3442 4221 enim
3474 4164 3667 4220 habent

2090 4266 2142 4321 in
2164 4264 2545 4334 signiﬁcatione
2565 4263 2825 4316 rationem
2849 4267 3061 4314 centum
3082 4257 3483 4327 quinquaginta,
3508 4272 3665 4325 quam

2089 4356 2387 4428 quindecim
2424 4373 2433 4408 :
2467 4354 2554 4424 qui
2583 4365 2833 4407 numerus
2873 4350 2930 4403 ﬁt
2966 4357 3167 4418 septem
3199 4355 3254 4401 et
3291 4356 3410 4401 octo
3438 4345 3666 4415 conjun-
3734 4400 3753 4410 ,

2091 4450 2228 4512 etis;
2261 4461 2482 4516 quorum
2516 4444 2716 4515 primus
2744 4442 2972 4496 insinuat
2997 4448 3213 4509 propter
3236 4437 3440 4491 sabbati
3483 4437 3664 4491 obser-

2096 4541 2357 4595 vationem
2410 4537 2801 4591 Tcsmmentum
2832 4533 3015 4597 Vetus,
3044 4529 3309 4587 secundus
3352 4528 3664 4584 Testamen-

2095 4642 2202 4685 tum
2253 4629 2455 4684 Novnm
2506 4638 2718 4698 propter
2760 4626 2965 4679 Domini
3008 4623 3473 4678 resurrectionem.
3537 4621 3668 4674 liinc

2092 4732 2215 4779 sunt
2243 4722 2293 4776 in
2319 4720 2515 4790 templo
2543 4712 2838 4789 quindecim
2867 4715 3061 4784 gradus
3085 4732 3098 4777 ;
3130 4714 3254 4767 hinc
3282 4722 3403 4768 sunt
3434 4712 3483 4763 in
3526 4710 3668 4764 Ρεοιι-

2093 4818 2193 4871 tuis
2214 4814 2510 4886 quindecim
2542 4811 2743 4866 cantica
2765 4809 3055 4879 graduum:
3090 4808 3214 4862 hinc
3242 4804 3539 4876 quindecim
3571 4818 3669 4856 eu-

2092 4909 2215 4965 bitis
2238 4920 2475 4963 summos
2503 4912 2706 4957 montes
2727 4917 2858 4971 aqua
2900 4899 3080 4953 diluvii
3104 4898 3373 4968 superavit
3396 4894 3546 4965 (Gen.
3574 4911 3667 4958 vn,

2092 5001 2221 5072 29);
2253 5010 2306 5055 ct
2354 4998 2611 5068 siquibus
2659 4995 2777 5047 aliis
2819 4993 2949 5046 locis
2991 4999 3232 5045 sacratus
3269 4989 3671 5043 commendatur

2095 5093 2181 5148 ltic
2213 5105 2478 5145 numerus.
2515 5088 2676 5157 Ergo,
2697 5085 2831 5138 Anni
2869 5084 3055 5146 nostri,
3082 5082 3289 5151 inquit,
3330 5082 3455 5134 sicut
3484 5098 3672 5133 aranea

2096 5182 2482 5237 meditabantur.
2540 5178 2594 5231 in
2649 5178 2805 5231 rebus
2861 5174 3293 5244 corruptibilibus
3340 5174 3666 5239 laboramus,

2158 5379 2173 5409 ¹
2210 5379 2282 5426 sic
2304 5377 2484 5438 aliquot
2500 5381 2605 5423 Mss.
2633 5372 2734 5432 alii,
2768 5371 2974 5435 martyri
2996 5384 3090 5438 non
3113 5370 3381 5438 prodendo,
3419 5368 3505 5418 sed
3534 5382 3661 5438 coro-

2095 5440 2269 5490 nando.
2298 5447 2351 5486 At
2373 5432 2503 5489 Rud,
2527 5441 2760 5497 martyrio
2781 5447 2873 5482 non
2898 5432 3168 5495 wpuniendo,
3193 5433 3277 5483 sed
3299 5432 3589 5497 €0t‘0)_t_t_md0.

2158 5504 2177 5533 ²
2213 5500 2342 5555 Edd.,
2387 5490 2754 5547 na’dttrtbwitar.
2794 5490 3069 5557 Lugendum
3111 5508 3218 5543 eum
3257 5490 3499 5541 nonnullis
3540 5499 3671 5557 ayss”

2095 5552 2460 5613 meditabantur.
2484 5562 2617 5621 juxta
2639 5565 2767 5614 LXX,
2786 5552 3012 5621 embleton
3038 5568 3056 5604 :
3075 5569 3181 5621 nam
3194 5556 3244 5621 id
3270 5561 3434 5621 postea
3460 5552 3670 5621 capticat

2096 5626 2260 5673 verbis
2281 5636 2370 5671 non
2399 5614 2540 5669 futuri
2580 5621 2828 5683 temporis,
2855 5619 2941 5667 sed
2973 5619 3205 5680 praeteriti
3230 5614 3514 5678 imperfecti,
3530 5614 3673 5664 bibo-

2096 5688 2335 5740 turbamus,
2359 5684 2647 5731 teretwnus.

2160 5750 2177 5781 ³
2214 5738 2409 5807 nemus
2472 5756 2595 5796 ante.
2622 5752 2758 5794 forte
2784 5741 2899 5806 ἰδέη
2931 5738 3073 5804 infra.
