4038 6208
346 281 492 379 ms

349 435 715 502 corruptibilia
749 449 908 506 Opera
960 435 1265 503 texebamus
1297 455 1310 492 :
1339 452 1454 507 quae
1485 452 1602 492 nos.
1632 435 1925 492 secundum

348 529 540 583 lsniam
571 527 904 598 pmphetam,
929 527 1146 582 minime
1165 528 1513 599 contegebant
1539 527 1687 597 (lsai.
1719 545 1822 592 ux,
1845 528 1928 597 6);

348 621 479 674 Dies
503 637 748 679 annorum
777 621 1145 674 nostrorum'in
1194 621 1316 691 ipsis
1343 623 1658 692 septuaginta
1685 622 1806 674 anni
1836 637 1854 674 :
1883 622 1928 676 si

347 722 517 764 autem
539 711 589 763 in
609 710 947 779 potentatibus
968 712 1219 781 octoginta
1243 712 1567 766 anni.‘Aliud
1595 721 1676 767 est
1695 713 1747 764 in
1779 713 1922 781 ipsis,

343 802 488 857 aliud
513 802 567 855 in
594 800 945 869 potentatibus.
988 800 1054 855 In
1087 803 1244 871 ipsis,
1271 802 1372 856 hoc
1419 812 1501 858 est
1544 803 1594 856 in
1638 803 1789 856 annis
1841 802 1924 856 vel

345 893 537 949 diebus
569 893 698 962 ipsis
745 892 882 962 quod
931 892 1087 946 datur
1112 893 1330 963 intelligi
1363 893 1414 947 in
1444 892 1817 961 temporalibus
1840 908 1925 946 re-

341 984 447 1038 bus
478 1003 491 1037 :
519 983 642 1038 ideo
671 985 1028 1053 septuaginta;
1056 985 1178 1053 quia
1226 984 1528 1053 temporalia
1562 983 1793 1053 promitti
1844 983 1922 1034 vi-

341 1075 541 1129 dentur
579 1074 630 1128 in
649 1074 843 1128 Vetere
864 1073 1220 1128 Testamento.
1265 1074 1324 1129 Si
1347 1085 1532 1139 autem,
1564 1091 1666 1128 non
1695 1075 1746 1129 in
1797 1074 1922 1143 ipsis

340 1167 520 1230 annis,
547 1165 640 1220 sed
696 1165 750 1218 in
795 1165 1144 1234 potentatibus,
1179 1165 1228 1219 id
1245 1177 1344 1230 ρει,
1371 1181 1474 1219 non
1514 1167 1564 1219 in
1605 1166 1764 1220 rebus
1795 1176 1923 1220 tem-

341 1256 641 1324 poralibus,
675 1254 768 1310 sed
817 1256 869 1309 in
909 1256 1142 1320 :rternis,
1171 1256 1423 1327 octoginta
1463 1257 1626 1319 anni;
1652 1257 1789 1326 quod
1817 1256 1919 1310 No-

340 1361 468 1399 vum
499 1346 898 1400 Testamentum
926 1347 976 1400 itt
1008 1361 1104 1415 spe
1152 1356 1232 1400 est
1276 1346 1634 1400 renovationis
1661 1356 1714 1401 et
1740 1362 1920 1400 resur-

339 1438 598 1492 rectionis
627 1438 680 1490 in
706 1446 961 1490 mternum
992 1455 1005 1490 :
1033 1445 1076 1490 et
1095 1436 1311 1506 amplius
1327 1453 1495 1490 eorum
1523 1437 1662 1490 labor
1687 1447 1733 1490 et
1754 1436 1920 1502 dolor,-

339 1528 394 1583 id
424 1537 526 1595 est,
553 1529 794 1599 quisquis
831 1528 970 1583 hanc
1003 1528 1162 1582 ﬁdem
1189 1528 1592 1598 transgreditur,
1624 1538 1676 1582 et
1695 1527 1922 1596 amplius

340 1619 544 1689 aliquid
574 1620 781 1689 quaerit,
817 1619 1026 1675 labores
1065 1619 1266 1674 invenit
1302 1627 1355 1672 et
1383 1617 1613 1672 dolores.
1643 1619 1824 1672 Potest
1869 1629 1924 1673 et

339 1711 426 1765 sic
456 1710 673 1782 intelligi
705 1728 718 1764 :
749 1711 880 1779 Quia
912 1710 1038 1766 licet
1058 1711 1108 1764 in
1153 1709 1297 1764 Novo
1337 1710 1676 1765 Testamento
1723 1710 1923 1765 consti-

341 1801 447 1855 tuti
491 1801 688 1867 simus,
741 1800 882 1871 quod
928 1801 1302 1870 octogenarius
1349 1800 1608 1870 signiﬁcat
1647 1817 1920 1863 numerus,

342 1892 576 1961 amplius
615 1891 776 1947 habet
827 1891 941 1946 haec
966 1892 1070 1944 vita
1117 1901 1295 1945 nostra
1331 1891 1567 1944 laborem
1586 1899 1638 1944 ct
1658 1891 1917 1954 dolorem,

342 1985 470 2040 dum
493 1987 544 2039 in
574 1985 969 2054 nobismetipsis
1011 1985 1429 2055 ingemiscitnus,
1466 1984 1802 2054 adoptionem
1831 2000 1924 2037 cx-

342 2085 650 2147 spcctantes
677 2077 1093 2147 redemptionem
1139 2078 1377 2146 corporis
1416 2077 1578 2129 nostri
1614 2093 1626 2131 :
1659 2091 1753 2144 spe
1781 2077 1920 2130 enim

343 2166 475 2222 salvi
498 2167 623 2222 facti
644 2182 859 2232 sumus;
885 2176 938 2222 et
960 2167 1098 2236 quod
1132 2168 1363 2223 nondum
1407 2167 1666 2226 videmus,
1718 2182 1811 2235 per
1834 2182 1923 2235 pa-

343 2260 585 2315 ticntiam
612 2272 980 2330 exspectamus
1019 2260 1192 2333 (Rom.
1224 2277 1335 2323 vm,
1364 2260 1573 2331 25.25).
1604 2260 1672 2314 Et
1714 2259 1814 2314 hoc
1857 2259 1923 2313 ad

348 2351 772 2425 misericordiam
803 2353 893 2407 Dei
925 2353 1149 2422 pertinet
1176 2370 1188 2404 :
1218 2351 1356 2406 unde
1385 2353 1641 2422 sequitur,
1671 2361 1721 2426 et
1755 2350 1918 2416 dicit,

346 2441 602 2506 Quoniam
625 2443 910 2511 supervenit
936 2459 1084 2512 super
1112 2459 1201 2496 nos
1229 2441 1577 2506 mansuetudo,
1606 2451 1654 2496 et
1680 2442 1921 2510 corripie-

343 2552 476 2589 mur.
498 2535 669 2603 Quem
692 2535 831 2590 enim
870 2535 1038 2605 diligit
1091 2535 1344 2588 Dominus
1367 2575 1380 2596 ,
1409 2535 1624 2602 corripit
1650 2550 1663 2597 ;
1693 2532 1924 2600 ﬂagellat

345 2637 525 2683 autem
570 2643 783 2683 omnem
832 2627 1018 2693 ﬁlium,
1043 2642 1200 2696 quem
1228 2625 1610 2695 recipit(Hebr.
1636 2641 1725 2687 ιιι,
1757 2625 1812 2692 6)
1840 2631 1924 2677 :et

344 2719 440 2775 dat
464 2720 625 2774 etiam
654 2719 858 2789 magnis
886 2718 1195 2789 quibusdam
1226 2717 1493 2771 stimulum
1535 2717 1728 2779 carnis,
1760 2731 1786 2768 a
1819 2731 1923 2784 quo

342 2811 767 2880 colaphizentur,
793 2809 1208 2864 ne'estollantur
1233 2808 1284 2862 in
1317 2807 1670 2878 magnitudine
1713 2806 1922 2860 revela.

344 2904 550 2956 tionum
604 2917 840 2965 suarum,
889 2910 945 2955 ut
987 2903 1152 2955 virtus
1203 2902 1254 2954 in
1291 2899 1594 2954 inﬁrmitate
1625 2898 1924 2968 perficiatur

347 2994 411 3064 (η
439 2994 560 3048 Cor.
590 3010 685 3058 xu,
715 2994 767 3060 7,
795 2993 872 3063 9).
917 2992 1139 3060 Quidam
1177 3007 1305 3047 sane
1341 2991 1552 3045 codices
1574 3005 1677 3044 non
1708 2989 1920 3052 habent,

343 3086 830 3158 torripiemur;sed
883 3085 1186 3149 erudiemur,
1212 3083 1349 3153 quod
1380 3083 1443 3136 ad
1488 3083 1726 3138 eamdem
1769 3097 1922 3135 man-

343 3177 682 3233 suetudinem
739 3185 1037 3232 revocatur.
1099 3175 1214 3230 Non
1281 3175 1421 3229 enim
1498 3183 1672 3244 potest
1725 3174 1924 3229 erudiri

344 3271 626 3342 quisquam
647 3271 764 3326 sine
794 3270 976 3325 labore
1021 3278 1075 3325 et
1117 3268 1302 3325 dolore
1326 3285 1340 3335 ;
1363 3269 1482 3339 quia
1505 3268 1672 3323 virtus
1697 3268 1747 3322 in
1779 3269 1926 3322 inﬁr-

345 3362 533 3417 mitate
560 3359 849 3431 perficitur.

418 3455 508 3509 Η.
540 3451 690 3526 [vers.
723 3453 810 3517 H,
843 3451 950 3526 ιη
987 3453 1110 3521 Quis
1139 3453 1270 3507 novit
1300 3462 1590 3523 potestatem
1617 3454 1707 3507 irce
1735 3462 1850 3517 tute,
1878 3461 1925 3510 et

346 3559 458 3614 prta
471 3545 648 3597 timore
675 3553 758 3597 tuo
774 3544 900 3597 iram
923 3552 1059 3596 tuam
1086 3543 1435 3598 dinumerare?
1451 3542 1613 3598 Valde
1638 3558 1924 3613 paucorum

347 3637 623 3691 hominum
653 3645 753 3702 est,
785 3636 972 3705 inquit,
1000 3651 1156 3690 nosse
1184 3637 1272 3690 ira:
1298 3645 1401 3691 tua:
1430 3644 1771 3705 potestatem;
1801 3637 1923 3705 quia

348 3728 717 3804 plerisqueqita
745 3728 944 3796 magis,
971 3742 1090 3782 cum
1115 3727 1284 3795 parcis
1303 3767 1318 3791 ,
1348 3726 1591 3782 irasceris
1610 3769 1624 3791 ,
1655 3737 1832 3781 utnon
1858 3727 1924 3781 ad

351 3822 488 3876 iram
510 3863 525 3884 ,
554 3821 644 3876 sed
691 3821 865 3890 potius
889 3820 954 3874 ad
996 3819 1454 3877 mansuetudinem
1483 3829 1622 3874 tuam
1661 3821 1926 3889 pertinere

349 3912 677 3982 intelligatur
695 3912 845 3966 labor
869 3919 922 3964 et
937 3910 1107 3974 dolor,
1125 3925 1229 3980 quo
1255 3911 1475 3978 corripis
1495 3910 1778 3980 crudisque
1795 3925 1927 3980 quos

347 4005 550 4076 diligis,
579 4019 643 4058 ne
669 4005 838 4074 poenis
860 4004 1230 4059 excrucientur
1255 4002 1464 4056 arternis
1490 4017 1502 4052 :
1529 4002 1662 4056 sicut
1688 4002 1828 4055 enim
1853 4002 1927 4055 le-

346 4097 492 4166 gitur
518 4097 569 4149 in
596 4097 702 4150 alio
724 4096 927 4166 psalmo
947 4136 962 4160 ,
993 4093 1216 4148 Irritavit
1249 4092 1514 4147 Dominum
1544 4103 1808 4161 peccator;
1836 4109 1927 4163 pro

346 4189 697 4260 magnitudine
717 4189 805 4242 ira:
828 4203 933 4242 sure
957 4204 1056 4241 non
1079 4187 1299 4256 exquiret
1323 4170 1489 4255 (Ρῖςαί.
1521 4201 1574 4249 x,
1593 4185 1668 4256 .l).
1702 4185 1825 4250 Quis
1846 4201 1929 4239 er-

346 4298 416 4353 go
448 4281 619 4347 novit,
651 4279 702 4334 id
730 4289 844 4346 est,
875 4279 1289 4348 quotusquisque
1319 4277 1580 4347 reperitur
1603 4276 1928 4355 qui‘noverit

347 4382 649 4444 potestatem
671 4372 760 4425 irae
785 4381 882 4424 tua:
899 4412 914 4436 ,
942 4379 985 4424 et
1012 4386 1116 4440 pra:
1144 4370 1316 4423 timore
1345 4379 1428 4422 tuo
1455 4369 1582 4420 iram
1611 4376 1746 4420 tuam
1775 4368 1928 4420 dinu-

348 4466 589 4519 merare?
614 4463 783 4519 Etiam
813 4463 897 4518 hic
922 4462 1249 4526 subauditur,
1279 4462 1387 4532 quis
1413 4447 1565 4514 ndvit.
1595 4461 1762 4527 Quam
1790 4460 1929 4515 diffi-

347 4556 456 4610 cile
488 4554 747 4608 invenitur
771 4554 858 4624 qui
889 4553 1092 4607 noverit
1121 4553 1190 4606 ita
1215 4568 1325 4621 pra:
1353 4553 1540 4605 timore
1571 4561 1658 4604 tuo
1683 4551 1921 4605 dinume-

351 4661 480 4701 rare
507 4646 638 4699 iram
665 4654 830 4710 tuam,
859 4654 916 4698 ut
941 4645 1099 4700 etiam
1128 4643 1230 4697 hoc
1258 4641 1434 4707 addat,
1465 4652 1518 4696 et
1543 4641 1607 4696 ad
1635 4657 1748 4697 eam
1779 4642 1930 4696 intel-

351 4739 484 4807 ligat
511 4737 798 4804 pertinere,
827 4735 966 4806 quod
994 4734 1280 4797 nonnullis,
1307 4734 1496 4804 quibus
1522 4733 1637 4802 plus
1664 4734 1926 4797 irasceris,

352 4843 577 4900 parcere
604 4828 864 4894 videaris,
894 4837 949 4880 ut
977 4835 1314 4897 prosperetur
1340 4837 1585 4896 peccator
1612 4827 1660 4880 in
1685 4829 1766 4880 via
1795 4842 1885 4880 sua
1911 4868 1926 4892 ,

350 4935 404 4976 ct
432 4924 635 4991 majora
665 4923 884 4991 recipiat
909 4923 958 4974 in
989 4921 1315 4976 novissimo?
1342 4921 1579 4975 Potestas
1605 4922 1800 4991 quippe
1828 4921 1928 4974 Int-

351 5031 527 5071 mana:
574 5016 668 5069 ira:
695 5030 813 5068 cum
842 5028 1033 5082 corpus
1072 5012 1354 5077 occiderit,
1387 5013 1611 5081 amplius
1640 5029 1741 5065 non
1774 5011 1932 5066 habet

346 5109 481 5180 quid
509 5107 695 5173 faciat;
715 5107 856 5162 Deus
871 5121 997 5161 vero
1024 5105 1182 5159 habet
1209 5113 1519 5173 potestatem
1547 5104 1698 5158 ethic
1725 5104 1926 5172 punire,

344 5209 404 5256 et
435 5208 562 5270 post
575 5199 815 5269 corporis
844 5207 1068 5252 mortem
1094 5197 1304 5251 mittere
1326 5197 1376 5251 in
1406 5197 1700 5265 gehennam
1719 5196 1926 5263 (illan/1.

344 5309 403 5353 χ,
425 5293 544 5360 28).
580 5291 648 5345 Et
676 5307 704 5344 a
737 5292 913 5360 paucis
938 5289 1156 5346 eruditis
1183 5290 1350 5358 major
1377 5291 1493 5358 ejus
1523 5291 1596 5342 ira
1627 5291 1931 5359 intelligitur

341 5400 489 5438 vana
521 5392 576 5438 et
601 5382 897 5438 seductoria
929 5381 1149 5436 felicitas
1193 5381 1489 5449 impiorum.
1523 5380 1668 5434 llanc
1711 5381 1797 5433 illo
1833 5398 1928 5433 von

341 5485 598 5541 noverat,
625 5476 772 5540 cujus
803 5490 933 5544 pene
961 5472 1208 5528 commoti
1234 5482 1356 5526 sunt
1382 5471 1566 5540 pedes,
1589 5473 1709 5541 quia
1741 5473 1932 5526 zelavit

337 5567 403 5624 in
433 5557 806 5636 peccatoribus
825 5606 840 5631 ,
871 5579 1052 5633 pacem
1083 5572 1417 5633 peccatorum
1448 5563 1657 5616 intuens
1690 5581 1702 5615 ε
1735 5563 1828 5621 sed
1853 5563 1935 5617 di-

335 5660 481 5714 dicit
510 5673 654 5725 cam,
687 5671 805 5712 cum
840 5658 1061 5711 intraret
1086 5656 1139 5710 in
1168 5655 1518 5710 sanctuarium
1552 5654 1662 5716 Dei,
1689 5665 1742 5710 et
1771 5655 1931 5708 intel-

343 5753 549 5824 ligeret
575 5752 628 5806 in
657 5742 938 5808 novissima
970 5748 1136 5821 (Psal.
1169 5765 1328 5817 uxn,
1349 5749 1402 5817 2,
1428 5749 1480 5817 5,
1514 5750 1598 5819 l7)
1616 5766 1628 5814 ;
1647 5764 1753 5819 quo
1779 5752 1928 5820 pauci

1421 319 1814 379 ENARRATIO
1846 318 1908 374 IN
1952 315 2266 376 PSALMUM
2307 322 2589 378 LXXXIX.

3475 328 3608 381 {Hii

2038 432 2269 500 intrant,
2304 445 2358 488 ut
2387 436 2592 491 discant
2620 455 2724 507 prze
2753 439 2939 493 timore
2986 438 3075 492 Dei
3118 437 3450 494 dinumerare
3480 441 3608 493 iram

2033 525 2169 591 ejus,
2188 536 2241 581 et
2263 531 2662 597 prosperitatcm
2693 531 2962 586 hominum
2993 530 3251 585 malorum
3280 548 3611 601 numeroap-

2033 617 2229 686 plicare
2259 636 2550 687 pinnarum.

2107 709 2189 762 l3.
2226 710 2494 765 Dexteram
2523 723 2658 766 tuam
2685 713 2757 766 sic
2786 724 2955 767 notam
2984 715 3084 782 fac.
3119 713 3227 768 Hoc
3267 714 3406 769 enim
3440 715 3605 784 magis

2030 798 2226 854 habent
2254 802 2464 856 codices
2488 805 2679 872 gneci;
2712 821 2813 857 non
2841 807 2977 858 sicut
3001 804 3210 873 quidam
3239 804 3416 868 latini,
3463 804 3601 858 Dex-

2031 900 2184 943 teraut
2215 902 2347 944 tuam
2374 905 2542 946 notum
2583 897 2663 966 [uc
2688 896 2828 947 mihi.
2858 895 2992 961 Quid
3036 904 3115 948 est
3140 911 3299 965 ergo,
3332 894 3603 949 Dexterant

2030 989 2167 1034 tuam
2191 985 2258 1035 sic
2285 994 2452 1036 notum
2477 986 2597 1053 fac;
2629 987 2727 1039 nisi
2766 985 3033 1039 Christum
3079 995 3258 1050 tuum,
3300 986 3364 1039 de
3390 1001 3493 1054 quo
3520 986 3602 1039 di-

2028 1083 2168 1127 ctum
2194 1085 2272 1127 cst
2295 1118 2308 1140 ,
2343 1076 2404 1128 Et
2435 1078 2689 1130 brae/tium
2720 1077 2920 1131 Dontini
2949 1078 3028 1130 cui
3054 1077 3323 1130 revelatum
3353 1089 3420 1131 est
3451 1077 3600 1147 (lsai.

2028 1153 2116 1218 un
2139 1208 2152 1230 ,
2187 1166 2239 1236 1)
2263 1208 2276 1230 ,
2308 1168 2383 1220 sic
2409 1179 2587 1221 notum
2618 1168 2696 1222 fac
2717 1211 2730 1232 ,
2757 1179 2815 1222 ut
2836 1170 2886 1222 in
2912 1184 2976 1222 eo
2995 1169 3202 1222 discant
3231 1168 3411 1222 ﬁdeles
3440 1169 3508 1222 tui
3541 1186 3600 1222 ea

2027 1258 2193 1326 magis
2222 1273 2251 1310 a
2283 1268 2331 1313 te
2362 1274 2580 1327 poscere
2618 1268 2671 1313 et
2697 1276 2911 1329 sperare
2940 1260 3154 1328 praemia
3199 1259 3321 1312 ﬁdei
3349 1275 3464 1328 quze
3496 1274 3598 1312 non

2027 1358 2284 1417 apparent
2315 1350 2363 1402 in
2393 1349 2583 1405 Vetere
2604 1351 2963 1416 Testamento,
2989 1353 3079 1404 sed
3106 1351 3407 1405 revelantur
3430 1349 3482 1402 in
3501 1350 3604 1402 No-

2028 1453 2126 1501 vo;
2162 1454 2225 1492 ne
2267 1441 2591 1494 arbitrentur
2622 1458 2714 1511 pro
2742 1457 2929 1508 magno
2958 1441 3252 1495 habendam
3284 1451 3337 1494 ct
3379 1442 3598 1509 cupien-

2027 1528 2147 1582 dam
2175 1530 2255 1582 vel
2273 1530 2618 1584 adamandam
2647 1548 2764 1587 esse
2791 1541 3117 1586 terrenarum
3145 1546 3206 1584 ac
3233 1531 3598 1599 tetttporaliutn

2026 1617 2284 1672 bonorum
2318 1619 2637 1685 felicitatem,
2671 1630 2724 1675 et
2749 1631 3180 1676 commoveantur
3205 1620 3366 1690 pedes
3392 1635 3598 1682 eorum,

2027 1727 2145 1765 cum
2171 1714 2542 1768 eamviderent
2568 1725 2619 1768 et
2645 1715 2695 1768 in
2727 1716 2802 1768 eis
2829 1716 2916 1784 qui
2947 1723 2995 1768 te
3023 1731 3125 1768 non
3155 1713 3435 1775 colunt;et
3457 1729 3603 1782 gres-

2027 1818 2117 1857 sus
2147 1820 2326 1858 eorum
2356 1806 2691 1860 effundantur
2717 1807 2768 1861 in
2814 1808 3016 1877 lapsum
3039 1847 3053 1872 ,
3082 1806 3207 1861 dum
3236 1808 3479 1860 nesciunt
3517 1806 3600 1860 di-

2028 1909 2304 1949 numerare
2333 1896 2460 1948 iram
2507 1896 2688 1949 tuam?
2719 1897 2951 1966 Denique
2976 1895 3266 1950 secundum
3297 1895 3433 1949 hanc
3473 1910 3598 1949 ora-

2029 1985 2225 2040 tionem
2255 1987 2481 2038 hominis
2507 1986 2588 2040 sni
2609 2029 2622 2053 ,
2656 1988 2731 2041 sic
2755 1997 2933 2040 notum
2966 1986 3090 2041 fecit
3113 1987 3378 2040 Christum
3406 2001 3559 2040 Suum
3586 2026 3599 2049 ,

2027 2087 2084 2130 ttt
2108 2078 2214 2130 suis
2242 2078 2574 2146 passionibus
2599 2079 3007 2142 demonstraret,
3030 2094 3132 2131 non
3157 2093 3217 2131 ea
3245 2093 3461 2131 munera
3485 2094 3603 2146 qua:

2026 2171 2271 2225 videntur
2294 2185 2483 2225 sonare
2513 2172 2563 2224 in
2594 2171 2783 2226 Vetere
2809 2171 3147 2226 Testamento
3167 2212 3181 2236 ,
3216 2171 3301 2224 ubi
3333 2178 3455 2222 sunt
3483 2186 3602 2223 um-

2028 2262 2135 2316 brae
2163 2261 2457 2316 futurorum
2478 2304 2492 2326 ,
2524 2262 2614 2316 sed
2644 2271 2837 2315 aeterna
2867 2277 2987 2316 esse
3030 2260 3468 2330 concupiscenda.
3498 2260 3602 2313 Po-

2029 2365 2132 2410 test
2170 2355 2220 2409 itt
2253 2355 2354 2410 isto
2395 2371 2552 2409 sensu
2579 2356 2736 2408 etiam
2765 2343 2854 2409 Dei
2885 2354 3103 2408 dextera
3134 2354 3387 2422 intelligi,
3422 2354 3470 2406 in
3498 2369 3599 2421 qua

2023 2447 2193 2518 justos
2236 2447 2456 2501 suos-ab
2486 2448 2660 2517 impiis
2703 2447 3000 2517 segregabit
3030 2465 3042 2498 :
3077 2447 3196 2515 quia
3227 2455 3279 2499 et
3326 2446 3438 2512 ipsa
3467 2446 3599 2499 bene

2027 2543 2102 2595 sic
2131 2541 2407 2595 innotescit
2429 2581 2444 2606 ,
2477 2556 2594 2594 cum
2625 2538 2852 2618 flagellat
2879 2554 3092 2592 omnem
3136 2538 3298 2591 tilium
3329 2553 3484 2606 quem
3517 2551 3599 2591 rc-

2027 2632 2184 2701 cipit,
2218 2647 2316 2686 nec
2358 2632 2408 2685 in
2440 2630 2667 2700 peccatis
2695 2631 2804 2684 suis
2836 2629 3136 2699 prosperari
3180 2629 3305 2683 sinit
3347 2627 3463 2697 plus
3492 2630 3598 2680 ira-

2027 2723 2255 2788 scendo,
2289 2724 2380 2778 sed
2412 2724 2461 2777 in
2495 2722 2930 2785 mansuetudine,
2967 2722 3178 2775 sinistra
3206 2722 3221 2751 ¹
3255 2719 3517 2789 flagellat,
3551 2728 3602 2771 ttt

2027 2815 2360 2868 emendatum
2407 2814 2471 2866 ad
2518 2814 2796 2867 dexteram
2843 2821 3004 2880 ponat
3036 2811 3260 2882 (Matth.
3297 2826 3410 2863 xxv
3436 2851 3450 2875 ,
3497 2810 3600 2872 5:2,

2028 2907 2158 2976 55).
2212 2907 2277 2958 Et
2306 2906 2434 2959 illud
2466 2905 2604 2974 quod
2654 2905 2889 2974 plerique
2919 2903 3130 2958 codices
3177 2903 3410 2968 habent,
3461 2902 3600 2956 Dea:-

2006 3002 2183 3052 'teram
2233 3007 2369 3050 tuam
2416 3007 2584 3050 notant
2632 3000 2711 3064 {ac
2754 2995 2923 3059 mihi,
2973 2994 3038 3048 ad
3088 3004 3370 3063 utrumque
3416 2991 3602 3046 referri

2028 3097 2239 3161 potest,
2271 3089 2386 3143 sive
2431 3087 2496 3142 ad
2544 3087 2807 3141 Christum
2833 3129 2848 3152 ,
2880 3085 2995 3140 sive
3036 3084 3102 3138 ad
3132 3094 3383 3138 :etcrnam
3431 3082 3601 3138 felici-

2028 3191 2187 3236 tatem
2223 3199 2235 3234 :
2269 3195 2388 3234 nam
2420 3179 2578 3233 Deus-
2605 3179 2673 3232 ita
2723 3193 2828 3232 non
2879 3176 3037 3231 habet
3081 3175 3371 3244 corporalis
3420 3174 3603 3226 forma:

2028 3272 2355 3336 dexteram,
2407 3270 2542 3325 sicut
2589 3284 2687 3325 nec
2738 3268 2871 3323 iram
2921 3266 3366 3323 commotionibus
3415 3265 3602 3320 turbu-

2028 3363 2248 3418 lentam.

2101 3456 2186 3510 15.
2218 3454 2367 3523 Quod
2400 3470 2522 3509 vero
2548 3453 2816 3524 adiungit,
2853 3452 2914 3506 Et
2943 3452 3246 3522 compeditos
3272 3451 3419 3506 corde
3443 3452 3493 3504 in
3523 3467 3605 3505 sa-

2031 3545 2215 3615 pientia
2235 3563 2253 3598 :
2275 3545 2360 3598 aiii
2385 3543 2592 3598 codices
2618 3560 2723 3597 non
2750 3543 2966 3605 habent,
2997 3542 3322 3610 compeditos,
3351 3541 3465 3603 sed,
3489 3557 3604 3593 eru—

2031 3639 2180 3692 ditos.
2209 3637 2442 3692 Verbum
2471 3637 2608 3690 enim
2635 3650 2865 3705 gnecum
2895 3634 2962 3686 ita
3003 3634 3055 3686 in
3084 3643 3304 3701 utraque
3339 3632 3604 3701 significa-

2031 3730 2174 3784 tione
2203 3730 2446 3783 similiter
2469 3736 2641 3791 sonat,
2664 3736 2718 3780 ut
2741 3741 2842 3780 una
2870 3725 3070 3795 syllaba
3091 3725 3357 3794 paululum
3376 3723 3601 3778 differat.

2031 3821 2136 3875 Sed
2181 3836 2298 3874 cum
2330 3821 2403 3874 illi
2447 3819 2755 3873 erudiuntur
2783 3818 2835 3872 in
2879 3817 3133 3887 sapientia
3153 3858 3168 3883 ,
3199 3817 3287 3886 qui
3318 3816 3560 3883 injiciunt
3583 3857 3598 3881 ,

2031 3913 2167 3967 sicut
2191 3911 2444 3980 scriptum
2474 3919 2576 3972 est,
2607 3909 2777 3978 pedem
2805 3909 2857 3962 in
2885 3908 3146 3979 compedes
3175 3909 3283 3978 ejus
3316 3905 3498 3978 (Eccli.
3530 3924 3601 3973 vt,

2029 4003 2120 4076 25)
2151 4003 2276 4075 (non
2307 4003 2487 4071 utique
2512 4000 2698 4070 pedem
2725 4001 2962 4066 corporis
2983 4040 2998 4064 ,
3029 4000 3122 4053 sed
3153 4000 3339 4068 pedem
3363 3997 3562 4068 cordis)
3587 4040 3601 4063 ,

2030 4105 2084 4151 et
2112 4095 2228 4164 ejus’
2241 4094 2385 4148 velut
2412 4093 2588 4147 aureis
2607 4091 2830 4146 vinculis
2855 4091 3038 4161 illigati
3056 4106 3082 4144 a
3101 4091 3184 4145 via
3204 4090 3295 4145 Dei
3322 4105 3425 4145 non
3451 4105 3605 4144 exor-

2033 4186 2200 4240 bitant
2221 4227 2234 4247 ,
2263 4199 2360 4238 nec
2388 4184 2517 4238 ﬁunt
2541 4183 2607 4237 ab
2631 4182 2720 4237 illo
2747 4181 2980 4252 fugitivi;
3010 4181 3281 4251 quodlibet
3308 4181 3492 4237 horum
3523 4181 3602 4234 le-

2031 4290 2202 4350 gatur,
2222 4281 2363 4333 salva
2390 4289 2470 4331 est
2491 4276 2748 4330 sententia
2775 4275 3030 4330 veritatis.
3053 4275 3118 4328 Et
3147 4274 3291 4343 ipsos
3313 4274 3453 4328 enim
3470 4290 3606 4326 com-

2033 4369 2225 4440 peditos
2242 4409 2257 4434 ,
2285 4367 2369 4422 vel
2399 4366 2619 4420 eruditos
2646 4365 2794 4419 corde
2820 4365 2872 4418 in
2897 4365 3143 4433 sapientia
3172 4365 3249 4418 sic
3287 4373 3441 4418 notos
3469 4364 3606 4417 Deus

2032 4461 2157 4514 fecit
2199 4460 2250 4513 in
2276 4459 2422 4514 Novo
2452 4458 2791 4513 Testamento
2811 4498 2824 4521 ,
2853 4467 2912 4511 ut
2952 4473 3050 4526 pro
3077 4456 3179 4512 ﬁde
3207 4472 3364 4527 quam
3393 4456 3606 4511 Judteo-

2033 4569 2150 4608 rum
2181 4562 2234 4607 et
2274 4553 2559 4608 Gentilium
2587 4551 2943 4606 detestabatur
2969 4550 3242 4618 impietas,
3269 4549 3443 4603 omnia
3473 4563 3604 4602 con-

2035 4653 2364 4710 temnerent;
2394 4652 2448 4700 et
2475 4644 2552 4699 eis
2589 4659 2648 4698 se
2678 4641 2871 4712 privari
2900 4650 3234 4713 paterentur,
3267 4656 3384 4711 quae
3414 4655 3603 4709 magna

2033 4749 2220 4810 putant
2250 4737 2507 4808 promissa
2539 4738 2591 4791 in
2621 4736 2810 4790 Vetere
2837 4734 3180 4789 Testamento
3206 4733 3296 4804 qui
3324 4733 3609 4788 carnaliter

2029 4831 2287 4901 judicant.

2109 4923 2192 4975 tl.
2227 4920 2373 4991 [vers
2411 4917 2518 4989 15.]
2553 4918 2616 4973 Et
2645 4916 2891 4988 quoniam
2918 4931 3036 4970 cum
3063 4916 3138 4970 sic
3159 4916 3267 4972 noti
3295 4915 3514 4977 ﬁerent,
3549 4922 3603 4966 ut
3671 4961 3678 4972 ,

2036 5012 2120 5066 illa
2163 5019 2593 5073 contemnerent,
2627 5017 2680 5062 et
2706 5007 3066 5062 dcsiderandis
3085 5005 3303 5090 .aeternis
3346 5019 3438 5072 per
3480 5017 3602 5056 suas

2037 5103 2308 5172 passiones
2336 5100 2689 5154 testimonium
2718 5099 3059 5169 perhiberent
3087 5095 3248 5166 (unde
3268 5104 3319 5150 ct
3346 5103 3504 5147 testes
3525 5093 3606 5146 di-

2034 5194 2104 5247 cti
2134 5201 2282 5251 sunt:
2307 5191 2385 5246 sic
2409 5191 2546 5245 enim
2573 5205 2744 5260 grrece
2769 5198 3028 5258 martyres
3053 5181 3422 5254 appellantur),
3445 5183 3607 5237 multa

2037 5291 2090 5337 et
2117 5282 2338 5336 multum
2366 5281 2502 5335 mala
2519 5290 2571 5334 et
2595 5279 2784 5334 acerba
2810 5277 3115 5346 temporalia
3135 5274 3490 5345 pertulerunt;
3511 5273 3612 5332 huc

2036 5375 2260 5430 attendit
2302 5374 2401 5428 iste
2431 5374 2590 5428 homo
2620 5373 2746 5434 Dei,
2791 5380 2843 5425 et
2871 5369 3086 5438 spiritus
3132 5367 3474 5440 propheticus
3523 5387 3616 5439 per

2036 5467 2200 5538 Moysi
2231 5466 2536 5520 vocabulum
2585 5467 2836 5534 figuratus
2857 5504 2870 5524 ,
2899 5469 2952 5515 et
2992 5464 3069 5518 ait
3100 5483 3112 5518 :
3146 5465 3468 5530 Convertere,
3503 5463 3612 5516 Do-

2035 5560 2200 5622 mine;
2234 5555 2524 5628 quousque?
2551 5565 2596 5608 et
2624 5553 2950 5624 deprecabilis
2977 5565 3078 5610 esto
3105 5571 3255 5626 super
3281 5569 3446 5610 servos
3477 5564 3609 5607 tuos.

2071 5694 2132 5763 f‘
2154 5691 2286 5805 I‘Edd.,
2330 5690 2587 5742 sinistram.
2632 5685 2818 5754 Aliquot
2844 5696 2967 5754 Mss,
2994 5686 3239 5740 sinistrum
3266 5699 3284 5740 :
3317 5693 3368 5738 et
3404 5682 3614 5751 quidam,

2071 5767 2156 5805 tms
2177 5765 2250 5804 ra.
2787 5777 2794 5782 -

2041 5765 2250 5808 sinistra.
2787 5777 2794 5782 ·
