4024 6210
456 410 589 464 1147

455 525 564 578 Vox
591 530 673 577 est
697 535 910 579 eorum,
944 516 1023 568 vel
1056 525 1149 582 pro
1175 510 1252 565 cis
1273 550 1287 575 ,
1331 508 1419 578 qui
1447 507 1609 562 multa
1631 547 1647 572 ,
1677 513 2024 575 persequente

452 617 555 671 isto
592 613 786 668 saeculo
805 652 819 673 ,
852 607 987 661 mala
1017 604 1338 667 tolerantes,
1369 600 1708 653 innotescunt
1744 593 2029 664 compediti

454 706 614 760 corde
641 705 691 755 in
719 698 1067 768 sapientia,ut
1089 708 1187 748 nec
1216 694 1373 746 tantis
1401 690 1555 766 malis
1575 686 1745 742 coacti
1771 684 2032 754 refugiant.

454 813 484 849 a
517 793 736 847 Domino
759 789 822 842 ad
853 784 1211 861 hujns~szeculi
1255 784 1414 839 bona.
1442 779 1742 836 Secundum
1765 785 1941 829 autem
1967 775 2031 829 il-

455 886 541 940 lud
569 882 709 954 quod
750 881 876 934 alibi
910 882 1163 948 scriptum
1193 884 1304 939 est,
1340 874 1607 942 Quousque
1647 870 1829 924 avertis
1855 868 2035 938 [aciem

456 990 593 1031 luant
621 992 651 1028 a
683 991 758 1028 me
785 973 952 1045 (Psal.
986 988 1080 1037 xn,
1112 969 1201 1041 l)?
1230 970 1400 1024 Etiam
1428 967 1531 1022 hoc
1550 965 1748 1019 dictum
1772 971 1875 1027 est,
1903 961 2036 1014 Con-

458 1079 641 1124 vertere
660 1110 675 1132 ,
707 1068 955 1129 Domine;
992 1062 1286 1139 quousque?
1316 1062 1379 1116 L‘t
1407 1069 1466 1113 nt
1492 1057 1660 1113 sciant
1688 1056 1778 1126 qui
1815 1054 2037 1107 multum

458 1162 743 1216 carnaliter
763 1162 795 1199 ίι
814 1159 925 1213 Deo
967 1158 1203 1211 tribuunt
1243 1153 1457 1208 humani
1498 1150 1739 1219 corporis
1769 1147 1992 1201 formam
2018 1186 2036 1210 ,

460 1255 791 1308 aversionem
809 1250 983 1311 vultus
1007 1250 1123 1317 ejus
1148 1256 1200 1301 et
1229 1245 1628 1301 conversionem
1649 1256 1752 1295 non
1785 1238 1896 1293 ﬁeri
1923 1253 2040 1291 mo-

462 1355 517 1400 tu
546 1345 702 1399 simili
736 1344 964 1399 motibus
990 1340 1227 1410 corporis
1257 1337 1453 1401 nostri;
1478 1337 1530 1390 in
1562 1336 1663 1389 hoc
1689 1331 1875 1389 eodem
1897 1330 2040 1403 psal-

466 1454 555 1491 mo
581 1436 817 1491 recidant
843 1434 1117 1503 superiora
1149 1449 1163 1484 :
1196 1429 1420 1484 Posuisti
1448 1427 1733 1492 iniquitates
1764 1434 1962 1477 nostras
1990 1422 2041 1475 in

466 1537 733 1596 conspectu
763 1536 867 1591 tuo,
897 1524 1137 1579 statutum
1161 1532 1387 1576 nostrum
1414 1519 1466 1572 in
1492 1516 1857 1572 illuminatione
1880 1514 2044 1567 vultus

469 1623 561 1675 tui.
590 1619 866 1688 Quomodo
890 1633 1017 1688 ergo
1039 1616 1126 1670 hic
1148 1615 1306 1680 dicit,
1337 1611 1658 1674 Convertere,
1693 1618 1750 1662 ut
1775 1608 1844 1662 sit
1872 1606 2046 1675 propi-

471 1714 575 1766 tius
596 1754 609 1776 ,
644 1711 789 1780 quasi
819 1710 1006 1764 faciem
1032 1706 1310 1760 avertisset
1336 1704 1534 1766 iratus;
1562 1715 1681 1754 cum
1718 1698 1788 1752 ibi
1814 1699 1890 1752 sic
1917 1696 2046 1750 insi-

472 1812 599 1857 nnet
634 1802 859 1863 iratum,
888 1812 945 1853 ιιι
973 1815 1077 1853 non
1103 1796 1355 1852 averterit
1380 1793 1567 1848 faciem
1592 1791 1658 1846 ab
1685 1788 2048 1860 iniquitatibus

473 1905 528 1950 et
552 1895 749 1950 steculo
776 1909 961 1949 eorum
986 1892 1177 1963 quibus
1208 1892 1527 1944 irasceretur
1545 1927 1560 1954 ,
1589 1884 1680 1940 sed
1705 1898 1766 1938 ea
1797 1881 1971 1952 potius
1994 1882 2047 1934 in

474 1996 761 2055 conspectu
784 2000 880 2040 suo
903 1995 956 2037 ct
983 1985 1036 2038 in
1064 1981 1451 2037 illuminatione
1471 1978 1644 2032 vultus
1671 1976 1748 2030 sui
1777 1974 2049 2045 posuerit?

474 2080 623 2148 Quod
645 2091 819 2133 autem
845 2079 1057 2144 dicitur,
1090 2091 1362 2147 quousque,
1390 2072 1607 2126 verbum
1633 2081 1714 2125 est
1740 2067 2047 2137 orantisju-

475 2172 654 2237 stiti-.e,
678 2188 781 2224 non
810 2170 1129 2241 indignantis
1157 2166 1519 2237 impatientia.
1536 2162 1674 2219 Sane
1691 2160 1832 2233 quod
1855 2159 1941 2214 hic
1960 2173 2054 2229 po-

476 2263 635 2317 situm
661 2275 762 2329 est,
780 2260 1106 2332 deprecab‘ilis
1129 2269 1262 2322 esto;
1279 2258 1366 2311 alii
1387 2256 1605 2311 verbum
1627 2268 1657 2309 e
1677 2253 1860 2320 verbo,
1877 2252 2051 2321 depre-

476 2370 611 2418 care,
632 2352 961 2423 interpretati
982 2360 1124 2406 sunt.
1145 2349 1248 2405 Sed
1266 2350 1353 2419 qui
1375 2348 1468 2414 ait,
1487 2344 1814 2417 deprecabilis
1833 2352 1955 2408 esto,
1975 2343 2051 2394 vi-

479 2448 610 2500 tavit
623 2445 924 2514 ambiguum
941 2458 957 2509 ;
976 2443 1095 2514 quia
1113 2439 1383 2511 deprecari
1403 2453 1685 2493 commune
1702 2450 1782 2492 vet
1798 2434 1919 2489 bum
1937 2441 2016 2489 est
2035 2451 2049 2486 :

478 2552 599 2590 nam
618 2546 669 2591 et
697 2536 781 2589 ille
800 2535 1115 2605 deprecatur
1129 2534 1216 2602 qui
1234 2529 1661 2600 deprecationem
1690 2525 1878 2590 fundit,
1895 2533 1948 2579 et
1965 2525 2053 2579 ille

476 2628 561 2682 cui
590 2627 852 2691 tunditur;
880 2625 1106 2680 dicimus
1130 2623 1272 2678 enim
1293 2663 1309 2688 ,
1341 2621 1605 2691 Deprecor
1630 2629 1682 2673 te
1700 2658 1716 2685 ,
1744 2628 1833 2685 et,
1859 2616 2052 2687 depre—

476 2733 571 2772 COI’
597 2733 625 2771 3
659 2727 729 2771 ιε.

552 2808 637 2861 15.
671 2804 818 2879 [υθτε.
840 2806 926 2870 14,
948 2802 1059 2877 15.]
1080 2803 1279 2859 Deinde
1304 2803 1391 2857 illa
1412 2802 1547 2857 bona
1565 2817 1682 2871 qua:
1710 2800 1879 2854 futura
1907 2808 2051 2866 sunt,

478 2917 574 2970 spe
598 2901 927 2969 anticipans,
957 2907 1010 2953 et
1049 2898 1193 2952 velut
1213 2897 1322 2966 jam
1356 2897 1485 2949 facta
1516 2893 1773 2959 deputans
1809 2910 1824 2947 :
1861 2892 2055 2961 Repleti

480 3010 670 3056 sunms,
693 2992 880 3061 inquit,
901 3009 1045 3059 inane
1070 2991 1407 3044 misericordia
1433 2999 1537 3041 tua.
1568 2988 1703 3055 Ergo
1725 2984 1776 3040 in
1806 2986 1889 3040 his
1913 2986 2055 3040 velut

479 3082 1061 3138 nocturnis‘laboribus
1088 3092 1140 3135 et
1165 3081 1433 3135 doloribus
1464 3078 1735 3148 prephetia
1768 3077 1919 3132 nobis
1963 3069 2080 3131 aco.

480 3192 638 3230 censa
666 3185 746 3230 cst
764 3216 779 3240 ,
812 3176 947 3227 sicut
983 3175 1193 3227 lucerna
1221 3173 1275 3225 in
1303 3172 1529 3225 obscnro
1555 3171 1669 3224 loco
1690 3211 1705 3233 ,
1745 3169 1915 3223 donec
1940 3168 2055 3222 dies

481 3268 730 3329 lucescat,
754 3275 807 3325 et
833 3266 1021 3319 lucifer
1039 3264 1238 3318 oriatur
1267 3263 1316 3316 in
1344 3262 1591 3315 cordibus
1615 3261 1810 3314 nostris
1826 3260 1891 3328 (ll
1911 3258 2054 3314 Petr.

480 3374 534 3423 ι,
564 3358 673 3428 19).
702 3357 848 3411 Beati
881 3357 1021 3409 enim
1066 3356 1245 3409 mundi
1277 3353 1469 3419 corde,
1500 3353 1620 3421 quia
1659 3352 1756 3421 ipsi
1786 3354 1947 3405 Deum
1973 3350 2056 3404 vi-

480 3451 701 3505 debunt.
747 3450 895 3503 Tune
925 3448 1266 3518 replebontur
1290 3462 1355 3502 eo
1381 3447 1519 3500 bono
1544 3446 1708 3515 justi,
1750 3446 1889 3515 quod
1919 3459 2058 3501 nunc

480 3542 720 3597 esuriant
743 3551 797 3596 et
839 3542 1021 3594 sitiunt
1048 3538 1258 3608 (Matth.
1292 3554 1361 3603 v,
1391 3538 1458 3603 8,
1492 3537 1580 3607 6),
1612 3553 1731 3592 cum
1760 3553 1856 3608 per
1898 3536 2055 3592 ﬁdem

424 3698 429 3707 ἱ
481 3635 812 3688 ambulantes
855 3632 1253 3702 peregrinantur
1281 3642 1309 3683 ιι
1342 3631 1568 3685 Domino’
1597 3628 1678 3699 (ll
1707 3628 1824 3682 Cor.
1852 3644 1916 3692 v,
1959 3627 2054 3701 6).

486 3724 634 3781 Unde
658 3733 712 3778 ct
737 3723 859 3778 illud
888 3724 1098 3789 dicitur,
1128 3721 1358 3793 Replebis
1380 3738 1458 3776 me
1481 3721 1654 3776 lwtitia
1677 3737 1791 3775 cum
1810 3722 1946 3775 vultu
1971 3730 2057 3776 tua

483 3817 668 3891 (Psal.
716 3834 812 3882 xv,
848 3818 905 3872 ll
931 3816 972 3888 ).
1008 3817 1155 3870 Mane
1196 3815 1443 3870 astabtmt
1467 3822 1519 3869 et
1559 3815 2058 3884 Contemplahnmur

481 3909 650 3981 (Psal.
681 3927 711 3964 v
733 3954 746 3977 ,
778 3911 872 3977 5');
903 3920 988 3972 et,
1019 3910 1151 3963 sicut
1176 3908 1265 3963 alii
1302 3907 1550 3962 dixerunt
1576 3907 1890 3975 interpretes
1910 3950 1923 3967 ,
1951 3905 2056 3961 Sa-

475 4006 591 4068 ,tiati
621 4021 791 4059 sumus
819 4020 963 4056 mane
999 4001 1335 4056 misericordia
1365 4009 1482 4067 tua,
1531 4013 1654 4056 tunc
1680 4000 2009 4056 satiabuntur
2039 4020 2053 4055 :

480 4098 616 4151 sient
640 4096 780 4151 enim
808 4095 933 4150 alibi
958 4095 1050 4159 ait,
1082 4094 1337 4157 Satiabor,
1369 4094 1489 4145 dum
1519 4092 1913 4163 manifestabitur
1940 4093 2055 4162 glo-

479 4192 557 4246 ria
587 4202 671 4245 tua
698 4191 716 4263 (
744 4190 886 4245 Psal.
926 4205 1012 4244 xvt
1033 4232 1047 4255 ,
1079 4190 1204 4258 15).
1234 4187 1384 4242 Unde
1417 4186 1640 4247 dicitur,
1674 4185 1889 4239 Ostende
1918 4188 2057 4241 nobis

484 4283 710 4346 Patrem,
731 4292 774 4334 et
790 4282 967 4350 sufﬁcit
994 4280 1162 4341 nobis;
1180 4288 1338 4347 atque
1364 4276 1475 4344 ipse
1494 4275 1744 4328 Dominus
1762 4277 1854 4338 ait,
1878 4275 2056 4330 Osten-

481 4374 599 4426 dam
623 4371 863 4441 meipsum
892 4371 968 4423 illi
993 4367 1171 4439 (Joan.
1204 4383 1311 4434 xrv,
1336 4367 1390 4433 8,
1411 4364 1503 4437 2|)
1538 4382 1550 4419 :
1584 4366 1721 4436 quod
1749 4366 1919 4421 donec
1943 4368 2051 4433 liat,

481 4463 609 4517 nihil
636 4461 759 4516 boni
789 4460 940 4515 nobis
974 4460 1199 4522 sufﬁcit;
1231 4472 1330 4512 nec
1358 4458 1600 4512 sufﬁcere
1627 4458 1782 4512 debet
1801 4500 1813 4519 ,
1863 4474 1930 4513 ne
1957 4459 2053 4513 de-

481 4554 732 4610 siderium
764 4562 1005 4607 nostrum
1036 4551 1089 4604 in
1116 4550 1199 4603 via
1230 4557 1528 4612 remaneat,
1559 4548 1696 4617 quod
1724 4548 1893 4602 donec
1936 4565 2055 4618 per-

482 4646 656 4707 veniat
692 4642 1084 4699 cxtendendnm
1112 4650 1211 4697 est.
1246 4641 1443 4711 Repleti
1471 4657 1643 4693 sunms
1671 4656 1818 4692 uiane
1859 4640 2055 4694 miseri-

479 4736 651 4791 cordia
676 4726 852 4801 tua;et
877 4734 1249 4799 exsultavintus,
1272 4742 1319 4786 et
1340 4731 1606 4799 jucundati
1628 4747 1800 4784 sumus
1820 4731 1840 4761 ³
1872 4732 1922 4783 in
1949 4748 2056 4784 om—

480 4829 625 4881 nibus
649 4825 820 4879 diebus
844 4825 1046 4878 nostris.
1072 4824 1192 4877 Dies
1218 4823 1324 4886 ille,
1345 4821 1461 4875 dies
1484 4830 1565 4875 est
1592 4822 1706 4874 sine
1732 4821 1854 4875 line.
1885 4820 2055 4878 Simul

480 4930 601 4975 sunt
644 4919 719 4974 illi
749 4932 935 4982 omnes
977 4917 1123 4981 dies;
1154 4915 1272 4969 ideo
1298 4914 1508 4968 satiant.
1541 4912 1652 4967 Non
1698 4914 1837 4967 cnim
1868 4929 2053 4970 succe-

479 5013 725 5069 dentibus
764 5010 992 5071 cedunt,
1037 5008 1122 5063 ubi
1152 5014 1365 5061 nonest
1402 5005 1598 5075 aliquid
1638 5004 1777 5074 quod
1821 5019 1926 5058 non
1957 5020 2051 5060 ve-

480 5104 677 5160 niendo
702 5100 935 5156 nondum
960 5100 1061 5167 sit,
1092 5106 1143 5151 et
1171 5095 1432 5151 veniendo
1466 5095 1575 5165 jam
1604 5110 1708 5149 non
1738 5093 1823 5149 sit.
1854 5094 2053 5150 Omnes

480 5195 637 5249 simul
663 5201 807 5258 sunt,
825 5191 946 5262 quia
977 5204 1111 5244 unus
1132 5197 1212 5242 est
1235 5184 1326 5257 qui
1353 5184 1456 5240 stat
1478 5195 1532 5241 et
1557 5200 1661 5239 non
1690 5186 1877 5239 transit
1901 5203 1912 5237 :
1940 5186 2051 5255 ipsa

482 5296 562 5341 est
586 5285 873 5342 mternitas.
900 5284 963 5338 Hi
987 5291 1109 5336 sunt
1137 5281 1250 5335 dies
1275 5278 1341 5333 de
1366 5279 1553 5348 quibus
1581 5277 1774 5332 dicitur
1796 5294 1809 5330 :
1839 5278 1963 5345 Quis
1983 5288 2053 5332 est

484 5379 628 5432 homo
652 5380 737 5449 qui
768 5377 874 5432 vult
907 5377 1057 5431 vitam
1078 5415 1092 5441 ,
1122 5383 1166 5428 et
1196 5372 1357 5445 diligit
1384 5373 1549 5427 videre
1572 5372 1675 5426 dies
1698 5371 1852 5425 bonos
1881 5370 2049 5443 (Psal.

461 5533 464 5536 ,
487 5485 665 5535 xxxnt,
697 5470 825 5540 15)?
855 5469 916 5525 lli
942 5469 1056 5524 dies
1083 5477 1134 5522 ct
1163 5466 1268 5520 alio
1296 5466 1413 5520 loco
1433 5464 1556 5518 anni
1587 5463 1938 5539 appellantur,
1964 5463 2050 5517 ubi

483 5561 592 5613 Deo
613 5561 805 5615 dicitur
828 5578 842 5614 :
864 5560 945 5614 Tu
972 5570 1135 5615 autem
1157 5558 1288 5611 idem
1312 5557 1421 5627 ipse
1448 5572 1518 5621 es,
1538 5564 1583 5609 et
1608 5555 1728 5609 anni
1755 5556 1824 5608 tui
1848 5571 1947 5607 non
1965 5554 2052 5608 de-

482 5652 669 5723 ﬁcient.
700 5651 814 5706 Non
841 5653 979 5706 enim
1009 5652 1130 5705 anni
1158 5659 1282 5705 sunt
1307 5649 1396 5719 qui
1441 5662 1539 5720 pro
1566 5646 1728 5701 nihilo
1752 5645 2010 5701 habentur
2032 5684 2047 5711 ,

542 5813 563 5849 ’-
597 5810 679 5857 tlte
700 5808 748 5856 in
776 5804 888 5854 Edd.
914 5803 1115 5861 additur,
1140 5800 1403 5863 sapientes;
1426 5799 1551 5863 quod
1576 5812 1601 5848 a
1623 5806 1724 5847 uss.
1753 5798 1905 5847 abest.

542 5874 562 5904 ι
601 5870 760 5920 t'lures
784 5863 1147 5925 Mss.,detcctuti
1170 5874 1347 5913 sumus.

1682 393 1740 446 S.
1786 385 2147 446 AUGUSTINI
2189 385 2485 447 EPISCOPI

3572 394 3708 447 tua
3774 465 3779 473 _

2134 511 2225 557 aut
2249 503 2362 559 dies
2387 511 2511 559 sunt
2534 503 2622 574 qui
2643 503 2780 560 sicut
2805 503 2990 559 umbra
3012 504 3409 561 declinaverunt
3432 505 3599 579 (Pint.
3633 523 3710 562 Cl.

2131 594 2202 649 28
2222 638 2236 661 ,
2270 593 2361 666 12)
2395 614 2409 650 :
2441 594 2534 650 sed
2577 595 2691 650 dies
2720 604 2844 651 sunt
2869 598 2959 667 qui
2986 606 3110 653 sunt
3130 638 3144 664 ,
3173 613 3395 667 quorum
3428 613 3709 652 numerum

2134 698 2317 743 notum
2360 690 2458 744 sibi
2490 688 2602 745 ﬁeri
2647 690 2960 759 precabatur
2985 691 3073 761 qui
3111 691 3354 755 dicebat,
3403 690 3597 745 Nolunt
3628 696 3715 762 [ac

2135 781 2279 844 mihi,
2298 778 2532 845 Domine,
2553 781 2703 848 linem
2729 797 2892 834 meum
2912 780 3039 857 (quo
3061 781 3418 851 perveniendo
3446 797 3715 848 maneam,

2137 879 2192 924 et
2219 870 2350 924 nihil
2383 871 2602 926 ulterius
2638 872 2745 941 jam
2773 875 3097 943 requiram),
3127 883 3172 927 et
3214 889 3475 927 numerum
3519 876 3722 928 dierum

2139 979 2362 1016 meorum
2383 964 2470 1035 qui
2492 972 2597 1028 est;
2625 964 2807 1034 utique
2832 965 2918 1036 qui
2945 975 3051 1030 est,
3080 981 3185 1019 non
3212 966 3300 1035 qui
3325 982 3428 1020 non
3459 977 3558 1021 cst.
3581 969 3719 1035 Quia

2140 1054 2257 1110 dies
2284 1056 2405 1122 isti,
2446 1056 2512 1110 de
2542 1056 2732 1124 quibus
2760 1067 2813 1112 ct
2838 1057 2945 1112 illic
2972 1066 3360 1129 consequenter
3383 1060 3543 1128 dicit,
3586 1060 3726 1117 Ecce

2141 1156 2324 1199 veteres
2349 1147 2555 1215 posuisti
2590 1148 2694 1200 dies
2720 1164 2854 1201 meos
2879 1147 2898 1217 (
2923 1146 3063 1203 Psal.
3100 1166 3295 1204 xxxvm
3313 1192 3328 1215 ,
3360 1151 3392 1206 5
3412 1192 3427 1215 ,
3455 1151 3566 1222 6),
3607 1168 3724 1208 non

2143 1246 2300 1302 sunt,
2327 1238 2448 1307 quia
2474 1253 2578 1293 non
2606 1247 2781 1305 stant,
2830 1255 2933 1294 non
2960 1249 3205 1305 manent,
3237 1242 3516 1297 celerrima
3542 1255 3724 1298 muta-

2144 1326 2346 1383 bilitate
2376 1338 2770 1395 transcurrunt;
2794 1345 2891 1386 nec
2920 1345 3023 1385 una
3050 1332 3177 1386 hora
3204 1332 3255 1386 in
3284 1333 3362 1386 eis
3389 1334 3727 1391 inveniturin

2144 1434 2247 1488 qua
2293 1419 2363 1473 ita
2391 1420 2589 1486 simus,
2621 1431 2678 1475 ut
2721 1437 2826 1475 non
2855 1421 2956 1481 alia
3001 1437 3123 1487 pars
3150 1422 3266 1493 ejus
3296 1426 3593 1495 transierit,
3621 1428 3730 1482 alia

2147 1520 2365 1566 ventura
2393 1512 2495 1579 sit,
2526 1514 2666 1569 nulla
2693 1522 2799 1568 stet
2841 1522 2897 1568 ιιι
2938 1514 3027 1570 sit.
3059 1514 3137 1569 llli
3164 1523 3337 1571 autem
3364 1518 3488 1572 anni
3529 1530 3583 1573 ct
3607 1519 3732 1575 dies

2147 1619 2253 1659 non
2292 1605 2563 1671 deficiunt,
2595 1607 2646 1661 in
2669 1607 2857 1678 quibus
2882 1623 2982 1662 nec
3007 1593 3104 1663 nos
3131 1608 3456 1673 deﬁciemus,
3486 1611 3579 1667 sed
3607 1615 3731 1681 sine

2148 1699 2353 1754 delectu
2373 1699 2697 1755 reticiemur.
2709 1696 2976 1756 Exzestuet
2992 1702 3166 1756 anima
3184 1712 3363 1757 nostra
3388 1703 3593 1759 illorum
3610 1696 3734 1769 dic-'-

2149 1807 2265 1845 rum
2292 1791 2589 1859 desiderio,
2618 1794 2763 1847 sitiat
2790 1794 3041 1851 ardenter
3079 1804 3235 1867 atque
3263 1796 3635 1866 vehementer;
3671 1810 3735 1855 ut

2151 1882 2260 1936 illic
2276 1881 2449 1952 replea
2458 1900 2595 1951 mur,
2613 1883 2683 1939 ibi
2700 1885 2970 1950 satiemur,
2992 1886 3060 1942 ibi
3077 1886 3315 1942 dicamus
3330 1888 3469 1958 quod
3489 1890 3573 1945 hic
3590 1907 3734 1960 ῃιτιεο

2151 1972 2406 2027 dicimus:
2429 1973 2614 2027 Satiati
2639 1992 2813 2032 sumus
2827 1979 3324 2032 manemisericordia
3354 1988 3531 2046 tua;et
3558 1981 3735 2035 exsul-—

2152 2064 2384 2131 tavimus,
2398 2075 2444 2119 et
2452 2065 2723 2136 jucundati
2736 2085 2906 2122 sumus
2919 2072 2970 2123 in
2982 2068 3207 2124 omnibus
3222 2071 3392 2125 diebus
3409 2072 3605 2125 nostris.
3622 2071 3735 2126 Lar-

2154 2156 2244 2209 tati
2269 2173 2440 2212 sumus
2467 2176 2559 2228 pro
2579 2159 2749 2215 diebus
2761 2160 2937 2232 quibus
2957 2178 3046 2216 nos
3077 2162 3370 2229 humiliasti,
3388 2165 3534 2218 annis
3549 2165 3735 2234 quibus

2152 2247 2364 2302 vidimus
2392 2251 2547 2304 mala.

2225 2341 2311 2396 16.
2344 2339 2492 2413 fuere.
2526 2341 2637 2416 16.]
2667 2343 2815 2399 Nunc
2842 2354 3017 2400 autem
3048 2347 3099 2399 in
3146 2344 3333 2401 diebus
3358 2346 3531 2402 adhuc
3574 2349 3734 2402 mali-

2152 2433 2271 2503 gnis
2296 2433 2531 2489 dicamus
2553 2435 2693 2507 quod
2722 2436 2995 2507 sequitur:
3020 2436 3087 2490 Et
3116 2438 3304 2508 respice
3322 2437 3377 2492 in
3403 2455 3568 2494 servos
3594 2451 3734 2506 tuos,

2153 2532 2200 2576 et
2225 2524 2277 2577 in
2301 2540 2453 2595 opera
2480 2533 2582 2579 tua.
2603 2523 2707 2597 ipsi
2734 2527 2874 2582 enim
2891 2529 3028 2582 servi
3058 2529 3131 2583 tui
3158 2544 3319 2598 opera
3349 2538 3436 2584 tua
3462 2539 3603 2595 sunt,
3624 2547 3736 2587 non

2155 2613 2324 2669 solum
2352 2625 2407 2669 ut
2433 2615 2675 2673 homines
2705 2619 2833 2687 sint,
2861 2619 2955 2674 sed
2980 2621 3139 2675 etiam
3166 2629 3223 2674 ut
3248 2620 3354 2675 sint
3383 2623 3520 2677 servi
3551 2624 3644 2688 Ini,
3681 2625 3736 2680 id

2155 2712 2237 2759 cst
2258 2705 2566 2763 obedientcs
2585 2709 2748 2778 jussis
2776 2711 2897 2765 tuis.
2936 2711 3102 2779 Ipsius
3126 2713 3266 2766 enim
3293 2727 3477 2769 sumus
3507 2713 3737 2784 ﬁgmen-

2157 2803 2286 2860 tum,
2315 2812 2418 2850 non
2448 2797 2618 2852 solum
2650 2799 2701 2853 in
2726 2799 2915 2865 Adam,
2938 2800 3030 2855 sed
3062 2802 3219 2856 etiam
3247 2804 3413 2858 creati
3442 2804 3492 2858 in
3519 2804 3740 2860 Christo

2155 2888 2315 2951 Jesu‘,
2344 2888 2397 2943 in
2434 2890 2682 2959 operibus
2706 2891 2891 2958 bonis,
2933 2908 3050 2963 qum
3081 2896 3397 2964 prmparavit
3428 2897 3563 2951 Deus
3593 2906 3650 2952 ut
3681 2899 3738 2953 in

2158 2980 2259 3033 illis
2280 2980 2609 3035 ambulemus
2627 2980 2839 3053 (Eplies.
2871 3000 2929 3050 ιι,
2950 2980 3057 3058 10).
3081 2984 3219 3040 Dens
3234 2995 3319 3041 est
3341 2989 3480 3042 cnim
3500 2989 3585 3057 qui
3604 3004 3742 3057 epe-

2159 3080 2304 3124 ratur
2330 3071 2381 3123 in
2412 3071 2564 3127 nobis
2589 3081 2642 3127 et
2666 3074 2799 3129 velle
2826 3083 2879 3129 et
2903 3076 3147 3145 operari,
3173 3092 3269 3146 pro
3295 3077 3432 3132 bona
3464 3080 3739 3136 voluntate

2159 3161 2411 3234 (Philipp.
2443 3180 2512 3227 ιι,
2546 3164 2655 3237 15).
2687 3165 2751 3220 Et
2777 3167 2936 3236 dirige
2964 3168 3095 3236 ﬁlios
3124 3185 3297 3223 eorum
3326 3185 3345 3224 :
3377 3168 3431 3224 tit
3461 3171 3563 3224 sint
3603 3172 3740 3227 recti

2158 3255 2338 3321 corde,
2358 3256 2545 3324 quibus
2561 3257 2733 3312 bonus
2752 3267 2833 3313 est
2854 3260 3016 3314 Dens.
3036 3260 3215 3315 Bonus
3231 3262 3372 3316 enim
3394 3263 3528 3317 Dens
3549 3261 3736 3328 Israel,

2158 3344 2252 3401 sed
2274 3347 2430 3401 rectis
2445 3347 2624 3403 corde.
2642 3347 2756 3403 Non
2773 3350 2912 3405 sicut
2932 3350 3020 3406 ille
3036 3354 3119 3406 cui
3137 3353 3387 3407 commoti
3407 3363 3531 3408 sunt
3548 3354 3738 3424 pedes,

2159 3434 2279 3506 quia
2325 3451 2508 3506 pacem
2555 3447 2891 3509 peccatorum
2922 3442 3143 3496 intuenti
3187 3442 3470 3513 displicere
3498 3455 3741 3513 coeperat

2162 3527 2299 3581 Deus
2318 3570 2333 3593 ,
2362 3530 2511 3598 quasi
2538 3529 2634 3584 ista
2673 3532 2914 3586 nesciens
2934 3576 2948 3599 ,
2981 3534 3128 3603 quasi
3170 3534 3267 3593 ista
3294 3550 3398 3589 non
3427 3550 3619 3590 curans
3639 3578 3653 3602 ,
3684 3548 3743 3592 ct

2160 3619 2228 3673 ab
2253 3619 2465 3679 humani
2499 3623 2706 3692 generis
2732 3623 3112 3694 gubernatione
3135 3627 3150 3657 ¹
3182 3625 3521 3681 dissimulans
3560 3625 3739 3697 (Psal.

2160 3727 2299 3765 Lxxn
2320 3754 2335 3776 ,
2370 3711 2540 3783 1-H).

2231 3802 2316 3858 17.
2346 3802 2493 3876 [υενε.
2524 3802 2633 3875 17.]
2658 3804 2722 3858 Ει
2741 3806 2804 3859 sit
2829 3806 3065 3876 splendor
3092 3806 3295 3861 Domini
3318 3806 3414 3862 Dei
3450 3812 3609 3863 nostri
3643 3827 3738 3864 su-

2162 3910 2250 3964 per
2277 3911 2386 3949 nos.
2417 3894 2567 3951 Unde
2592 3896 2781 3951 dicitur
2806 3938 2820 3962 ,
2851 3898 3119 3969 Signatum
3160 3907 3234 3954 est
3256 3917 3407 3970 super
3434 3917 3525 3956 nos
3564 3903 3742 3958 lumen

2158 3988 2323 4042 vultus
2344 3989 2436 4056 tui,
2470 3989 2678 4044 Domine
2704 3989 2871 4062 (Psal.
2905 4007 2973 4056 tv,
3000 3992 3074 4061 7).
3107 3991 3170 4045 Et
3192 4008 3345 4062 opera
3369 4010 3607 4047 manuum
3636 4012 3737 4049 no-

2158 4088 2374 4132 strarum
2397 4079 2552 4150 dirige
2575 4096 2725 4150 super
2750 4097 2839 4135 nos
2860 4097 2879 4135 :
2897 4091 2952 4136 ut
2974 4098 3075 4136 non
3101 4097 3161 4135 ea
3182 4096 3280 4151 pro
3302 4098 3475 4137 rerum
3496 4092 3742 4138 terrena-

2159 4187 2275 4225 rum
2306 4173 2549 4227 mercede
2588 4172 2836 4251 faciamus
2870 4190 2884 4238 ;
2918 4183 3040 4227 tunc
3068 4173 3208 4227 enim
3235 4190 3340 4228 non
3366 4175 3561 4229 directa
3588 4216 3602 4238 ,
3636 4179 3739 4231 sed

2158 4277 2316 4318 curva
2355 4273 2496 4318 sunt.
2520 4264 2631 4318 ιιυο
2654 4280 2817 4335 usque
2843 4265 3097 4334 psalmum
3126 4264 3282 4318 istum
3329 4267 3478 4322 multi
3522 4254 3739 4323 codices

2160 4354 2354 4409 habent
2374 4372 2387 4421 ;
2409 4356 2501 4410 sed
2524 4356 2575 4410 in
2601 4357 2869 4417 nonnullis
2897 4356 3086 4426 legitur
3118 4356 3255 4411 alius
3282 4357 3496 4413 ultimus
3522 4375 3736 4426 versus,

2160 4446 2226 4500 Et
2254 4464 2379 4517 opus
2410 4465 2648 4503 manuum
2674 4460 2954 4503 nostrarum
2981 4448 3154 4520 dirige.
3184 4446 3277 4502 Cui
3300 4451 3470 4504 versui
3511 4451 3739 4522 diligen-

2161 4548 2240 4595 tes
2277 4551 2332 4595 et
2364 4540 2504 4595 docti
2550 4549 2845 4612 prmnotant
2888 4541 3090 4594 stellam
3110 4582 3124 4606 ,
3154 4556 3288 4611 quos
3314 4543 3600 4596 asteriscos
3632 4560 3735 4597 vo-

2159 4639 2281 4685 cant
2302 4674 2317 4697 ,
2347 4632 2534 4699 quibus
2581 4632 2877 4703 signiﬁcant
2912 4648 2973 4687 ea
3019 4644 3134 4702 qam
3163 4634 3214 4687 in
3244 4633 3455 4689 hebraro
3500 4635 3583 4688 vel
3612 4637 3738 4692 aliis

2158 4720 2537 4792 interpretibus
2563 4724 2747 4794 graccis
2776 4724 3129 4793 reperiuntur,
3163 4725 3213 4778 in
3239 4725 3573 4795 Septuaginta
3599 4734 3734 4785 vero

2161 4813 2589 4883 interpretatione
2621 4829 2725 4867 non
2774 4824 2915 4867 sunt.
2947 4815 3115 4880 Quem
3167 4830 3378 4869 versum
3407 4816 3450 4870 si
3504 4816 3738 4874 velimus

2159 4922 2444 4976 exponere,
2469 4907 2518 4960 id
2547 4906 2674 4959 mihi
2698 4907 2906 4961 videtur
2923 4906 3115 4960 habere
3136 4908 3427 4972 sentcntiae,
3456 4909 3593 4977 quod
3617 4926 3740 4964 0m—

2159 4998 2247 5054 nia
2286 5000 2421 5055 bona
2464 5012 2621 5069 opera
2663 5007 2864 5064 uestra,
2897 5014 3057 5052 unum
3103 5014 3238 5067 opus
3288 5010 3370 5053 est
3410 4998 3683 5055 charitatis
3718 5020 3733 5057 :

2158 5090 2429 5159 plenitudo
2457 5089 2598 5145 enim
2624 5089 2779 5160 Legis
2802 5089 3029 5157 charitas
3078 5089 3250 5161 (Rom.
3282 5104 3374 5143 xm
3406 5131 3421 5154 ,
3457 5089 3564 5157 10).
3598 5089 3737 5149 Nam

2157 5182 2432 5252 superiore
2470 5196 2626 5236 versu
2658 5195 2778 5235 cum
2822 5180 3062 5243 dixisset,
3096 5178 3162 5232 Et
3189 5197 3343 5248 opera
3377 5198 3613 5234 manuum
3642 5198 3738 5233 no.

2156 5283 2372 5327 atrorum
2400 5274 2561 5344 dirige
2582 5290 2735 5343 super
2774 5289 2906 5337 nos;
2938 5274 3038 5327 isto
3083 5274 3268 5328 ultimo
3299 5290 3403 5327 non
3434 5290 3607 5342 apem,
3635 5276 3733 5330 sed

2156 5382 2284 5437 Opus
2318 5367 2450 5421 dixit
2473 5382 2709 5420 manuum
2733 5377 3020 5421 nostrarum
3043 5366 3204 5437 dirige
3230 5382 3249 5420 .'
3272 5375 3518 5436 tanquam
3547 5369 3735 5421 ultimo

2157 5476 2311 5515 versu
2338 5459 2522 5514 volens
2549 5460 2830 5515 ostendere
2855 5461 2968 5531 ipsa
2988 5475 3149 5529 opera
3167 5475 3328 5514 unum
3356 5475 3488 5528 οριιε
3514 5475 3655 5526 esse,
3682 5461 3735 5516 id

2157 5562 2259 5617 est,
2287 5551 2352 5604 ad
2370 5567 2531 5605 unum
2555 5566 2689 5620 opus
2704 5550 2877 5621 dirigi.
2906 5551 3052 5605 Tunc
3067 5551 3206 5605 enim
3230 5559 3369 5603 recta
3401 5559 3522 5602 sunt
3544 5566 3731 5618 opera.

2154 5658 2274 5698 cum
2297 5644 2361 5697 ad
2386 5642 2525 5696 hunc
2551 5658 2709 5697 unum
2740 5642 2896 5698 linem
2923 5642 3252 5712 diriguntur:
3284 5640 3402 5693 linis
3428 5643 3566 5694 enim
3590 5658 3729 5711 prae-

2155 5737 2291 5808 cepti
2321 5746 2402 5792 est
2425 5718 2654 5791 Charitas
2674 5735 2741 5790 de
2767 5734 2929 5791 corde
2949 5748 3099 5803 puro,
3128 5742 3179 5786 et
3209 5732 3531 5785 conscientia
3567 5731 3727 5798 bona,

2222 5853 2235 5883 ⁸
2272 5849 2490 5914 Plerique
2509 5858 2635 5915 ηδε,
2657 5857 2699 5903 et
2720 5854 2777 5899 ab
2800 5849 3005 5899 [tumtum
3028 5844 3327 5915 generatione
3342 5845 3663 5900 dissbrmhms.
