4024 6210
254 408 396 463 1149

250 529 314 574 et
345 518 447 573 [ide
472 531 576 571 non
603 515 727 570 tieta
756 513 815 585 (ι
840 511 975 568 Tim.
1005 527 1058 580 ι,
1089 512 1122 567 5
1142 511 1184 583 ).
1211 509 1356 580 Opus
1381 523 1507 580 ergo
1534 522 1692 561 unum
1719 514 1801 559 est
1821 545 1837 568 ,

251 612 315 667 in
338 626 443 681 quo
467 618 593 665 sunt
614 607 798 664 omnia
819 647 835 673 ,
868 604 996 661 fides
1026 621 1142 675 quae
1168 619 1262 675 per
1287 602 1618 659 dilectionem
1649 615 1839 669 opera-

259 714 353 758 tur
382 702 401 773 (
423 700 592 755 Calai.
624 698 745 766 v,’6
768 699 787 769 )
812 717 826 752 :
854 697 992 753 unde
1013 696 1172 751 etiam
1195 695 1448 749 Dominus
1472 692 1523 747 in
1556 689 1839 761 Evangelio

249 796 402 858 dicit,
448 792 568 846 Hoc
595 801 667 846 est
706 808 835 860 opus
868 791 980 849 Dei,
1007 799 1060 842 ut
1109 788 1323 843 credatis
1354 789 1407 842 in
1445 803 1554 841 eum
1582 803 1726 851 quem
1752 785 1838 840 ille

249 890 387 942 misit
415 886 596 956 (Jomz.
627 900 704 949 Vl,
732 884 803 940 29
823 881 863 955 ).
891 881 1022 937 Cum
1050 898 1175 952 ergo
1202 882 1256 935 in
1280 890 1380 935 tsto
1400 879 1626 950 psalmo,
1648 888 1703 932 et
1731 878 1837 933 vita

248 991 407 1034 vetus
431 988 484 1032 et
522 981 626 1031 vita
656 991 813 1039 nova,
835 983 889 1031 et
921 975 1027 1029 vita
1058 973 1293 1028 mortalis
1330 983 1382 1028 et
1406 971 1509 1026 vita
1540 971 1732 1037 vitalis,
1781 980 1836 1026 et

248 1071 375 1126 anni
402 1071 493 1139 qui
527 1084 622 1137 pro
645 1067 813 1123 nihilo
838 1065 1100 1121 habentur
1121 1074 1175 1120 et
1194 1064 1308 1141 dies
1332 1062 1584 1117 habentes
1612 1062 1836 1130 plenitu-

249 1164 429 1217 dinem
457 1159 842 1217 misericordize
870 1172 1114 1227 verasque
1128 1156 1346 1219 laetitizr,
1380 1153 1430 1207 id
1460 1162 1565 1215 est,
1593 1161 1650 1219 et
1676 1166 1831 1220 pcena

247 1256 410 1329 primi
427 1254 659 1311 hominis
674 1262 730 1309 et
753 1266 970 1322 regnum
1000 1247 1239 1313 secundi,
1261 1248 1387 1301 satis
1412 1252 1699 1315 aperteque
1724 1242 1832 1297 dis-

249 1351 412 1406 tincta
442 1348 590 1414 sint;
637 1346 704 1400 ad
743 1345 844 1399 hoc
886 1342 1131 1398 existimo
1163 1338 1389 1394 hominis
1423 1338 1515 1393 Dei
1544 1335 1706 1407 Moysi
1731 1349 1830 1387 no-

250 1457 369 1499 men
420 1441 578 1494 titulo
621 1440 737 1508 ejus
762 1436 1096 1505 inscriptum,
1145 1440 1202 1487 ut
1235 1432 1313 1487 eis
1339 1432 1425 1500 qui
1471 1430 1556 1500 pie
1580 1436 1830 1499 recteque

246 1539 559 1585 scrutantur
585 1527 907 1598 Scripturas,
930 1541 995 1581 eo
1021 1524 1180 1579 modo
1211 1523 1544 1577 intimaretur
1563 1520 1722 1575 etiam
1755 1520 1830 1574 le-

245 1638 365 1693 gem
390 1621 514 1688 Dei,
543 1636 664 1692 qua:
689 1636 782 1689 per
800 1618 1015 1690 Moysen
1045 1616 1337 1672 ministrata
1366 1616 1468 1682 est,
1495 1613 1581 1668 ubi
1609 1628 1704 1683 pro
1729 1612 1829 1667 bo-

248 1713 328 1768 nis
349 1712 611 1782 operibus
639 1709 752 1765 sola
795 1709 876 1763 vel
916 1724 1050 1779 pene
1087 1707 1198 1763 sola
1240 1706 1453 1776 praemia
1499 1716 1827 1759 terrenorum

248 1805 511 1859 bonoran
560 1803 703 1858 Deus
745 1800 980 1870 polliceri
1012 1799 1255 1866 videtur,
1286 1798 1401 1853 sine
1427 1795 1588 1850 dubio
1632 1794 1828 1850 habere

246 1895 344 1950 sub
366 1894 677 1948 velamento
707 1892 809 1948 tale
835 1890 1052 1961 aliquid,
1083 1890 1236 1960 quale
1263 1890 1363 1943 iste
1392 1888 1625 1957 psalmus
1652 1897 1829 1940 osten-

244 1985 339 2039 dit.
368 1984 478 2040 Sed
505 1999 628 2039 cum
656 1984 881 2052 quisque
911 1981 1179 2037 transierit
1198 1981 1262 2035 ad
1287 1979 1556 2035 Christum
1578 2019 1593 2044 ,
1616 1978 1826 2032 aufere-

247 2087 327 2131 tur
361 2075 723 2146 velamentll
748 2075 865 2141 Cor.
893 2091 970 2142 tu,
1001 2073 1143 2145 16),
1188 2082 1243 2128 et
1271 2072 1645 2128 revelabuntur
1687 2072 1825 2127 oculi

244 2168 376 2236 ejus,
404 2167 787 2223 uteonsideret
807 2167 1063 2222 mirabilia
1090 2168 1158 2221 de
1176 2166 1291 2236 lege
1321 2164 1451 2227 Dei;
1481 2164 1712 2218 donante
1738 2163 1826 2218 illo

245 2260 322 2313 cui
350 2259 605 2325 dicimus,
628 2257 815 2313 Revela
841 2259 1009 2313 oculos
1026 2275 1179 2324 meos,
1204 2268 1251 2312 et
1270 2257 1593 2313 considerabo
1621 2257 1829 2311 mirabi-

247 2351 523 2423 h'adelege
549 2362 641 2405 tua
667 2352 686 2424 (
709 2349 852 2405 Psal.
880 2366 1067 2418 cxvut,
1101 2348 1225 2441 18‘).

689 2561 772 2623 IN
816 2560 1196 2623 PSALMUM
1237 2560 1347 2624 XC

812 2681 1229 2738 ENARRATIO.

912 2810 1083 2853 εειιιιο
1108 2810 1146 2851 ι.

302 2907 353 2961 Ι.
382 2905 632 2963 Psalmus
660 2906 760 2963 iste
786 2916 870 2963 est
908 2908 976 2963 de
999 2924 1107 2979 quo
1151 2894 1429 2966 Dominum
1465 2918 1702 2965 nostrum
1730 2910 1821 2967 Je-

233 3013 347 3054 sum
371 2998 650 3055 Christum
692 3000 933 3056 diabolus
961 3011 1166 3056 tentare
1201 3016 1365 3057 ausus
1391 3011 1493 3057 est.
1527 3003 1819 3060 Audiamus

235 3106 361 3162 ergo
383 3134 399 3155 ,
430 3101 491 3147 ut
518 3092 786 3161 possimus
827 3093 1073 3147 instructi
1114 3093 1364 3148 resistere
1395 3096 1663 3161 tentatori,
1708 3110 1815 3151 non

232 3192 622 3251 prmsumentes
650 3183 702 3237 in
728 3182 885 3238 nobis
903 3225 919 3249 ,
951 3184 1044 3239 sed
1065 3183 1117 3238 in
1132 3185 1260 3254 ipso
1287 3185 1376 3256 qui
1409 3186 1554 3255 prior
1581 3195 1815 3246 tentatus

233 3284 335 3341 est,
371 3291 442 3331 ne
468 3292 568 3330 nos
592 3276 647 3331 in
673 3278 960 3332 tentatione
989 3277 1341 3332 vinceremur.
1371 3278 1446 3333 Ilii
1474 3280 1615 3335 enim
1643 3289 1810 3336 tenta-

233 3367 307 3421 tio
337 3343 439 3420 nuit
469 3375 588 3422 erat
612 3367 911 3422 necessaria
944 3386 959 3423 :
990 3369 1211 3423 tentatio
1236 3368 1432 3426 Christi
1457 3413 1471 3435 ,
1500 3380 1680 3426 nostra
1711 3372 1810 3427 do-

230 3459 398 3514 ctrina
419 3468 520 3515 est.
552 3458 612 3516 Si
640 3467 816 3519 autem
841 3446 1176 3518 attendamus
1192 3462 1315 3531 quid
1339 3463 1671 3533 responderit
1697 3463 1811 3519 dia-

230 3548 371 3612 bolo,
395 3558 454 3604 ut
482 3551 587 3605 hoc
607 3558 665 3606 et
707 3566 805 3605 nos
839 3552 1255 3623 respondeamus
1278 3595 1293 3620 ,
1323 3556 1535 3624 quando
1563 3556 1810 3612 similiter

231 3648 432 3704 tentat;
463 3641 723 3695 intramus
744 3656 846 3713 per
865 3643 1102 3711 januam,
1128 3644 1263 3699 sicut
1282 3646 1501 3701 audistis
1526 3647 1804 3703 lectionem

230 3731 528 3803 Evangelii.
546 3733 680 3803 Quid
703 3744 784 3789 est
809 3736 948 3790 enim
975 3736 1170 3797 intrare
1197 3752 1291 3806 per
1313 3737 1524 3806 januam
1542 3738 1568 3792 ‘i
1606 3738 1807 3794 Intrare

230 3837 328 3890 per
355 3822 646 3878 Christum.
679 3823 797 3894 Ipse
825 3825 965 3880 enim
992 3826 1142 3892 dixit,
1170 3826 1281 3898 Ego
1307 3844 1415 3880 sum
1429 3829 1597 3896 janua
1622 3827 1802 3899 (Joan.

232 3931 290 3979 ι,
320 3918 413 3984 7).
439 3918 572 3984 Quid
603 3927 686 3973 est
726 3928 899 3975 autem
935 3921 1133 3976 intrare
1158 3938 1254 3992 per
1276 3922 1581 3978 Cliristum?
1607 3925 1805 3981 Imitari

228 4010 341 4061 vias
367 4008 653 4066 ChristiJn
680 4025 786 4080 quo
812 4012 1059 4068 imitaturi
1078 4028 1261 4068 sumus
1277 4015 1386 4067 vias
1402 4013 1593 4069 Christi
1612 4017 1801 4070 ?nutn-

226 4102 352 4172 quid
377 4104 429 4157 in
449 4118 513 4158 ea
542 4103 929 4172 magnificentia
951 4122 1053 4177 qua
1087 4091 1225 4161 Deus
1254 4117 1370 4161 erat
1399 4108 1450 4161 in
1487 4123 1645 4162 carne
1666 4109 1689 4161 ?
1714 4120 1803 4165 aut

224 4193 290 4246 ad
322 4192 422 4249 hoc
447 4210 547 4249 nos
566 4195 895 4258 exhortatur.
925 4209 1014 4251 aut
1039 4197 1139 4252 hoc
1168 4212 1197 4251 a
1235 4200 1387 4253 nobis
1428 4201 1608 4271 exigit,
1634 4209 1691 4254 ut
1722 4210 1804 4255 ta-

224 4285 295 4341 lia
344 4287 619 4353 miracula,
664 4289 836 4358 qualia
876 4290 997 4345 fecit
1041 4290 1168 4360 ipse,
1205 4289 1499 4347 faciamus?
1542 4294 1646 4348 Aut
1676 4309 1802 4350 vero

226 4377 488 4431 Dominus
515 4390 698 4433 noster
723 4378 881 4434 Jesus
902 4381 1144 4436 Christus
1172 4374 1277 4437 non
1307 4394 1358 4437 et
1389 4384 1546 4439 modo
1573 4394 1624 4440 et
1651 4401 1799 4440 sem-

223 4486 323 4538 per
340 4486 461 4525 cum
479 4472 635 4527 Patre
661 4482 828 4527 totum
852 4475 1103 4529 mundum
1128 4476 1387 4545 gubernat
1407 4478 1431 4531 ?
1448 4478 1513 4532 Et
1540 4481 1798 4550 numquid

219 4562 306 4612 vel
354 4560 417 4613 ad
460 4561 557 4615 hoc
587 4572 741 4617 vocat
778 4563 1043 4620 hominem
1092 4565 1285 4622 faciens
1316 4584 1435 4622 eum
1480 4570 1797 4625 imitatorem

220 4666 399 4716 suum,
435 4660 489 4706 ut
506 4667 625 4708 cum
658 4654 752 4708 illo
770 4657 1029 4725 gubernet
1049 4658 1238 4712 malum
1266 4669 1319 4712 et
1356 4668 1566 4724 terram,
1597 4672 1651 4717 et
1679 4677 1800 4717 om-

220 4742 307 4796 nia
349 4759 469 4812 (ιιι-υ
499 4745 550 4798 in
589 4746 669 4800 eis
713 4757 869 4812 sunt;
899 4756 989 4801 aut
1015 4756 1069 4802 ut
1111 4749 1178 4802 sit
1213 4758 1265 4803 et
1288 4750 1403 4818 ipse
1437 4762 1663 4817 creator,
1706 4770 1798 4822 rer

216 4825 377 4904 quem
410 4836 538 4891 ﬁant
558 4838 760 4904 omnia,
792 4840 925 4893 sicut
948 4855 1043 4909 per
1061 4839 1327 4895 Christum
1358 4841 1503 4897 facta
1529 4854 1650 4899 sunt
1686 4861 1800 4898 om-

218 4926 557 4998 niaiNequ‘e
598 4929 666 4985 ad
711 4930 808 4985 ista
845 4947 1002 5001 opera
1048 4941 1101 4986 te
1145 4932 1328 4988 invitat
1382 4935 1518 4989 Dens
1570 4938 1807 4995 salvator.

216 5019 478 5077 Dominus
505 5031 689 5079 noster
710 5022 864 5079 Iesus
885 5025 1145 5091 Christus,
1169 5041 1285 5095 qua:
1304 5027 1428 5081 fecit
1455 5028 1522 5082 ab
1538 5028 1705 5091 initio,
1730 5030 1798 5086 de

214 5109 409 5181 quibus
435 5115 697 5184 scriptum
723 5124 823 5180 est,
849 5117 1031 5170 Omnia
1054 5134 1141 5187 per
1164 5119 1329 5188 ipsum
1360 5122 1493 5189 facta
1525 5130 1643 5173 sunt
1668 5121 1687 5190 (
1708 5121 1795 5176 Id.

212 5221 257 5268 ι,
286 5206 357 5275 5)
386 5247 403 5273 ,
433 5223 606 5278 neque
641 5208 709 5263 ad
736 5209 827 5263 illa
853 5226 971 5280 qua:
1000 5210 1126 5266 fecit
1153 5212 1204 5267 in
1236 5222 1394 5265 terra.
1429 5211 1545 5266 Non
1575 5212 1674 5267 hoc
1704 5213 1796 5267 tibi

210 5298 366 5367 dicit,
392 5300 507 5355 Non
538 5302 646 5356 eris
670 5301 960 5372 discipulus
998 5319 1166 5366 incus,
1198 5304 1296 5359 nisi
1327 5304 1676 5360 ambulaveris
1702 5320 1795 5359 su-

211 5405 314 5461 per
356 5406 506 5448 mare
549 5392 759 5463 (Matth.
813 5411 927 5461 xw,
978 5394 1127 5467 23),
1172 5407 1261 5450 aut
1310 5398 1409 5451 nisi
1462 5397 1796 5472 suscitaveris

208 5494 487 5540 mortuum
523 5485 930 5554 quatriduanum
963 5487 983 5558 (
1001 5486 1156 5541 Joan.
1179 5504 1253 5553 χι,
1286 5489 1489 5559 58-44)
1515 5530 1530 5553 ,
1579 5497 1669 5542 aut
1697 5488 1795 5541 nisi

208 5578 402 5632 oculos
440 5577 571 5633 ειηθί
610 5580 716 5634 nati
748 5561 1176 5650 aperueris.(1d.
1222 5596 1294 5644 ιιι,
1333 5581 1476 5649 1-7).
1520 5580 1630 5636 Nec
1670 5579 1791 5634 hoc.

207 5670 349 5735 Quid
378 5679 463 5725 est
489 5685 615 5742 ergo
645 5671 842 5726 intrare
887 5688 981 5741 per
1011 5671 1266 5741 januam?
1296 5671 1481 5726 Discite
1518 5690 1548 5723 a
1575 5690 1653 5725 me
1676 5674 1793 5742 quia

208 5764 348 5817 mitis
377 5781 491 5817 sum
524 5774 570 5817 et
595 5764 798 5818 Immilis
825 5765 975 5819 corde
999 5765 1018 5835 (
1044 5763 1227 5818 ΜαιιΙι.
1260 5779 1311 5819 x1
1332 5805 1345 5827 ,
1367 5764 1437 5817 9.9
1459 5764 1498 5831 ).
1539 5765 1686 5829 Quod
1718 5765 1792 5818 fa-

208 5871 327 5911 etns
380 5862 458 5910 est
516 5867 729 5926 propter
770 5866 836 5920 te.
889 5856 989 5912 hoc
1033 5857 1084 5911 in
1114 5871 1176 5914 eo
1204 5855 1363 5912 debes
1403 5856 1694 5924 attendere,
1733 5866 1790 5911 ut

1429 392 1815 451 ENARRATIO
1852 391 1919 448 IN
1956 393 2271 456 PSALMde
2314 400 2423 457 XC.

3385 424 3519 478 “30

1952 505 2189 563 imiteris.
2233 510 2482 568 Miracula
2528 515 2669 572 enim
2695 528 2747 573 et
2787 522 3020 578 nondum
3067 536 3220 585 natus
3248 531 3316 586 de
3359 532 3516 588 Maria

1944 596 2067 654 fecit
2095 620 2109 657 :
2137 604 2255 674 quis
2285 607 2425 661 enim
2469 624 2699 679 unquam
2741 611 2883 680 fecit,
2918 617 3016 670 nisi
3047 619 3158 686 ipse
3186 622 3253 677 de
3287 639 3391 694 quo
3431 626 3513 680 di-

1941 699 2081 745 ctum
2111 702 2208 758 est,
2246 694 2347 763 Qui
2372 698 2492 768 facit
2514 699 2761 754 mirabilia
2781 720 2962 775 magna
2990 708 3127 762 solus
3159 710 3178 784 (
3204 711 3343 769 Psal.
3368 732 3513 780 aut,

1940 783 2044 855 18)
2069 784 2095 837 ἲ
2134 787 2188 841 ln
2221 788 2385 863 ipsius
2428 792 2568 845 enim
2599 795 2815 859 virtute,
2844 806 2897 851 et
2934 810 3088 855 antea
3131 783 3217 871 qui
3254 804 3511 873 fecerunt,

1936 889 2221 949 potuerunt
2270 882 2467 953 aliquid
2511 884 2683 942 facere
2728 906 2740 941 :
2782 890 2833 942 in
2882 891 3072 947 virtute
3121 893 3316 955 Christi
3368 900 3513 958 Elias

1936 980 2200 1025 mortuum
2227 975 2497 1029 suscitavit
2535 975 2639 1047 (ΙΙΙ
2689 978 2817 1051 Reg.
2864 998 2992 1055 xvtt,
3031 982 3165 1055 22).
3207 986 3320 1042 Nisi
3373 989 3512 1048 forte

1934 1061 2104 1130 major
2138 1072 2221 1118 est
2260 1064 2443 1120 Petrus
2466 1082 2621 1137 quam
2647 1067 2891 1133 Christus
2911 1115 2926 1139 ,
2966 1077 3089 1144 quia
3114 1077 3353 1135 Christus
3379 1098 3509 1138 voce
3556 1116 3564 1125 ι

1934 1151 2203 1207 suscitavit
2228 1165 2568 1225 :egrotantem
2599 1157 2790 1231 (Joan.
2818 1179 2871 1227 v,
2895 1165 3057 1236 5-9),
3090 1167 3278 1226 Petrus
3316 1182 3503 1231 autem

1932 1255 2051 1294 cum
2124 1244 2409 1312 transiret,
2482 1249 2666 1305 umbra
2738 1253 2903 1322 ipsius
2959 1259 3205 1327 tangendi
3268 1264 3507 1332 profere-

1930 1332 2122 1388 bantur
2162 1337 2347 1405 mgroti
2391 1338 2526 1407 (Act.
2558 1343 2717 1402 v.15
2747 1344 2787 1412 ).
2832 1344 3103 1421 Potentior
3147 1366 3272 1421 ergo
3322 1352 3508 1410 Petrus

1930 1440 2088 1493 quam
2137 1426 2420 1483 Christus?
2472 1432 2599 1496 Quis
2640 1433 2742 1488 hoc
2788 1435 3219 1496 dementissimus
3267 1442 3506 1499 dixerit?

1929 1514 2102 1584 Quare
2129 1533 2256 1585 ergo
2280 1528 2418 1574 tanta
2446 1524 2679 1591 potentia
2722 1526 2775 1595 in
2798 1526 2994 1583 Petro?
3018 1529 3148 1596 Quia
3186 1531 3424 1591 Christus
3454 1540 3503 1592 in

1930 1606 2105 1663 Petro.
2130 1609 2253 1664 Ideo
2277 1611 2426 1678 dixit,
2458 1613 2640 1670 Omnes
2660 1617 2746 1687 qui
2769 1631 3027 1687 venerunt,
3050 1622 3188 1691 {ures
3221 1636 3336 1679 sunt
3356 1639 3400 1681 et
3423 1630 3493 1681 (a-

1930 1706 2093 1754 trones
2132 1700 2306 1772 (Joan.
2338 1720 2393 1770 x,
2421 1704 2478 1777 8)
2510 1721 2528 1761 :
2559 1706 2613 1761 id
2640 1720 2739 1773 est,
2768 1710 2857 1777 qui
2887 1724 3144 1766 venerunt
3168 1730 3259 1770 sua
3294 1730 3500 1787 sponte,

1929 1805 1960 1845 a
1995 1808 2081 1848 me
2111 1808 2215 1848 non
2240 1806 2363 1850 sunt
2387 1798 2552 1864 missi,
2598 1800 2687 1869 qui
2716 1812 2971 1856 venerunt
3016 1803 3131 1860 sine
3161 1822 3244 1861 me
3263 1849 3278 1874 ,
3308 1808 3357 1863 iu
3387 1812 3501 1880 (ιιιὶ-

1928 1885 2027 1942 bus
2061 1902 2160 1959 ego
2193 1905 2296 1944 non
2334 1889 2439 1958 fui,
2466 1906 2597 1960 quos
2634 1908 2733 1963 ego
2772 1909 2881 1951 non
2922 1895 3207 1952 introduxi.
3235 1899 3501 1971 Quotquot

1928 1993 2055 2048 ergo
2084 1980 2335 2035 miracula
2363 1981 2499 2037 facta
2528 1992 2670 2048 sunt,
2699 1985 2812 2040 sive
2848 2000 2879 2039 a
2914 1986 3353 2057 praecedentibus,
3391 1992 3501 2051 sivo

1927 2081 1956 2120 a
1986 2071 2452 2140 consequentibus,
2475 2071 2616 2128 idem
2644 2073 2757 2144 ipse
2780 2074 3031 2131 Dominus
3062 2076 3189 2133 fecit
3212 2120 3228 2145 ,
3255 2080 3342 2150 qui
3375 2081 3498 2135 fecit

1926 2166 1980 2212 et
2006 2162 2284 2229 praesentia
2311 2177 2424 2216 sua.
2456 2163 2565 2218 Nec
2583 2164 2650 2218 ad
2680 2165 2787 2234 ipsa
2812 2181 2938 2237 ergo
2959 2167 3206 2227 miracula
3235 2169 3499 2238 hortatur,

1926 2265 2045 2319 qua:
2070 2250 2184 2321 ipse
2227 2252 2352 2308 fecit
2375 2260 2429 2308 et
2471 2265 2753 2325 antequam
2799 2268 2939 2311 esset
2966 2257 3126 2316 homo
3158 2261 3292 2316 :sed
3315 2279 3420 2332 quo
3450 2272 3500 2320 te

1926 2339 2206 2395 hortatur?
2232 2341 2301 2398 Ut
2344 2344 2567 2399 imiteris
2601 2346 2740 2416 quod
2783 2362 2889 2401 non
2937 2359 3133 2417 posset,
3182 2352 3285 2406 nisi
3331 2352 3500 2408 factus

1926 2430 2109 2486 homo.
2136 2432 2389 2489 Tolerare
2415 2435 2555 2490 enim
2580 2438 2855 2505 passiones
2880 2440 3132 2510 numquid
3174 2452 3367 2511 posset,
3396 2445 3499 2501 nisi

1924 2521 2125 2579 homo?
2149 2524 2277 2579 Mori
2303 2534 2358 2580 et
2386 2526 2623 2598 (ξι-ιιοίῐίςί
2661 2537 2715 2583 et
2741 2529 3005 2584 humiliari
3034 2545 3136 2586 non
3169 2542 3366 2602 posset,
3396 2536 3498 2592 nisi

1922 2614 2103 2671 homo.
2120 2615 2209 2672 Sic
2226 2617 2243 2650 ί
2261 2633 2389 2689 ergo
2408 2629 2462 2674 ct
2475 2632 2529 2674 tu
2550 2620 2818 2677 molestias
2845 2621 3001 2692 hujus
3019 2623 3197 2679 szeculi
3214 2640 3333 2680 cum
3351 2636 3498 2696 pate-

1920 2708 2016 2776 ris,
2044 2724 2175 2778 quas
2204 2709 2325 2764 facit
2343 2710 2606 2780 diabolus,
2637 2713 2750 2768 sive
2773 2724 2956 2784 aperte
2978 2730 3071 2785 per
3095 2714 3356 2781 homines,
3383 2719 3497 2774 sive

1920 2796 2127 2859 oeculte
2154 2805 2285 2860 sicut
2307 2804 2514 2871 Job,sis
2532 2805 2703 2871 fortis,
2721 2807 2795 2861 sis
2825 2809 3054 2864 tolerans
3068 2811 3111 2875 ²;
3138 2809 3379 2866 habitans
3399 2811 3419 2843 ³
3444 2812 3494 2866 in

1845 2909 1850 2914 ·
1921 2893 2186 2963 adjutorio
2239 2895 2518 2963 Altissimi,
2552 2897 2688 2951 sicut
2709 2884 2837 2952 dicit
2860 2898 2959 2953 iste
2996 2899 3228 2969 psalmus
3258 2919 3273 2972 ξ
3292 2901 3411 2972 quia
3445 2902 3492 2957 si

1918 2983 2139 3039 recedas
2170 2985 2236 3039 ab
2259 2986 2523 3055 adjutorio
2550 2986 2826 3054 Altissimi,
2874 2999 2926 3045 te
2966 2989 3139 3059 ipsum
3168 3006 3271 3044 non
3311 2992 3494 3048 valens

1917 3074 2188 3145 adjuvare,
2218 3075 2397 3131 cades.

1986 3166 2041 3220 2.
2070 3166 2216 3221 Multi
2257 3169 2396 3221 enim
2441 3166 2608 3224 fortes
2645 3180 2771 3225 sunt
2795 3211 2810 3236 ,
2841 3171 3053 3240 quando
3095 3170 3162 3226 ab
3190 3171 3495 3229 hominibus

1914 3261 2183 3329 patiuntur
2205 3261 2646 3329 persecutionem,
2674 3270 2731 3317 et
2758 3264 2937 3319 vident
2968 3280 3063 3320 eos
3091 3276 3274 3335 aperte
3302 3268 3495 3323 smvirc

1914 3349 2086 3414 inse;
2118 3360 2169 3405 et
2194 3360 2380 3421 putant
2406 3352 2527 3420 quia
2558 3360 2683 3407 tunc
2715 3353 2989 3409 imitantur
3018 3357 3293 3424 passiones
3328 3357 3486 3412 Chri-

1912 3442 2000 3507 sti,
2049 3441 2092 3496 si
2140 3451 2322 3511 aperte
2368 3458 2463 3499 eos
2507 3442 2752 3499 homines
2783 3456 3203 3515 persequantur:
3236 3449 3280 3503 si
3308 3460 3488 3504 autem

1910 3531 2119 3585 occulta
2146 3532 2340 3587 diaboli
2368 3537 2738 3603 persecutione
2774 3536 3052 3603 feriantur,
3079 3549 3262 3609 putant
3293 3557 3352 3596 se
3380 3558 3483 3598 non

1909 3625 2151 3679 coronari
2175 3641 2203 3679 a
2229 3626 2458 3682 Christo.
2486 3628 2600 3683 Noli
2627 3629 2814 3685 timere
2843 3632 3307 3700 quando‘imitaris
3333 3634 3487 3691 Chri-

1908 3727 2068 3771 stum.
2118 3717 2248 3772 Nam
2283 3727 2338 3774 et
2378 3719 2589 3789 quando
2630 3722 2848 3775 tentavit
2889 3722 3129 3777 diabolus
3181 3724 3481 3791 Dominum,

1906 3810 2080 3863 nullus
2103 3808 2261 3864 homo
2293 3808 2391 3864 fuit
2416 3811 2465 3864 iu
2496 3825 2696 3876 eremo,
2719 3811 2921 3865 occulte
2942 3813 3085 3867 illum
3117 3815 3483 3879 tentavit;sed

1905 3909 2181 3968 superatus
2201 3909 2300 3966 est,
2330 3911 2380 3955 et
2395 3911 2577 3969 aperte
2603 3902 2827 3956 saeviens
2846 3913 3125 3972 superatus
3145 3914 3227 3959 est
3249 3905 3268 3977 (
3293 3906 3479 3964 Matth.

1904 4006 1978 4056 tv,
2008 3993 2035 4046 1
2079 3992 2135 4045 ll
2165 3992 2203 4061 ).
2231 3990 2319 4046 Sic
2347 4000 2400 4046 ct
2431 4000 2485 4046 tu
2522 3992 2600 4047 fac
2630 3992 2673 4056 δ,
2711 3995 2755 4046 si
2783 3995 2863 4049 vis
2887 3994 3086 4050 intrare
3116 4012 3210 4066 per
3233 3998 3475 4068 januam,

1903 4081 2116 4153 quando
2130 4082 2348 4136 occulte
2380 4091 2545 4136 tentat
2574 4083 2820 4138 inimicus
2841 4126 2854 4150 ,
2883 4086 3094 4155 quando
3125 4087 3353 4157 postulat
3378 4088 3477 4143 ho-
3519 4132 3523 4136 .

1903 4174 2100 4229 minem
2128 4184 2183 4228 ut
2207 4174 2399 4244 aliquid
2425 4174 2474 4228 ei
2504 4183 2693 4230 noceat
2724 4191 2817 4246 per
2839 4178 3143 4247 corporales
3179 4180 3475 4249 molestias,

1902 4281 1998 4337 per
2017 4266 2208 4331 febres,
2238 4280 2333 4335 per
2358 4266 2716 4337 aegritudines,
2742 4282 2834 4337 per
2862 4268 3066 4338 aliquos
3104 4270 3317 4347 labores
3346 4288 3474 4327 cor-

1901 4357 2065 4427 poris,
2095 4357 2229 4412 sicnt
2252 4357 2642 4413 laboravitJob.
2672 4358 2949 4413 Diabolum
2981 4375 3085 4415 non
3111 4363 3342 4428 videbat,
3374 4364 3469 4418 sed

1904 4457 2220 4517 potestatem
2269 4448 2361 4502 Dei
2410 4448 2751 4519 intelligebat.
2796 4450 3026 4505 Noverat
3066 4454 3190 4522 quia
3233 4455 3476 4511 diabolus

1902 4539 1955 4594 in
1985 4555 2104 4594 eum
2133 4539 2264 4593 nihil
2298 4550 2493 4607 posset,
2518 4542 2615 4595 nisi
2641 4542 2819 4597 abillo
2836 4543 2988 4613 cujus
3012 4560 3215 4599 summa
3241 4556 3474 4616 potestas

1902 4642 2004 4699 est,
2032 4633 2428 4703 permitteretur
2457 4650 2472 4686 :
2506 4643 2668 4688 totam
2696 4636 2917 4711 gloriam
2945 4637 3055 4691 Deo
3084 4637 3262 4705 dabat,
3292 4650 3476 4707 poten-

1901 4727 2027 4780 tiam
2056 4727 2267 4783 diabolo
2290 4742 2393 4782 nou
2420 4728 2596 4782 dabat.
2630 4728 2762 4783 Nam
2791 4739 2843 4784 et
2870 4728 3087 4800 quando
3114 4731 3333 4787 abstulit
3358 4733 3473 4787 dia-

1899 4820 2053 4875 bolus
2085 4822 2282 4887 omnia,
2307 4820 2408 4875 hoc
2426 4821 2555 4875 dixit
2584 4838 2600 4876 :
2624 4821 2871 4877 Dominus
2892 4823 3056 4891 dedit,
3091 4824 3339 4881 Dominus
3359 4827 3475 4882 abs-

1899 4915 2033 4968 tulit.
2067 4914 2183 4969 Non
2232 4915 2399 4977 dixit,
2429 4913 2684 4967 Dominus
2731 4914 2908 4979 dedit,
2940 4916 3183 4974 diabolus
3210 4920 3422 4973 abstulit
3453 4938 3469 4975 :

1898 5006 2019 5075 quia
2051 5006 2179 5060 nihil
2203 5004 2786 5072 abstulissetdiaholus,
2811 5006 2911 5061 nisi
2938 5009 3262 5075 permisisset
3288 5010 3471 5063 Domi-

1898 5111 2018 5151 nus.
2046 5095 2168 5150 ldeo
2183 5105 2356 5150 autem
2380 5096 2621 5165 permisit
2642 5096 2915 5163 Dominus,
2945 5105 3004 5153 ut
3032 5097 3191 5152 homo
3218 5100 3471 5168 probare-

1898 5194 2003 5247 tur,
2022 5185 2260 5239 diabolus
2278 5185 2599 5240 vinceretur.
2623 5186 2689 5240 Et
2708 5186 2919 5256 quando
2932 5202 3051 5241 eum
3070 5184 3219 5259 plaga
3245 5203 3467 5258 percus-

1897 5276 1985 5339 sit,
2016 5274 2103 5328 ille
2124 5274 2379 5345 permisit.
2403 5275 2534 5344 Quia
2559 5292 2678 5353 cum
2704 5293 2734 5333 a
2751 5278 2920 5349 capite
2950 5292 3114 5346 usque
3136 5278 3202 5333 ad
3234 5279 3394 5348 pedes
3417 5282 3469 5337 in

1897 5366 2173 5437 putredine
2197 5368 2218 5399 ³
2246 5368 2503 5423 vermium
2530 5369 2736 5431 ﬂueret,
2761 5384 2857 5423 nec
2887 5380 3011 5422 tunc
3042 5369 3219 5425 tribuit
3257 5371 3470 5429 diabolo

1891 5464 2123 5532 aliquam
2141 5468 2451 5530 potestatem
2470 5460 2572 5516 Job
2600 5478 2614 5514 :
2642 5461 2733 5516 sed
2761 5477 2879 5517 cum
2900 5463 2951 5518 ei
2967 5464 3314 5534 suggessisset
3336 5483 3468 5523 uxor

1960 5554 1978 5585 ι
2011 5553 2083 5601 sic
2105 5549 2320 5600 nonnulli
2344 5550 2478 5599 editi.
2505 5557 2556 5599 In
2578 5558 2646 5603 Β..
2666 5551 2725 5601 si.
2810 5559 2866 5603 Μ.

1958 5617 1978 5684 ξ
2009 5622 2107 5684 Duo
2128 5611 2506 5684 Mss-Lucano!)
2525 5611 2779 5684 fortissnne
2801 5613 2992 5665 toleras.
3034 5678 3044 5684 _
3252 5675 3260 5684 .

1957 5679 1977 5710 ³
2013 5683 2059 5723 In
2083 5682 2150 5733 8.,
2169 5671 2419 5723 habitabis.
2446 5671 2662 5721 Erlveu.
2689 5682 2738 5722 et
2761 5682 2867 5725 Lov.
2891 5678 3045 5727 secuti
3068 5675 3260 5730 sumus;
3317 5688 3374 5729 tu.

1956 5744 1978 5769 ι
2010 5745 2057 5786 In
2083 5744 2128 5785 tt.
2154 5736 2387 5784 omittitur
2412 5736 2632 5795 verbum,
2659 5738 2753 5797 fac,
2778 5739 2906 5801 quod
2930 5754 2995 5791 ex
3017 5747 3090 5791 Er.
3127 5749 3245 5793 \‘eu.
3267 5749 3322 5793 et
3357 5748 3462 5794 Lov.

1892 5801 2209 5869 restituiiuus.
2275 5804 2330 5869 tt.
2393 5865 2430 5869 μ’
2618 5863 2629 5869 Δ
2708 5858 2737 5869 η

1954 5864 1974 5896 ³
2009 5861 2213 5912 Melioris
2236 5868 2364 5912 nota:
2392 5865 2522 5922 Mss,
2546 5858 2857 5924 ptdt'edt'ncnr
