4024 6210
462 438 587 495 1131

462 556 579 621 ejus
607 595 623 619 ,
652 569 810 624 quam
838 551 1009 607 solam
1041 547 1324 617 reliquerat
1351 545 1626 610 diabolus,
1653 557 1759 598 non
1791 538 2038 597 consola-

466 647 650 701 trieem
694 644 889 707 mariti,
920 640 1012 696 sed
1044 639 1355 711 adjutricem
1389 637 1491 702 sui,
1522 645 1576 691 et
1603 635 1823 689 dixisset
1850 632 1921 700 ei,
1942 629 2041 685 Die

461 737 670 807 aliquod
695 735 892 790 verbum
920 734 974 787 in
1010 730 1196 796 Deum,
1229 740 1275 785 et
1318 745 1545 794 morere;
1574 726 1707 781 dixit
1734 724 1783 779 ei
1804 766 1818 791 ,
1847 722 2041 778 Locuta

462 848 516 884 es
560 839 796 896 tanquam
854 841 957 879 una
1004 824 1065 878 de
1106 822 1452 894 insipientibus
1482 820 1774 875 mulieribus
1804 818 1885 873 :si
1908 816 2041 871 bona

461 924 772 986 suscepimus
811 914 874 969 de
921 931 1074 967 manu
1113 913 1338 983 Domini,
1380 913 1516 967 mala
1550 927 1651 966 non
1690 908 2043 965 sustinebimus

393 996 404 1010 ’
467 1008 600 1080 (Job
628 1025 681 1072 ιι.
710 1006 901 1081 9ο10)ἳ

532 1100 586 1156 5.
613 1098 763 1173 [vers.
802 1100 827 1155 1
855 1141 868 1164 ,
888 1097 969 1172 2.]
991 1098 1130 1169 Ergo
1157 1099 1243 1168 qui
1273 1098 1350 1152 sic
1378 1096 1611 1150 imitatur
1634 1094 1902 1149 Christum
1935 1133 1950 1158 ,
1980 1098 2041 1146 ut

466 1191 657 1245 toleret
704 1205 890 1246 omnes
927 1190 1196 1245 molestias
1242 1188 1398 1258 hujus
1437 1188 1637 1253 smculi,
1681 1201 1803 1256 spes
1846 1184 1962 1255 ejus
1989 1185 2045 1238 in

468 1285 578 1339 Deo
606 1286 695 1347 sit,
725 1294 782 1338 ut
813 1300 912 1339 nec
941 1283 1189 1339 illecebra
1214 1281 1468 1351 capiatur,
1498 1295 1596 1335 nec
1618 1280 1807 1335 timore
1837 1279 2045 1348 franga-

467 1384 573 1439 tur,
598 1376 708 1444 ipse
724 1387 806 1431 est
827 1377 908 1445 qui
931 1375 1117 1429 habitat
1138 1375 1188 1427 in
1210 1373 1460 1444 adjutorio
1482 1371 1746 1437 Altissimi,
1777 1381 1823 1425 et
1847 1372 1900 1425 in
1931 1386 2050 1440 pro-

476 1468 685 1522 tectione
737 1466 835 1520 Dei
870 1467 980 1520 caeli
1022 1465 1456 1521 commorabitur:
1494 1463 1629 1519 sicut
1653 1462 1873 1518 audistis
1904 1460 2045 1530 psal—

476 1573 646 1622 mum,
671 1568 724 1613 et
746 1558 996 1612 cantastis
1019 1574 1034 1623 ;
1057 1572 1178 1612 nam
1206 1556 1325 1610 inde
1348 1555 1527 1623 incipit
1555 1554 1814 1609 Psalmus.
1846 1552 2048 1619 Quibus

470 1662 646 1704 autem
673 1649 846 1704 verbis
868 1649 1088 1704 tentavit
1112 1648 1387 1702 Dominutn
1415 1646 1675 1711 diabolus,
1706 1660 1826 1699 cum
1852 1645 1915 1699 ad
1935 1645 2047 1714 ipsa

477 1740 800 1805 venerimus,
852 1740 1147 1817 agnoscetis
1181 1758 1193 1793 :
1224 1748 1344 1793 nota
1392 1748 1514 1794 sunt
1551 1737 1712 1793 enim.
1761 1735 1904 1789 Dicet
1946 1733 2047 1789 Do-

473 1832 630 1897 mino,
663 1828 933 1899 Susceptor
955 1849 1092 1885 meus
1119 1848 1171 1885 es
1193 1840 1245 1884 tu
1266 1873 1279 1896 ,
1307 1840 1352 1883 et
1380 1831 1628 1901 refugium
1665 1846 1830 1882 nteant
1856 1870 1870 1893 ,
1910 1828 2049 1884 Deus

473 1939 632 1976 meus.
665 1922 794 1991 Quis
815 1922 917 1978 hoc
938 1922 1068 1977 dicit
1097 1921 1353 1976 Domino?
1376 1920 1473 1986 Qui
1502 1920 1689 1974 habitat
1714 1920 1768 1974 in
1792 1921 2048 1989 adjutorio

474 2014 738 2068 Altissimi.
752 2014 879 2082 Quis
895 2023 976 2069 est
995 2015 1085 2084 qui
1098 2013 1284 2067 habitat
1309 2015 1359 2066 in
1374 2010 1627 2082 adjutorio
1648 2011 1929 2072 Altissimi?
1948 2010 2047 2078 Qui

474 2121 580 2160 non
638 2104 835 2159 habitat
888 2105 939 2159 in
981 2105 1243 2174 adjutorio
1286 2119 1403 2159 suo.
1436 2102 1563 2171 Quis
1610 2112 1692 2157 est
1731 2104 1818 2179 qui
1860 2101 2051 2156 habitat

472 2198 525 2251 in
546 2197 798 2268 adiutorio
827 2197 1106 2252 Altissimi?
1124 2197 1222 2264 Qui
1247 2212 1349 2251 non
1374 2206 1455 2252 est
1474 2196 1754 2265 superbus,
1782 2193 2049 2265 quomodo

473 2287 548 2341 illi
589 2290 673 2358 qui
704 2290 1152 2344 matulucaverunt
1184 2298 1241 2342 ut
1270 2297 1448 2343 essent
1475 2287 1624 2358 quasi
1653 2286 1748 2353 dii,
1784 2296 1836 2341 et
1865 2285 2049 2355 perdi-

472 2380 664 2435 derunt
703 2382 841 2451 quod
870 2392 1019 2436 erant
1040 2380 1160 2436 facti
1184 2379 1426 2434 homines
1447 2379 1789 2433 immortales.
1818 2377 1873 2430 In
1901 2376 2051 2447 adju-

475 2472 612 2527 torio
639 2473 778 2527 enim
823 2489 919 2526 suo
948 2472 1182 2526 habitare
1214 2471 1528 2534 voluerunt,
1570 2486 1674 2525 non
1707 2471 1757 2524 in
1786 2469 2049 2538 adjutorio

472 2563 727 2618 Altissimi
767 2581 780 2617 :
819 2563 939 2618 ideo
985 2562 1389 2633 suggestionem’
1424 2562 1685 2629 serpentis
1736 2559 2048 2623 audierunt,

473 2640 793 2726 praeceptum
850 2657 938 2710 Dei
983 2664 1446 2724 contempserunt;
1494 2663 1549 2707 et
1596 2654 1906 2708 invenerunt
1952 2651 2053 2707 hoc

476 2745 722 2801 evenisse
746 2746 795 2799 in
824 2762 881 2802 se
902 2746 1040 2816 quod
1071 2747 1298 2800 minatus
1326 2752 1409 2799 est
1437 2745 1593 2811 Deus,
1620 2759 1730 2798 non
1755 2743 1893 2815 quod
1936 2758 2052 2813 pro.

475 2836 621 2890 misit
646 2835 887 2891 diabolus
917 2835 1067 2909 (Gen.
1094 2834 1208 2906 ιιι).

546 2927 600 2981 ι.
638 2924 787 3000 [vers.
842 2925 922 3001 5.]
956 2927 1092 2997 Ergo
1126 2928 1203 2982 sic
1241 2936 1295 2981 et
1320 2933 1371 2980 tu
1395 2925 1512 2992 dic,
1547 2923 1771 2995 Sprrabo
1814 2925 1876 2977 inc
1902 2938 2051 2989 eum;

472 3017 707 3087 quoniam
735 3019 844 3089 ipse
867 3030 1001 3072 eruet
1030 3035 1126 3085 me,
1160 3033 1263 3072 non
1294 3032 1394 3087 ego
1423 3033 1527 3072 me.
1560 3016 1688 3072 Vide
1715 3016 1758 3071 si
1790 3015 1929 3071 aliud
1949 3015 2049 3068 ali-

473 3107 598 3178 quid
623 3108 810 3177 docet,
844 3110 943 3164 nisi
976 3121 1031 3164 ut
1054 3117 1161 3163 tota
1188 3123 1310 3178 spes
1340 3115 1518 3162 nostra
1549 3123 1653 3161 non
1684 3108 1752 3160 sit
1791 3107 1843 3160 in
1876 3105 2045 3171 nobis,

475 3213 581 3253 non
604 3199 672 3254 sit
698 3199 749 3254 in
775 3200 1007 3255 homine.
1039 3199 1190 3256 Unde
1212 3210 1263 3254 te
1278 3200 1460 3254 eruet?
1478 3198 1553 3251 De
1568 3197 1851 3267 muscipula
1868 3214 2052 3251 venan-

476 3289 636 3356 tium,
689 3299 737 3344 et
779 3307 811 3344 a
862 3291 1008 3345 verbo
1053 3307 1252 3361 aspero.
1299 3288 1377 3343 De
1411 3290 1697 3352 muscipula
1744 3290 2047 3353 venantium,

477 3393 725 3450 maguum
751 3380 949 3450 aliquid
988 3390 1069 3435 est
1100 3398 1113 3435 :
1145 3397 1176 3433 a
1205 3380 1350 3435 verbo
1371 3396 1571 3449 aspero,
1596 3378 1720 3449 quid
1764 3380 2053 3449 magnum?

475 3469 619 3525 Multi
676 3470 728 3525 in
774 3472 1119 3543 muscipulam
1158 3472 1459 3526 venantium
1509 3486 1603 3540 per
1645 3470 1861 3526 verbum
1899 3486 2053 3539 aspe-

474 3575 593 3615 rum
634 3560 959 3615 ceciderunt.
1009 3562 1143 3630 Quid
1175 3571 1255 3616 est
1283 3561 1423 3633 quod
1450 3562 1610 3616 dico?
1634 3560 1827 3617 Tendit
1864 3561 2050 3617 diabo-

476 3650 559 3707 lus
595 3659 650 3707 et
676 3652 845 3722 angeli
876 3652 1008 3723 ejus,
1040 3663 1287 3723 tanquam
1325 3662 1577 3707 venantes
1606 3652 1827 3706 tendunt
1854 3653 2054 3706 musci-

477 3740 661 3813 pulas;
691 3752 746 3797 et
766 3744 919 3813 longe
939 3743 1005 3797 ab
1030 3743 1156 3814 ipsis
1178 3744 1484 3812 muscipulis
1509 3743 1781 3799 ambulant
1805 3743 2047 3798 homines

476 3834 567 3904 qui
598 3833 649 3888 in
676 3833 886 3889 Christo
914 3836 1222 3890 ambulant:
1253 3851 1357 3890 nou
1389 3834 1549 3890 audet
1584 3835 1725 3889 enim
1754 3835 1805 3889 in
1838 3834 2054 3889 Christo

479 3924 696 3980 tendere
739 3926 1122 3996 muscipulam;
1163 3928 1301 3981 circa
1344 3928 1478 3980 viam
1523 3927 1701 3995 ponit,
1734 3926 1786 3980 in
1833 3925 1913 3980 via
1947 3941 2052 3979 non

478 4017 649 4088 ponit.
679 4017 776 4072 Via
803 4029 977 4074 autem
1005 4030 1090 4074 tua
1116 4019 1360 4076 Christus
1386 4020 1451 4073 sit
1470 4062 1485 4088 ,
1515 4030 1569 4075 et
1597 4031 1650 4073 tu
1678 4036 1781 4074 non
1812 4019 1972 4075 cades
2001 4020 2053 4074 in

477 4110 827 4180 muscipulam
878 4110 1094 4168 diaboli.
1141 4113 1420 4166 Aberranti
1471 4127 1499 4165 a
1542 4112 1660 4177 via,
1703 4112 1811 4182 jam
1859 4112 1929 4166 ibi
1974 4120 2057 4167 est

476 4201 793 4270 muscipula.
819 4201 951 4254 [line
977 4212 1135 4271 atque
1164 4200 1285 4255 hinc
1308 4201 1455 4269 ponit
1481 4201 1719 4269 laqueos,
1750 4200 1871 4255 hinc
1897 4210 2057 4270 atque

477 4289 603 4346 inde
634 4291 781 4359 ponit
814 4290 1191 4361 museipulam;
1239 4291 1375 4343 inter
1407 4289 1623 4358 laqueos
1663 4291 1921 4343 ambulas.
1950 4290 2055 4345 Sed

478 4378 560 4433 vis
605 4393 825 4433 securus
861 4378 1163 4433 ambulare?
1203 4378 1320 4432 Noli
1369 4377 1636 4433 declinare
1681 4380 1733 4433 in
1779 4378 2055 4435 dexteram

480 4483 654 4537 neque
686 4469 736 4522 in
765 4468 1067 4536 sinistram;
1100 4478 1153 4524 et
1176 4469 1246 4523 sit
1273 4469 1363 4523 tibi
1394 4470 1476 4522 via
1500 4469 1586 4525 ille
1612 4471 1699 4539 qui
1732 4471 1823 4526 tibi
1849 4473 1864 4504 ³
1889 4471 2057 4527 factus

480 4566 564 4612 est
584 4559 663 4612 via
695 4557 867 4629 (Joan.
896 4575 1005 4625 xw,
1039 4558 1125 4629 6),
1158 4568 1215 4614 ut
1238 4560 1490 4630 perducat
1519 4569 1570 4616 te
1594 4562 1659 4615 ad
1688 4578 1745 4617 se
1771 4578 1865 4632 per
1888 4576 1976 4629 se;
2005 4572 2060 4618 et

480 4667 587 4707 non
620 4651 828 4707 timebis
858 4652 1071 4722 laqueos
1096 4654 1416 4708 venantium.
1445 4650 1549 4707 Sed
1573 4653 1697 4723 quid
1726 4663 1826 4718 est,
1856 4670 1887 4707 a
1914 4654 2059 4709 verbo

475 4745 697 4814 aspero?
720 4744 909 4800 Multos
929 4760 1022 4815 per
1043 4746 1259 4801 verbum
1284 4760 1530 4815 asperum
1559 4746 1699 4799 misit
1721 4746 1772 4799 in
1794 4747 2060 4816 muscipu-

484 4836 586 4890 Iam
615 4833 894 4890 diabolus:
924 4835 1072 4891 verbi
1099 4836 1263 4907 gratia
1287 4878 1303 4904 ,
1334 4837 1421 4906 qui
1452 4836 1713 4891 voluerint
1754 4851 1872 4891 esse
1908 4835 2061 4892 Chri-

486 4924 639 4979 stiani
667 4923 804 4979 inter
830 4924 1096 4995 Paganos,
1126 4925 1468 4981 insultatores
1496 4927 1761 4995 patiuntur
1786 4925 2056 4995 Paganos;

480 5015 804 5071 erubescunt
830 5014 967 5070 inter
992 5016 1367 5084 insultatorcs,
1400 5027 1452 5071 et
1484 5034 1511 5069 a
1541 5016 1705 5070 verbo
1742 5031 1930 5085 aspero
1970 5033 2060 5071 re-

482 5107 739 5164 cedentes
769 5107 836 5162 de
862 5108 944 5162 via
966 5151 981 5174 ,
1014 5108 1254 5162 incidunt
1294 5110 1345 5162 in
1396 5110 1613 5179 laqueos
1643 5110 1962 5162 venantium.
1995 5109 2062 5163 Et

487 5197 609 5269 quid
640 5198 732 5252 tibi
760 5197 1021 5253 facturum
1049 5209 1129 5254 est
1150 5199 1369 5253 verbum
1401 5198 1865 5269 aSperum‘kNihiI.
1893 5192 2026 5254 Num
2045 5228 2061 5239 -

486 5289 610 5358 quid
637 5288 762 5344 nihil
795 5290 885 5345 tibi
920 5290 1149 5345 facturus
1174 5298 1257 5345 est
1297 5290 1543 5360 laqueus,
1586 5305 1690 5367 quo
1718 5299 1766 5345 te
1794 5291 2063 5360 compellit

486 5381 729 5437 inimicus
768 5397 868 5454 per
896 5383 1113 5439 verbum
1143 5383 1429 5454 asperum?
1466 5382 1740 5450 Quomodo
1780 5387 1907 5437 retia
1950 5384 2060 5453 ple-

488 5486 711 5545 rumque
737 5476 1041 5544 tenduntur,
1070 5477 1137 5532 ad
1165 5485 1320 5546 caput
1360 5478 1501 5547 scpis
1528 5476 1812 5532 tenduntur
1840 5479 2021 5533 avibus
2041 5520 2058 5545 ,

487 5571 541 5617 et
564 5563 764 5633 lapides
801 5569 1082 5625 mittuntur
1118 5570 1173 5625 in
1212 5584 1393 5640 sepem
1428 5587 1439 5623 :
1472 5569 1670 5638 lapides
1710 5570 1781 5623 illi
1826 5571 1951 5624 nihil
1983 5571 2059 5623 fa-

487 5655 621 5711 cturi
651 5666 774 5711 sunt
797 5659 1000 5715 avibus.
1028 5660 1249 5727 Quando
1278 5661 1417 5717 enim
1445 5659 1565 5714 ferit
1588 5676 1773 5725 avem,
1805 5662 1889 5730 qui
1924 5660 2058 5728 lapi-

489 5746 608 5806 dem
640 5747 801 5802 mittit
824 5750 877 5805 in
905 5753 1124 5819 sepem?
1152 5752 1368 5808 Timens
1395 5762 1567 5806 autem
1594 5752 1705 5804 avis
1729 5754 1933 5808 inanem
1967 5768 2057 5808 so-

553 5863 571 5892 ⁸
606 5861 688 5910 uie
708 5859 818 5910 Edd.
838 5861 1034 5923 addunt,
1048 5876 1137 5926 pro
1157 5869 1202 5914 te
1220 5877 1237 5925 ;
1260 5865 1389 5926 quod
1411 5878 1438 5914 a
1463 5872 1566 5914 Mss.
1591 5868 1745 5914 abest.

1660 425 1714 483 s.
1756 416 2119 481 AUGUSTINI
2157 377 2459 474 Episcopi

3587 424 3731 480 “52

2147 548 2274 589 num
2295 574 2310 601 ,
2341 533 2483 589 cadit
2512 532 2566 589 iu
2590 534 2722 594 retia
2748 550 2761 588 :
2794 533 2872 590 sic
2900 532 3141 591 homines
3172 537 3418 594 timentes
3450 538 3734 598 insultato-

2145 640 2263 681 rum
2300 624 2461 681 verba
2500 639 2633 681 vana
2668 634 2723 680 et
2761 624 2965 692 inania,
2992 635 3049 683 et
3070 628 3445 685 erubescentes
3470 634 3731 691 conviciis

2146 715 2449 786 suprrlluis,
2479 714 2675 771 cadunt
2699 715 2751 770 in
2777 715 2995 787 laqueos
3019 718 3345 786 venantium,
3372 729 3425 776 et
3452 722 3731 792 captivan-

2150 819 2235 864 tur
2258 824 2289 864 a
2317 808 2546 864 diabolo.
2575 806 2680 865 Sed
2701 823 2796 863 cur
2820 825 2923 865 non
2947 808 3085 877 dico,
3114 809 3323 878 fratres,
3349 814 3490 884 quod
3515 831 3619 871 non
3642 826 3729 874 est

2147 900 2450 966 tacendum,
2483 899 2622 971 quod
2651 915 2736 954 me
2761 900 2901 970 cogit
2923 900 3061 955 Deus
3082 901 3292 958 dicere?
3314 904 3730 971 Quomodolibet

2147 992 2250 1049 hoc
2272 993 2563 1063 accipiatis,
2587 996 2722 1062 cogit
2745 1008 2832 1047 me
2853 993 2993 1048 Deus
3012 993 3225 1061 dicere;
3252 1005 3305 1051 et
3326 998 3369 1053 si
3392 1014 3495 1053 non
3515 999 3729 1066 dixero.

2147 1099 2246 1155 ego
2271 1084 2402 1139 cado
2429 1083 2481 1138 in
2508 1070 2723 1153 laqueos
2752 1086 3054 1140 venantium
3081 1105 3093 1139 :
3124 1088 3167 1141 si
3199 1089 3339 1143 enim
3366 1089 3734 1151 detractiones

2148 1174 2420 1230 hominum
2463 1176 2656 1240 timeo,
2703 1185 2760 1229 ut
2806 1191 2909 1230 non
2958 1176 3162 1243 dicam;
3208 1195 3307 1249 ego
3349 1181 3465 1252 ipse
3507 1188 3736 1243 averbo

2146 1280 2337 1335 aspero
2365 1265 2498 1321 cado
2528 1266 2579 1320 in
2604 1266 2824 1341 laqueos
2852 1269 3176 1336 venantium,
3206 1272 3296 1341 qui
3327 1289 3420 1329 vos
3446 1290 3639 1332 moneo
3670 1290 3737 1335 ut

2148 1372 2253 1411 non
2295 1356 2526 1411 timentis
2564 1358 2722 1413 verba
2770 1358 3062 1415 hominum.
3106 1362 3243 1429 Quid
3290 1376 3371 1421 est
3414 1384 3543 1440 ergo
3584 1372 3735 1440 quod

2148 1446 2383 1504 dicturus
2432 1449 2588 1504 sum?
2635 1449 2911 1517 Quomodo
2964 1453 3102 1508 inter
3146 1455 3386 1531 Paganos
3430 1461 3520 1531 qui
3569 1462 3739 1519 fuerit

2148 1538 2512 1611 Christianus,
2534 1557 2568 1617 ⁶ιι
2611 1541 2834 1612 Paganis
2862 1543 3009 1599 audit
3031 1547 3189 1602 verba
3217 1563 3402 1619 aspera
3421 1594 3433 1613 .
3462 1554 3651 1623 quibus
3684 1557 3735 1610 si

2148 1629 2452 1694 erubuerit,
2483 1631 2624 1686 cadit
2652 1632 2701 1685 in
2730 1633 3074 1702 muscipulam
3105 1641 3408 1695 venantium
3436 1658 3451 1695 :
3483 1642 3559 1698 sic
3590 1644 3737 1700 inter

2152 1720 2480 1778 Christianos
2510 1724 2599 1794 qui
2628 1725 2892 1780 voluerint
2925 1742 3043 1783 esse
3072 1729 3434 1801 diligentiores
3457 1745 3509 1790 et
3538 1739 3734 1794 melio-

2148 1828 2270 1880 res,
2307 1815 2373 1869 ab
2410 1816 2537 1885 ipsis
2572 1816 2889 1873 Christianis
2917 1819 3143 1875 audituri
3174 1835 3297 1878 sunt
3340 1826 3731 1888 insultationes.

2150 1904 2215 1959 Et
2244 1906 2366 1975 quid
2397 1906 2641 1975 prodest,
2688 1907 2870 1975 frater,
2899 1911 3037 1980 quod
3064 1912 3346 1984 aliquando
3374 1917 3575 1974 invenis
3599 1924 3736 1977 civi-

2152 2006 2346 2062 tatem,
2393 1998 2483 2052 ubi
2526 1998 2706 2053 nullus
2752 2009 2833 2056 est
2874 2005 3147 2073 paganus?
3191 2005 3358 2061 Nemo
3403 2010 3473 2063 ibi
3515 2013 3736 2069 insultat

2148 2086 2436 2143 christiano
2460 2088 2600 2159 quod
2626 2090 2945 2147 christianus
2971 2102 3068 2160 est,
3097 2096 3216 2165 quia
3243 2114 3344 2153 non
3369 2098 3437 2154 ibi
3463 2102 3735 2160 invenitur

2149 2194 2422 2249 paganus:
2450 2181 2543 2236 sed
2570 2191 2692 2238 sunt
2717 2184 2868 2239 multi
2893 2187 3029 2241 male
3053 2188 3293 2246 viventes
3311 2193 3580 2251 christiani
3603 2241 3616 2259 .
3647 2200 3736 2252 in~

2151 2278 2235 2325 ter
2273 2286 2405 2339 quos
2443 2272 2531 2342 qui
2563 2272 2791 2328 voluerit
2818 2274 2953 2329 bene
2978 2277 3186 2345 vivere,
3233 2291 3287 2337 et
3326 2284 3462 2340 inter
3486 2287 3735 2345 ebriosos

2150 2361 2359 2416 sobrius
2385 2376 2522 2429 esse,
2551 2371 2605 2418 et
2631 2363 2769 2419 inter
2797 2364 3111 2424 fornicarios
3140 2382 3316 2427 castus
3341 2390 3479 2442 esse,
3509 2388 3558 2432 et
3588 2380 3735 2435 inter

2150 2451 2479 2507 consultores
2508 2452 3001 2511 mathematicorum
3034 2461 3196 2516 Deum
3239 2465 3515 2523 sinceriter
3548 2472 3732 2527 colere

2151 2550 2206 2597 et
2234 2542 2365 2596 nihil
2396 2542 2499 2598 tale
2528 2545 2816 2613 requirere,
2850 2555 2903 2601 et
2933 2548 3069 2605 inter
3094 2565 3419 2622 spectatores
3447 2575 3732 2631 nugacnnn

2151 2634 2479 2689 theatrorum
2510 2637 2527 2667 ⁸
2559 2636 2784 2693 noluerit
2830 2639 2907 2695 ire
2933 2642 3033 2696 nisi
3071 2644 3137 2698 ad
3177 2648 3484 2715 ecclesiam,
3533 2656 3733 2722 patitur

2152 2726 2491 2782 insultatores
2513 2728 2655 2798 ipsos
2680 2729 3015 2800 christianos,
3039 2745 3093 2789 et
3114 2739 3305 2806 patitur
3327 2742 3483 2797 verba
3508 2759 3730 2813 aSpera;

2151 2826 2206 2873 et
2232 2817 2435 2884 dicunt,
2461 2817 2676 2889 Magnus
2701 2820 2991 2891 tu,,justus,
3019 2833 3071 2879 tu
3094 2841 3151 2881 es
3175 2828 3333 2895 Elius,
3363 2840 3417 2885 tu
3437 2848 3493 2887 es
3517 2834 3732 2904 Petrus,

2151 2908 2220 2964 de
2246 2908 2385 2964 coalo
2412 2910 2623 2964 venisti.
2666 2910 2954 2979 lnsultant;
2998 2930 3330 2990 quocumque
3368 2938 3427 2978 se
3472 2928 3687 2981 verterit
3711 2969 3733 2995 ,

2152 2998 2299 3055 audit
2328 2999 2451 3055 hinc
2475 3009 2635 3071 atque
2659 3001 2781 3057 inde
2806 3004 3023 3060 verbum
3050 3022 3316 3077 asperum.
3342 3012 3492 3081 Quod
3514 3018 3556 3073 si
3580 3019 3736 3078 timet

2151 3098 2207 3146 et
2234 3091 2436 3147 recedit
2472 3107 2501 3146 a
2535 3093 2613 3146 via
2641 3093 2870 3160 Christi,
2899 3097 3039 3153 cadit
3078 3100 3129 3154 in
3161 3101 3376 3172 laqueos
3401 3110 3733 3166 venantium.

2152 3182 2428 3249 Quomodo
2455 3192 2632 3239 autem
2675 3199 2794 3239 cum
2820 3187 3107 3244 audiuntur
3135 3194 3247 3248 lure
3275 3197 3433 3253 verba
3452 3239 3465 3259 .
3509 3215 3611 3254 non
3640 3218 3737 3257 re-

2151 3274 2356 3329 ceditur
2383 3290 2412 3327 a
2442 3273 2564 3329 via?
2588 3275 2722 3343 Quid
2752 3288 2834 3331 est
2852 3319 2867 3342 ,
2898 3294 3001 3333 non
3029 3282 3275 3340 recedere
3303 3301 3332 3339 a
3365 3289 3484 3342 via?
3509 3290 3738 3357 Quando

2153 3368 2301 3440 audit
2328 3366 2489 3423 verba
2520 3383 2729 3437 aspera,
2760 3370 2902 3426 unde
2931 3372 3030 3426 sibi
3060 3373 3216 3430 habet
3246 3375 3419 3435 facere
3445 3381 3692 3437 solatium
3718 3426 3735 3448 ,

2155 3466 2212 3512 ut
2238 3472 2343 3512 non
2372 3468 2522 3513 curet
2550 3459 2707 3513 verba
2739 3474 2957 3530 aspera,
3003 3478 3097 3519 nec
3120 3467 3334 3522 recedat
3359 3485 3389 3524 a
3419 3472 3499 3525 via
3520 3513 3533 3535 ,
3560 3482 3616 3527 et
3654 3476 3740 3528 in-

2156 3560 2257 3605 tret
2288 3564 2380 3619 per
2405 3550 2657 3619 januam?
2689 3550 2836 3606 Dicat
2861 3570 2875 3607 :
2905 3554 3075 3623 qualia
3109 3557 3265 3613 verba
3293 3560 3479 3629 audio,
3509 3579 3696 3618 servus
3719 3608 3735 3629 ,

2154 3642 2431 3713 peceator?
2478 3642 2728 3697 Dominus
2757 3660 2904 3699 meus
2943 3648 3185 3704 audivit:
3224 3638 3541 3709 Dtemonium
3582 3660 3740 3715 babes

2156 3730 2332 3804 (Joan.
2365 3748 2476 3795 vm,
2499 3733 2612 3802 48).
2644 3733 2799 3787 Modo
2827 3735 3045 3790 audistis
3074 3740 3291 3795 verbum
3321 3758 3568 3813 asperum
3592 3751 3737 3818 quod

2154 3828 2348 3881 dictum
2378 3835 2458 3880 est
2487 3826 2539 3880 in
2580 3826 2858 3881 Dominum
2889 3845 2902 3881 :
2932 3846 3035 3883 non
3076 3846 3208 3900 opus
3243 3846 3356 3888 emt
3390 3846 3445 3890 ut
3478 3824 3740 3897 Dominus

2155 3918 2254 3973 hoc
2282 3917 2505 3982 audiret,
2540 3917 2632 3972 sed
2663 3926 2714 3972 te
2741 3920 2941 3974 monuit
2972 3920 3246 3979 adversus
3262 3926 3418 3982 verba
3447 3943 3632 4000 aspera
3663 3948 3741 3989 ne

2156 4009 2356 4066 incidas
2383 4011 2433 4064 in
2466 4010 2680 4078 laqueos
2707 4011 3035 4065 venantium.

2227 4101 2279 4156 5.
2322 4099 2471 4171 [vers.
2503 4098 2580 4171 1L]
2622 4097 2765 4152 Inter
2788 4102 3024 4168 scapulas
3060 4118 3180 4157 suas
3205 4106 3511 4163 obumbrabit
3536 4110 3651 4177 tibi,
3684 4122 3739 4171 εξ

2156 4194 2246 4248 sub
2269 4194 2365 4248 alis
2389 4195 2499 4263 ejus
2523 4192 2764 4261 sperabis.
2800 4192 2909 4247 lloc
2936 4193 3093 4258 dicit,
3126 4212 3192 4250 ne
3224 4207 3308 4250 tua
3340 4202 3591 4268 protectio
3622 4219 3648 4256 ιι
3683 4216 3740 4260 te

2158 4287 2248 4342 tibi
2280 4286 2376 4351 sit,
2410 4300 2477 4339 ne
2505 4295 2655 4353 putes
2682 4284 2802 4352 quia
2841 4294 2896 4338 tu
2938 4294 2989 4339 te
3029 4294 3178 4354 potes
3218 4300 3528 4360 protegere:
3563 4294 3651 4349 ille
3683 4307 3741 4351 te
3810 4268 3821 4275 ι

2158 4385 2418 4448 proteget,
2446 4383 2501 4429 ut
2526 4385 2671 4429 eruat
2695 4383 2790 4440 ;.et
2818 4383 2968 4429 eruet
2994 4373 3061 4429 de
3090 4376 3381 4446 muscipula
3405 4385 3738 4453 venantium,

2157 4456 2266 4524 et’a
2298 4466 2462 4522 verbo
2491 4481 2699 4535 aspero.
2727 4464 2870 4520 Inter
2891 4467 3124 4537 scapulas
3146 4484 3265 4521 suas
3288 4470 3599 4528 obumbrabit
3624 4478 3738 4546 tibi,

2157 4567 2216 4615 et
2249 4574 2278 4612 a
2310 4565 2457 4628 tergo
2501 4566 2653 4627 potes
2696 4556 3023 4626 intelligere,
3065 4566 3119 4612 et
3146 4572 3175 4612 a
3221 4570 3435 4628 pectore
3462 4581 3474 4616 :
3504 4569 3741 4635 scapulm

2159 4654 2298 4708 enim
2337 4651 2478 4705 circa
2516 4657 2675 4719 caput
2708 4658 2849 4703 sunt.
2889 4648 2993 4705 Sed
3020 4650 3139 4720 quia
3168 4650 3328 4718 dicit,
3362 4656 3452 4709 sub
3488 4658 3584 4711 alis
3625 4660 3744 4728 ejus

2158 4744 2412 4813 sperabis,
2451 4739 2786 4795 manifestum
2826 4752 2908 4794 est
2944 4741 3066 4811 quia
3106 4744 3364 4811 protectio
3400 4746 3598 4800 alarum
3636 4765 3744 4803 ea-

2159 4851 2442 4907 pansarum
2474 4834 2596 4891 facit
2621 4843 2673 4888 te
2700 4847 2819 4888 esse
2846 4834 2982 4889 inter
3006 4835 3247 4904 scapulas
3277 4836 3392 4905 Dei,
3423 4848 3481 4891 ut
3503 4837 3627 4894 hinc
3656 4852 3745 4897 at-

2159 4943 2263 4997 que
2290 4928 2411 4982 hinc
2438 4926 2537 4979 alae
2565 4925 2658 4979 Dei
2687 4936 2737 4979 te
2766 4932 2965 4993 ponant
2990 4925 3040 4980 in
3071 4926 3284 4982 medio:
3313 4937 3367 4982 et
3392 4942 3496 4983 non
3526 4932 3745 4991 timebis

2160 5036 2228 5075 ne
2251 5019 2368 5089 quis
2392 5019 2483 5073 tibi
2509 5026 2725 5083 noceat;
2759 5026 2958 5072 tantum
2982 5026 3043 5072 tu‘
3058 5019 3163 5073 noli
3187 5019 3308 5074 inde
3329 5023 3601 5089 recedere,
3631 5044 3744 5095 quo

2160 5109 2335 5166 nullus
2377 5108 2619 5163 inimicus
2658 5107 2815 5163 audet
2856 5106 3133 5162 accedere.
3182 5107 3238 5164 Si
3280 5112 3472 5180 gallina
3512 5124 3746 5185 protegit

2161 5202 2334 5272 pullos
2374 5215 2499 5255 suos
2542 5199 2641 5254 sub
2668 5198 2765 5253 alis
2806 5199 2945 5265 suis;
2975 5208 3171 5269 quanto
3198 5204 3365 5273 magis
3409 5213 3460 5257 tu
3503 5207 3602 5260 sub
3639 5209 3744 5263 alis

2162 5294 2254 5349 Dei
2285 5302 2425 5348 tutus
2453 5294 2576 5355 eris,
2615 5302 2668 5345 et
2692 5292 2946 5346 adversus
2973 5292 3239 5347 diabolum
3271 5305 3324 5350 et
3349 5297 3564 5366 angelos
3589 5299 3708 5367 ejus
3726 5343 3743 5367 ,

2161 5402 2279 5455 qum
2309 5401 2479 5462 aerea:
2520 5393 2808 5452 potestates
2837 5392 3085 5454 tanquam
3129 5387 3407 5457 accipitres
3444 5390 3744 5444 circumvo-

2163 5476 2342 5541 litant,
2389 5484 2442 5528 ut
2484 5474 2747 5527 infirmum
2791 5474 2994 5544 pullum
3038 5474 3320 5530 auferant?
3365 5477 3545 5548 Neque
3594 5482 3742 5537 enim

2161 5567 2277 5621 sine
2301 5582 2457 5620 causa
2490 5576 2790 5634 comparata
2819 5576 2902 5621 est
2926 5567 3116 5637 gallina
3146 5568 3241 5636 ipsi
3284 5566 3566 5639 S'apientim
3607 5573 3700 5628 Dei
3724 5590 3739 5638 ;

2163 5673 2282 5713 nam
2307 5653 2548 5711 Christus
2570 5657 2681 5724 ipse
2704 5657 2952 5711 Dominus
2972 5666 3152 5711 noster
3167 5668 3221 5711 et
3238 5659 3472 5715 salvator
3489 5671 3740 5733 tanquam

2159 5748 2404 5819 gallinam
2433 5762 2489 5802 sc
2512 5746 2645 5802 dixit
2672 5765 2683 5802 :
2713 5746 3023 5811 Jerusalem,
3055 5747 3357 5812 Jerusalem,
3390 5755 3577 5820 quaties
3606 5757 3745 5810 ιιυὶηἰ

2223 5868 2241 5900 ί
2272 5867 2404 5915 Alter
2425 5880 2450 5908 υ
2470 5865 2606 5915 norb.
2624 5850 3006 5923 Mss.,lmrgarum
3040 5861 3389 5911 thratricarum.
