4024 6210
324 247 466 299 “55

322 360 561 429 colligere
584 357 721 427 ﬁlios
745 366 877 423 tuos,
908 367 1141 427 tanquam
1166 358 1354 429 gallina
1381 358 1545 429 pullos
1568 375 1705 423 suos,
1733 368 1779 412 et
1807 375 1900 413 no-

324 452 465 504 luisti
507 448 720 521 (Matth.
762 465 889 504 nm
909 490 926 516 ,
957 450 1085 520 57)?
1113 449 1289 504 Noluit
1316 451 1401 505 illa
1426 450 1749 515 Jerusalem;
1781 451 1907 506 veli-

324 558 453 595 mus
480 556 590 595 nos.
622 539 715 595 Illa
746 551 896 611 rapta
934 550 1016 595 est
1042 540 1109 595 ab
1133 541 1302 597 aereis
1331 542 1679 611 potestatibus
1708 543 1907 613 fugiens

325 634 449 688 alas
472 634 707 704 galliam,
751 649 1079 704 prmsumens
1118 635 1185 689 de
1214 635 1413 691 viribus
1438 636 1577 702 suis,
1618 651 1736 691 cum
1766 648 1908 693 esset

328 722 580 778 inﬁrma:
617 730 717 778 nos
755 723 1073 779 confitentes
1111 723 1467 779 infirmitatem
1509 736 1775 792 nostram,
1808 724 1906 780 sub

326 818 443 869 alas
477 816 566 869 Dei
596 816 893 885 fugiamus;
937 815 1038 871 erit
1063 814 1217 869 nobis
1258 816 1398 870 enim
1442 824 1684 886 tanquam
1712 817 1905 887 gallina

326 916 612 977 protegens
652 906 821 975 pullos
846 921 995 961 suos.
1024 905 1139 961 Non
1183 916 1266 981 est
1288 908 1428 962 enim
1470 908 1779 977 iujuriosmn
1809 924 1907 962 no-

326 1012 448 1051 men
482 995 715 1067 galliam.
745 996 1017 1052 Attendite
1041 1006 1262 1052 crateras
1287 1012 1430 1061 aves,
1462 997 1654 1052 fratres
1681 1016 1694 1052 :
1725 998 1904 1052 multa:

324 1103 451 1143 aves
492 1098 618 1142 ante
654 1103 756 1143 nos
786 1087 985 1155 fetant,
1030 1086 1341 1142 calefaciunt
1371 1088 1540 1157 pullos
1567 1103 1725 1153 suos;
1763 1089 1904 1142 nulla

325 1178 401 1232 sic
425 1178 545 1232 avis
574 1178 873 1233 infirmatur
902 1192 1020 1233 cum
1050 1178 1234 1248 pullis,
1276 1178 1539 1248 quomodo
1564 1179 1777 1248 gallina.
1811 1180 1905 1233 At-

325 1270 508 1324 tendat
533 1269 780 1324 Charitas
806 1278 1021 1324 vestra:
1064 1268 1400 1335 hirundines,
1442 1284 1683 1339 passeres
1710 1271 1724 1301 ¹
1753 1280 1807 1325 et
1830 1271 1905 1325 ci-
1950 1322 1957 1329 .

324 1363 506 1417 conias
546 1360 795 1416 videmus
830 1369 979 1417 extra
1007 1360 1158 1416 nidos
1198 1376 1351 1426 suos,
1400 1376 1498 1415 nec
1536 1362 1904 1431 cognoscimus

324 1464 500 1507 utrum
533 1452 678 1529 fetus
721 1452 1073 1518 habeant;,at
1099 1467 1226 1507 vero
1252 1452 1498 1522 gallinam
1537 1453 1902 1523 cognoscimus

323 1548 371 1601 in
418 1545 730 1600 infirmitate
754 1544 930 1609 vocis,
965 1545 1015 1599 in
1058 1545 1383 1600 relaxatione
1425 1545 1716 1614 plumarum
1747 1564 1760 1601 :
1796 1555 1901 1600 tota

269 1646 276 1655 '
324 1647 557 1690 mutatur
592 1634 785 1690 alfe’ctu
815 1636 1111 1705 pullorum;
1140 1636 1260 1705 quia
1296 1635 1368 1688 illi
1408 1634 1597 1688 infirmi
1627 1645 1779 1702 sunt,
1814 1636 1900 1690 in-

325 1728 530 1782 ﬁrmam
556 1741 618 1781 se
645 1726 789 1781 facit.
820 1727 949 1794 Quia
975 1741 1103 1796 ergo
1130 1734 1184 1781 et
1213 1742 1309 1780 nos
1336 1726 1530 1781 infirmi
1556 1742 1786 1794 eramus,
1818 1728 1899 1783 in-

324 1817 527 1871 ﬁrmam
574 1831 633 1870 se
678 1816 800 1871 fecit
846 1817 1110 1885 Sapientia
1156 1816 1278 1881 Dei;
1325 1817 1445 1885 quia
1496 1817 1727 1872 Verbum
1775 1833 1900 1874 caro

324 1907 513 1962 factum
541 1917 646 1971 est,
677 1916 730 1962 et
758 1906 1009 1961 habitavit
1036 1907 1088 1961 in
1122 1908 1276 1961 nobis
1304 1906 1479 1979 (JOan.
1512 1924 1550 1976 ι,
1580 1906 1687 1981 14),
1722 1919 1779 1964 ut
1801 1911 1900 1966 sub

322 2003 415 2056 alis
437 2001 559 2071 ejus
584 2015 882 2070 speremus.

310 2132 321 2143 .
387 2098 438 2149 6.
471 2093 625 2167 [rem
651 2094 705 2157 ii,
732 2091 810 2165 6.]
834 2092 988 2148 Scuto
1008 2092 1333 2147 circumdabit
1354 2103 1400 2147 te
1421 2094 1598 2149 veritas
1619 2096 1747 2165 ejus.
1770 2095 1897 2164 Qua:

323 2187 604 2249 suntalie,
648 2184 752 2239 hoc
793 2193 875 2240 est
916 2193 1150 2251 scutum;
1192 2185 1312 2255 quia
1358 2201 1456 2241 nec
1484 2186 1582 2240 alte
1618 2195 1769 2252 sunt,
1800 2200 1898 2243 nec

322 2287 550 2331 scutum.
597 2274 655 2331 Si
686 2275 885 2346 aliquid
931 2275 1118 2330 horum
1169 2276 1381 2345 proprie
1422 2286 1590 2341 esset,
1641 2278 1893 2348 numquid

321 2369 413 2423 alte
435 2378 649 2424 scutum
678 2384 797 2423 esse
826 2380 1071 2437 possent,
1106 2368 1183 2422 vel
1217 2378 1423 2423 scutum
1464 2370 1599 2423 ala-1’
1632 2369 1735 2441 Sed
1773 2371 1893 2442 quia

321 2461 557 2533 figurato
585 2477 684 2530 per
726 2460 1099 2516 similitudines
1141 2460 1243 2516 dici
1290 2461 1466 2515 omnia
1495 2462 1592 2515 ista
1638 2472 1891 2531 possunt,

319 2556 435 2611 ideo
458 2564 515 2610 et
556 2555 660 2609 ala:
702 2564 756 2609 et
784 2564 989 2609 scutum
1024 2569 1149 2608 esse
1191 2562 1493 2622 potuerunt.
1523 2554 1579 2609 Si
1611 2570 1732 2610 vere
1760 2556 1893 2625 lapis

317 2656 469 2721 esset.
497 2646 783 2710 Christus.
814 2645 900 2701 leo
930 2660 1032 2699 non
1066 2653 1244 2708 esset;
1276 2654 1328 2699 et
1355 2644 1398 2699 si
1427 2645 1510 2699 leo
1538 2654 1697 2708 esset.
1726 2660 1893 2716 agnus

315 2757 417 2796 non
442 2748 589 2795 esset
612 2757 627 2791 :
661 2738 779 2793 ideo
807 2746 863 2793 et
881 2738 966 2791 leo
994 2737 1175 2806 (Apoc.
1199 2753 1251 2802 v,
1278 2736 1352 2806 5),
1385 2745 1438 2791 et
1461 2751 1628 2806 agnus
1652 2735 1825 2805 (Joan.
1850 2754 1888 2805 ι,

313 2832 424 2897 29),
451 2840 509 2886 et
544 2829 682 2898 lapis
708 2829 845 2899 (Act.
870 2843 943 2893 tv,
982 2828 1069 2889 10,
1104 2827 1214 2898 ιι),
1247 2835 1302 2881 et
1328 2826 1556 2892 vitulus,
1596 2835 1650 2881 et
1677 2827 1720 2881 si
1764 2826 1889 2897 quid

312 2922 652 2993 huiusmodi;
681 2921 803 2992 quia
831 2936 928 2975 nec
959 2920 1123 2989 lapis,
1158 2935 1256 2975 nec
1285 2921 1397 2985 leo,
1442 2935 1541 2974 nec
1566 2934 1758 2989 agnus,
1793 2936 1891 2977 nec

311 3003 538 3083 vitulus,
585 3015 681 3070 sed
719 3014 950 3068 salvator
993 3012 1229 3068 omnium
1270 3012 1426 3067 Jesus
1467 3009 1727 3067 Christus.
1771 3013 1889 3068 ista:

309 3110 450 3164 enim
493 3107 875 3163 similitudines
914 3113 1072 3170 Sunt,
1121 3122 1225 3160 non
1269 3105 1639 3175 proprietates.
1693 3104 1888 3161 Veritas

236 3222 247 3235 -
311 3202 438 3270 ejus,
465 3199 674 3271 inquit,
713 3196 1039 3251 circumdabit
1066 3206 1131 3250 te.
1158 3196 1431 3264 Tanquam
1460 3205 1666 3249 scutum
1691 3197 1887 3251 veritas

308 3291 423 3360 ejus
452 3300 566 3354 est;
612 3299 668 3342 ut
694 3305 798 3343 non
830 3290 1050 3342 misceat
1077 3301 1170 3342 eos
1209 3287 1297 3356 qui
1329 3287 1379 3340 in
1416 3286 1605 3357 seipsis
1633 3296 1882 3357 sperant,

276 3450 281 3453 Α
307 3398 428 3436 cum
453 3381 533 3436 eis
555 3380 645 3450 qui
673 3381 725 3434 in
752 3379 859 3433 Deo
877 3385 1110 3448 sperant.
1132 3377 1384 3433 Peccator
1408 3386 1503 3442 est,
1527 3389 1581 3433 et
1605 3388 1883 3448 peccator:

307 3472 399 3527 sed
411 3473 475 3526 da
492 3481 824 3541 peceatorem
840 3469 905 3524 de
919 3486 975 3524 se
990 3476 1414 3539 praesumentem,
1431 3479 1879 3536 contemnentem,

266 3607 288 3629 ,
307 3573 518 3632 peccata
540 3577 635 3616 sua
663 3576 767 3615 non
793 3562 1149 3623 confitentem,
1172 3570 1225 3615 et
1247 3559 1407 3625 dicet,
1433 3560 1488 3615 Si
1507 3560 1617 3615 Deo
1631 3560 1883 3631 displice—

306 3667 421 3710 rent
461 3662 677 3724 peccata
716 3666 863 3716 mea,
897 3666 1000 3705 non
1036 3652 1362 3721 permitteret
1384 3666 1470 3705 me
1494 3652 1691 3707 vivere.
1733 3653 1884 3707 Alius

304 3756 480 3800 autem
509 3744 693 3798 oculos
716 3756 818 3796 non
845 3741 1075 3796 audebat
1100 3742 1294 3805 levare,
1325 3741 1417 3796 sed
1436 3742 1758 3811 percntiebat
1785 3758 1882 3812 pe-

304 3849 422 3889 ctus
464 3851 650 3901 suum,
679 3833 890 3895 dicens,
925 3832 1168 3898 Domine,
1199 3833 1448 3902 prapitius
1476 3843 1577 3887 esto
1604 3833 1728 3888 mihi
1761 3851 1881 3904 pec-

303 3929 467 3982 catori
490 3927 633 4000 (Luc.
662 3942 809 3992 xvnt,
831 3927 943 3994 l5).
964 3926 1138 3982 Etille
1160 3934 1423 3991 peccator,
1453 3935 1505 3980 et
1525 3926 1612 3981 ille
1634 3943 1649 3979 :
1677 3926 1770 3980 sed
1793 3925 1882 3983 ille

304 4020 527 4074 irridens
547 4061 562 4083 ,
604 4019 704 4072 iste
729 4017 1018 4088 plangens;
1050 4017 1138 4072 ille
1174 4025 1527 4086 contemptor,
1557 4016 1643 4071 hic
1665 4016 1877 4073 confes-

299 4127 391 4165 sor
424 4119 762 4180 peccatorum
792 4124 1031 4163 suorum.
1061 4108 1271 4163 Veritas
1295 4116 1472 4181 autem
1502 4108 1593 4162 Dei
1627 4124 1745 4179 quae
1770 4124 1875 4163 non

303 4217 560 4269 personas
587 4200 793 4269 accipit,
826 4199 1080 4257 discernit
1109 4199 1453 4279 poenitentem
1480 4214 1508 4253 a
1536 4196 1874 4268 defendente,

299 4293 554 4347 discernit
584 4291 834 4346 humilem
856 4308 884 4345 a
911 4291 1161 4361 superbo,
1190 4291 1451 4347 discernit
1467 4302 1873 4362 praesumentem

298 4384 368 4439 de
404 4384 582 4453 seipso
623 4399 652 4436 a
697 4391 1050 4452 praesumente
1096 4382 1165 4439 de
1195 4382 1321 4438 Deo.
1358 4382 1497 4453 Ergo
1543 4384 1724 4439 veritas
1767 4385 1874 4455 ejus

298 4486 549 4545 tanquam
571 4484 711 4527 scuto
738 4474 1063 4527 circumdabit
1086 4484 1151 4526 te.
1424 4532 1425 4539 κ

371 4569 425 4622 7.
461 4566 580 4620 Non
609 4567 798 4620 timebis
826 4584 857 4618 a
885 4567 1061 4619 timore
1095 4574 1335 4619 nocturno
1355 4608 1369 4630 ,
1412 4581 1444 4617 a
1472 4565 1653 4637 sagitta
1678 4566 1874 4620 volante

295 4678 387 4729 per
410 4660 544 4713 dicat
563 4700 579 4724 ,
620 4676 651 4711 a
678 4660 877 4729 negotio
908 4655 1283 4728 perambulante
1305 4658 1359 4710 in
1389 4657 1600 4711 tenebris
1620 4698 1634 4721 ,
1664 4674 1695 4710 a
1724 4658 1871 4710 ruina

297 4764 342 4807 et
362 4754 612 4806 daemonio
640 4751 935 4804 meridiano.
968 4750 1181 4805 Duobus
1209 4766 1326 4819 qme
1351 4764 1507 4818 supra
1544 4750 1682 4803 dixit
1701 4764 1725 4814 ,ί
1747 4749 1870 4803 red-

294 4845 491 4898 duntur
526 4842 634 4898 duo
674 4858 793 4913 qua:
838 4842 970 4897 infra
1011 4842 1167 4897 dixit.
1216 4840 1336 4895 Non
1385 4842 1574 4896 timebis
1619 4859 1652 4895 a
1698 4843 1873 4895 timore

294 4948 560 4997 nocturno,
589 4955 621 4989 a
644 4937 829 5008 sagitta
858 4937 1054 4990 volante
1084 4953 1170 5005 per
1196 4936 1326 4989 dicat
1356 4952 1373 4989 :
1402 4947 1453 4990 et
1479 4944 1694 5004 propter
1718 4937 1873 4989 timo-
1920 5006 1925 5011 _

295 5049 407 5084 rem
436 5040 778 5096 nocturnum,
802 5046 832 5083 α
859 5030 1056 5098 negotio
1083 5028 1457 5097 perambulante
1474 5028 1526 5080 in
1552 5028 1792 5091 tenebris;
1818 5036 1872 5081 et

296 5132 515 5193 propter
545 5123 794 5192 sagittam
824 5121 1092 5174 volantem
1126 5134 1219 5188 per
1247 5117 1417 5180 diem,
1450 5133 1481 5168 a
1509 5117 1657 5170 ruina
1686 5127 1732 5170 et
1761 5117 1870 5171 da:-

292 5215 464 5264 monio
485 5213 788 5264 meridiano.
818 5210 951 5277 Quid
975 5218 1055 5263 est
1076 5207 1362 5262 timendum
1390 5206 1440 5258 in
1463 5215 1638 5272 nocte,
1670 5216 1721 5260 et
1746 5207 1869 5276 quid

293 5303 346 5355 in
388 5302 514 5357 die?
544 5302 678 5355 Cum
717 5300 941 5371 quisque
986 5299 1234 5369 ignorans
1279 5305 1493 5366 peccat,
1541 5307 1784 5367 tanquam
1818 5299 1870 5352 in

295 5403 456 5448 nocte
483 5402 666 5462 peccat
700 5410 715 5446 :
746 5406 866 5463 eum
897 5400 1070 5444 autem
1097 5389 1270 5443 sciens
1298 5398 1510 5458 peccat,
1545 5398 1789 5457 tauquam
1819 5389 1871 5442 in

291 5485 381 5538 die
410 5495 613 5553 peccat.
648 5483 764 5536 Duo
792 5497 920 5551 ergo
952 5481 1036 5534 illa
1060 5478 1291 5541 leviora;
1327 5479 1436 5547 ipsa
1462 5489 1584 5533 sunt
1608 5480 1871 5550 graviora,

293 5594 413 5648 qua:
455 5578 680 5646 repetita
728 5584 872 5633 sunt.
905 5572 1192 5638 Intendite,
1228 5582 1285 5627 ut
1326 5570 1606 5642 diligenter
1650 5571 1779 5640 hoc,
1826 5572 1872 5626 si

358 5693 374 5717 ‘
414 5698 501 5739 \tss
527 5724 541 5747 .
560 5702 767 5739 anseres.

1454 243 1843 300 ΕΝΑΚΠΛΊΊΟ
1872 245 1933 299 IN
1964 246 2283 304 PSALMUM
2321 248 2427 305 XC.

3447 254 3578 311 “55

2018 360 2272 414 Dominus
2312 362 2583 427 aunuerit,
2626 374 2919 431 cxponatur
2960 364 3458 421 vobis:obseurum
3497 376 3581 422 est

2013 450 2153 504 enim
2175 492 2189 515 ,
2221 461 2274 506 et
2298 454 2397 507 erit
2428 468 2646 521 magnus
2676 455 2873 508 fructus
2896 456 2939 509 si
2966 456 3352 519 intellexeritis.
3383 458 3580 513 Tenta—

2013 540 2208 596 tiouem
2237 558 2351 612 qua:
2380 547 2435 596 tit
2461 546 2510 597 in
2536 546 2892 614 ignorantibus
2916 547 3067 613 levis,
3099 549 3340 604 timorem
3364 562 3580 604 noctur-

2012 646 2137 684 num
2171 633 2482 700 appellavit;
2514 641 2567 686 et
2603 636 2943 689 teutationem
2973 653 3091 706 qua:
3123 638 3177 691 lit
3206 639 3258 692 in
3285 640 3573 695 scientibus

2013 719 2175 787 levis,
2219 723 2460 791 sagittam
2501 724 2761 777 volantem
2810 742 2898 794 per
2923 727 3061 781 diem
3100 729 3402 798 appellavit.
3445 730 3575 798 Qua:

2009 823 2134 867 sunt
2158 813 2301 868 leves
2327 814 2674 871 tcutationcs?
2702 817 2829 884 Quae
2859 834 2961 871 non
2996 819 3072 871 sic
3100 821 3326 886 instant,
3358 837 3460 874 non
3499 822 3578 876 sic

2010 913 2217 973 urgent,
2250 915 2300 958 ut
2334 918 2559 975 cogant,
2589 907 2680 961 sed
2712 918 2927 977 possunt
2956 910 3061 963 cito
3087 909 3348 965 declinata
3404 921 3577 965 trans-

2008 991 2107 1046 ire.
2139 993 2332 1048 Eadem
2359 1010 2540 1049 rursus
2572 994 2650 1050 fac
2674 999 2875 1067 gravia.
2914 998 2972 1052 Si
3000 1010 3304 1068 persecutor
3332 1000 3578 1065 instat,et

2008 1080 2353 1137 vehementer
2380 1092 2540 1138 terret
2577 1085 2909 1154 ignorantes,
2950 1087 3002 1140 id
3027 1098 3107 1142 est
3132 1089 3364 1143 nondum
3394 1090 3575 1144 firmos

2006 1169 2059 1223 in
2089 1171 2191 1226 fide
2212 1214 2226 1235 ,
2260 1187 2357 1227 nec
2397 1174 2626 1228 scientes
2653 1174 2792 1244 quod
2816 1175 2881 1247 ad
2908 1174 3009 1230 hoc
3033 1188 3154 1230 sunt
3183 1176 3485 1243 christiani,
3517 1188 3577 1234 ut

2008 1261 2233 1316 futuram
2264 1264 2422 1318 vitam
2450 1274 2695 1334 sperent;
2725 1281 2843 1320 cum
2874 1268 3134 1337 coeperint
3161 1269 3344 1323 terreri
3374 1270 3439 1324 de
3465 1287 3577 1324 tua-

2007 1351 2074 1406 lis
2104 1356 2499 1424 temporalibus,
2530 1365 2710 1426 putant
2740 1358 2881 1427 quod
2911 1359 3145 1414 deseruit
3167 1360 3285 1416 illos
3311 1358 3572 1426 Christus,

2005 1453 2059 1499 et
2082 1446 2198 1501 sine
2226 1462 2386 1502 causa
2428 1459 2550 1502 sunt
2578 1449 2881 1516 christiani;
2935 1467 3038 1505 non
3069 1462 3262 1505 norunt
3299 1454 3438 1506 extim
3463 1492 3477 1515 .
3522 1463 3577 1508 ut

2003 1536 2137 1603 dixi,
2181 1539 2300 1609 quia
2331 1540 2396 1594 ad
2438 1541 2539 1595 hoc
2578 1534 2701 1596 sunt
2741 1543 3050 1615 christiani,
3094 1552 3149 1597 ut
3178 1546 3458 1613 prmsentia
3489 1561 3577 1599 su-

2004 1639 2223 1696 perent,
2273 1639 2329 1684 et
2369 1632 2541 1686 futura
2583 1643 2842 1702 sperent:
2891 1635 3092 1689 invenit
3139 1636 3260 1689 illos
3280 1636 3575 1704 .negotium

2004 1722 2376 1788 perambulans
2409 1724 2458 1776 in
2507 1726 2765 1788 tenebris,
2810 1735 2864 1779 et
2905 1727 3046 1795 capit
3080 1742 3193 1781 eos.
3223 1728 3357 1781 Sunt
3396 1738 3573 1783 autem

2003 1811 2216 1880 quidam
2256 1814 2344 1882 qui
2388 1826 2650 1870 nm'crnnt
2689 1832 2748 1870 se
2777 1817 2839 1870 ad
2876 1820 3100 1872 futuram
3144 1833 3292 1888 Spem
3322 1831 3574 1888 vocatos;

2001 1901 2121 1969 quia
2153 1904 2292 1971 quod
2323 1904 2474 1958 nobis
2503 1905 2746 1975 promisit
2776 1908 2932 1972 Deus,
2962 1923 3064 1962 non
3090 1909 3257 1964 estde
3285 1912 3382 1964 ista
3411 1920 3573 1975 terra,

2003 2009 2106 2046 non
2131 2004 2212 2049 est
2236 1996 2303 2050 de
2333 1997 2427 2051 ista
2458 1998 2559 2051 vita
2582 2015 2595 2062 ;
2619 2000 2737 2069 quia
2762 1999 2874 2053 ista:
2896 2016 3080 2056 omnes
3112 2002 3576 2058 tentationestole-

1999 2086 2178 2140 randm
2218 2098 2370 2155 sunt,
2410 2098 2472 2142 nt
2515 2090 2638 2143 illud
2681 2091 3030 2159 accipiamus,
3072 2092 3197 2146 illud
3240 2094 3575 2164 acquiramns

1998 2179 2136 2248 quod
2168 2180 2322 2235 nobis
2350 2182 2590 2250 promisit
2628 2183 2768 2237 Deus
2799 2184 2850 2237 in
2882 2195 3172 2251 internum;
3208 2197 3399 2241 norunt
3427 2188 3570 2248 ista;

1998 2272 2091 2326 sed
2121 2273 2331 2343 quando
2359 2273 2583 2344 coeperit
2613 2285 2920 2343 persecutor
2947 2276 3145 2330 instare
3173 2276 3569 2346 vehementius,

1997 2380 2153 2434 agere
2176 2366 2363 2430 minis,
2394 2366 2595 2436 pannis,
2626 2367 2931 2434 tormentis,
2962 2367 3246 2439 aliquando
3272 2371 3485 2437 cedunt,
3515 2381 3571 2428 et

1996 2456 2231 2523 scientes
2254 2468 2498 2527 tanquam
2531 2459 2582 2512 in
2609 2457 2694 2514 die
2715 2458 2930 2514 cadunt.

2066 2548 2118 2603 8.
2154 2548 2329 2617 Quare
2356 2560 2536 2606 autem
2579 2551 2634 2605 iu
2684 2553 2940 2607 meridie?
2968 2552 3099 2622 Quia
3142 2554 3361 2608 multum
3406 2554 3570 2613 fervet

1994 2642 2295 2708 persecutio
2326 2660 2340 2695 :
2375 2641 2607 2711 majores
2641 2660 2670 2695 a
2689 2652 2800 2697 stus
2827 2643 2959 2698 dixit
2992 2644 3288 2700 meridiem.
3317 2647 3570 2703 Attendat

1994 2730 2095 2785 hoc
2138 2719 2382 2788 Charitas
2424 2743 2599 2789 vestra
2649 2735 2715 2790 de
2765 2736 3055 2807 Scripturis
3105 2754 3189 2793 me
3235 2740 3567 2809 probantem.

1993 2821 2215 2890 Quando
2243 2824 2310 2879 de
2350 2827 2649 2881 seminaute
2692 2827 2903 2883 dicebat
2949 2830 3233 2898 Dominus,
3277 2833 3398 2902 quia
3440 2834 3570 2890 exiit

1993 2915 2265 2970 seminans
2291 2919 2576 2982 seminare,
2607 2930 2658 2973 et
2682 2919 2823 2973 aliud
2852 2920 3041 2973 cecidit
3067 2921 3118 2973 in
3144 2922 3313 2990 viam,
3344 2923 3484 2979 aliud
3514 2926 3565 2981 in

1992 3015 2226 3076 petrosa,
2245 3008 2388 3062 aliud
2411 3008 2550 3063 inter
2566 3011 2745 3081 spinas
2766 3026 2780 3075 ;
2803 3011 3049 3081 dignatus
3065 3021 3145 3065 est
3167 3013 3278 3081 ipse
3299 3030 3566 3083 exponere

1990 3097 2409 3165 similitudinem,
2431 3111 2624 3156 etcum
2646 3101 2879 3156 venisset
2901 3102 2964 3155 ad
2988 3112 3217 3171 petrosa,
3243 3104 3340 3158 hoc
3361 3107 3468 3160 ait:
3492 3106 3565 3161 lii

1989 3178 2105 3242 sunt
2125 3188 2211 3258 qui
2235 3189 2447 3243 audiunt
2476 3184 2675 3245 tierbum
2696 3233 2710 3256 ,
2739 3203 2785 3245 et
2810 3192 2878 3246 ad
2912 3193 3086 3247 Itoram
3115 3194 3333 3265 gaudent
3359 3197 3426 3249 ad
3451 3213 3564 3250 ver-

1989 3277 2104 3332 bum
2125 3296 2143 3344 ;
2173 3281 2290 3334 etin
2318 3282 2637 3336 tribulatione
2659 3300 2771 3353 qua:
2791 3284 2847 3351 ﬁt
2867 3295 3067 3355 praptcr
3087 3288 3305 3351 verbum,
3328 3290 3564 3353 continuo

1990 3368 2416 3425 scandalizentur.
2443 3372 2577 3440 Quid
2607 3374 2748 3427 enim
2774 3374 2978 3428 dixerat
2998 3374 3064 3430 de
3087 3377 3168 3431 his
3189 3393 3305 3447 qua:
3326 3380 3561 3435 exierant

1987 3459 2039 3512 in
2069 3461 2330 3529 petrosis?
2356 3460 2549 3516 Ezrarto
2569 3464 2693 3529 sole,
2719 3465 2903 3533 inquit.
2931 3478 3187 3532 aruerunt,
3215 3470 3331 3537 quia
3351 3488 3448 3525 non
3470 3472 3563 3524 Ita-

1986 3549 2163 3605 bebant
2191 3553 2347 3605 altam
2375 3553 2594 3607 radicem
2624 3554 2834 3625 (Matth.
2861 3572 2976 3622 χιιι,
3006 3557 3173 3626 523).
3203 3558 3271 3611 Hi
3291 3572 3406 3613 sunt
3432 3576 3560 3632 ergo

1985 3644 2071 3711 qui
2104 3641 2171 3694 ad
2195 3643 2369 3697 horam
2402 3645 2618 3713 gaudent
2642 3646 2709 3697 ad
2729 3647 2925 3700 verbum
2943 3688 2955 3709 ,
2985 3658 3031 3701 et
3056 3663 3167 3701 cum
3188 3652 3458 3717 persecutio
3478 3655 3561 3721 fu-

1985 3742 2064 3786 ctu
2092 3735 2242 3805 fuerit
2283 3748 2487 3806 prapter
2516 3739 2743 3804 verbum,
2776 3750 3025 3792 arescunt.
3070 3740 3243 3807 Quare
3270 3745 3559 3799 arescunt?

1989 3824 2119 3892 Quia
2149 3841 2247 3879 non
2285 3826 2529 3881 habebant
2572 3830 2771 3897 ﬁrmam
2800 3829 3039 3887 radicem.
3083 3833 3210 3898 Qua:
3239 3844 3319 3888 est
3362 3836 3559 3893 radix?

1982 3915 2223 3970 Charitas
2255 3934 2268 3969 :
2303 3918 2404 3973 hoc
2434 3920 2575 3974 enim
2608 3919 2736 3975 dicit
2762 3923 3077 3992 Apostolus,
3116 3924 3183 3979 Ut
3224 3926 3275 3981 in
3312 3928 3558 3985 cltaritate

1980 4007 2197 4061 radicati
2223 4016 2267 4062 et
2295 4008 2494 4077 fundati
2517 4009 2729 4083 (Ephes.
2754 4028 2830 4077 nt,
2861 4014 2969 4084 Π).
2995 4016 3272 4083 Quomodo
3300 4020 3439 4074 enim
3466 4037 3556 4077 ra-

1980 4101 2066 4155 dix
2106 4102 2341 4157 omnium
2381 4103 2642 4158 malorum
2672 4105 2931 4175 cupiditas
2970 4108 3026 4180 (l
3070 4108 3199 4162 Tim.
3229 4126 3301 4176 vt,
3337 4111 3445 4182 10),
3476 4115 3555 4170 sie

1980 4194 2132 4249 radix
2173 4195 2409 4250 omnium
2440 4195 2699 4251 honorum
2726 4197 2953 4254 charitas
2991 4210 3092 4256 est.
3121 4201 3301 4258 Nostis
3336 4202 3471 4270 hoc,
3501 4213 3557 4261 et

1980 4302 2120 4353 δεῦρο
2140 4287 2338 4342 dictant
2361 4299 2442 4342 est
2466 4308 2479 4345 :
2506 4289 2598 4344 sed
2621 4306 2784 4361 quare
2815 4291 2915 4347 hoc
2943 4293 3082 4348 volui
3108 4298 3556 4355 commemorare?

1978 4377 2046 4433 Ut
2075 4379 2377 4449 intelligatis
2404 4380 2689 4447 Psalmum,
2714 4383 2832 4452 quia
2861 4384 3178 4440 dtcmonium
3201 4388 3551 4444 meridianum

1977 4479 2194 4539 propter
2223 4481 2410 4524 mstum
2441 4471 2769 4527 vehementis
2791 4478 3172 4542 persecutionis
3202 4480 3428 4549 positum
3450 4491 3551 4537 est.

1976 4559 2064 4616 Sic
2089 4562 2229 4616 enim
2258 4563 2511 4618 Dominus
2539 4564 2667 4619 dicit
2695 4582 2709 4619 :
2745 4566 2899 4620 Ortus
2928 4575 2999 4621 est
3021 4568 3118 4636 sol,
3150 4581 3197 4623 et
3220 4572 3353 4625 aruit
3377 4573 3548 4639 herba,

1975 4655 2094 4724 quia
2121 4654 2340 4708 radicem
2363 4671 2462 4708 non
2484 4655 2711 4732 habebat.
2738 4655 2804 4710 Et
2832 4671 3103 4725 exponens
3134 4661 3290 4717 nobis
3319 4663 3442 4733 quid
3470 4673 3553 4719 est

1974 4762 2005 4800 a
2032 4748 2141 4802 sole
2174 4747 2390 4801 herbam
2418 4762 2680 4813 arescere,
2703 4747 2854 4815 dixit,
2880 4751 2998 4819 quia
3028 4755 3391 4819 persecutione
3415 4755 3550 4811 facta

1977 4854 2081 4891 non
2109 4849 2322 4893 manent
2352 4839 2423 4892 illi
2457 4839 2471 4869 ¹
2498 4879 2513 4903 ,
2545 4839 2662 4907 quia
2690 4839 2845 4892 altam
2890 4841 3108 4896 radicem
3152 4860 3253 4898 non
3282 4844 3548 4898 habebant.

1974 4930 2139 4985 Recte
2168 4930 2253 4984 hic
2285 4930 2624 5000 intelligimus
2652 4931 2973 4987 daemonium
2999 4934 3343 4990 meridianum
3372 4951 3551 5005 perse—

1975 5020 2238 5075 cutiouem
2267 5020 2659 5075 vehementem.
2690 5021 2870 5087 Qualis
2893 5022 2991 5077 fuit
3020 5024 3103 5078 illa
3133 5026 3429 5093 persecutio
3453 5025 3552 5080 ali-

1976 5109 2208 5180 quando,
2253 5111 2457 5174 fratres,
2492 5125 2927 5176 commemorem,
2956 5114 3093 5168 unde
3125 5114 3373 5169 Dominus
3414 5115 3547 5169 lihe-

1977 5205 2111 5258 ravit
2149 5202 2442 5257 Ecclesiam
2473 5218 2620 5257 suam
2646 5247 2662 5270 ,
2709 5204 2952 5273 dignetur
2990 5206 3263 5262 attendere
3306 5207 3548 5265 Charitas

1978 5303 2172 5348 vestra.
2206 5293 2404 5358 Primo,
2432 5294 2569 5363 quod
2602 5295 2951 5363 imperatores
2986 5304 3037 5351 et
3064 5310 3214 5365 rcges
3239 5297 3419 5352 smcnli
3447 5313 3547 5367 pu-

1980 5394 2217 5438 taverunt
2246 5398 2304 5436 se
2326 5384 2690 5451 persequendo
2715 5384 2900 5438 tollere
2922 5398 3074 5452 posse
3099 5383 3165 5438 de
3190 5391 3327 5439 terra
3355 5403 3547 5443 nomen

1978 5475 2174 5531 Christi
2218 5483 2273 5528 et
2300 5489 2490 5528 nomen
2519 5473 2940 5529 Christianorum
2972 5516 2988 5542 ,
3015 5475 3285 5544 jusserunt
3315 5488 3379 5533 ut.
3400 5481 3548 5549 quis-

1981 5568 2098 5637 quis
2111 5582 2168 5619 se
2180 5564 2522 5618 confiteretur
2542 5564 2905 5633 christianum,
2930 5565 3194 5622 feriretur.
3220 5568 3550 5644 Quicnmtjue

2045 5681 2061 5711 ³
2080 5679 2159 5727 ttic
2189 5675 2298 5725 Fdd.
2325 5674 2530 5738 addunt,
2549 5674 2598 5725 in
2622 5671 2746 5738 ﬁde;
2776 5676 2904 5738 quod
2926 5690 2955 5729 a
2976 5685 3079 5730 uss.
3106 5677 3353 5747 plerisque
3393 5684 3547 5738 abest.
