4024 6210
416 318 551 374 1155

411 433 581 488 noluit
606 431 771 496 feriri,
797 427 1003 498 negavit
1030 438 1087 479 se
1112 420 1478 476 christianum.
1507 417 1677 471 sciens
1704 415 1828 485 quid
1855 412 1980 468 mali

414 526 645 589 faceret;
679 521 915 593 pervenit
956 516 1023 571 ad
1052 515 1197 569 illum
1240 512 1426 581 sagitta
1469 510 1650 563 volans
1687 524 1781 576 per
1818 507 1978 567 diem.

414 616 741 684 Quicumque
768 619 942 665 autem
967 622 1072 659 non
1105 604 1311 661 curavit
1340 610 1652 671 prmscntem
1678 600 1860 663 vitam,
1887 598 1980 652 sed

415 717 590 762 certus
614 703 842 773 speravit
866 699 1114 755 futuram.
1142 693 1424 750 declinavit
1446 692 1686 761 sagittam
1718 690 1980 743 volantem

418 813 513 866 per
554 796 693 848 diem
719 832 734 857 ,
782 788 1056 843 confessus
1082 793 1163 839 est
1202 798 1257 837 se
1287 782 1627 836 christianum
1660 797 1672 831 :
1705 791 1985 846 percussus

418 903 595 949 carne,
628 884 881 937 liberatus
902 888 983 935 est
1010 878 1232 947 spiritu;
1258 881 1568 942 exspectare
1597 872 1758 939 coepit
1786 870 1985 939 positus

418 976 555 1046 apud
602 976 764 1029 Deum
799 974 849 1025 in
879 972 1077 1040 quiete,
1118 968 1276 1021 etiam
1306 962 1723 1031 redemptionem
1750 960 1986 1059 corporis

419 1069 500 1121 sui
528 1068 579 1119 in
608 1062 995 1119 resurrectione
1031 1066 1361 1112 mortuorum
1392 1070 1405 1106 :
1436 1051 1605 1108 evasit
1641 1065 1670 1104 a
1702 1051 1988 1103 tentatione

420 1160 530 1224 illa,
558 1173 586 1211 a
630 1157 817 1226 sagitta
846 1154 1055 1207 volante
1080 1164 1173 1220 per
1200 1148 1358 1203 diem.
1393 1146 1553 1215 Ergo,
1582 1143 1906 1212 Quicumque
1930 1155 1988 1195 se

422 1251 697 1304 confessus
736 1245 896 1299 fuerit
918 1242 1265 1298 christianum
1291 1279 1306 1304 ,
1335 1236 1582 1300 feriatur;
1612 1232 1876 1303 quomodo
1899 1246 1987 1285 sa-

422 1341 548 1408 gitta
576 1338 760 1390 volans
806 1350 901 1403 per
926 1333 1069 1387 diem
1099 1330 1214 1384 fuit.
1248 1327 1490 1382 Nondum
1531 1334 1645 1380 erat
1669 1324 1989 1378 dzemonium
2038 1370 2041 1371 ν

422 1428 788 1487 meridianum,
816 1424 1042 1494 flagrans
1069 1418 1370 1475 vehementi
1402 1416 1786 1486 persecutione,
1819 1424 1872 1467 et
1909 1412 1988 1466 fa-

425 1524 571 1576 ciens
598 1532 817 1586 magnos
837 1523 998 1569 arstas
1027 1513 1184 1567 etiam
1217 1510 1456 1565 fortibus.
1480 1507 1670 1561 Audite
1700 1506 1838 1560 enim
1866 1504 1991 1574 quid

424 1621 661 1667 secutum
690 1610 757 1663 sit
787 1627 799 1662 :
831 1622 950 1661 cum
981 1605 1235 1659 vidissent
1265 1601 1458 1656 inimici
1485 1599 1624 1668 quod
1668 1599 1817 1652 mttlti
1845 1597 1992 1653 festi-

424 1713 612 1758 narent
649 1703 714 1754 ad
754 1698 1059 1769 martyrium
1085 1737 1098 1760 ,
1147 1703 1201 1750 et
1239 1703 1384 1747 tanto
1422 1693 1598 1761 plures
1626 1691 1905 1746 crederent
1939 1690 1993 1745 in

424 1796 713 1852 Christum,
732 1798 928 1861 quanto
946 1789 1117 1858 plures
1134 1785 1482 1855 patiebantur,
1505 1783 1749 1838 dixerant
1764 1782 1900 1851 apud
1913 1797 1990 1849 se,

425 1886 533 1940 Nos
571 1883 793 1938 occisuri
825 1893 1007 1935 sumus
1034 1893 1201 1948 genus
1243 1877 1555 1940 humanum,
1588 1882 1666 1929 tot
1690 1874 1849 1928 millia
1874 1888 1994 1943 qua:

426 1978 652 2033 credunt
679 1977 729 2029 in
762 1976 862 2029 hoc
888 1972 1130 2036 nomine,
1161 1972 1205 2024 si
1233 1968 1580 2024 occiderimns
1599 1982 1801 2031 omnes,
1830 1980 1994 2036 prope

428 2073 605 2127 nullus
648 2071 700 2124 in
732 2079 869 2123 terra
900 2064 1212 2121 remanebit.
1246 2061 1419 2133 C(epit
1458 2060 1662 2115 fervere
1708 2060 1809 2126 sel,
1835 2060 1999 2129 etrapit

426 2164 632 2217 fervere
660 2170 839 2215 testas.
869 2156 1058 2213 Audite
1080 2156 1220 2210 enim
1248 2153 1372 2224 quid
1395 2152 1662 2230 .jusserint
1689 2167 1702 2203 :
1731 2149 1996 2221 quomodo

408 2264 580 2319 ,antea
605 2252 891 2320 iusserant,
919 2246 1247 2314 Quicumque
1274 2243 1547 2297 confessus
1572 2243 1631 2296 'se
1653 2239 1812 2296 fuerit
1852 2240 1996 2296 ebri-

428 2343 679 2404 stiauum,
703 2337 955 2399 feriatur;
986 2336 1256 2405 jusserunt
1280 2339 1483 2402 postea,
1515 2329 1842 2399 Quicumque
1869 2344 2000 2384 con-

428 2432 600 2487 fessus
627 2445 685 2484 se
730 2428 887 2483 fuerit
912 2425 1259 2482 christianum
1284 2465 1297 2486 ,
1344 2418 1675 2491 torqueatur,
1705 2429 1760 2474 et
1796 2418 1997 2474 tamdiu

430 2530 752 2591 torqueatur,
776 2519 943 2573 donec
965 2526 1117 2586 neget
1136 2530 1194 2569 se
1216 2528 1333 2568 esse
1355 2512 1698 2568 christianum
1722 2511 1818 2580 (η).
1841 2509 2000 2564 Com.

436 2625 618 2685 parate
664 2612 903 2680 sagittam
949 2609 1211 2661 volantem
1258 2620 1349 2673 per
1387 2602 1559 2667 diem,
1599 2612 1653 2657 et
1679 2604 1995 2657 daemonium

435 2684 806 2759 meridianum.
835 2698 1035 2765 Sagitta
1067 2696 1253 2749 volans
1280 2710 1373 2764 per
1397 2693 1537 2748 diem
1569 2693 1692 2763 quid
1716 2694 1870 2748 erat?
1897 2694 1997 2762 Qui

434 2810 493 2851 se
522 2766 797 2848 confessus
827 2789 983 2843 fuerit
1011 2786 1377 2850 christianum,
1404 2783 1639 2838 feriatur.
1671 2784 1797 2851 Quis
1833 2784 2000 2839 ﬁdelis

430 2854 553 2939 eam
597 2881 781 2936 mortis
809 2877 1079 2933 celeritate
1108 2891 1212 2929 non
1240 2874 1530 2930 declinaret
1554 2873 1610 2928 ¹Ῡ
1642 2873 1770 2927 lllud
1799 2884 1995 2939 autem,

432 2975 489 3031 Si
519 2991 575 3030 se
601 2972 881 3034 conﬁtetar
901 2967 1272 3031 christianum,
1303 2981 1407 3020 non
1436 2964 1739 3029 occidatur;
1769 2965 1861 3019 sed
1892 2975 2001 3018 tor-

431 3074 674 3136 queatur,
695 3062 863 3115 donec
880 3067 1066 3128 neget;
1093 3057 1135 3111 si
1161 3071 1219 3111 se
1240 3055 1524 3124 negaverit,
1543 3055 1834 3109 dimittatur
1855 3071 1868 3107 :
1887 3054 1998 3109 dae-

432 3157 667 3213 tnonium
698 3151 1050 3220 meridianum
1090 3155 1226 3202 erat.
1253 3146 1403 3201 Multi
1428 3161 1553 3215 ergo
1591 3160 1695 3200 non
1727 3153 2000 3225 negantes,

433 3248 486 3302 in
519 3242 802 3305 tormentis
827 3238 1172 3303 deficiebant;
1194 3235 1393 3290 tamdiu
1421 3235 1563 3290 enim
1603 3234 1998 3304 torquebantur,

432 3337 607 3392 donec
643 3308 917 3400 negarent.
959 3325 1427 3384 Perseverantibus
1452 3335 1627 3380 autem
1669 3325 1869 3379 in‘non
1909 3339 2003 3381 ne-

432 3423 608 3495 gando
627 3422 920 3487 Christum,
951 3418 1078 3488 quid
1103 3416 1341 3471 facturus
1366 3423 1482 3470 erat
1503 3414 1728 3485 gladius,
1760 3429 1865 3469 uno
1893 3415 2000 3469 ictu

352 3558 355 3565 .
433 3512 726 3570 occidendo
755 3524 969 3580 corpus,
1009 3508 1238 3572 animam
1268 3505 1333 3562 ad
1365 3506 1529 3562 Deum
1571 3505 1866 3561 mittendo?
1892 3505 2003 3563 Hoc

433 3606 700 3663 faciebant
725 3613 781 3659 et
810 3602 1056 3656 diuturna
1088 3608 1350 3655 tormenta
1377 3617 1391 3653 :
1414 3597 1508 3654 sed
1533 3600 1651 3668 quis
1677 3598 1887 3655 tandem
1913 3599 2001 3654 in-

433 3698 705 3753 veniretur
732 3693 822 3764 qui
849 3692 1067 3749 duraret
1092 3689 1349 3746 adversus
1393 3697 1568 3759 tantos
1602 3700 1656 3745 et
1682 3697 1785 3744 tam
1816 3689 2001 3762 longos

433 3786 735 3845 cruciatus?
754 3785 900 3841 Multi
928 3782 1235 3839 defecerant
1258 3799 1270 3836 :
1295 3789 1369 3848 et,
1391 3780 1572 3846 credo,
1594 3781 1669 3849 illi
1694 3779 2002 3838 defecerant

435 3880 526 3951 qui
553 3879 619 3934 de
647 3859 713 3932 'se
748 3881 1217 3948 praesumpserant,
1243 3872 1332 3943 qui
1369 3886 1475 3927 non
1501 3870 1804 3927 habitabant
1829 3872 1883 3927 in
1908 3872 2002 3928 ad-

432 3970 630 4041 jutorio
659 3968 940 4036 Altissimi,
972 3973 1027 4022 et
1055 3967 1105 4021 in
1131 3964 1459 4036 protectione
1478 3964 1571 4019 Dei
1598 3965 1715 4020 (εωιί
1736 3982 1751 4031 ;
1772 3965 1862 4036 qui
1890 3980 1995 4022 non

436 4060 684 4117 dixerunt
713 4059 938 4114 Domino
960 4097 976 4123 ,
1021 4055 1295 4128 Susceptor
1336 4071 1477 4109 meus
1513 4071 1598 4120 es;
1625 4056 1715 4126 qui
1755 4071 1863 4111 non
1900 4058 2001 4113 sub
2042 4060 2053 4133 ρ
2102 4059 2365 4119 Christum
2387 4107 2402 4133 ,
2424 4066 2519 4122 sed
2543 4067 2741 4126 habent
2770 4079 3238 4146 praesumptionem
3266 4083 3334 4139 de
3360 4055 3675 4152 satrapem

433 4153 619 4210 umbra
646 4150 849 4206 alarum
875 4148 991 4218 ejus
1010 4155 1375 4218 speraverant,
1397 4145 1491 4200 sed
1510 4146 1710 4201 viribus
1734 4148 1845 4202 suis
1867 4148 2002 4202 mul-

433 4255 547 4303 tum
576 4243 853 4300 dederunt.
896 4239 1091 4308 Dejecti
1122 4245 1244 4293 sunt
1271 4251 1300 4290 a
1330 4237 1456 4301 Deo,
1490 4245 1546 4290 ut
1573 4236 1873 4292 ostenderet
1899 4237 2001 4294 illis

434 4338 555 4408 quia
578 4337 690 4404 ipse
714 4332 960 4404 protegit,
992 4330 1105 4400 ipse
1131 4337 1387 4398 temperat
1403 4327 1740 4395 tentationes,
1759 4329 1871 4399 ipse
1886 4337 2003 4384 tan-

435 4435 546 4479 tum
566 4422 746 4477 venire
768 4417 1040 4489 permittit,
1063 4428 1313 4487 quantum
1343 4424 1518 4487 potest
1543 4416 1682 4473 ferre
1719 4420 1804 4473 cui
1835 4420 1998 4475 venit.

503 4513 555 4568 9.
589 4509 739 4584 [νινε.
769 4507 847 4581 7.]
875 4507 1023 4563 Multi
1047 4522 1173 4577 ergo
1199 4506 1502 4561 ceciderunt
1528 4522 1558 4560 a
1582 4507 1844 4564 daemonio
1881 4526 2000 4568 me-

434 4602 657 4658 ridiano.
683 4599 851 4667 Quam
881 4598 1052 4662 multi,
1074 4596 1236 4652 vultis
1259 4595 1452 4651 nosse?
1475 4595 1742 4667 Sequitur,
1760 4607 1815 4654 et
1831 4599 1997 4656 dicit:

435 4694 623 4750 Cadent
642 4710 673 4746 a
691 4693 844 4746 latere
871 4700 955 4744 tuo
984 4689 1142 4756 mille,
1166 4698 1210 4743 et
1234 4689 1364 4741 dena
1380 4689 1549 4765 millia
1573 4705 1605 4740 a
1632 4690 1819 4746 dextris
1860 4693 1957 4747 tuis
1978 4708 1999 4748 :

431 4787 500 4842 ad
524 4797 571 4841 te
593 4795 758 4840 autem
784 4800 883 4838 non
906 4780 1348 4853 appropinquabit.
1382 4779 1475 4834 Cui
1500 4779 1692 4834 dicitur
1719 4780 1863 4835 hoc?
1891 4783 1995 4852 cui,

433 4879 644 4943 fratres,
693 4876 790 4930 nisi
837 4873 1059 4928 Domino
1099 4871 1225 4927 Jesu
1265 4870 1521 4925 Christo?
1574 4871 1827 4925 Dominus
1855 4875 1995 4929 enim

430 4971 604 5037 Jcsus,
636 4982 739 5022 non
765 4965 934 5019 solum
958 4963 1008 5016 in
1041 4978 1117 5027 se,
1146 4960 1238 5016 sed
1260 4972 1311 5015 et
1341 4963 1392 5015 in
1420 4962 1590 5016 nobis.
1624 4962 1999 5019 Recordamini

430 5062 585 5115 verba
619 5058 706 5112 illa
734 5075 746 5110 :
769 5055 943 5119 Saule,
971 5053 1148 5118 Saule,
1184 5053 1305 5122 quid
1326 5069 1403 5106 me
1430 5054 1732 5124 persequeris
1757 5052 1891 5126 (Act.
1915 5070 1992 5121 tv,

430 5153 526 5222 li)?
554 5147 775 5217 Quando
804 5148 973 5214 ipsum
1013 5158 1169 5199 nemo
1193 5144 1457 5211 tangebat,
1500 5153 1553 5198 et
1590 5144 1816 5209 dicebat,
1861 5145 1996 5211 Quid

340 5246 345 5253 '
430 5260 507 5296 me
535 5236 877 5310 persequeris?
912 5232 1164 5302 numquid
1188 5248 1289 5287 non
1318 5233 1370 5285 in
1397 5233 1548 5286 nobis
1573 5235 1806 5302 seipsum
1845 5250 1995 5289 com-

432 5332 677 5403 immiti“?
720 5329 942 5399 Quando
987 5326 1214 5389 dicebat:
1273 5324 1372 5392 Qui
1402 5326 1515 5394 [εείι
1544 5326 1631 5379 ηιιί
1672 5343 1733 5381 ε’ίυ
1777 5328 1994 5384 minim“
2072 5341 2240 5421 induo
2271 5347 2578 5415 judicabant
2608 5336 2713 5422 ‘qui
2746 5356 3021 5414 voluerunt
3050 5376 3169 5417 esse
3209 5377 3259 5420 et
3297 5385 3416 5423 vere
3456 5371 3672 5430 fuerunt

434 5424 739 5489 meis,milti
774 5423 887 5492 fecit
912 5420 1121 5495 (Matth.
1177 5434 1302 5484 xxv,
1331 5417 1457 5489 40);
1514 5433 1688 5475 nonne
1736 5420 1787 5474 in
1842 5422 1993 5478 nobis

490 5558 506 5588 ί
544 5564 671 5613 t.ov.,
696 5556 982 5627 celeritatem
1006 5555 1281 5627 declararet.
1310 5542 1402 5627 Eri,
1428 5552 1713 5627 celeritatem
1734 5570 1825 5607 non
1846 5557 1994 5627 (lecti-

424 5620 577 5669 naritt.
606 5625 659 5665 At
697 5617 922 5681 meliores
961 5628 1085 5674 Mss,
1110 5619 1348 5668 celeritate
1382 5629 1471 5666 non
1509 5616 1785 5681 declinaret,
1810 5620 1992 5673 scilicet

427 5686 645 5736 sagittam
670 5678 905 5739 volantem
930 5692 1018 5739 per
1039 5681 1184 5727 diem.

488 5743 558 5799 t'u)
588 5740 681 5786 \id.
710 5738 1051 5788 't‘crtullianum
1077 5747 1121 5789 in
1148 5741 1465 5803 Apologntico,
1490 5752 1534 5789 c.
1558 5740 1605 5787 2.

1604 301 1659 355 S.
1701 295 2063 355 AL'GUSTINI
2101 295 2398 352 EPISCOPI

3516 304 3652 358 1156

2084 413 2696 485 scipsumcomputabat?
2721 416 2833 476 Non
2856 419 2997 473 enim
3014 418 3178 473 divisa
3202 431 3323 475 sunt
3343 421 3409 475 ab
3428 424 3653 478 invicem

2084 506 2342 571 membra,
2370 516 2526 575 caput
2552 516 2608 563 et
2643 524 2853 578 corpus.
2883 509 3017 577 Quid
3044 522 3125 566 est
3143 523 3297 582 caput
3330 523 3384 568 et
3419 519 3656 583 corpus?

2085 593 2324 649 Salvator
2343 606 2397 649 et
2412 595 2664 651 Ecclesia.
2683 599 2957 664 Quomodo
2977 616 3103 671 ergo
3116 603 3312 656 dictum
3335 614 3435 671 est,
3463 604 3658 659 Cadent

2086 702 2117 738 α
2145 685 2296 739 latere
2319 698 2401 740 tuo
2430 688 2587 755 mille,
2616 699 2662 744 et
2686 691 2815 745 dena
2840 693 3000 746 millia
3018 710 3049 745 α
3075 694 3264 747 dextris
3290 696 3428 749 tuis?
3451 696 3658 751 Calcat

2087 776 2227 829 enim
2244 792 2272 828 a
2290 777 2550 832 daemonio
2569 780 2878 835 meridiano.
2920 782 3137 853 Magnus
3163 795 3356 850 terror,
3388 786 3598 849 fratres,
3628 805 3658 842 .1

2089 866 2253 921 latere
2264 868 2455 922 Christi
2469 870 2678 937 cadere,
2696 886 2725 924 a
2742 872 2939 926 dextris
2954 873 3149 927 Christi
3166 876 3355 931 cadere
3381 878 3661 945 Quomodo

2089 958 2280 1012 cadent
2305 974 2332 1011 a
2353 960 2517 1014 latere
2535 961 2745 1028 ?Quare
2762 964 2833 1016 illi
2850 979 2878 1017 a
2899 964 3080 1029 latere,
3100 966 3171 1018 illi
3192 980 3223 1020 a
3243 968 3467 1021 dextris?
3483 972 3661 1036 Quare

2092 1048 2234 1102 mille
2250 1064 2279 1102 a
2311 1050 2493 1115 latere,
2526 1062 2580 1106 et
2601 1053 2737 1107 dena
2764 1055 2923 1108 millia
2950 1055 3191 1111 adextris
3210 1057 3234 1111 ’ἶ
3250 1058 3383 1125 Quid
3403 1072 3502 1126 est,
3520 1077 3549 1114 a
3578 1062 3661 1115 la-

2091 1147 2206 1193 tere
2223 1140 2369 1195 mille
2387 1142 2409 1194 ?
2426 1142 2556 1209 Quia
2579 1146 2855 1212 pauciores
2874 1157 2996 1200 sunt
3022 1148 3186 1213 mille,
3206 1166 3360 1217 quam
3387 1152 3521 1205 dena
3538 1153 3661 1205 mil-

2090 1230 2161 1284 lia
2182 1246 2299 1299 qua:
2323 1247 2352 1285 a
2378 1232 2578 1286 dextris
2605 1234 2815 1288 cadent.
2845 1236 2944 1302 Qui
2961 1246 3084 1292 sunt
3102 1240 3185 1293 isti
3209 1239 3232 1293 ?
3261 1240 3414 1294 Modo
3445 1242 3663 1311 planum

2092 1319 2197 1374 erit
2226 1321 2276 1373 in
2300 1321 2514 1376 nomine
2541 1321 2765 1390 Christi,
2814 1325 2974 1380 modo
2999 1336 3238 1395 apertum
3268 1331 3387 1384 erit.
3432 1332 3666 1397 Quibus-

2093 1411 2216 1466 dam
2268 1414 2513 1483 promisit
2559 1415 2802 1471 Christus
2851 1420 2971 1487 quia
3020 1434 3142 1474 cum
3189 1422 3277 1477 illo
3315 1423 3661 1493 judicabant;

2095 1504 2369 1573 Apostolis
2422 1507 2643 1570 scilicet,
2682 1508 2773 1585 qui
2808 1509 3121 1566 dimiserunt
3160 1515 3358 1580 omnia,
3406 1526 3459 1570 ct
3494 1520 3663 1574 secuti

2095 1602 2378 1649 suntcum.
2419 1595 2552 1651 Nam
2582 1597 2772 1653 Petrus
2814 1601 2887 1654 ait
2928 1601 3023 1667 illi,
3077 1602 3207 1657 Ecce
3249 1621 3339 1660 nos
3383 1607 3666 1665 dimisimus

2096 1688 2284 1750 omnia,
2307 1698 2354 1741 et
2382 1691 2536 1742 secuti
2561 1706 2732 1744 sumus
2761 1702 2842 1757 te;
2872 1704 2925 1748 et
2951 1694 3052 1750 hoc
3077 1696 3179 1751 illis
3212 1700 3470 1766 promisit,
3500 1700 3664 1755 Sede-

2097 1777 2210 1830 bilis
2250 1794 2400 1847 super
2425 1780 2688 1834 duodecim
2708 1784 2867 1848 sedes,
2913 1784 3192 1845 iudicantes
3216 1788 3479 1844 duodecim
3506 1792 3667 1847 tribus

2097 1865 2261 1922 Israel
2308 1867 2417 1941 (Id.
2472 1885 2585 1937 xix,
2632 1872 2723 1937 27,
2772 1873 2884 1945 28).
2928 1874 3101 1930 Nolite
3148 1887 3332 1947 putare
3365 1882 3485 1952 quia
3506 1885 3668 1952 ιιίιιδὶε

2096 1958 2225 2013 solis
2266 1960 2510 2029 promisit
2560 1961 2839 2017 Dominus.
2894 1963 2989 2020 Ubi
3033 1968 3172 2021 enim
3221 1969 3426 2025 sedebit
3470 1972 3668 2031 Paulus

2098 2051 2389 2118 apostolus,
2417 2053 2505 2122 qui
2538 2053 2654 2121 plus
2674 2056 2918 2110 omnibus
2945 2057 3047 2112 illis
3074 2059 3330 2114 laboravit
3363 2063 3401 2133 (1
3427 2064 3545 2122 Cor.
3572 2083 3665 2133 xv,

2100 2139 2216 2211 10),
2253 2140 2427 2197 sinon
2466 2142 2539 2198 ibi
2579 2143 2838 2201 sedebant
2878 2147 2982 2202 nisi
3019 2148 3339 2208 duodecim?
3388 2156 3479 2211 llle
3522 2162 3683 2217 cnqu

2102 2232 2290 2287 tertius
2315 2232 2552 2288 decimus
2575 2245 2676 2290 est.
2699 2235 2831 2290 Nam
2856 2237 2924 2291 de
2948 2239 3230 2297 duodecim
3255 2246 3447 2302 cecidit
3466 2248 3666 2317 ludas;

2099 2320 2153 2374 in
2176 2322 2350 2376 locum
2393 2332 2571 2379 autem
2613 2324 2764 2380 Judte
2794 2327 3065 2384 traditoris
3104 2331 3669 2401 Matthias_ordimtns

2099 2420 2183 2465 est
2211 2429 2225 2465 :
2254 2412 2305 2465 in
2337 2414 2563 2501 Actibus
2581 2415 2960 2484 Aposmlorutn
2988 2421 3208 2490 legimus
3232 2426 3363 2493 (Act.
3388 2443 3427 2493 ι,
3453 2430 3669 2504 15-26).

2100 2501 2332 2593 limplctae
2369 2513 2494 2558 sunt
2529 2505 2808 2562 duodecim
2860 2510 3034 2566 sedes.
3090 2513 3205 2570 Non
3230 2517 3301 2572 ibi
3334 2520 3534 2577 sedebit
3576 2501 3669 2593 qui

2101 2587 2221 2663 plus
2261 2597 2509 2651 omnibus
2555 2598 2662 2651 illis
2709 2599 3005 2657 laboravit?
3052 2606 3134 2659 An
3187 2607 3466 2667 duodecim
3511 2587 3669 2674 sules

2102 2686 2357 2755 perfectio
2385 2699 2466 2742 est
2506 2690 2783 2747 tribunalis
2832 2692 2951 2765 (a)?
2980 2695 3110 2750 Nam
3140 2700 3305 2755 millia
3336 2706 3593 2763 sedebant
3615 2711 3669 2768 in

2100 2776 2379 2832 duodecim
2400 2780 2633 2835 sedibus.
2671 2782 2775 2838 Sed
2797 2785 2937 2841 unde
2964 2789 3091 2844 mihi
3122 2795 3336 2861 probas,
3368 2798 3670 2871 aitaliquis,

2100 2868 2219 2937 quia
2252 2878 2304 2924 et
2328 2870 2522 2927 Paulus
2568 2873 2704 2929 inter
2723 2875 2927 2945 judices
2957 2882 3060 2935 erit
3082 2883 3107 2935 ἲ
3142 2887 3277 2941 Audi
3300 2889 3446 2945 illum
3479 2868 3671 2951 dicen;

2103 2969 2206 3014 tem
2225 2977 2239 3015 :
2258 2960 2475 3028 Nescitis
2513 2966 2634 3035 quia
2660 2968 2863 3038 angelos
2890 2973 3229 3042 iudicabimus
3263 2980 3302 3052 (Ι
3326 2982 3441 3038 Cor.
3469 3003 3541 3056 vr,
3571 2989 3672 3063 5)?

2063 3051 2468 3121 ,Judicabimus,
2518 3057 2705 3128 inquit.
2760 3061 2828 3117 Et
2849 3064 2962 3133 ipse
3001 3083 3104 3124 non
3134 3071 3393 3132 dubitarit
3435 3080 3485 3134 in

2102 3146 2421 3214 sumptionc,
2452 3164 2556 3218 qua
2597 3151 2842 3221 credidit,
2888 3169 3199 3230 computare
3225 3166 3243 3196 ¹
3273 3181 3333 3222 se
3373 3169 3511 3226 inter
3532 3146 3673 3232 'illos
3738 3164 3743 3165 ί

2101 3236 2189 3307 qui
2214 3236 2525 3330 judicabant
2590 3256 2710 3297 cum
2756 3244 2988 3305 Christo.
3046 3251 3147 3319 Qui
3198 3270 3333 3328 ergo.
3355 3260 3673 3330 judicabant

2101 3339 2221 3380 eam
2250 3325 2483 3392 Christo.
2517 3331 2783 3402 principes
2813 3335 3065 3396 Ecclesiae
3100 3356 3244 3413 sunt,
3262 3325 3495 3419 perfecti
3522 3369 3670 3412 sunt.

2103 3416 2317 3474 Talibus
2344 3419 2515 3475 dixit:
2543 3422 2606 3478 Si
2624 3425 2696 3480 vis
2718 3442 2826 3481 esse
2850 3432 3116 3501 perfectus,
3146 3416 3298 3504 vade,
3329 3443 3482 3497 vende
3500 3439 3674 3504 omnia

2103 3518 2209 3607 tua,
2230 3518 2276 3564 et
2299 3510 2368 3564 da
2399 3515 2720 3607 pauperibus.
2765 3516 2902 3585 Quid
2938 3532 3043 3590 est,
3102 3523 3190 3582 Vis
3233 3545 3337 3584 esse
3374 3537 3626 3607 perfectus
3647 3541 3675 3594 .’

2103 3598 2196 3654 Vis
2221 3615 2427 3656 mecum
2454 3603 2714 3673 judicare,
2742 3617 2799 3663 et
2824 3612 3186 3683 nonjadicari.
3219 3618 3313 3675 llle
3328 3598 3673 3686 contristatus

2102 3689 2359 3747 abscessit
2402 3691 2615 3766 (Matth.
2646 3713 2759 3765 xxx,
2789 3700 3035 3777 21,22);
3079 3708 3174 3763 sed
3213 3712 3362 3767 multi
3390 3715 3490 3771 hoc
3531 3718 3675 3776 fece-

2102 3793 2245 3851 runt,
2271 3794 2326 3841 et
2350 3787 2502 3843 multi
2541 3789 2643 3845 hoc
2680 3791 2881 3849 faciunt
2909 3814 2923 3851 :
2954 3812 3083 3870 ergo
3107 3801 3192 3858 isti
3234 3820 3355 3860 cum
3402 3809 3490 3865 illo
3521 3811 3673 3881 judi-

2102 3879 2316 3935 cabant.
2369 3881 2476 3938 Sed
2513 3885 2667 3941 multi
2705 3891 3022 3956 promittunt
3068 3895 3167 3951 sibi
3205 3900 3325 3969 quia
3358 3879 3672 3971 judicabant

2103 3984 2223 4024 cum
2251 3971 2484 4040 Christo,
2524 3976 2647 4045 quia
2670 3976 2943 4036 dimittunt
2968 3986 3145 4040 omnia
3172 4003 3266 4043 sua
3289 4002 3342 4047 et
3379 4007 3673 4065 sequuntur

2102 4155 2382 4242 quemdam
2424 4158 2640 4228 typham
2683 4170 2739 4217 et
2776 4167 3098 4235 superbiam,
3143 4187 3299 4242 quam
3343 4177 3480 4233 Deus
3521 4181 3673 4240 soltts

2103 4240 2276 4312 potest
2302 4260 2479 4314 nosse,
2520 4258 2703 4306 etnon
2728 4264 2946 4323 possunt
2977 4240 3178 4315 evitare
3204 4262 3525 4323 daemonium
3560 4287 3674 4328 tne-

2103 4335 2387 4405 ridianum,
2418 4340 2594 4409 idest,
2637 4358 2817 4401 casum
2848 4346 3100 4407 ferventis
3126 4354 3318 4411 caloris
3346 4361 3522 4416 nimia:
3553 4380 3673 4435 per-

2103 4429 2406 4483 secutionis.
2435 4431 2590 4487 Tales
2620 4437 2771 4490 multi
2796 4454 2916 4493 cum
2955 4451 3136 4497 essent
3172 4444 3264 4500 illo
3285 4429 3670 4526 tempora-qui

2103 4517 2484 4580 distribuerant
2508 4529 2681 4582 omnia
2715 4545 2807 4584 sua
2835 4534 3171 4604 pauperibus,
3211 4549 3264 4593 et
3295 4517 3672 4616 sibi'jam'pro.

2102 4612 2383 4669 mittebant
2407 4618 2527 4687 quia
2550 4622 2750 4679 sessuri
2777 4633 2930 4706 erant
2954 4642 3075 4681 cum
3102 4627 3336 4698 Christo,
3386 4612 3441 4690 et
3461 4612 3670 4706 judica-

2103 4706 2206 4759 turi
2232 4717 2439 4776 gentes,
2472 4709 2711 4768 fervente
2750 4696 2927 4772 calore
2959 4723 3340 4788 persecutionis
3366 4735 3612 4797 tauquam
3639 4747 3672 4789 a

2100 4798 2362 4854 daemonio
2392 4800 2687 4857 meridiano
2715 4804 3029 4864 deiecerunt
3055 4811 3107 4865 in
3150 4817 3446 4883 tormentis,
3487 4829 3541 4873 et
3571 4837 3670 4876 ne-

2097 4901 2355 4958 gavcrunt
2382 4890 2664 4947 Christum.
2698 4895 2798 4965 lpsi
2817 4909 2937 4953 sunt
2960 4902 3047 4971 qui
3074 4920 3103 4957 a
3135 4905 3300 4961 latere
3328 4910 3668 4968 ceciderunt:

2101 4991 2346 5046 tanquam
2389 4985 2585 5038 sessuri
2626 5001 2743 5042 cum
2782 4986 2992 5046 Chris‘to
3035 4994 3101 5048 ad
3142 4998 3394 5053 mundum
3423 5001 3693 5071 jtulican-‘

2099 5074 2245 5140 dmn,
2273 5076 2593 5130 ceciderunt.

2173 5164 2254 5219 10.
2285 5166 2328 5218 Α
2356 5165 2556 5221 dextris
2581 5178 2754 5225 autem
2786 5172 2954 5229 dicant
2984 5178 3071 5245 qui
3098 5180 3312 5236 cadunt.
3346 5184 3522 5240 Nostis
3548 5192 3668 5246 uuia

2098 5269 2216 5306 cum
2240 5259 2542 5325 apparuerit
2569 5259 2736 5328 ipsum
2774 5265 3021 5329 tribunal,
3064 5270 3149 5323 ubi
3176 5290 3295 5327 cum
3327 5276 3538 5331 Christo
3565 5282 3669 5333 Do-

2103 5510 2110 5517 ’
2159 5504 2179 5581 1’
2191 5503 2491 5581 “si'egatsszat
2513 5506 2778 5581 ﬁdd.,_quia
2795 5513 3007 5581 credidit
3029 5522 3292 5581 computari
3318 5536 3385 5573 sc.
3684 5548 3691 5557 τ

2249 5565 2363 5642 t‘tigc
2377 5569 2617 5642 magister,
2633 5562 2762 5642 Sent.
2782 5575 2827 5642 λέ,
2852 5562 3297 5642 disi;_'t7','é5§f3}3$i
3316 5562 3473 5635 ἦῖᾶιντη
3493 5601 3541 5636 .'«
3561 5600 3670 5639 Iter-

2096 5623 2519 5705 [ggti93gibtlgutlis.
2545 5631 2587 5678 id
2606 5623 3412 5705 est.,uutjversatuiiijlu'tieéiuiiliii
3438 5623 3668 5701 ῖῖιίειιὲεέἑ-

2096 5693 2200 5767 ξω*Ἰ
2216 5685 2395 5767 scilicet
2416 5685 2584 5741 omnes
2629 5685 2845 5756 perfecti,
2868 5685 2953 5762 qui
2968 5685 3202 5761 ,V’reli'ctis
3226 5685 3664 5767 eamihi-:5,

2096 5749 2526 5801 Sttuttlltristum.»
2630 5749 2638 5755 ”
2835 5749 2843 5756 ’
2889 5749 2904 5762 ⁸
2968 5749 2979 5761 ’
