4024 6210
266 292 400 347 HS?

258 407 502 475 perfecti,
534 407 753 464 radianti
781 419 831 465 et
864 410 1061 466 fundati
1096 412 1146 467 in
1168 413 1445 478 charitate,
1476 428 1532 469 ιιι
1574 432 1676 470 non
1722 432 1838 471 are-

256 508 473 552 Sa-erent
496 499 564 555 de
583 500 699 555 sole
725 509 781 555 et
805 501 1067 557 d:cmonio
1096 505 1409 570 meridiano,
1440 507 1539 560 hoc
1562 507 1634 561 ait
1663 508 1843 561 Douti-

259 607 388 653 nus,
414 591 864 663 Congregabuntur
889 607 1002 648 ante
1025 612 1135 649 eum
1156 615 1326 652 omnes
1353 609 1543 668 gentes,
1579 610 1627 653 et
1660 600 1846 655 dividet

259 682 383 735 illos
411 683 468 733 ab
489 684 720 749 inuicem,
749 685 876 738 sicut
912 697 1083 755 pastor
1102 687 1278 741 dividit
1301 705 1413 742 oves
1454 690 1515 743 ab
1553 691 1711 745 laedis
1734 707 1767 755 ;,
1800 700 1846 745 et

260 789 379 825 oves
407 783 556 841 ponet
582 791 615 825 a
637 774 851 841 dextris,
881 776 1053 830 [aedos
1082 789 1249 831 autem
1276 795 1308 831 a
1327 780 1542 835 sinistris
1566 796 1586 846 ;
1625 792 1679 836 et
1703 782 1845 849 judi-

257 864 544 928 eabuntur.
572 865 718 918 Multi
760 876 917 921 erunt
955 869 1041 936 qui
1063 868 1392 937 judicabant,
1438 872 1532 926 sed
1568 874 1845 941 pauciores

258 963 414 1007 erunt
454 969 613 1024 quant
662 955 737 1009 illi
781 957 869 1024 qui
910 967 1033 1012 ante
1074 959 1305 1013 tribunal
1347 961 1594 1016 stabunt:
1623 963 1744 1031 quia
1770 963 1842 1017 illi

260 1055 511 1116 tanquam
556 1047 724 1115 mille,
768 1048 841 1103 illi
879 1059 1124 1119 tanquam
1160 1052 1296 1107 dena
1327 1053 1509 1108 millia.
1556 1048 1842 1109 A‘dextris

260 1138 449 1207 positis
492 1139 621 1208 quid
654 1139 893 1195 dicturus
932 1143 1057 1197 est?
1111 1142 1333 1210 Esurivi,
1374 1156 1422 1200 et
1466 1147 1676 1201 dedistis
1721 1150 1844 1203 milii

258 1231 608 1297 manducare;
635 1231 817 1302 hospes
840 1235 938 1304 fui,
963 1245 1010 1287 et
1045 1238 1332 1304 suscepistis
1366 1255 1461 1293 me.
1507 1240 1839 1319 Manifestum

259 1304 488 1401 estquia
520 1322 601 1377 his
629 1323 771 1379 dicet
799 1326 887 1395 qui
917 1327 1111 1382 habent
1150 1330 1501 1386 substantiam
1542 1333 1698 1401 hujus
1741 1312 1841 1388 sae-

257 1411 380 1472 culi,
421 1398 563 1466 unde
611 1413 709 1467 ista
753 1417 979 1469 humana
1021 1417 1230 1472 iaciant.
1260 1420 1455 1476 Tamen
1496 1432 1549 1478 et
1579 1422 1677 1492 ipsi
1721 1439 1840 1479 cum

258 1501 359 1554 illis
404 1502 710 1571 regnabunt
738 1522 751 1557 :
779 1506 898 1575 quia
939 1506 1013 1560 illi
1046 1515 1294 1579 tanquam
1347 1512 1560 1580 milites,
1602 1515 1673 1567 illi
1721 1525 1839 1569 tau-

260 1607 412 1657 quam
438 1608 710 1649 annonam
740 1596 1036 1665 prarbentes
1079 1598 1439 1658 Provinciales
1468 1602 1541 1674 (α)
1562 1647 1578 1670 ,
1610 1604 1708 1659 sub
1735 1620 1838 1660 uno

263 1697 432 1742 tamen
462 1688 792 1758 lmperatore
832 1701 886 1747 ct
926 1691 1081 1746 miles
1107 1702 1161 1747 et
1202 1695 1539 1763 provincialis
1580 1697 1630 1750 in
1677 1714 1838 1767 regno

263 1789 357 1834 est.
404 1780 560 1835 Miles
601 1781 772 1845 fortis,
824 1783 1164 1852 provincialis
1205 1785 1425 1840 devotus
1452 1805 1467 1841 :
1497 1788 1647 1843 miles
1689 1789 1837 1844 fortis

261 1869 590 1924 orationibus
626 1861 822 1939 pugnat
849 1871 1104 1927 adversus
1130 1874 1415 1941 diabolum,
1457 1877 1684 1932 dovotus
1718 1894 1839 1947 pro-

262 1961 500 2016 vincialis
532 1978 800 2017 annonam
830 1965 1008 2020 tribuit
1049 1967 1323 2022 militibus.
1361 1968 1625 2040 lntelligat
1648 1972 1836 2027 Chari-

263 2062 335 2108 tas
361 2065 566 2109 vestra.
612 2055 677 2109 Et
709 2055 927 2110 audient
972 2057 1022 2110 in
1065 2056 1174 2123 ﬁne
1202 2058 1270 2114 ad
1316 2060 1588 2117 dexteram
1636 2065 1831 2133 positi:

270 2144 459 2212 Venite,
498 2147 750 2201 benedicti
774 2146 942 2203 Patris
970 2150 1087 2217 mei,
1116 2152 1352 2222 percipite
1372 2170 1579 2225 regnum
1596 2156 1729 2224 quod
1751 2173 1835 2211 vo-

256 2236 324 2289 bis
351 2247 596 2306 paratum
615 2247 689 2292 est
707 2239 770 2293 ab
792 2240 984 2311 origine
1012 2243 1209 2304 mundi.
1244 2244 1404 2298 Erant
1432 2261 1560 2317 ergo
1583 2247 1674 2301 illo
1705 2258 1836 2304 tem.

256 2343 378 2397 pore
399 2329 592 2394 multi,
634 2330 847 2401 quando
868 2334 1100 2403 graviter
1129 2334 1453 2392 inferbuerat
1477 2339 1556 2393 sol
1584 2355 1833 2409 persecu-

256 2420 410 2475 tionis
425 2431 484 2474 et
509 2420 833 2477 dmutonium
874 2420 1244 2493 meridianum,
1273 2437 1425 2484 erant
1458 2442 1544 2500 qut
1576 2431 1674 2486 sibi
1706 2448 1833 2502 pro-

254 2512 536 2567 mittebant
575 2515 700 2583 quia
737 2516 1024 2585 judicaturi
1059 2529 1211 2574 erant
1261 2536 1381 2576 cum
1423 2523 1675 2591 Christo;
1727 2542 1830 2580 non

257 2612 544 2669 potuerunt
573 2603 712 2661 ferre
734 2618 922 2663 aestum
951 2612 1353 2679 persecutionis,
1398 2624 1453 2669 et
1471 2616 1776 2672 ceciderunt
1802 2633 1833 2671 a

257 2694 421 2750 latere
451 2697 660 2766 ipsius:
689 2710 841 2753 erant
896 2702 965 2755 ibi
1003 2703 1115 2763 alii,
1143 2704 1231 2773 qui
1266 2720 1369 2758 non
1409 2706 1506 2759 sibi
1555 2709 1829 2775 promitte-

256 2784 377 2839 baut
398 2788 562 2843 sedes
586 2787 979 2867 judicantium;
1028 2792 1120 2847 sed
1157 2809 1251 2862 per
1291 2794 1660 2867 eleemosynas
1704 2813 1829 2866 pro-

255 2876 535 2932 mittebant
564 2881 661 2934 sibi
688 2881 808 2952 quia
834 2866 898 2935 ad
919 2881 1189 2937 dexteram
1226 2884 1386 2938 futuri
1427 2866 1598 2953 erant,
1640 2887 1832 2955 quibus

253 2964 498 3024 dicturus
520 2979 638 3024 erat
667 2968 929 3039 Christus,
979 2970 1169 3040 Venite,
1215 2972 1457 3028 benedicti
1500 2974 1675 3031 Patris
1711 2979 1827 3042 mei,

254 3062 497 3130 percipite
539 3078 749 3133 regnum
786 3064 921 3133 quod
962 3065 1371 3137 vobisparatum
1420 3078 1491 3122 est
1533 3071 1597 3123 ab
1642 3070 1834 3141 origine

253 3154 450 3207 mundi.
496 3153 566 3207 Et
588 3154 710 3224 quia
750 3157 899 3211 multi
928 3157 994 3211 de
1032 3172 1126 3226 spe
1170 3159 1256 3213 illa
1301 3160 1572 3240 iudicandi
1619 3163 1828 3218 cecide-

255 3254 397 3310 runt,
430 3246 583 3300 multi
612 3256 787 3302 autetn
804 3256 859 3303 et
877 3249 1042 3304 multo
1066 3250 1245 3320 plures
1269 3251 1338 3307 de
1366 3268 1461 3322 Spe
1485 3254 1569 3308 illa
1596 3255 1829 3311 dexterae

254 3335 581 3403 ceciderunt,
615 3337 736 3393 ideo
764 3338 960 3394 dictum
989 3351 1072 3396 est
1108 3342 1351 3399 Christo:
1377 3342 1566 3401 Cadent
1610 3364 1642 3400 a
1677 3347 1831 3404 latere

255 3438 342 3481 tuo
365 3429 521 3494 mitte,
568 3440 614 3485 et
635 3429 765 3485 dena
787 3432 947 3486 millia
985 3449 1018 3486 a
1046 3433 1234 3489 dextris
1264 3436 1383 3490 tuis.
1413 3436 1480 3491 Et
1523 3439 1642 3508 quia
1676 3442 1828 3496 multi

253 3529 412 3574 erunt
455 3536 576 3575 cum
618 3521 731 3589 illo,
761 3523 849 3593 qui
898 3526 1075 3579 omnia
1118 3525 1202 3580 illa
1253 3543 1357 3582 non
1399 3540 1673 3596 curarunt,
1703 3548 1825 3590 cum

252 3611 447 3680 quibus
484 3622 735 3684 tanquam
776 3615 1032 3673 membris
1076 3633 1215 3674 unus
1242 3630 1325 3676 est
1365 3619 1608 3676 Christus
1635 3641 1649 3676 :
1677 3624 1758 3678 Ad
1782 3636 1829 3681 te

251 3712 438 3768 atterit,
465 3702 655 3774 inquit,
679 3722 781 3760 non
797 3710 1240 3781 appropinquabit.
1271 3711 1534 3784 Numquid
1560 3714 1626 3772 ad
1654 3715 1826 3771 solum

253 3805 413 3864 caput
436 3795 591 3860 dixit,
621 3814 723 3853 non
742 3801 1162 3872 appmpinquabit
1178 3804 1204 3858 .9
1225 3803 1341 3859 Non
1360 3806 1579 3876 utique;
1608 3808 1701 3863 sed
1728 3824 1827 3865 nec

251 3887 320 3942 ad
344 3887 582 3957 Petmm,
610 3890 722 3947 nec
737 3890 806 3946 ad
834 3891 1074 3960 Paulum,
1101 3910 1201 3950 nec
1220 3895 1286 3951 ad
1307 3894 1494 3953 omnes
1512 3899 1818 3968 Apostolos.

252 3994 352 4034 nec
376 3977 444 4034 ad
473 3995 658 4037 omnes
684 3992 963 4055 martyres,
1008 3985 1097 4055 qui
1126 3985 1178 4039 in
1211 3988 1488 4043 tormentis
1534 4005 1639 4045 non
1680 3989 1828 4053 defe-

252 4082 461 4126 cerunt.
506 4072 783 4139 Quomodo
811 4090 939 4146 ergo
982 4093 1081 4131 non
1115 4079 1578 4151 appropinquabit.’
1616 4097 1712 4137 cur
1749 4083 1827 4139 sic

253 4165 376 4217 torti
406 4174 553 4220 sunt.
599 4165 977 4238 PrOpinquavit
1018 4171 1163 4225 carni
1197 4180 1538 4239 tormentum,
1583 4175 1678 4231 sed
1720 4194 1824 4233 non

249 4256 495 4324 pervenit
532 4256 596 4312 ad
625 4259 793 4314 locum
824 4260 969 4316 ﬁdei.
996 4261 1175 4333 Itaque
1203 4264 1360 4334 longe
1385 4276 1497 4321 erat
1527 4266 1659 4324 ﬁdes
1688 4269 1828 4339 ipso-

252 4361 373 4399 rum
414 4360 444 4399 a
497 4355 697 4404 terrore
731 4352 1106 4419 torquentium.
1139 4353 1462 4424 Torqueant,
1510 4372 1607 4413 nec
1626 4374 1825 4429 appro-

253 4437 530 4507 pinquabit
555 4449 757 4506 terror;
800 4451 1115 4513 torqueant,
1143 4444 1236 4500 sed
1266 4440 1564 4502 irridebunt‘
1587 4458 1824 4504 tormen-

250 4538 397 4595 tum,
449 4541 830 4600 praesumentes
859 4535 909 4585 in
943 4533 1034 4587 illo
1060 4536 1146 4604 qui
1178 4537 1323 4605 prior
1351 4537 1510 4605 vicit,
1562 4550 1619 4594 ut
1642 4541 1822 4596 eteteri

251 4620 554 4674 vincerent.
601 4619 669 4675 Et
700 4623 786 4690 qui
811 4624 1050 4690 vincunt,
1084 4625 1182 4679 nisi
1229 4628 1318 4697 qui
1343 4627 1408 4684 de
1446 4644 1506 4685 se
1552 4646 1657 4685 non
1686 4647 1827 4701 prte-

248 4712 638 4781 sumpserunt?
679 4713 917 4769 lntendat
945 4717 1184 4773 Charitas
1206 4729 1415 4785 vestra;
1461 4721 1526 4777 ad
1555 4721 1655 4778 hoc
1682 4726 1823 4780 enim

248 4802 382 4855 dixit
409 4803 589 4857 omnia
618 4807 916 4873 superiora.
939 4805 1083 4861 Dicet
1108 4802 1345 4874 Domino,
1385 4811 1661 4883 Susceptor
1685 4832 1826 4871 meus

253 4908 303 4946 es
340 4902 416 4952 tu.
445 4903 492 4945 et
516 4896 768 4965 refugium
795 4913 955 4950 meum
981 4916 998 4961 ;
1028 4906 1098 4961 et,
1134 4898 1361 4969 Sperabo
1406 4901 1457 4954 in
1505 4919 1616 4955 eum
1635 4920 1655 4968 ;
1697 4922 1819 4974 quo-

252 4983 392 5033 niam
418 4984 527 5052 ipse
554 4996 690 5038 eruet
708 5002 786 5038 me
813 4991 875 5040 de
898 4989 1177 5057 muscipula
1202 4992 1504 5046 venantium.
1547 4992 1572 5046 Ι
1581 5011 1667 5064 pse
1690 5007 1826 5051 eruet

250 5090 350 5135 me,
384 5090 487 5127 non
520 5090 620 5145 ego
650 5092 755 5131 me.
789 5076 931 5132 Inter
956 5081 1188 5149 scapulas
1216 5098 1334 5136 suas
1360 5084 1667 5153 obumbrabit
1689 5088 1774 5141 tibi
1806 5105 1824 5143 :

249 5164 345 5218 sed
383 5165 635 5235 quando?
686 5166 909 5235 Quando
956 5170 1048 5223 sub
1095 5170 1190 5224 alis
1227 5174 1337 5243 ejus
1370 5175 1616 5243 sperabis.
1666 5176 1824 5232 Scuto

249 5256 580 5312 circumdabit
600 5270 647 5312 te
667 5260 848 5314 veritas
877 5264 1003 5331 ejus.
1043 5258 1173 5328 Quia
1201 5277 1327 5332 ergo
1354 5263 1408 5317 in
1435 5265 1538 5338 illo.
1556 5274 1816 5335 praesum-

250 5347 426 5415 psisti,
457 5357 513 5403 et
537 5360 701 5405 totam
724 5366 874 5421 spem
904 5362 1045 5405 tuam
1072 5353 1124 5405 in
1160 5352 1250 5407 illo
1273 5356 1516 5424 posuisti,
1563 5359 1821 5426 sequitur,

248 5439 416 5510 quid?
466 5433 587 5496 Non
629 5442 821 5497 timebis
867 5460 899 5497 a
936 5444 1111 5498 timore
1150 5456 1416 5509 nocturno,
1458 5464 1489 5501 a
1523 5450 1705 5519 sagitta
1740 5465 1827 5503 tvo-

249 5531 391 5586 tante
415 5549 506 5602 per
528 5534 684 5599 diem,
729 5550 761 5587 a
801 5536 1001 5606 negotio
1020 5535 1397 5604 perambulante
1427 5538 1481 5591 in
1511 5541 1744 5607 tenebris,
1793 5558 1826 5595 a

309 5644 387 5707 (α)
411 5644 584 5716 confer
603 5653 873 5716 Tractatum
897 5647 986 5716 122
1004 5650 1051 5716 in
1073 5656 1326 5716 Joannem,
1343 5662 1392 5698 ιι.
1419 5651 1466 5709 5,
1491 5652 1573 5701 ubi
1613 5658 1826 5716 Evange-

247 5702 703 5774 lii
734 5710 911 5758 ntilites
943 5710 1138 5769 (inisti;
1167 5702 1338 5774 lideles
1372 5702 1489 5760 vero
1515 5702 1825 5774 aquiltus‘illi

240 5772 546 5832 Stipendium
569 5771 785 5822 debitum
801 5774 914 5833 acci;
933 5773 1052 5831 iunt,
1072 5773 1384 5834 provinciales
1407 5771 1820 5839 uicisti—appellat.

1364 266 1753 357 ENARRATIO
1794 260 2215 360 ιΝῬδΑωιυΜ
2256 281 2364 360 sc.

3389 315 3526 371 itas

1949 418 2098 470 ruina
2118 426 2162 470 et
2193 418 2441 474 darmonio
2470 421 2767 478 meridiano.
2814 424 2944 492 Quis
2996 441 3099 483 non
3132 428 3377 484 timebit?
3419 430 3523 498 Qui

1952 523 2057 562 non
2088 509 2138 561 in
2165 524 2242 572 se,
2267 511 2358 563 sed
2387 511 2439 565 in
2466 510 2679 567 Christo
2706 518 2994 584 praesumit.
3045 518 3143 587 Qui
3166 529 3342 575 autem
3370 523 3437 576 de
3457 538 3516 578 se

1950 610 2293 667 praesumunt,
2323 602 2422 656 etsi
2444 603 2552 671 jam
2586 605 2686 658 sibi
2714 607 3001 675 sperabant
3019 609 3161 663 latus
3180 604 3375 665 Christi
3400 622 3518 666 tan-

1949 705 2105 758 quam
2122 679 2427 759 judicaturi,
2460 694 2558 748 etsi
2587 692 2791 750 futuros
2813 713 2870 751 se
2888 697 2996 765 jam
3020 702 3307 778 sperabant
3333 718 3361 755 a
3387 704 3523 757 dex-

1951 781 2045 836 tris
2073 780 2289 847 Christi,
2313 772 2463 853 quas’i
2494 785 2696 841 diceret
2723 789 2844 851 illis,
2880 788 3080 855 Venite,
3124 772 3371 846 benedicti
3410 795 3521 850 Pa-

1948 877 2038 927 tris
2066 875 2185 937 mei,
2216 877 2455 946 percipite
2483 896 2692 948 regnum
2726 882 2863 950 quod
2892 883 3025 935 vobis
3072 895 3303 951 paratum
3346 900 3416 941 est
3459 891 3523 942 ab

1948 963 2139 1033 origine
2161 966 2335 1020 mundi
2358 985 2377 1031 ;
2405 967 2549 1022 venit
2577 968 2898 1029 dmtttoniuut
2930 972 3300 1039 meridianum,
3343 976 3391 1029 id
3418 988 3521 1041 est,

1946 1053 2159 1109 fervens
2188 1066 2349 1112 arslus
2380 1059 2786 1127 persecutionis,
2831 1050 3175 1118 veltmttenter
3206 1074 3435 1131 terrens,
3467 1077 3524 1123 et

1948 1144 2253 1201 ceciderunt
2300 1148 2449 1202 ntulti
2483 1165 2511 1202 a
2555 1166 2648 1228 spe
2678 1151 2825 1205 sedis
2859 1153 3176 1220 judiriarite,
3219 1156 3285 1210 de
3330 1158 3520 1225 quibus

1947 1235 2147 1291 dictum
2167 1247 2270 1303 cst,
2301 1240 2492 1294 Cadent
2521 1258 2551 1294 a
2580 1244 2737 1296 latere
2764 1253 2850 1297 tuo
2880 1244 3052 1310 mille;
3097 1258 3151 1300 et
3191 1249 3340 1302 multi
3356 1266 3395 1331 .a
3426 1268 3522 1319 spe

1945 1332 2395 1399 remunerationis
2423 1334 2796 1404 obsequiorum
2834 1353 3071 1399 suorum,
3114 1340 3181 1395 de
3220 1344 3410 1410 quibus
3436 1345 3520 1399 di-

1945 1430 2198 1481 ctumqest
2219 1464 2233 1485 ,
2266 1420 2335 1475 Et
2356 1424 2485 1478 dena
2524 1424 2687 1478 millia
2708 1443 2739 1479 a
2768 1429 2955 1482 dattris
2999 1430 3114 1483 tuis.
3149 1432 3229 1485 Ad
3258 1444 3304 1486 te
3331 1447 3520 1500 autem,

1945 1508 1999 1585 id
2025 1520 2125 1573 est,
2158 1511 2223 1565 ad
2251 1524 2407 1581 caput
2435 1524 2489 1569 et
2512 1530 2726 1585 corpus,
2754 1535 2854 1571 non
2876 1522 3321 1592 appropinquabit,
3370 1528 3519 1580 ruina

1945 1606 2001 1653 et
2021 1599 2339 1682 daemonium
2373 1605 2763 1669 meridianum;
2806 1611 3053 1679 quoniam
3088 1615 3232 1669 novit
3262 1616 3522 1674 Dominus

1942 1693 2031 1761 qui
2060 1704 2183 1748 sunt
2208 1698 2323 1763 ejus
2353 1697 2419 1766 (ll
2452 1698 2584 1754 Tim.
2615 1717 2671 1765 ιι,
2698 1701 2808 1770 19).

2016 1783 2101 1836 it.
2136 1782 2282 1855 [vers.
2315 1786 2392 1859 8.]
2427 1787 2772 1846 Verumtamen
2797 1794 2957 1848 oculis
2979 1796 3075 1849 tuis
3094 1798 3451 1867 considerabis,
3474 1812 3522 1856 et

1941 1874 2311 1931 retributionem
2338 1891 2655 1948 peccatorum
2682 1885 2885 1940 videbis.
2922 1886 3056 1953 Quid
3085 1898 3168 1943 est
3192 1872 3331 1946 hoc?
3354 1909 3522 1963 quare
3580 1935 3589 1945 .

1940 1970 2319 2023 verumtamen?
2345 1971 2478 2037 Quia
2507 1973 2656 2028 licuit
2703 1976 2878 2045 impiis
2922 1981 3197 2049 superbire
3240 1984 3293 2038 in
3336 2001 3521 2043 servos

1941 2062 2058 2111 tuos
2078 2100 2093 2125 ,
2125 2060 2270 2114 licuit
2299 2061 2472 2131 impiis
2501 2068 2747 2135 persequi
2775 2083 2956 2123 servos
2985 2080 3119 2125 tuos.
3149 2072 3366 2142 lntpune
3394 2093 3520 2145 ergo

1939 2148 2041 2203 erit
2065 2150 2261 2219 impiis.
2291 2154 2410 2223 quia
2444 2158 2704 2224 persecuti
2732 2169 2855 2213 sunt
2884 2175 3067 2217 servos
3090 2164 3249 2217 tuos?
3279 2165 3391 2221 Non
3416 2169 3521 2223 erit

1940 2240 2172 2311 impune.
2201 2243 2451 2312 Quamvis
2481 2249 2621 2302 enim
2651 2259 2703 2303 tu
2737 2253 3041 2319 permiseris
3065 2296 3078 2318 ,
3109 2266 3163 2309 et
3182 2258 3367 2327 magis
3395 2259 3519 2314 inde
3586 2324 3595 2343 ί

1939 2334 2013 2387 tui
2042 2337 2279 2390 coronati
2302 2338 2440 2402 sint;
2478 2337 2831 2395 Verumtamen
2862 2346 3018 2397 oculis
3043 2347 3142 2399 tuis
3160 2343 3514 2413 considerabis,

1937 2432 1985 2477 et
2010 2425 2381 2481 retributionem
2409 2440 2726 2498 peccatorum
2749 2434 2953 2488 videbis.
2980 2435 3172 2505 Malunt
3200 2439 3341 2491 enim
3371 2441 3514 2510 quod

1937 2514 2235 2580 voluerunt,
2260 2534 2364 2572 non
2396 2519 2589 2575 bonum
2614 2522 2753 2592 quod
2774 2539 2870 2594 per
2889 2527 3187 2581 nescientes
3211 2539 3385 2584 actunt
3412 2541 3512 2597 est,

1936 2607 2014 2663 eis
2044 2609 2381 2665 retribuetur.
2409 2611 2563 2667 Modo
2589 2630 2720 2683 Opus
2748 2625 2830 2670 est
2867 2627 2926 2671 ut
2961 2619 3143 2673 oculos
3169 2619 3289 2675 ﬁdei
3318 2622 3517 2678 habea-

1938 2715 2075 2762 mus,
2100 2711 2154 2756 et
2176 2702 2450 2762 videamus
2469 2708 2589 2777 quia
2620 2710 2919 2765 exaltantur
2942 2710 3010 2767 ad
3040 2722 3266 2783 tempus,
3289 2724 3343 2771 et
3370 2718 3518 2787 plau-

1933 2803 2065 2862 gent
2090 2794 2143 2848 in
2173 2804 2430 2852 aeternum
2455 2815 2469 2864 ;
2499 2809 2555 2855 et
2580 2802 2772 2871 quibus
2798 2802 2956 2861 datur
2986 2815 3219 2873 potestas
3255 2807 3308 2862 itt
3327 2824 3518 2866 servos

1936 2882 2029 2937 Dei
2063 2888 2444 2955 temporaliter,
2477 2889 2682 2945 dicetur
2707 2893 2784 2945 eis
2818 2911 2831 2947 :
2862 2892 2943 2947 Ite
2970 2895 3023 2948 in
3049 2896 3212 2967 ignem
3235 2909 3477 2954 anei-num
3496 2942 3513 2964 ,

1934 2973 2020 3041 qui
2044 2985 2250 3043 paratus
2271 2985 2341 3030 est
2368 2977 2567 3031 diabolo
2595 2990 2642 3033 et
2668 2983 2859 3052 angelis
2885 2985 2995 3054 ejus
3022 2986 3232 3057 (Matth.
3263 3005 3389 3053 xxv,
3416 2992 3515 3045 52-

1934 3062 2048 3132 41).
2080 3063 2185 3118 Sed
2215 3065 2258 3119 si
2289 3065 2482 3122 habeat
2508 3069 2731 3140 quisque
2760 3073 2962 3135 oculos.
2992 3076 3137 3133 sicut
3154 3077 3287 3131 dixit
3311 3120 3325 3145 ,
3352 3082 3515 3135 oculis

1933 3153 2031 3208 tuis
2057 3155 2419 3224 considerabis;
2435 3174 2536 3213 non
2553 3170 2635 3216 est
2661 3162 2774 3217 leve
2794 3163 2972 3220 videre
2994 3164 3212 3236 impium
3236 3168 3514 3227 florentem

1933 3242 1987 3299 itt
2016 3242 2120 3301 hoc
2144 3247 2362 3312 saeculo,
2392 3259 2446 3304 et
2470 3248 2664 3307 habere
2692 3252 2757 3307 ad
2788 3254 2932 3309 illum
2960 3257 3162 3325 oculos,
3192 3267 3246 3313 ut
3272 3262 3516 3318 conside-

1932 3349 2020 3390 res
2047 3335 2150 3391 tide
2172 3327 2309 3408 “quid
2339 3339 2426 3395 ille
2456 3355 2707 3410 passurus
2732 3352 2817 3399 est
2843 3344 2895 3399 in
2923 3345 3027 3401 line
3047 3388 3062 3412 ,
3092 3347 3137 3402 si
3174 3363 3235 3403 se
3260 3364 3364 3405 non
3391 3366 3515 3406 cor-

1932 3427 2130 3481 rexerit
2160 3444 2174 3481 :
2203 3428 2325 3497 quia
2354 3431 2443 3500 qui
2470 3432 2631 3488 modo
2658 3445 2842 3490 tonare
2883 3436 3098 3502 volunt,
3130 3449 3310 3507 postea
3339 3441 3514 3497 fulmi—

1931 3526 2144 3571 nantur.
2179 3515 2529 3575 Verumtamen
2555 3524 2712 3589 oculis
2736 3526 2836 3579 tuis
2858 3526 3216 3597 considerabis,
3241 3539 3288 3584 et
3306 3533 3513 3591 renibu-

1933 3605 2115 3661 tionem
2142 3618 2457 3679 peccatorum
2482 3612 2689 3687 videbis.

2002 3695 2088 3750 £2.
2126 3694 2286 3769 [vers.
2315 3697 2407 3772 9.]
2434 3700 2687 3767 Quoniam.
2730 3712 2783 3755 tu
2828 3720 2878 3757 es
2905 3745 2920 3769 ,
2951 3704 3165 3760 Domine
3185 3749 3200 3773 ,
3229 3726 3343 3777 spes
3381 3728 3509 3766 mea.

1933 3788 2069 3844 Ecce
2099 3792 2241 3845 venit
2267 3792 2333 3846 ad
2362 3792 2489 3847 illud
2510 3833 2524 3855 ,
2556 3810 2720 3863 quare
2748 3810 2853 3850 non
2884 3796 3038 3852 cadat
3065 3814 3094 3852 a
3123 3800 3273 3854 ruina
3316 3811 3368 3856 et
3397 3802 3510 3857 ἀίο-

1932 3881 2113 3934 monio
2142 3883 2436 3937 meridiano
2461 3902 2473 3937 :
2498 3884 2745 3951 Quoniam
2769 3895 2823 3940 tu
2851 3903 2902 3942 es
2925 3929 2940 3954 ,
2964 3888 3177 3944 Domine
3196 3932 3211 3956 ,
3233 3908 3346 3963 spes
3369 3910 3509 3955 mea:

1934 3969 2233 4025 altissimum
2279 3974 2492 4042 posuisti
2525 3976 2777 4046 refugium
2817 3986 2975 4033 tuum.
3002 3979 3136 4046 Quid
3163 3989 3241 4036 est
3271 3983 3412 4052 quod
3457 3986 3508 4040 in

1933 4061 2041 4115 alto
2059 4070 2141 4116 est
2166 4061 2421 4134 refugium
2445 4067 2626 4119 tuum?
2654 4067 2795 4122 Multi
2818 4070 2956 4123 enim
2985 4073 3060 4126 sic
3083 4073 3181 4127 sibi
3208 4072 3406 4130 faciunt
3426 4094 3510 4133 rc-

1934 4150 2130 4223 fugium
2161 4152 2250 4207 Dei
2276 4195 2290 4219 ,
2319 4169 2425 4223 quo
2452 4154 2654 4225 fugiant
2680 4172 2709 4211 a
2759 4160 3142 4228 temporalibus
3186 4165 3422 4221 testibus.
3450 4168 3511 4223 in

1932 4243 2039 4298 alto
2058 4252 2141 4300 est
2167 4245 2308 4300 enim
2339 4245 2591 4317 refugium
2621 4248 2751 4312 Dei,
2779 4250 2931 4306 valde
2957 4252 3010 4306 in
3036 4253 3242 4309 occuito
3262 4267 3377 4323 est,
3403 4274 3514 4329 quo

1930 4332 2101 4404 fugias
2131 4334 2198 4389 ab
2226 4335 2299 4388 ira
2325 4330 2566 4390 ventura.
2591 4336 2736 4391 lntus
2766 4357 2785 4391 ‹
2820 4340 3133 4397 altissimum
3165 4346 3384 4413 posuisti
3417 4365 3507 4403 re-

1932 4423 2129 4494 fugium
2164 4434 2329 4479 tuum.
2358 4425 2471 4481 Non
2502 4429 2754 4484 accedent
2778 4429 2845 4485 ad
2874 4441 2925 4486 te
2953 4434 3088 4487 mala
3110 4474 3125 4500 ,
3156 4446 3210 4490 et
3238 4436 3507 4508 ﬂagellum

1932 4530 2036 4568 non
2067 4517 2505 4588 apprOpinquabit
2534 4521 2875 4577 tabernaculo
2906 4533 3014 4579 tuo.
3042 4518 3301 4592 Quoniam
3329 4530 3509 4600 Ange-

1930 4605 2063 4678 gelis
2088 4606 2197 4659 suis
2220 4608 2490 4663 mandavit
2511 4610 2579 4665 de
2605 4619 2676 4680 te,
2705 4622 2762 4666 ut
2790 4614 3089 4670 custodiant
3112 4624 3164 4672 te
3186 4618 3236 4672 in
3263 4621 3515 4677 omnibus

1934 4697 2037 4752 viis
2061 4700 2182 4753 tuis.
2212 4700 2268 4754 ln
2295 4701 2536 4756 manibus
2562 4703 2746 4757 tollent
2769 4713 2838 4766 te,
2872 4707 3153 4776 nequando
3179 4709 3417 4765 offendas
3437 4712 3505 4766 ad

1931 4788 2157 4860 lapidem
2185 4792 2374 4862 pedem
2404 4802 2570 4848 tuum.
2605 4812 2625 4845 ι
2662 4795 2761 4849 Ista
2792 4806 2916 4850 sunt
2940 4798 3097 4853 verba
3119 4816 3238 4871 qua:
3263 4801 3507 4858 diabolus

1930 4879 2060 4934 dixit
2088 4882 2309 4937 Domino
2327 4883 2452 4938 .lesu
2475 4883 2706 4952 Christo,
2733 4887 2944 4956 quando
2968 4888 3110 4945 illunt
3134 4894 3372 4948 tentavit.
3399 4893 3507 4953 Sed

1931 4972 2050 5040 quia
2075 4972 2374 5042 diligentius
2401 4973 2784 5030 consideranda
2815 4987 2957 5044 sunt,
2990 4996 3058 5035 ne
3083 4996 3176 5035 vos
3203 4981 3504 5052 fatigemus,

1932 5061 2236 5116 differamus
2281 5064 2331 5117 in
2372 5067 2658 5119 crastinum
2687 5066 2708 5137 (
2741 5069 2858 5137 quia
2905 5078 2961 5126 et
3006 5073 3240 5128 crastino
3283 5075 3507 5130 debetur

1931 5153 2078 5206 vobis
2105 5168 2280 5207 sermo
2307 5155 2323 5186 ³
2359 5154 2400 5225 ),
2427 5164 2483 5209 ut
2509 5158 2575 5212 ab
2596 5159 2699 5214 isto
2724 5160 2842 5216 loco
2862 5162 3055 5217 Psalmi
3080 5180 3261 5219 rursus
3286 5166 3505 5236 incipia-

1931 5258 2068 5307 mus,
2092 5253 2307 5311 propter
2331 5246 2543 5301 trcdium
2571 5258 2826 5316 vestrum;
2851 5269 2918 5308 ne
2939 5268 3060 5308 cum
3086 5255 3328 5308 volumus
3350 5257 3503 5314 linire
3542 5294 3553 5321 ι

1931 5350 2017 5388 res
2059 5334 2308 5390 obscuras
2333 5379 2347 5400 ,
2378 5341 2793 5412 prmcipitemus,
2827 5354 2880 5399 et
2933 5362 3039 5400 tton
3085 5348 3392 5415 perveniant
3434 5352 3502 5408 ad

1932 5424 2326 5495 intelligentiam
2356 5440 2605 5485 vestram.
2628 5498 2632 5503 ρ

2581 5537 2753 5578 ειειιιιο
2792 5540 2829 5578 11
2835 5565 2847 5576 .

2004 5610 2055 5663 l.
2083 5609 2228 5665 Sicut
2249 5627 2352 5665 non
2381 5612 2563 5667 dubito
2586 5617 2890 5673 meminisse
2908 5616 3230 5678 Charitatem
3248 5635 3498 5696 vestram,

2000 5720 2014 5751 ι
2042 5719 2415 5799 εἰοιινοῑίοιξρξει
2440 5721 2659 5799 pleriun
2676 5731 2779 5794 Mss.
2803 5725 2885 5799 alii
2910 5730 3099 5799 quidam
3121 5744 3228 5799 cum
3244 5734 3373 5793 Fdd.,
3389 5738 3503 5799 quia

1939 5786 1983 5829 et
2007 5782 2233 5843 crastino,
2255 5782 2295 5832 si
2319 5782 2544 5834 Dominus
2564 5782 2707 5836 rotae;
2724 5788 2774 5848 it,
2797 5789 2911 5841 inde
2931 5782 3058 5842 t'obis
3075 5795 3164 5844 erit
3185 5782 3353 5847 sermo.
