4024 6210
447 304 582 360 1159

441 425 531 495 qui
574 422 823 476 hesterno
864 416 949 472 die
990 410 1221 467 sermoni
1261 403 1540 469 adfuistis,
1571 407 1829 472 psalmum
1858 409 2015 466 quem

441 527 773 584 cwperamus
800 519 1083 576 exponere,
1108 516 1173 555 ne
1192 498 1257 553 ad
1281 497 1561 553 terminum
1584 491 1903 565 perveniret,
1926 501 2021 540 an-

442 611 612 677 gustia
654 601 905 671 temporis
934 593 1209 663 impedivit
1233 607 1248 655 ;
1276 596 1331 643 ct
1356 587 1520 641 dilata
1546 594 1626 639 est
1664 596 1784 651 pars
1811 577 1926 648 ejus
1966 575 2018 628 in

444 699 753 752 hodiernum
779 690 938 745 diem.
971 686 1081 739 lloc
1107 682 1193 752 qui
1219 679 1331 735 heri
1356 675 1619 738 adfuistis,
1645 664 2016 731 recordamini,

443 791 531 858 qui
590 802 689 839 non
752 777 1030 840 adfuistis,
1076 771 1396 843 cognoscite.
1451 766 1737 834 PrOpterca
1802 758 2020 813 fecin‘ius

444 882 610 950 ipsam
638 873 919 929 lectionem
945 863 1215 933 Evangelii
1239 857 1484 920 recitari,
1507 856 1597 910 ubi
1625 852 1877 908 Dominus
1906 858 2029 903 ten-

445 941 682 1025 tatus-est
711 979 805 1034 per
824 977 883 1016 ea
911 959 1071 1014 verba
1086 953 1301 1015 Psalmi.
1325 967 1443 1021 qua:
1462 949 1548 1004 hic
1564 945 1784 1001 audistis
1805 941 2024 1013 (Matth.

445 1076 516 1125 tv,
548 1059 624 1126 6).
657 1055 781 1108 ideo
811 1058 1040 1106 tentatus
1070 1055 1155 1101 est
1180 1043 1460 1123 Christus,
1484 1054 1550 1093 ne
1578 1037 1817 1090 vincatur
1839 1047 1869 1086 a
1898 1042 2019 1085 ten-

446 1114 617 1204 tatore
649 1144 987 1201 christianus.
1038 1138 1133 1192 llle
1175 1114 1652 1206 quippe'magister
1681 1128 1733 1181 in
1776 1123 2022 1178 omnibus

446 1240 639 1297 tentari
664 1236 848 1301 voluit,
875 1233 993 1304 quia
1027 1238 1326 1290 tentamur;
1354 1224 1490 1279 sicut
1515 1220 1648 1275 mori
1671 1215 1871 1282 voluit,
1900 1213 2024 1284 quia

450 1332 725 1393 morimur;
758 1328 894 1381 sicut
921 1334 1195 1391 resurgere
1219 1316 1402 1382 voluit,
1422 1313 1545 1385 quia
1569 1306 1916 1366 resurrecturi
1936 1320 2027 1359 su-

449 1439 586 1481 mus.
619 1421 709 1476 illa
740 1419 882 1475 enim
902 1431 1019 1486 quae
1040 1410 1272 1468 ostendit
1300 1409 1352 1463 in
1382 1406 1617 1471 homine,
1639 1402 1727 1473 qui
1753 1401 1920 1455 factus
1946 1404 2029 1452 cst

451 1526 668 1589 pr0pter
696 1527 792 1568 nos
817 1510 995 1570 humo,
1019 1521 1141 1560 cum
1166 1510 1310 1558 esset
1325 1500 1466 1554 Deus
1485 1512 1581 1568 per
1604 1508 1761 1563 quem
1790 1490 1910 1545 lacti
1938 1504 2029 1543 su-

452 1627 590 1675 mus,
620 1613 838 1678 propter
868 1616 964 1655 nos
998 1595 1251 1652 ostendit.
1280 1594 1347 1648 Et
1374 1606 1516 1660 saepe
1543 1583 2028 1659 commendavimns

452 1677 705 1758 Cbaritati
724 1705 936 1758 vestrae,
966 1690 1105 1762 quod
1135 1704 1232 1743 nos
1258 1700 1399 1756 saepe
1428 1688 1618 1738 iterare
1644 1695 1747 1733 non
1775 1677 1949 1747 piget;
1973 1681 2031 1727 ut

454 1795 574 1866 quia
599 1794 731 1847 forte
752 1787 899 1843 multi
925 1795 1156 1840 vestrum
1180 1781 1356 1849 legere
1383 1790 1486 1830 non
1510 1779 1748 1842 possunt,
1777 1767 1896 1838 quia
1920 1776 2027 1820 non

454 1888 532 1942 eis
559 1893 707 1938 vacat
732 1881 905 1949 legere
927 1920 939 1939 ,
967 1886 1057 1929 aut
1086 1874 1285 1927 litteras
1312 1884 1417 1924 non
1443 1874 1656 1929 norunt,
1679 1861 1864 1917 saltem
1892 1857 2028 1911 assi-

453 1981 556 2034 due
585 1973 844 2031 audiendo
874 1987 976 2023 non
997 1965 1372 2021 obliviscantur
1391 1958 1653 2013 salubrem
1680 1952 1832 2006 [idem
1856 1964 2025 2004 suam.

452 2073 607 2126 Certe
627 2084 688 2122 ea
714 2061 1001 2134 repetemlo
1026 2053 1337 2126 quibusdam
1365 2047 1575 2104 molesti
1594 2044 1883 2103 videamur,
1903 2039 2027 2093 dum

457 2174 632 2217 tamen
679 2156 933 2229 quosdam
977 2149 1319 2205 :edilicemus.
1350 2142 1604 2198 Novimus
1646 2138 1788 2193 enim
1835 2133 2030 2189 multos

455 2269 574 2308 esse
595 2262 647 2306 ct
674 2247 925 2303 memoria
952 2240 1324 2315 pra-valentes,
1353 2243 1405 2288 et
1436 2229 1677 2287 lectionis
1702 2227 1893 2281 divina:
1917 2230 2030 2277 stu-

454 2346 654 2409 diosos,
684 2341 769 2411 qui
796 2327 858 2393 ea
890 2352 1005 2406 qum
1043 2329 1232 2387 dicturi
1268 2341 1449 2381 sumus
1489 2328 1746 2377 noverunt
1768 2334 1784 2383 ;
1809 2327 1860 2371 ct
1898 2314 2031 2369 forte

455 2453 555 2492 nos
581 2450 641 2490 ea
672 2434 853 2485 volunt
879 2428 1056 2483 dicere
1094 2439 1211 2493 qua:
1249 2434 1352 2473 non
1384 2421 1664 2470 noverunt.
1696 2407 1799 2464 Sed
1826 2408 1868 2462 si
1893 2404 2032 2461 cele-

456 2531 626 2583 tiores
652 2533 795 2586 sunt,
819 2524 1119 2576 intueantur
1142 2513 1262 2584 quia
1283 2525 1400 2565 cum
1424 2504 1741 2562 tardioribus
1762 2497 2032 2554 ambulant

456 2622 616 2673 viam.
645 2613 867 2681 Quando
902 2617 1077 2664 autem
1106 2606 1210 2659 duo
1236 2601 1459 2657 comites
1482 2610 1643 2651 unam
1674 2593 1811 2647 viam
1841 2590 2031 2644 ambu-

456 2709 586 2772 lant,
614 2718 835 2775 quorum
866 2708 947 2754 est
975 2710 1109 2751 unus
1132 2691 1373 2755 celerior,
1401 2686 1535 2742 alter
1564 2682 1785 2747 tardior,
1804 2680 1855 2734 in
1884 2687 2036 2749 pote.

458 2809 596 2853 state
622 2772 896 2851 celerioris
918 2795 1089 2845 estut
1117 2799 1236 2840 cum
1268 2781 1359 2836 illo
1388 2776 1624 2832 ambulet
1659 2772 1858 2828 tardior
1881 2812 1895 2836 ,
1926 2785 2033 2825 non

459 2892 512 2945 in
552 2894 810 2960 potestate
850 2879 1130 2944 tardioris;
1159 2874 1280 2946 quia
1317 2858 1367 2927 ἐἰ
1412 2869 1541 2924 velit
1567 2867 1793 2923 celerior
1831 2873 2032 2919 tantum

461 2956 633 3037 facere
674 2984 928 3049 quantum
974 2979 1188 3043 potest,
1219 2966 1417 3021 'tardior
1443 2962 1590 3017 illum
1637 2974 1741 3014 non
1773 2956 2031 3027 sequitur.

458 3078 603 3146 Opus
633 3084 710 3127 est
738 3088 863 3140 ergo
892 3078 948 3122 ut
973 3064 1198 3120 celerior
1224 3060 1456 3116 refrenet
1483 3055 1810 3111 celeritatem
1841 3067 1999 3125 suam
2016 3092 2033 3117 ,

458 3142 635 3224 etnon
654 3165 917 3233 relinquat
938 3159 1183 3214 comitem
1202 3153 1505 3208 tardiorem.
1525 3149 1636 3203 [loc
1655 3155 1736 3201 est
1752 3159 1879 3215 ergo
1894 3142 2037 3214 quod

460 3260 568 3315 dixi
610 3273 695 3313 me
735 3269 876 3324 saepe
923 3251 1157 3312 dixisse,
1184 3256 1234 3299 et
1278 3257 1418 3297 nunc
1463 3241 1653 3294 iterum
1691 3237 1810 3290 dico
1848 3254 1861 3290 :
1904 3235 2039 3289 sicut

460 3353 589 3407 dicit
617 3347 922 3417 Apostolus,
945 3341 1136 3396 Eadem
1160 3336 1369 3391 scribere
1388 3330 1542 3397 vobis,
1572 3328 1694 3382 mihi
1718 3327 1913 3397 quidem
1938 3341 2039 3378 non

463 3445 692 3515 pigrum,
722 3435 856 3491 vobis
881 3442 1044 3486 autem
1069 3440 1227 3483 tutum
1255 3424 1275 3497 (
1304 3421 1529 3492 Philipp.
1553 3436 1630 3485 ιιι,
1662 3419 1683 3472 1
1714 3418 1752 3487 ).
1786 3417 2040 3471 Dominus

465 3542 649 3589 noster
674 3531 828 3585 .lesus
854 3525 1117 3586 Christus,
1138 3530 1384 3588 tanquam
1411 3523 1552 3568 totus
1582 3510 1843 3582 perlectus
1858 3509 1959 3571 vir,
1987 3518 2041 3562 et

463 3633 649 3695 caput,
674 3631 728 3677 et
747 3633 941 3688 corpus
972 3633 985 3671 :
1013 3621 1172 3683 caput
1198 3611 1251 3664 in
1280 3608 1373 3662 illo
1403 3605 1618 3660 homine
1646 3588 1986 3671 agnoscimus
2019 3639 2034 3663 ,

465 3691 553 3789 qui
586 3725 738 3770 natus
764 3709 935 3767 estde
961 3707 1120 3761 Maria
1143 3701 1343 3771 virgine
1364 3740 1376 3761 .
1401 3711 1591 3767 passus
1614 3694 1713 3749 sub
1734 3693 1921 3747 Pontio
1951 3691 2038 3744 Pi-

362 3836 371 3840 ε
465 3812 602 3874 lato,
626 3809 860 3876 sepultus
885 3843 898 3865 ,
926 3797 1216 3855 resurrexit
1235 3835 1248 3855 ,
1277 3789 1519 3847 ascendit
1548 3789 1600 3843 in
1643 3787 1835 3842 caelum
1853 3826 1869 3852 ,
1894 3783 2044 3840 sedet

466 3904 532 3959 ad
562 3875 831 3957 dexteram
861 3894 1029 3951 Patris
1048 3933 1061 3958 ,
1092 3889 1214 3944 inde
1242 3887 1388 3941 illum
1415 3889 1784 3953 exspectamus
1808 3875 2041 3947 judicem

467 3999 706 4050 vivorum
752 4003 908 4060 atque
954 3996 1319 4045 mortuorum;
1345 3978 1446 4031 hoc
1474 3985 1555 4030 est
1582 3983 1763 4060 caput.
1794 3969 2044 4025 Ecclesiae

471 4089 681 4158 (Ep/tes.
718 4100 774 4148 v,
797 4048 914 4151 c3:3).
934 4079 1137 4147 Corpus
1153 4074 1308 4141 hujus
1335 4069 1523 4139 capitis
1542 4048 1775 4120 Ecclesia
1806 4070 1907 4128 est,
1938 4076 2044 4114 non

471 4197 591 4252 quae
634 4178 731 4232 hoc
773 4176 890 4229 loco
911 4181 992 4227 est
1011 4211 1026 4234 ,
1056 4167 1147 4223 scd
1183 4175 1237 4219 et
1262 4178 1378 4233 quae
1409 4159 1510 4212 hoc
1533 4158 1649 4211 loco
1677 4165 1731 4209 et
1759 4168 1852 4222 per
1877 4162 2045 4205 totum

473 4273 655 4325 orbem
688 4277 944 4320 terrarum
980 4278 993 4310 :
1028 4272 1126 4311 nee
1165 4256 1252 4307 illa
1281 4266 1399 4321 qute
1428 4248 1529 4301 hoc
1559 4254 1797 4313 tempore
1817 4282 1832 4306 ,
1858 4241 1948 4295 sed
1980 4240 2048 4295 ab

475 4365 592 4432 ipso
619 4359 748 4413 Abel
779 4349 1044 4421 usquead
1077 4364 1169 4401 eos
1199 4344 1285 4413 qui
1326 4337 1579 4396 nascituri
1622 4346 1744 4391 sunt
1785 4348 1953 4399 usque
1994 4333 2048 4387 in

478 4427 637 4510 linem
664 4462 716 4504 et
741 4445 988 4503 credituri
1013 4444 1065 4495 in
1096 4438 1361 4494 Christum
1380 4475 1394 4494 ,
1426 4441 1565 4485 totus
1586 4427 1808 4499 populus
1834 4434 2049 4481 sancto-

478 4561 594 4600 rum
640 4540 705 4594 ad
754 4551 911 4592 unam
954 4532 1217 4586 civitatem
1267 4520 1676 4594 pertinentium;
1708 4532 1824 4587 quae
1866 4516 2050 4571 civitas

478 4648 672 4704 corpus
699 4640 780 4686 est
803 4624 995 4681 Christi
1019 4665 1032 4685 ,
1062 4621 1143 4675 cui
1174 4624 1329 4687 caput
1353 4623 1430 4669 est
1459 4610 1721 4667 Christus.
1753 4607 1824 4661 lbi
1848 4617 1971 4661 sunt
1998 4614 2052 4661 et

466 4725 666 4796 Angeli
695 4722 836 4776 cives
862 4714 1025 4771 nostri
1057 4731 1069 4766 :
1100 4709 1192 4765 sed
1222 4706 1343 4778 quia
1387 4719 1484 4757 nos
1516 4699 1937 4770 peregrinamur,
1970 4696 2050 4750 la-

484 4821 766 4877 boramus;
800 4810 873 4864 illi
900 4819 1079 4860 autem
1111 4803 1161 4854 in
1193 4799 1404 4852 civitate
1431 4797 1741 4862 exspectant
1768 4786 2050 4841 adventum

482 4921 741 4968 nostrum.
770 4903 836 4958 Et
873 4901 939 4955 de
987 4898 1073 4951 illa
1099 4894 1309 4948 civitate
1338 4888 1476 4943 unde
1506 4883 1903 4955 peregrinamur
1927 4921 1940 4942 ,
1967 4879 2052 4932 lit-

485 5015 611 5059 terte
644 4997 793 5054 nobis
819 4996 1078 5048 venerunt
1104 5004 1119 5040 :
1148 4984 1275 5053 ipsa:
1307 4988 1431 5033 sunt
1462 4975 1749 5045 Scriptura:
1773 5013 1786 5036 ,
1814 4985 1931 5040 qum
1958 4982 2055 5023 nos

483 5097 762 5152 hortantur
788 5094 846 5141 ut
873 5085 1008 5139 bene
1035 5071 1290 5133 vivamus.
1316 5068 1454 5137 Quid
1478 5067 1650 5123 dicam
1681 5063 1888 5119 venisse
1910 5061 2054 5116 litte-

484 5189 606 5244 ras?
630 5186 748 5256 ipse
773 5195 867 5236 rex
895 5168 1190 5233 descendit,
1217 5173 1269 5220 et
1296 5163 1460 5216 lactus
1488 5169 1569 5215 est
1594 5156 1745 5212 nobis
1767 5154 1847 5209 via
1867 5154 1917 5207 in
1936 5168 2057 5223 per-

487 5254 836 5350 egrinatione;
863 5279 920 5325 ut
945 5267 998 5321 in
1050 5262 1141 5317 illo
1169 5254 1517 5315 ambulantes,
1550 5262 1649 5303 nec
1674 5259 1932 5309 erremus,
1960 5256 2058 5298 nec

488 5337 842 5428 deﬁciamus,
886 5374 985 5415 nec
1038 5355 1091 5410 in
1143 5346 1518 5406 latrocinantes
1570 5337 1867 5393 incidamus
1896 5376 1911 5400 ,
1959 5348 2058 5388 nec

490 5463 543 5515 in
575 5460 787 5526 laqueos
812 5453 1092 5511 irruamus,
1126 5441 1213 5513 qui
1233 5434 1660 5509 ponunturjuxta
1688 5427 1845 5482 viam.
1876 5425 2057 5479 Talem

490 5567 618 5621 ergo
646 5550 872 5603 scientes
894 5541 1162 5597 Christum
1194 5544 1359 5587 totum
1385 5537 1542 5595 atque
1579 5523 1879 5576 universum
1905 5516 2061 5570 simul

489 5658 609 5697 eum
641 5635 899 5695 Ecclesia;
931 5634 1105 5700 ipsum
1135 5634 1306 5679 autem
1335 5620 1505 5674 solum
1536 5624 1715 5669 natum
1746 5610 1811 5665 de.
1836 5609 2058 5677 virgine,

490 5744 649 5800 caput
692 5723 937 5781 Ecclesia:
961 5760 977 5786 ,
1002 5717 1345 5774 mediatorum
1389 5694 1769 5764 scilicet'intcr
1819 5701 1983 5757 Deum
2010 5707 2063 5754 et

1640 283 1696 340 S.
1741 275 2103 361 Αυευετιιιι
2146 271 2436 330 EPISCOPI

3555 262 3697 318 1160

2124 391 2367 445 homines
2393 387 2660 445 Christum
2688 384 2867 440 Jesum
2900 382 2940 453 (l
2972 382 3099 435 Tim.
3129 396 3160 434 ιι
3181 421 3195 445 ,
3222 375 3279 450 5)
3311 395 3329 431 εκ
3357 374 3422 431 ad
3454 373 3555 429 hoc
3579 391 3696 430 me-

2120 482 2380 537 diatorem
2403 523 2417 545 ,
2444 487 2501 535 ut
2524 494 2620 535 eos
2647 479 2735 548 qui
2767 483 3115 539 recesserant,
3146 487 3240 541 per
3265 485 3322 524 re
3348 467 3655 523 reconciliet
3679 480 3697 529 ;

2120 575 2328 630 medius
2352 572 2492 626 enim
2524 585 2628 624 non
2654 579 2733 623 cst
2758 568 2855 621 nisi
2885 567 3019 620 inter
3043 565 3196 617 deos.
3227 560 3639 615 Recesseramns
3668 572 3698 608 a

2122 666 2397 737 majestate
2424 665 2513 719 Dei
2539 707 2554 729 ,
2582 673 2636 719 et
2666 671 2879 733 peccato
2906 667 3085 713 nostro
3114 653 3505 710 oll'enderamus
3530 667 3652 704 cum
3684 666 3697 701 :

2123 759 2316 813 missus
2343 764 2427 811 est
2454 755 2616 811 Filius
2641 753 2918 829 mediator,
2942 751 3028 820 qni
3057 745 3317 817 sanguine
3345 758 3442 797 suo
3469 742 3699 796 solveret

2123 857 2335 921 peccata
2358 856 2559 911 nostra,
2589 844 2775 915 quibus
2803 839 3187 912 separabamur
3209 852 3240 901 ει
3272 834 3421 900 Deo;
3452 843 3505 888 et
3535 833 3702 898 inter-

2123 940 2327 1013 positus
2351 938 2597 995 redderet
2625 952 2720 991 nos
2742 935 2791 989 ei
2822 944 2874 988 et
2907 929 3311 995 reconciliaret,
3340 941 3369 980 a
3393 941 3499 998 quo
3527 923 3703 979 aversi

2124 1032 2181 1086 in
2219 1031 2449 1101 peccatis
2476 1028 2673 1082 nostris
2701 1035 2756 1080 et
2782 1023 2986 1080 delictis
3011 1020 3339 1076 tenebamur.
3362 1018 3481 1086 Ipse
3505 1024 3587 1071 est
3615 1030 3704 1069 cas

2125 1134 2217 1195 put
2239 1131 2497 1187 nostrmn,
2526 1122 2638 1191 ipse
2661 1129 2743 1174 est
2769 1118 2907 1173 Deus
2929 1115 3149 1186 aequalis
3169 1110 3331 1175 Patri,
3358 1109 3585 1165 Verbum
3610 1106 3703 1161 Dei

2126 1233 2223 1288 per
2248 1216 2387 1288 quod
2419 1217 2552 1270 facta
2578 1222 2702 1268 sunt
2728 1212 2902 1267 omnia
2931 1208 3108 1282 (Joan.
3139 1223 3175 1268 ι,
3218 1204 3278 1278 3)
3312 1221 3328 1259 :
3354 1201 3446 1257 sed
3478 1201 3619 1255 Deus
3648 1208 3707 1253 ut

2126 1318 2366 1374 crearet,
2399 1307 2557 1362 homo
2578 1315 2633 1359 ut
2653 1311 2920 1360 recrearet
2951 1302 2967 1332 ί
2993 1317 3009 1366 ;
3040 1300 3177 1353 Deus
3201 1307 3257 1351 ut
3280 1295 3470 1350 laceret
3495 1336 3511 1359 ,
3542 1291 3709 1345 homo

2130 1412 2187 1455 ut
2213 1399 2473 1455 reticeret.
2506 1398 2658 1453 Hunc
2686 1398 2970 1460 intuentes,
2989 1390 3067 1446 sic
3093 1389 3369 1445 audiamus
3398 1387 3662 1440 Psalmum
3688 1398 3705 1438 :

2131 1494 2366 1549 intendat
2391 1491 2634 1548 Charitas
2655 1490 2856 1544 Vestra.
2894 1484 3171 1554 Disciplina
3198 1491 3280 1537 est
3305 1481 3402 1534 ista
3429 1487 3485 1534 et
3511 1477 3713 1532 doctri-

2130 1602 2198 1641 na
2223 1584 2418 1640 schulc
2448 1583 2622 1652 hujus,
2645 1596 2762 1651 qua:
2788 1579 2936 1634 vobis
2963 1577 3132 1631 valeat
3152 1590 3254 1629 non
3283 1572 3349 1627 ad
3376 1586 3535 1626 unum
3567 1569 3712 1640 ρεπιι-

2131 1694 2275 1733 ιιιιιιιι
2312 1675 2705 1747 intelligendqu
2730 1715 2744 1738 ,
2769 1672 2862 1728 sed
2892 1670 2957 1725 ad
2986 1671 3178 1724 multos
3199 1708 3216 1734 ,
3243 1667 3285 1720 si
3317 1665 3539 1721 teneatis
3571 1663 3711 1717 lianc

2131 1762 2389 1842 regulaml
2433 1768 2727 1839 Aliquando
2769 1766 3002 1837 psalmus
3026 1806 3041 1830 ,
3073 1777 3177 1816 non
3218 1761 3387 1837 solum
3432 1757 3666 1829 psalmus
3690 1795 3707 1820 ,

2131 1862 2227 1919 sed
2274 1871 2330 1918 et
2377 1862 2549 1917 omnis
2592 1854 3205 1930 prophetia,aliquando
3246 1850 3324 1908 sic
3370 1850 3599 1920 loquitur
3640 1847 3713 1903 de

2131 1953 2375 2022 Christo,
2398 1962 2458 2009 ut
2483 1963 2641 2023 caput
2677 1951 2848 2007 solum
2878 1946 3249 2011 commendet,
3280 1952 3335 1999 et
3361 1939 3642 2013 aliquando
3678 1955 3711 1994 a

2132 2048 2305 2120 capite
2326 2047 2366 2103 it
2391 2046 2458 2102 ad
2487 2061 2700 2115 corpus,
2723 2044 2775 2099 id
2802 2053 2883 2098 cst
2904 2042 2971 2097 ad
2998 2039 3289 2095 Ecclesium
3309 2078 3326 2103 ,
3348 2044 3401 2091 et
3429 2050 3533 2089 non
3558 2031 3713 2087 vide-

2134 2152 2221 2197 tur
2259 2150 2493 2196 mutasse
2518 2152 2835 2209 personam;
2867 2135 2988 2206 quia
3032 2148 3136 2188 non
3180 2140 3455 2200 separatur
3483 2134 3642 2195 caput
3678 2139 3712 2180 ιι

2133 2249 2357 2305 corpore
2384 2275 2399 2299 ,
2430 2233 2523 2287 sed
2566 2241 2811 2299 tanquam
2841 2227 2908 2282 de
2934 2242 3038 2280 uno
3068 2223 3323 2293 loquitur.
3352 2218 3542 2275 Videat
3565 2215 3713 2272 enim

2134 2325 2376 2381 Charitas
2403 2323 2588 2378 Vestra
2606 2320 2747 2392 quod
2772 2319 2911 2374 dico.
2939 2315 3244 2372 Manifestus
3271 2322 3352 2368 est
3371 2320 3515 2389 certe
3542 2309 3717 2363 omni-

2134 2418 2232 2474 bus
2258 2418 2488 2489 psalmus
2510 2415 2600 2472 ubi
2627 2413 2695 2469 de
2723 2413 2965 2484 passione
2999 2407 3204 2465 Domini
3233 2405 3453 2461 dicitur:
3488 2421 3507 2453 ‹
3542 2399 3716 2456 Fode-

2135 2520 2259 2564 runt
2304 2521 2493 2563 manus
2538 2520 2684 2559 meas
2722 2514 2777 2558 et
2817 2500 3009 2573 pedes;
3032 2499 3499 2575 dinumeravcrunt
3533 2488 3714 2545 omnia

2135 2614 2253 2657 ossa
2294 2614 2451 2654 mea:
2480 2596 2773 2653 diviserunt
2801 2594 2905 2648 sibi
2941 2591 3252 2646 vestimenta
3293 2600 3411 2640 mea
3436 2626 3452 2651 ,
3476 2594 3530 2639 et
3552 2595 3715 2651 super

2134 2693 2509 2749 vestimentum
2537 2704 2711 2745 meum
2737 2687 2997 2742 miserunt
3019 2691 3237 2738 sortem.
3277 2697 3295 2731 ι
3328 2677 3442 2733 Ηοε
3468 2685 3521 2731 ει
3542 2673 3714 2729 Judmi

2135 2784 2348 2857 quando
2375 2782 2597 2838 audiunt
2621 2778 2943 2835 erubescunt
2964 2792 2979 2841 ;
3000 2770 3392 2830 evidentissime
3419 2767 3558 2823 cnim
3586 2780 3715 2835 pro-

2139 2876 2315 2947 phetia
2343 2876 2411 2932 de
2441 2874 2684 2944 passione
2708 2869 2915 2925 Domini
2945 2867 3111 2922 nostri
3130 2864 3254 2920 Jesu
3287 2860 3479 2916 Chrisﬁ
3510 2856 3715 2928 prolata

2137 2980 2240 3027 est.
2262 2970 2458 3024 Delicta
2485 2976 2660 3021 autem
2691 2979 2796 3018 non
2825 2961 3049 3016 habebat
3072 2957 3327 3014 Dominus
3358 2961 3535 3008 noster
3560 2950 3717 3006 Jesus

2138 3061 2396 3125 Christus;
2420 3068 2475 3114 et
2496 3068 2671 3113 tamen
2700 3057 2753 3110 in
2780 3052 3139 3123 capite'ipsius
3161 3046 3528 3118 psaltnidicil:
3557 3043 3714 3106 Deus,

2141 3155 2279 3209 Deus
2307 3170 2466 3217 meus,
2495 3150 2668 3222 utquid
2679 3164 2776 3213 ,me
2802 3145 3105 3213 dereliquisti
3121 3143 3146 3196 .9
3176 3141 3346 3212 Longe
3369 3156 3398 3191 a
3424 3138 3585 3191 salute
3605 3152 3718 3189 mea

2140 3250 2287 3304 verba
2320 3247 2613 3301 delictorum
2636 3258 2856 3297 meorum
2877 3239 3046 3302 (Psal.
3078 3253 3166 3291 xxt
3190 3278 3205 3300 ,
3238 3236 3303 3289 l7
3325 3276 3338 3296 ,
3371 3234 3436 3288 18
3459 3276 3473 3298 ,
3503 3230 3569 3286 19
3595 3272 3609 3294 ,
3632 3230 3715 3300 9.).

2141 3338 2343 3394 Videtis
2371 3351 2498 3406 ergo
2524 3334 2646 3405 quid
2677 3333 2881 3386 dicatur
2906 3346 2969 3383 ex
3006 3342 3229 3399 persona
3260 3326 3466 3394 capitis,
3497 3323 3622 3393 quid
3650 3339 3719 3378 ex

2142 3444 2366 3499 persona
2394 3428 2649 3493 corporis.
2676 3423 2874 3478 Delicta
2898 3420 2965 3475 ad
2992 3434 3088 3473 nos
3114 3418 3395 3487 pertinent.
3422 3413 3598 3485 passio
3620 3428 3719 3483 pro
3764 3414 3767 3417 “

2142 3521 2295 3574 nobis
2319 3519 2386 3572 ad
2409 3526 2565 3587 caput
2587 3514 2815 3585 pertinet
2843 3531 2855 3567 :
2886 3511 2980 3566 sed
3010 3520 3226 3580 propter
3252 3507 3549 3577 passionem
3579 3503 3720 3557 illius

2144 3625 2242 3680 pro
2272 3610 2452 3673 nobis,
2485 3617 2540 3662 et
2564 3605 2703 3676 quod
2729 3604 2794 3659 ad
2825 3617 2923 3657 nos
2954 3601 3179 3672 pertinet
3205 3598 3518 3654 delictorum
3555 3594 3720 3649 solvi«

2144 3714 2231 3760 tur
2256 3706 2298 3753 ⁸.
2331 3702 2417 3756 Sic
2443 3701 2574 3755 etin
2605 3700 2706 3752 isto
2730 3694 2954 3766 psalmo.
3393 3682 3402 3691 ’
3666 3692 3671 3701 ‘

2214 3818 2269 3872 2.
2300 3817 2446 3892 [vers.
2472 3812 2615 3886 1—8.]
2638 3812 2754 3868 Jam
2781 3810 2914 3865 istos
2935 3822 3120 3863 versus
3147 3805 3391 3859 hesterna
3412 3800 3499 3856 die
3524 3808 3720 3854 tracta-

2145 3891 2356 3967 vimus:
2387 3908 2616 3965 breviter
2650 3914 3124 3960 commemoremus
3154 3897 3289 3951 illos.
3321 3895 3422 3962 Qui
3448 3891 3637 3947 habitat
3667 3891 3724 3946 in

2146 4003 2399 4072 adiutorio
2426 3997 2669 4055 Altissimt'
2689 4039 2702 4063 ,
2724 3996 2779 4049 in
2816 3993 3121 4063 protectione
3146 3989 3241 4043 Dei
3259 3987 3371 4043 οωίὶ
3395 3978 3741 4039 οοηυηοι-αὺὶ-’

2148 4107 2248 4151 tur.
2271 4096 2381 4150 Hoc
2391 4089 2877 4151 commendavimus
2896 4083 3150 4140 Charitati
3176 4080 3374 4135 Vestrae
3393 4077 3445 4132 in
3471 4074 3584 4129 istis
3606 4088 3728 4127 ver-

2150 4189 2316 4253 sibus,
2346 4200 2413 4241 ne
2432 4184 2709 4254 quisquam
2740 4180 2794 4234 in
2822 4192 2880 4233 se
2908 4191 3055 4245 spem
3081 4180 3255 4242 ponat,
3277 4168 3371 4225 sed
3394 4175 3554 4222 totam
3570 4178 3727 4233 spem

2108 4290 2117 4299 ’
2150 4296 2299 4335 suam
2327 4280 2378 4333 in
2405 4277 2495 4332 illo
2518 4284 2679 4346 ponat
2700 4315 2715 4340 ,
2748 4273 2801 4327 in
2826 4284 2930 4341 quo
2949 4275 3074 4322 sunt
3099 4264 3237 4318 vires
3264 4271 3458 4316 nostra:
3488 4278 3503 4324 ;
3531 4273 3598 4313 ex
3624 4256 3726 4310 ad-

2106 4428 2110 4432 Α
2147 4373 2345 4444 jntorio
2374 4369 2512 4425 enim
2539 4367 2654 4436 ejus
2690 4364 2975 4427 vincimus,
3005 4373 3108 4413 non
3137 4371 3203 4410 ex
3239 4363 3416 4409 nostra
3464 4365 3727 4421 przcsum-

2151 4439 2352 4535 ptione.
2403 4458 2638 4527 Protegit
2686 4468 2812 4525 ergo
2854 4466 2951 4507 nos
3006 4449 3146 4502 Deus
3196 4443 3348 4506 coeli,
3396 4441 3440 4501 si
3488 4439 3729 4495 dicamus

2155 4532 2376 4609 Domino
2402 4549 2541 4621 quod
2567 4546 2838 4617 sequitur:
2868 4540 3011 4595 Dicet
3039 4537 3276 4599 Domino,
3301 4532 3575 4601 Susceptor
3588 4545 3729 4583 meus

2155 4666 2205 4703 es
2231 4658 2303 4712 tu,
2329 4654 2379 4700 et
2400 4642 2650 4714 refugium
2677 4653 2859 4699 meum,
2908 4632 3040 4688 Deus
3079 4645 3234 4691 meus,
3266 4623 3474 4693 sperabo
3502 4623 3552 4675 in
3582 4636 3729 4684 eum;

2154 4743 2393 4811 quoniam
2427 4738 2533 4807 ipse
2568 4742 2701 4786 eruet
2739 4746 2816 4784 me
2850 4729 2912 4791 de
2943 4723 3221 4792 muscipula
3265 4716 3580 4780 venantium,
3614 4723 3662 4765 et
3697 4730 3732 4767 a

2156 4835 2301 4889 verba
2329 4846 2526 4901 aspero.
2579 4825 2812 4879 Diximus
2861 4820 2981 4889 quia
3018 4815 3165 4871 multi
3197 4814 3443 4868 timentes
3480 4820 3730 4874 asperum

2158 4925 2377 4982 verbum
2403 4920 2635 4976 incidunt
2657 4917 2708 4969 in
2730 4909 3071 4979 muscipulam
3099 4903 3420 4960 venantium.
3446 4894 3735 4952 lusultatut'

2158 5015 2381 5078 homini,
2413 5010 2533 5083 quia
2575 5005 2892 5063 christianus
2919 5009 3030 5063 est;
3059 5007 3115 5052 et
3158 4992 3378 5064 poenitet
3409 4988 3577 5051 illum,
3608 4985 3733 5055 quia

2159 5076 2477 5167 christianus
2512 5102 2680 5156 lactus
2707 5102 2808 5159 est,
2849 5102 2904 5148 et
2934 5090 3002 5145 ab
3030 5102 3218 5158 aspero
3258 5082 3421 5139 verbo
3456 5076 3640 5135 incidit
3679 5077 3733 5130 in

2132 5197 2507 5269 ‘muscipulam
2551 5189 2766 5246 diaboli.
2810 5183 3094 5240 lnsultatur
3137 5180 3296 5233 etiam
3335 5172 3564 5236 homini,
3610 5170 3733 5239 quia

2161 5299 2299 5353 inter
2327 5265 2518 5348 multos
2542 5265 2857 5340 christianos
2878 5275 3067 5331 melius
3086 5272 3242 5333 vivit;
3266 5276 3320 5323 et
3337 5268 3527 5320 timens
3546 5275 3735 5331 aspera

2167 5388 2326 5444 verba
2356 5383 2743 5441 insultatorum,
2770 5369 2952 5426 incidit
2980 5366 3031 5420 in
3055 5365 3272 5433 laqueos
3296 5356 3512 5421 diaboli,
3546 5362 3602 5408 ut
3630 5368 3738 5406 non

2166 5483 2235 5538 sit
2259 5478 2488 5534 triticum
2519 5471 2570 5524 in
2600 5481 2744 5531 arca,
2766 5461 2859 5518 sed
2890 5457 3093 5531 paleam
3129 5460 3397 5522 sequatur.
3428 5444 3527 5511 Qui
3558 5452 3738 5497 autem

2233 5639 2250 5669 ι
2284 5643 2411 5690 Mss,
2441 5638 2563 5680 Deus
2581 5631 2632 5674 ut
2655 5630 2948 5690 crearemur,
2973 5614 3111 5690 homp
3131 5615 3564 5690 ffl‘teﬂqﬂug
3589 5659 3702 5690 MM

2234 5662 2250 5669 -
2287 5662 2411 5690 um...
2441 5662 2563 5680 mn...
2584 5662 2632 5674 ...
2655 5662 2913 5673 “NW.
2936 5662 2948 5677 ,
3692 5662 3702 5668 _

2234 5701 2256 5732 ι
2278 5700 2351 5748 Sic
2374 5706 2471 5746 Αω.
2493 5698 2543 5742 ει
2562 5695 2668 5738 uss.
2686 5693 2744 5735 At
2762 5690 2835 5732 Er.
2853 5687 2905 5731 ει
2918 5686 3047 5741 nom,
3063 5672 3343 5726 delictorum
3355 5663 3567 5718 debitum
3587 5662 3737 5713 solun.
