4024 6210
273 414 406 471 ’1161

274 533 326 586 in
357 532 465 586 Deo
492 536 694 600 sperat,
725 527 930 582 eruitur
970 540 1000 579 a
1051 522 1344 593 muscipula
1386 522 1692 577 venantium
1735 529 1786 576 et
1829 537 1859 574 a

275 625 438 679 verbo
462 637 677 692 aspero.
711 619 990 688 Quomodo
1016 626 1192 674 autem
1220 627 1271 672 te
1297 617 1524 686 protegit
1567 616 1736 672 Deus?
1765 615 1861 668 1η-

278 729 352 772 ter
370 716 605 785 scapulas
623 730 744 768 suas
771 710 1081 766 obu‘mbrabit
1111 709 1239 763 tibi:
1281 708 1333 763 id
1370 719 1471 772 est,
1519 716 1642 762 ante
1682 718 1867 776 pectus

276 824 427 864 suum
456 817 508 862 te
527 815 713 877 ponet,
745 814 801 859 ut
829 804 928 858 alis
951 803 1062 856 suis
1079 809 1130 857 te
1151 809 1424 870 protegat;
1451 800 1492 854 si
1522 799 1679 853 modo
1702 813 1865 868 agno-

276 916 396 955 scas
421 899 788 955 inﬁrmitatem
821 905 986 957 tuam,
1013 904 1069 948 ut
1111 892 1260 962 quasi
1291 891 1464 961 pullus
1509 890 1747 944 inﬁrmus
1787 888 1867 943 fu-

274 993 388 1062 gias
416 991 517 1045 sub
545 989 658 1043 alas
688 986 894 1051 matris,
926 999 992 1039 ne
1019 1000 1049 1037 a
1078 982 1238 1037 milvo
1269 981 1509 1050 rapiaris.
1557 979 1698 1034 Milvi
1741 987 1866 1034 sunt

277 1086 415 1138 enim
459 1096 633 1137 aereae
679 1087 990 1150 potestates,
1023 1075 1263 1131 diabolus
1297 1082 1351 1129 et
1378 1073 1550 1142 angeli
1578 1073 1692 1142 ejus
1726 1091 1738 1126 :
1776 1087 1865 1125 ra-

279 1190 403 1245 pere
433 1173 620 1227 volunt
641 1171 1002 1226 infirmitatem
1037 1177 1292 1230 nostram.
1325 1165 1609 1234 Fugiamus
1629 1164 1726 1218 sub
1754 1164 1866 1218 alas

279 1264 464 1318 matris
494 1263 803 1331 Sapientiae,
831 1261 951 1330 quia
981 1268 1032 1314 et
1055 1260 1166 1328 ipsa
1193 1257 1461 1326 Sapientia
1499 1255 1759 1309 inﬁrmata
1785 1263 1868 1309 est

280 1364 499 1426 propter
526 1371 658 1418 nos;
691 1354 812 1423 quia
853 1351 1082 1408 Verbum
1127 1364 1252 1403 caro
1289 1348 1481 1403 factum
1512 1357 1591 1402 est
1616 1345 1793 1416 (Joan.
1827 1361 1864 1410 ι,

280 1446 389 1518 is).
422 1446 578 1502 Sicut
615 1444 912 1498 inﬁrmatur
947 1441 1139 1512 gallina
1167 1455 1284 1496 eum
1315 1439 1474 1510 pullis
1499 1438 1629 1505 suis,
1657 1447 1714 1492 ut
1740 1454 1868 1507 pro-

282 1547 421 1608 tegat
466 1552 561 1592 eos
610 1536 708 1590 alis
754 1532 1093 1603 suis(Mattli.
1146 1547 1301 1598 χχιιι,
1332 1530 1422 1599 '57)
1449 1548 1462 1584 :
1491 1529 1567 1584 sic
1615 1528 1868 1582 Dominus

279 1638 466 1686 noster
499 1628 658 1683 Jesus
685 1627 950 1690 Christus,
978 1624 1068 1694 qui
1097 1639 1216 1678 cum
1249 1622 1300 1675 in
1351 1619 1519 1674 forma
1567 1620 1659 1673 Dei
1699 1628 1865 1685 esset,

280 1736 384 1776 non
415 1719 658 1788 rapinam
685 1716 973 1772 arbitratus
998 1723 1081 1770 est
1117 1729 1238 1769 esse
1277 1712 1494 1783 aequalis
1527 1713 1655 1777 Deo,
1691 1720 1745 1765 ut
1782 1712 1867 1765 in-

283 1811 586 1867 ﬁrmaretur
615 1807 913 1870 nobiscum,
943 1817 996 1862 et
1031 1807 1130 1861 alis
1156 1806 1265 1859 suis
1295 1813 1592 1874 protegeret
1623 1819 1744 1869 nos,
1777 1818 1864 1858 se-

281 1904 568 1971 metipsum
598 1899 887 1955 exinanivit
908 1897 1133 1952 formam
1160 1897 1298 1951 servi
1325 1895 1608 1965 accipiens,
1640 1895 1690 1948 in
1716 1895 1866 1948 simi-

281 1991 560 2048 litudinem
585 1991 855 2045 hominum
883 1989 1069 2054 factus,
1093 1999 1145 2043 et
1173 1987 1351 2042 habitu
1372 1988 1616 2042 inventus
1638 1987 1868 2041 utbomo

287 2082 552 2155 (Philipp.
581 2097 638 2145 ιι,
658 2082 690 2136 6
707 2090 752 2134 et
769 2080 847 2149 7).
875 2079 936 2132 Et
961 2079 1051 2132 sub
1077 2078 1173 2132 aiis
1189 2079 1296 2148 ejus
1318 2077 1561 2146 sperabis.
1587 2075 1742 2131 Scuto
1765 2078 1866 2130 cir-

271 2176 539 2232 cumdabit
569 2184 616 2228 te
643 2175 821 2228 veritas
843 2173 985 2243 ejus;
1015 2188 1114 2224 non
1137 2171 1328 2225 timebis
1357 2186 1387 2222 a
1408 2170 1584 2223 timore
1603 2178 1866 2222 nocturno.

284 2267 636 2321 Tentationes
688 2262 1034 2334 ignorantiae,
1082 2261 1240 2316 timor
1282 2269 1604 2326 nocturnus;
1655 2269 1869 2329 peccata

284 2359 543 2421 scientiae,
577 2356 763 2425 sagitta
786 2355 968 2409 volans
993 2369 1089 2424 per
1108 2353 1247 2408 diem
1273 2370 1286 2406 :
1314 2352 1366 2406 in
1388 2362 1543 2406 nocte
1559 2352 1699 2406 enim
1723 2351 1872 2422 igno-

283 2450 455 2504 rantia
486 2448 816 2517 intelligitur,
849 2446 898 2499 in
926 2445 1012 2500 die
1039 2445 1412 2499 manifestatio.
1442 2443 1573 2500 Sunt
1600 2445 1688 2514 qui
1717 2444 1868 2514 igno-

284 2547 468 2595 rantes
497 2545 744 2607 peccant,
775 2545 900 2592 sunt
929 2535 1016 2605 qui
1045 2535 1274 2589 scientes
1305 2541 1523 2602 peccant
1548 2551 1561 2586 :
1591 2535 1676 2602 qui
1717 2533 1870 2603 igno-

287 2642 468 2688 rantes
491 2638 731 2701 peecant,
765 2644 793 2681 a
824 2629 1011 2682 timore
1033 2635 1292 2681 nocturno
1313 2624 1718 2694 supplantantur
1741 2640 1756 2690 ;
1780 2625 1870 2695 qui

287 2725 519 2779 scientes
546 2729 784 2791 peccant,
825 2734 852 2772 a
884 2719 1070 2789 sagitta
1095 2717 1306 2772 volante
1345 2731 1438 2786 per
1463 2715 1603 2770 diem
1634 2717 1872 2785 percussi

288 2823 430 2868 sunt.
456 2813 582 2868 llwc
607 2821 784 2865 autem
825 2824 944 2865 cum
977 2809 1027 2863 in
1055 2807 1385 2878 gravioribus
1420 2805 1872 2876 persecutionibus

291 2907 442 2970 ﬁunt,
471 2915 749 2974 quousque
803 2899 1140 2971 perveniatur
1184 2907 1430 2967 tanquam
1462 2897 1528 2950 ad
1572 2895 1869 2964 meridiem,

289 2999 613 3068 quicumque
641 2995 732 3049 illo
757 2992 936 3048 calore
972 2990 1244 3056 ceciderit,
1273 2998 1521 3058 tauquam
1550 3003 1579 3042 a
1609 2986 1874 3044 daemonio

291 3089 586 3144 meridiano
613 3085 787 3141 cadet.
820 3085 890 3139 Et
927 3083 1080 3138 multi
1119 3097 1148 3135 a
1191 3083 1368 3136 calore
1401 3081 1510 3153 .isto
1546 3081 1870 3148 ceciderunt,

293 3180 555 3248 sieutjam
596 3176 938 3246 exposuimus
971 3175 1219 3229 hesterno
1243 3171 1331 3227 die
1356 3171 1606 3226 Charitati
1642 3182 1870 3239 vestrae;

293 3275 412 3342 quia
463 3272 702 3327 fervente
746 3269 1111 3338 persecutione
1141 3267 1336 3319 dictum
1373 3271 1475 3324 est,
1507 3264 1875 3333 Tot-queantur

294 3362 604 3425 Christiani,
632 3361 804 3414 donec
842 3365 1034 3427 negent
1081 3355 1220 3425 quod
1254 3354 1527 3410 christiani
1561 3365 1701 3407 sunt.
1739 3355 1870 3410 Cum

293 3466 443 3509 antea
473 3453 711 3506 solerent
740 3449 965 3505 confessi
996 3447 1216 3517 percuti,
1244 3446 1308 3500 ad
1333 3445 1432 3499 hoc
1456 3455 1638 3514 postea
1666 3455 1875 3514 torque-

295 3545 484 3597 bantur
510 3551 570 3596 ut
594 3548 847 3611 negarent
875 3559 887 3594 :
919 3547 971 3594 et
1008 3553 1128 3593 cum
1157 3535 1330 3590 omnis
1365 3550 1488 3588 reus
1522 3535 1716 3590 tamdiu
1763 3543 1875 3588 tor-

294 3644 558 3714 queatur,
603 3630 856 3709 quamdiu
899 3645 1100 3706 neget;
1146 3633 1565 3688 Christianorum
1613 3627 1873 3686 confessio

296 3733 676 3802 torquebatur,
725 3728 932 3798 negatio
987 3725 1366 3780 dimittebatur.
1417 3723 1542 3776 Erat
1586 3738 1711 3792 ergo
1751 3732 1917 3778 tune'

297 3837 517 3892 magnus
549 3830 710 3874 aestus
732 3815 1182 3888 persequentium.
1217 3813 1544 3881 Quicumque
1571 3813 1621 3865 in
1653 3813 1737 3865 illa
1763 3823 1877 3867 ten-

297 3916 495 3967 tatione
538 3909 846 3967 ceciderunt
870 3950 883 3973 ,
924 3917 1170 3976 tanquam
1205 3920 1234 3956 a
1275 3903 1539 3958 daemonio
1581 3903 1875 3975 meridiano

295 4003 620 4058 ceciderunt.
646 3996 714 4054 Et
734 3999 913 4068 quanti
944 3995 1279 4051 ceciderunt!
1313 3993 1458 4047 Multi
1481 3993 1566 4061 qui
1603 4007 1661 4047 se
1693 4008 1875 4062 spera-

297 4096 424 4150 bant
443 4107 688 4148 sessuros
707 4107 824 4145 cum
861 4089 1082 4143 Domino
1109 4096 1162 4141 et
1181 4085 1530 4155 judicaturos,
1559 4084 1633 4138 illi
1656 4099 1684 4136 ιι
1711 4085 1876 4140 latere

294 4185 626 4240 ceciderunt.
650 4182 776 4235 item
803 4178 953 4234 multi
981 4179 1068 4248 qui
1096 4192 1152 4232 se
1185 4174 1471 4244 sperabant
1495 4173 1559 4228 ad
1602 4175 1872 4230 dexteram

298 4277 523 4337 futuros,
552 4274 603 4328 in
630 4273 780 4342 plebe
816 4278 996 4326 sancta
1020 4266 1359 4338 stipendiaria
1392 4273 1637 4336 tanquam
1666 4267 1876 4342 provin-

294 4368 480 4433 ciales,
512 4367 600 4436 qui
628 4379 888 4419 annonam
931 4360 1186 4415 militibus
1229 4358 1498 4428 przebcnt,
1543 4357 1732 4427 quibus
1771 4357 1872 4412 dici

299 4457 478 4522 habet,
507 4455 726 4519 Esurivi,
767 4464 812 4507 et
847 4452 1052 4506 dedistis
1082 4450 1204 4504 mihi
1245 4446 1548 4502 manducare
1569 4446 1658 4516 (ad
1691 4447 1876 4502 dexte-

295 4561 411 4602 ram
435 4546 573 4600 enim
602 4555 754 4598 erunt
787 4541 956 4608 multi)
981 4558 996 4607 ;
1019 4548 1075 4596 et
1102 4539 1168 4594 de
1195 4539 1308 4608 ipsa
1347 4552 1442 4606 spe
1474 4537 1798 4602 ceciderunt,
1824 4546 1877 4590 et

296 4641 481 4708 plures
502 4636 644 4698 inde,
667 4636 786 4705 quia
820 4635 998 4704 plures
1033 4632 1124 4686 ibi.
1152 4631 1435 4686 Pauciores
1471 4630 1611 4682 enim
1633 4631 1720 4698 qui
1755 4645 1874 4684 cum

297 4728 526 4784 Domino
548 4725 881 4796 judicabant,
913 4732 967 4777 et
997 4723 1175 4792 plures
1200 4721 1288 4791 qui
1311 4721 1524 4774 stabunt
1543 4728 1664 4773 ante
1687 4720 1834 4772 illum
1859 4737 1873 4772 :

295 4821 389 4876 sed
424 4835 528 4874 non
575 4832 676 4872 una
712 4816 941 4871 conditio
971 4829 1175 4869 eorum.
1220 4812 1323 4866 Alii
1358 4811 1423 4866 ad
1463 4811 1751 4876 sinistram,
1790 4812 1877 4865 alii

297 4912 362 4965 ad
388 4913 665 4966 dexteram
696 4925 710 4972 ;
739 4907 826 4961 alii
852 4917 906 4961 ut
937 4914 1176 4977 regnent,
1205 4903 1294 4957 alii
1335 4913 1390 4958 ut
1431 4904 1746 4972 puniantur;
1784 4902 1877 4956 alii

297 5013 353 5058 ut
377 5003 617 5063 audiant,
673 4999 861 5064 Venite,
902 4997 1142 5053 benedicti
1178 4995 1351 5049 Patris
1380 4997 1496 5060 mei,
1527 4995 1764 5064 percipite
1795 5009 1876 5046 re-

296 5111 480 5166 gnum;
501 5093 595 5148 alii
619 5100 675 5144 ut
699 5090 932 5148 audiant.
959 5087 985 5141 1
994 5099 1041 5142 te
1064 5089 1116 5140 in
1143 5087 1307 5157 ignem
1335 5095 1597 5151 teternum,
1638 5085 1723 5153 qui
1749 5098 1880 5151 pra:-

298 5195 503 5254 paratus
529 5191 604 5236 est
629 5179 828 5234 diabolo
857 5189 903 5232 et
932 5176 1124 5246 angelis
1151 5175 1260 5244 ejus
1277 5173 1484 5244 (Matth.
1511 5187 1636 5235 xxv,
1663 5171 1876 5239 32-41).

298 5275 437 5344 Ergo
457 5275 546 5344 qui
575 5273 591 5304 ³
618 5287 651 5324 a
675 5271 820 5324 ruina
847 5277 892 5322 et
922 5267 1167 5320 dtemonio
1209 5263 1483 5316 meridiano
1510 5262 1706 5327 cadent,
1744 5262 1882 5316 mille

296 5383 326 5419 ο
355 5365 531 5431 latere,
577 5373 624 5417 et
653 5362 781 5416 dena
809 5361 968 5414 millia
989 5376 1017 5412 a
1042 5358 1250 5412 dextris.
1280 5357 1358 5409 Ad
1390 5365 1435 5411 te
1458 5366 1622 5409 autem
1649 5373 1749 5408 non
1783 5372 1880 5426 ap-

298 5453 654 5527 propinquabit
684 5469 702 5507 :
731 5451 895 5522 quid?
938 5449 1264 5504 Dmmonium
1295 5447 1645 5501 meridimum
1685 5457 1736 5501 te
1775 5462 1880 5500 non

300 5547 498 5615 dejicit.
525 5544 658 5612 Quid
689 5545 877 5598 mirum
909 5542 950 5596 si
982 5550 1138 5610 caput
1163 5556 1266 5594 non
1290 5538 1508 5610 slejicit?
1528 5539 1630 5594 Sed
1656 5554 1756 5592 non
1781 5538 1878 5592 de-

296 5638 413 5707 jicit
438 5645 497 5691 et
526 5635 642 5689 illos
663 5634 749 5689 oui
776 5635 854 5688 sic
883 5632 1087 5686 haerent
1121 5629 1301 5700 capita,
1325 5629 1588 5700 quomodo
1625 5630 1696 5683 ait
1738 5629 1883 5697 Apo-

300 5730 493 5792 stnlus,
528 5725 681 5780 Novit
710 5725 954 5780 Dominus
979 5739 1062 5791 qui
1104 5733 1218 5776 sunt
1251 5739 1358 5793 €126
1399 5721 1466 5791 {ll
1505 5721 1634 5776 Tim.
1681 5736 1738 5788 tt,
1772 5718 1880 5790 i9).

369 5840 385 5870 ι
424 5837 554 5901 Apud
576 5843 650 5886 Fr.
677 5843 793 5886 Ven.
820 5841 888 5887 et.
915 5841 1022 5884 nov.
1043 5833 1200 5894 deest,
1234 5833 1333 5896 qui.
1403 5842 1456 5883 at.

612 5934 861 5993 Parnm.
902 5925 1210 5992 XXXVII

335 6022 386 6034 .L,

1418 405 1810 462 ENAR‘RATIO
1853 405 1917 460 ιιι
1957 404 2276 465 PSALMCM
2319 413 2427 467 XC.

3413 429 3553 484 Η(ιὲ

1975 522 2109 577 Sunt
2137 525 2278 579 enim
2308 526 2525 597 quidam
2546 528 2616 582 ita
2651 531 3033 601 pmdestiuati,
3063 545 3118 590 ut
3145 539 3349 595 noverit
3377 543 3558 598 Donu-

1976 629 2074 669 uus
2099 616 2187 685 qui
2234 617 2534 686 pertineant
2578 619 2645 674 ad
2673 636 2867 691 corpus
2916 623 3102 694 ipsius.
3147 629 3281 685 Cum
3320 646 3448 700 ergo
3490 633 3553 688 ad

1975 706 2073 760 hos
2100 722 2206 762 non
2235 709 2453 764 accedet
2476 711 2564 766 illa
2597 715 2835 782 tentatio,
2867 725 2925 770 ut
2964 717 3174 788 dejiciat
3201 737 3321 788 eos;
3355 725 3440 778 isti
3473 732 3558 778 in-

1977 799 2282 868 telliguntur
2308 801 2358 853 in
2395 816 2461 856 eo
2490 802 2630 872 quod
2659 805 2910 874 scriptum
2934 816 3039 874 est,
3069 809 3151 862 Ad
3179 822 3224 865 te
3260 824 3428 868 autem
3453 833 3556 870 non

1976 891 2415 959 appropinquabit.
2447 892 2549 948 Sed
2575 909 2643 949 ne
2671 894 2744 950 illi
2775 906 3080 966 peccatores
3107 903 3295 971 quibus
3327 914 3470 962 tanta
3495 910 3560 962 li—

1976 982 2084 1034 cuit
2105 997 2356 1038 exeroere
2382 985 2435 1038 in
2459 984 2808 1056 Christianos,
2832 992 3166 1049 attenduntur
3190 1011 3216 1048 a
3240 999 3554 1067 quibusdam

1976 1071 2218 1139 inﬁrmis,
2246 1082 2299 1128 et
2318 1074 2541 1142 dicatur,
2570 1076 2729 1145 Ecce,
2759 1081 2883 1150 quid
2912 1083 3078 1138 voluit
3131 1085 3289 1152 Deus,
3343 1098 3399 1143 ut
3435 1100 3554 1146 tan-

1977 1170 2083 1214 tum
2111 1162 2286 1232 impiis
2303 1174 2354 1219 et
2377 1167 2646 1223 sceleratis
2670 1170 2830 1226 liceat
2858 1173 2909 1227 in
2931 1186 3113 1230 servos
3135 1177 3267 1232 Dei?
3287 1181 3555 1239 modicum

1974 1252 2250 1308 considera
2283 1258 2450 1311 oculis
2482 1260 2602 1324 tuis,
2631 1261 2798 1316 oculis
2824 1263 2967 1330 ﬁdei,
2997 1274 3050 1319 et
3077 1267 3280 1322 videbis
3318 1273 3554 1327 retribu-

1976 1344 2172 1398 tionem
2224 1357 2555 1414 peecatorum
2602 1350 2653 1404 in
2703 1351 2825 1419 ﬁne,
2856 1354 3047 1423 quibus
3077 1358 3236 1411 modo
3267 1368 3408 1415 tanta
3437 1379 3556 1432 per-

1975 1435 2274 1502 mittuntur,
2305 1447 2362 1491 ut
2393 1441 2708 1495 exercearis.-
2742 1443 2852 1498 lloc
2877 1447 3017 1500 enim
3048 1451 3320 1518 sequitur:
3356 1452 3556 1508 Verum-

1977 1535 2140 1580 tamen
2171 1529 2329 1583 oculis
2354 1531 2452 1584 tuis
2479 1533 2832 1601 considerabis,
2866 1547 2912 1590 et
2936 1517 3305 1597 retributione»:
3327 1559 3555 1615 peccato-

1976 1634 2087 1670 rum
2113 1620 2318 1674 videbis.
3404 1685 3407 1688 _

2047 1709 2100 1800 5.
2133 1708 2281 1781 [νει-δ.
2311 1712 2490 1784 9-12.]
2521 1715 2768 1780 Quoniam
2809 1728 2864 1773 tu
2902 1739 2970 1787 es,
3021 1723 3252 1795 Domine,
3283 1745 3396 1800 spes
3421 1749 3553 1798 mea,-
3587 1774 3605 1787 .

1976 1799 2274 1855 altissimum
2300 1805 2511 1872 posuisti
2535 1808 2786 1878 refugium
2813 1803 2986 1866 tuum.‘
3008 1813 3128 1869 Non
3159 1799 3393 1874 accedent
3420 1825 3488 1875 ad
3509 1836 3555 1878 te

1976 1887 2130 1942 mala.
2179 1890 2406 1946 Domino
2452 1895 2620 1950 dicit:
2656 1898 2906 1962 Quoniam
2944 1912 2998 1956 tu
3043 1922 3113 1970 es,
3163 1905 3397 1974 Domine,
3439 1930 3554 1981 spes

1977 1995 2124 2045 mea;
2149 1982 2447 2036 altissimum
2478 1989 2689 2056 posuisti
2711 1993 2962 2062 refugium
2991 2005 3150 2050 tuum.
3176 1999 3296 2054 Non
3320 2005 3554 2058 accedent

1977 2071 2045 2123 ad
2073 2080 2120 2124 te
2140 2074 2274 2127 mala
2291 2091 2311 2140 ;
2329 2085 2374 2129 et
2400 2078 2660 2148 flagellant
2681 2098 2780 2136 non
2800 2088 3218 2158 appr-apinquabit
3235 2093 3553 2152 tabernaculo

1977 2171 2082 2215 tuo.
2112 2163 2309 2220 Deinde
2331 2167 2439 2236 jam
2472 2170 2628 2225 verba
2659 2188 2777 2241 qua:
2817 2176 3036 2233 audistis
3064 2180 3200 2236 dicta
3235 2200 3263 2236 a
3294 2184 3504 2241 diabolo
3537 2207 3550 2241 :

1981 2251 2231 2316 Quoniam
2272 2255 2476 2326 Angelis
2504 2260 2608 2313 suis
2642 2263 2895 2317 mandavit
2923 2267 2986 2320 de
3023 2278 3088 2335 te,
3118 2284 3173 2323 ut
3199 2275 3480 2330 custodiant
3507 2290 3552 2332 te

1977 2341 2287 2434 iit—omnibus
2311 2346 2404 2400 viis
2442 2349 2558 2401 tuis.
2603 2348 2669 2403 In
2717 2353 2949 2409 manibus
2978 2359 3151 2412 tollent
3189 2370 3255 2426 te,
3291 2369 3552 2434 nequando

1977 2431 2206 2498 offendas
2246 2435 2314 2488 ad
2353 2437 2572 2505 lapidem
2611 2442 2786 2508 pedem
2817 2451 2977 2500 tuum.
3009 2448 3101 2503 Cui
3133 2450 3234 2506 hoc
3270 2431 3428 2509 dicit?
3457 2457 3552 2514 Cui

1979 2523 2129 2590 dixit,
2159 2526 2408 2590 Quoniam
2429 2538 2482 2582 tu
2509 2547 2579 2594 es,
2603 2530 2836 2602 Domine,
2867 2554 2978 2607 spes
3005 2557 3132 2595 mea.
3162 2543 3276 2603 Jam
3299 2555 3427 2615 puto
3445 2564 3550 2604 non

1979 2629 2098 2670 esse
2140 2619 2509 2687 exponendum
2565 2623 2878 2682 Christianis
2922 2632 3038 2698 quis
3081 2633 3148 2687 sit
3188 2635 3459 2692 Dominus.
3497 2641 3550 2696 Si

1980 2705 2147 2762 Deum
2183 2707 2391 2764 Patrem
2419 2710 2735 2783 intelligunt,
2764 2719 3028 2786 quomodo
3055 2721 3203 2778 illum
3239 2728 3422 2782 tollent
3445 2704 3556 2785 An?

1979 2797 2081 2866 geli
2109 2799 2161 2852 in
2190 2802 2449 2866 manibus,
2483 2819 2549 2859 ne
2571 2806 2802 2862 offendat
2821 2809 2886 2863 ad
2913 2811 3137 2881 lapidem
3169 2819 3351 2885 pedem
3373 2824 3553 2878 suum!

1981 2885 2182 2942 Videtis
2201 2904 2328 2958 ergo
2347 2893 2464 2960 quia
2485 2903 2534 2945 et
2553 2894 2794 2949 Christus
2813 2897 3083 2964 Dominus,
3105 2905 3228 2958 dum
3253 2907 3554 2978 loqueretur

1981 2977 2048 3032 de
2073 2995 2316 3049 corpore,
2346 2981 2518 3036 subito
2545 2989 2706 3054 (‘mpit
2749 2987 2888 3058 loqui
2932 2991 2997 3046 de
3025 2995 3215 3063 capite.
3250 2977 3417 3067 Caput
3453 3019 3552 3057 no-

1981 3076 2148 3123 strum
2175 3073 2494 3140 appellatum
2517 3085 2595 3128 est
2619 3077 2795 3143 modo,
2819 3095 2938 3134 eum
2967 3081 3234 3140 diceretur
3259 3104 3273 3141 :
3305 3088 3552 3157 Quoniam

1982 3169 2036 3214 tu
2059 3176 2128 3225 es,
2154 3159 2387 3227 Domine,
2409 3181 2521 3235 spes
2557 3183 2695 3231 mea;
2727 3169 3025 3226 altissimum
3068 3178 3274 3243 posuisti
3307 3182 3574 3254 refugium-

1983 3261 2143 3305 tuum.
2170 3252 2289 3308 Ideo
2311 3258 2519 3324 posuisti
2543 3259 2840 3313 altissimum
2863 3265 3110 3335 refugium
3137 3279 3296 3336 tuum,
3320 3252 3555 3343 quoniam

1983 3353 2035 3434 tu
2060 3360 2130 3434 e's,
2161 3342 2395 3411 Domine,
2416 3366 2527 3417 spes
2555 3367 2682 3404 mea.
2715 3351 2847 3418 Quid
2875 3356 2972 3409 sibi
3003 3356 3101 3412 huc
3133 3363 3279 3415 vult?
3306 3342 3556 3424 Attendat

1977 3433 2222 3490 Charitas
2252 3447 2460 3492 vestra:
2497 3439 2744 3503 Quoniam
2785 3453 2838 3497 tu
2874 3462 2946 3512 es,
2987 3447 3222 3519 Domine,
3262 3472 3372 3524 spes
3413 3475 3555 3524 mea;

1981 3525 2278 3580 altissimum
2314 3531 2523 3597 posuisti
2550 3534 2800 3603 refugium
2827 3546 2984 3590 tuum.
3023 3539 3139 3593 Jam
3188 3560 3288 3596 non
3331 3555 3411 3600 est
3459 3550 3558 3602 mi-

1980 3617 2203 3678 randum
2230 3645 2242 3679 :
2269 3632 2550 3698 propterea
2589 3626 2728 3683 Ciiitli
2761 3628 3020 3703 chlliltlf',
3067 3631 3179 3684 Νυιι
3219 3644 3451 3699 accedent
3483 3656 3557 3702 ἀα

1983 3723 2030 3766 te
2066 3716 2220 3779 mala,
2260 3717 2380 3784 quia
2423 3720 2722 3773 altissimum
2754 3725 2963 3789 posuisti
3000 3728 3249 3797 refugium
3290 3743 3468 3798 tuum;
3513 3749 3557 3790 et

1981 3807 2240 3874 flagellum
2264 3825 2364 3861 non
2388 3813 2808 3881 apprOpinquabit
2842 3815 3162 3872 tabernaculo
3189 3832 3296 3886 tuo,
3329 3827 3446 3893 quia
3473 3833 3549 3882 ul-

1980 3901 2223 3949 tissimum
2256 3901 2464 3966 posuisti
2484 3905 2735 3973 refugium
2770 3915 2930 3960 tuum.
2977 3909 3088 3963 Non
3128 3924 3302 3968 autem
3336 3918 3556 3989 legimus

1981 3985 2032 4038 in
2065 3985 2354 4056 Evangelia
2383 3991 2502 4058 quia
2535 3993 2722 4047 alicubi
2767 3995 2952 4066 Angeli
2993 4013 3332 4068 prurtaverttut
3374 3985 3556 4064 Dmni-
3601 3991 3624 4011 ⁸

1981 4093 2128 4144 num,
2159 4095 2224 4133 ne
2251 4079 2538 4137 offenderet
2578 4084 2644 4138 ad
2689 4085 2915 4156 lapidem
2959 4101 3051 4145 :et
3099 4102 3269 4149 hunen
3311 4099 3557 4170 intelligi-

1981 4184 2118 4223 mus.
2148 4170 2272 4225 lla~c
2307 4173 2446 4226 enim
2482 4174 2590 4242 jam
2642 4174 2775 4232 facta
2805 4189 2946 4246 sunt,
2993 4193 3046 4236 et
3084 4199 3186 4238 non
3242 4189 3355 4245 siue
3396 4207 3557 4249 causa

1981 4260 2293 4329 prOphctata
2322 4273 2463 4325 sunt,
2494 4266 2590 4318 nisi
2620 4268 2740 4335 quia
2786 4268 2958 4325 futura
2999 4285 3169 4331 erant.
3205 4278 3267 4334 Et
3293 4296 3394 4335 non
3429 4299 3555 4353 pos--

1980 4367 2163 4406 sumus
2179 4354 2374 4420 dicere,
2398 4354 2586 4410 Postea
2611 4369 2859 4414 Venturus
2884 4373 2965 4417 est
2985 4364 3242 4435 Christus,
3271 4374 3332 4424 ut~
3345 4388 3450 4428 non
3473 4371 3560 4430 Οἷα

1981 4440 2160 4496 fendat
2193 4443 2256 4495 ad
2300 4444 2522 4514 lapidem
2565 4448 2753 4517 pedem
2799 4467 2950 4506 suum
2997 4471 3008 4506 :
3047 4455 3374 4524 judicaturus
3414 4467 3555 4521 enim

1983 4532 2293 4588 venieLUbi
2322 4551 2446 4605 ergo
2468 4531 2785 4606 completum
2814 4542 2919 4595 est?
2947 4541 3433 4606 lntendatharitas
3466 4571 3586 4609 ve-‘

1983 4637 2112 4678 stra.

2052 4718 2104 4769 4.
2136 4716 2312 4772 Primo
2347 4718 2444 4772 hos
2469 4733 2650 4773 versus
2675 4720 2860 4776 audite
2903 4740 2915 4776 :
2950 4723 3197 4790 Quoniam
3244 4739 3293 4783 tu
3334 4748 3406 4800 es,
3450 4733 3557 4788 Do-

1983 4810 2133 4873 mine,
2182 4825 2294 4878 spes
2334 4825 2479 4874 mea;
2522 4811 2816 4864 altissimum
2855 4816 3062 4882 posuisti
3107 4818 3353 4890 refugium
3393 4831 3556 4876 tuum.

1985 4897 2163 4953 Genus
2197 4899 2482 4954 humanum
2523 4901 2657 4955 mori
2698 4901 2964 4957 hominem
3011 4918 3249 4976 noverat,
3279 4927 3559 4982 resurgere

1985 5007 2089 5044 non
2125 4999 2342 5046 noverat
2372 5008 2385 5044 :
2413 4990 2530 5045 ideo
2555 4992 2693 5060 quod
2744 4993 2952 5049 timeret
2979 4994 3220 5063 habebat,
3249 5001 3388 5068 quod
3430 5018 3555 5068 spe-

1987 5091 2129 5136 raret
2158 5098 2260 5136 non
2293 5083 2536 5138 habebat.
2566 5082 2633 5138 Ut
2662 5099 2788 5154 ergo
2828 5085 2916 5140 ille
2944 5087 3032 5156 qui
3079 5097 3292 5157 propter
3317 5089 3555 5160 discipli-

1987 5189 2107 5227 nam
2136 5172 2259 5227 fecit
2288 5173 2530 5228 timorem
2559 5174 2765 5239 mortis,
2811 5185 3025 5245 propter
3047 5179 3321 5247 praemium
3364 5179 3558 5237 futura:

1990 5265 2108 5317 vitae
2136 5263 2525 5338 :etcrnzedaret
2557 5279 2703 5334 spem
2743 5267 3172 5335 resurrectionis,
3201 5270 3345 5338 prior
3383 5287 3559 5329 resur-

1989 5357 2124 5411 rexit
2167 5356 2423 5410 Dominus
2466 5367 2645 5410 noster
2693 5357 2846 5412 Jesus
2893 5358 3154 5413 Christus.
3201 5362 3438 5420 Mortuus
3480 5379 3561 5422 est

1991 5457 2108 5516 post
2134 5448 2362 5511 multos;
2394 5449 2683 5501 resurrexit
2723 5458 2844 5501 ante
2869 5464 3076 5503 omnes.
3111 5451 3221 5506 [loc
3265 5470 3451 5523 passus
3479 5472 3563 5514 est

1990 5537 2264 5592 moriendo
2288 5537 2426 5605 quod
2445 5536 2554 5604 jam
2598 5537 2746 5590 multi
2791 5538 2930 5606 passi
2959 5547 3138 5608 erant;
3169 5542 3272 5599 hoc
3300 5546 3408 5614 jam
3439 5547 3562 5604 fecit

1993 5627 2520 5698 resurgendo,,quod
2554 5626 2727 5681 nullus
2763 5635 2885 5682 ante
2929 5629 3075 5685 illum
3109 5650 3122 5684 :
3168 5636 3378 5704 quando
3421 5639 3562 5695 enim

1992 5719 2092 5774 hoc
2120 5718 2342 5788 accipiet
2371 5716 2626 5782 Ecclesia,
2679 5717 2778 5772 nisi
2823 5718 2872 5772 in
2905 5717 3050 5774 fine?
3091 5721 3369 5781 Praecessit
3396 5726 3447 5780 in
3477 5743 3558 5779 ca-

1995 5816 2100 5887 pite
2127 5810 2266 5881 quod
2309 5808 2541 5866 membra
2569 5817 2780 5880 sperent
2806 5825 2820 5863 :
2853 5811 2999 5863 novit
3025 5812 3164 5866 enim
3201 5814 3441 5871 (maritas
3471 5832 3562 5870 να-

2799 5921 3286 6005 (Τι’σηιε-εερι.]
