4024 6210
460 467 516 522 Η
528 465 595 522 (i3

455 595 569 640 stra
607 574 872 651 quomodo
924 571 1061 625 inter
1104 577 1163 619 se
1198 559 1394 617 dicant.
1442 554 1590 609 Dicat
1630 563 1756 620 ergo
1802 542 2036 601 Ecclesia

462 635 690 731 tomin
731 683 829 722 suo
865 662 987 720 Jesu
1035 655 1272 720 Christo,
1324 649 1466 706 dicat
1502 655 1696 711 corpus
1727 635 1886 708 capiti
1924 649 2040 696 suo,

460 775 480 826 ε
510 763 714 819 naniam
743 766 796 810 tu
815 771 885 816 es,
919 748 1152 811 Domine,
1179 756 1294 813 spes
1332 753 1476 802 mea;
1515 734 1813 789 altissimum
1838 723 2047 798 posuisti

459 873 511 909 re
519 852 713 926 fugiunt
735 856 877 902 tuum
907 858 923 895 :
958 841 1002 896 -d
1031 848 1130 904 est,
1154 834 1275 890 ideo
1301 824 1642 886 resurrexisti
1664 837 1696 877 a
1722 818 1968 882 mortuis,
1995 823 2050 870 et

463 911 729 998 in'caelum
751 931 1059 994 ascendisti,
1090 937 1146 982 ut
1171 925 1333 979 altum
1363 931 1589 990 poneres
1614 911 1874 984 refugium
1901 917 2047 962 tuum

463 1030 778 1092 ascendens,
812 1037 866 1080 et
897 1025 1050 1077 ﬁeres
1077 1032 1199 1088 spes
1224 1028 1363 1078 mea,
1396 1009 1485 1080 qui
1525 1007 1576 1062 in
1617 1011 1759 1060 terra
1799 1000 2051 1068 despera-

465 1126 609 1184 ham,
640 1129 693 1176 et
715 1133 800 1174 me
819 1119 1238 1171 resurrecturum
1269 1117 1389 1158 esse
1413 1113 1518 1155 non
1543 1093 1863 1156 credebam;
1891 1086 2051 1142 modo

465 1216 571 1286 iam
600 1209 781 1274 credo,
811 1205 933 1276 quia
963 1199 1200 1257 ascendit
1220 1197 1272 1250 in
1303 1192 1495 1250 omium
1521 1194 1681 1257 caput
1700 1197 1914 1245 meum;
1945 1194 2048 1248 quo

469 1313 630 1372 caput
655 1296 947 1371 praecessit,
979 1303 1032 1346 et
1059 1289 1294 1344 membra
1321 1291 1566 1338 secutura
1593 1284 1739 1331 sunt.
1771 1274 1904 1328 Puto
1942 1270 2050 1338 jatr

466 1392 806 1452 manifestum
855 1400 976 1440 esse
1024 1378 1164 1452 quod
1213 1377 1412 1430 dictum
1455 1380 1555 1433 est,
1593 1365 1846 1433 Quoniam
1890 1369 1943 1414 tu
1981 1373 2052 1423 es,

443 1485 707 1548 «Domine,
731 1495 842 1549 spes
872 1492 1016 1539 mea;
1041 1469 1339 1526 altissimum
1364 1461 1572 1534 posuisti
1605 1456 1854 1529 refugium
1893 1463 2052 1506 tuum.

469 1579 586 1634 lloc
614 1541 822 1645 planius
851 1564 1095 1622 dixerim.
1141 1560 1210 1615 Ut
1236 1557 1490 1612 haberem
1533 1565 1681 1619 spem
1713 1541 2056 1602 resurrectio-

473 1672 558 1725 nis
597 1679 755 1738 quam
800 1676 903 1714 non
951 1655 1232 1715 habebam,
1280 1647 1400 1702 ideo
1441 1644 1584 1714 prior
1612 1633 1970 1696 resurrexisti,
2003 1640 2059 1684 ut

435 1791 440 1798 ι
473 1778 580 1833 quo
606 1752 944 1831 prmcessisti,
977 1749 1100 1804 illuc
1141 1760 1226 1799 me
1262 1746 1564 1796 secuturum
1607 1743 1900 1802 sperarem.
1942 1723 2058 1780 V03:

455 1827 620 1908 enim
649 1858 730 1906 est
755 1843 1002 1902 Ecclesiae
1029 1838 1094 1894 ad
1123 1834 1402 1892 Dominum
1431 1840 1605 1892 suum,
1635 1837 1732 1876 vox
1761 1827 1844 1876 est
1871 1829 2061 1884 corpo-

477 1951 550 2002 ris
575 1945 641 2000 ad
662 1949 819 2010 caput
849 1950 1027 1992 suum.

553 2039 605 2093 5.
639 1999 754 2089 Noli
793 2043 920 2099 ergo
963 2023 1180 2080 mirari:
1219 2016 1336 2071 Non
1378 2010 1614 2068 accedent
1650 2006 1717 2059 ad
1756 2012 1802 2056 te
1827 1999 1984 2064 mala,
2015 2005 2062 2050 et

479 2089 741 2200 ﬂagellum
778 2089 883 2175 nor:
928 2107 1345 2187 appropinquubit
1375 2097 1694 2158 tabernaculo
1730 2104 1837 2148 tuo.
1861 2089 2062 2144 Taber-

481 2180 730 2274 naeulmn
769 2210 860 2267 Dei
891 2221 1016 2263 caro
1043 2209 1149 2259 est.
1191 2201 1246 2254 In
1285 2209 1446 2253 carne
1476 2186 1787 2247 inhabitavit
1810 2180 2062 2244 Verbum,

480 2322 536 2364 et
559 2322 685 2364 caro
715 2304 845 2358 facta
874 2307 957 2356 est
988 2289 1384 2350 tabernaculum
1413 2285 1521 2339 Deo
1547 2299 1560 2334 :
1594 2280 1646 2333 in
1676 2278 1793 2347 ipso
1823 2271 2067 2328 taberna-

479 2401 605 2455 culo
634 2397 925 2471 Imperator
951 2384 1192 2442 militavit
1217 2395 1315 2452 pro
1354 2375 1541 2438 nobis;
1571 2371 1626 2426 in
1669 2369 1786 2438 ipso
1818 2363 2067 2418 taberna-

482 2491 606 2544 culo
633 2487 698 2540 ah
718 2449 873 2538 hoste
900 2486 1130 2535 tentatus
1155 2449 1258 2537 est,
1289 2485 1355 2524 ne
1380 2466 1532 2522 miles
1553 2461 1823 2518 deﬁceret.
1855 2455 1923 2510 Et
1945 2449 2067 2522 quia

459 2617 461 2619 -
485 2587 653 2652 ipsam
672 2589 887 2634 carnem
909 2567 1142 2626 Ostendit
1160 2563 1327 2619 oculis
1347 2555 1564 2618 nostris,
1599 2551 1721 2620 quia
1743 2545 1881 2602 oculi
1904 2541 2069 2598 nostri

473 2640 586 2745 ista
617 2673 733 2725 luce
761 2663 1011 2738 gaudent,
1044 2667 1098 2714 et
1133 2653 1324 2712 visibili
1356 2647 1556 2704 lumine
1594 2645 1694 2698 isto
1719 2640 2066 2699 delectantur,

489 2765 612 2834 quia
642 2761 694 2815 in
725 2737 1148 2812 manileswione
1170 2743 1346 2816 posuit
1371 2751 1581 2795 carnem
1607 2747 1780 2796 suam,
1801 2738 1862 2783 ut
1886 2737 2074 2781 omnes

488 2818 765 2914 viderent;
793 2846 914 2901 ideo
940 2841 1177 2915 psalmus
1216 2835 1361 2899 dicit,
1391 2830 1459 2884 1η
1503 2825 1609 2884 sole
1639 2822 1804 2895 posuit
1841 2818 2074 2872 taberna-
2125 2832 2127 2834 ·

489 2946 657 3000 rutam
683 2955 852 2995 suum.
869 2934 1005 3004 Quid
1027 2940 1128 2995 est,
1149 2929 1203 2983 in
1225 2924 1370 2981 sole?
1391 2922 1447 2976 lu
1468 2924 1672 2990 aperto,
1698 2915 1751 2968 in
1774 2908 2072 2972 manifesto,

491 3041 546 3093 i“
578 3037 693 3090 lucc
737 3040 982 3092 terrena;
1016 3023 1066 3078 ’δ
1092 3029 1195 3087 es"
1242 3033 1296 3072 ¹¹¹
1344 3015 1462 3069 luce
1491 3025 1608 3079 qua:
1643 3016 1812 3061 terms
1847 3001 1914 3056 de
1941 2996 2078 3053 θωιθ
2183 3040 2360 3086 tamen
2391 3039 2568 3081 uxore
2590 2996 3028 3092 intemperantius
3048 3025 3285 3072 utentem
3315 3032 3327 3068 :
3358 3021 3530 3082 potest
3559 3011 3771 3080 erigere

494 3125 784 3200 perfundit,
834 3121 905 3174 ihi
952 3113 1126 3188 posuit
1155 3106 1550 3166 tabernaculum
1593 3113 1770 3155 suum.
1801 3094 1906 3150 Sed
1948 3106 2082 3163 quo-

475 3218 654 3276 «modo
681 3215 749 3268 ibi
769 3217 992 3283 poneret
1012 3199 1409 3260 tabernaculum
1432 3207 1606 3257 suum,
1637 3191 1678 3245 si
1701 3203 1806 3243 non
1830 3193 2079 3253 tanquam

496 3323 724 3380 sponsus
738 3302 1049 3376 procederet
1064 3296 1130 3351 de
1147 3292 1380 3348 thalamo
1393 3285 1526 3343 suo?
1545 3283 1647 3338 hoc
1663 3280 1804 3336 enim
1824 3276 2079 3346 sequitur.
2130 3281 2137 3329 Ῐ

499 3401 567 3456 In
597 3399 703 3453 sole
723 3395 885 3464 posuit
916 3382 1296 3443 tabernaculum
1336 3393 1483 3434 suum
1511 3392 1529 3429 :
1551 3382 1614 3430 et
1641 3369 1790 3441 quasi
1815 3366 2085 3422 diceretur

502 3494 574 3559 ei,
598 3483 918 3558 Quomodo?
945 3480 1013 3534 Et
1040 3480 1168 3548 ipse,
1217 3472 1407 3543 inquit,
1437 3477 1676 3535 tanquam
1716 3475 1930 3532 sponsus
1969 3471 2087 3528 pro-

503 3584 684 3636 cedens
709 3580 769 3632 de
787 3574 1009 3629 thalamo
1029 3583 1154 3633 suo;
1176 3563 1440 3620 exsultavit
1462 3568 1516 3613 ut
1538 3558 1679 3629 gigas
1699 3555 1765 3608 ad
1789 3549 2089 3606 currendum

490 3675 636 3728 riam
673 3667 845 3739 (Psal.
879 3666 1028 3727 mn,
1075 3659 1153 3733 6).
1191 3654 1341 3724 Quod
1387 3660 1468 3709 est
1516 3645 1934 3706 tabernaculum,
1968 3641 2091 3710 ipsa

489 3771 590 3821 est
612 3773 831 3833 sponsa.
858 3754 1090 3810 Verbum
1113 3731 1373 3820 sponsus,
1417 3755 1545 3799 caro
1585 3751 1801 3809 sponsa,
1843 3743 1894 3788 et
1925 3731 2094 3786 thala-
2127 3741 2142 3744 “

512 3873 628 3911 mus
645 3823 839 3906 .utcrus
866 3844 1100 3917 virginis.
1124 3841 1193 3895 Et
1217 3835 1341 3909 quid
1363 3834 1490 3890 dicit
1518 3826 1836 3901 Apostolus?
1865 3823 1930 3877 Et
1950 3829 2093 3876 erunt

495 3956 612 4000 uno
640 3946 691 3998 in
717 3958 866 3997 carne
897 3955 1018 3992 una.
1053 3935 1436 3990 Sacramentum
1462 3927 1555 3980 hoc
1587 3937 1826 3993 magnum
1858 3927 1964 3980 est;
2002 3931 2094 3984 ego

425 4039 432 4044 ’
511 4048 676 4092 autem
698 4035 810 4088 dico
833 4033 884 4085 iu
915 4028 1111 4083 Christo
1132 4034 1177 4079 et
1203 4023 1254 4076 in
1283 4014 1808 4086 Ecclesia(Ephes.v,
1834 4010 1894 4063 5|
1913 4018 1961 4061 et
1979 4005 2092 4076 52).

519 4131 586 4186 Et
613 4127 737 4199 quid
789 4125 900 4195 ipsc
946 4118 1201 4175 Dominus
1231 4114 1282 4167 in
1312 4105 1636 4178 Evangelio?
1663 4102 1830 4173 Igitur
1857 4101 1969 4169 jam
1998 4113 2099 4150 non

517 4190 775 4281 stult-duo,
792 4190 878 4270 sed
893 4229 994 4265 uua
1014 4224 1130 4262 caro
1144 4201 1352 4277 (Matth.
1371 4215 1480 4262 XIX,
1497 4197 1574 4263 6).
1597 4194 1670 4246 Ex
1690 4190 1896 4244 duobus
1912 4200 2097 4250 unum,

509 4328 584 4366 ex
616 4309 790 4363 Verbo
811 4316 863 4359 et
887 4316 1048 4356 carne
1073 4310 1210 4352 unus
1235 4294 1416 4356 homo,
1448 4301 1582 4342 unus
1602 4286 1764 4339 Deus.
1787 4281 1899 4335 Hoc
1923 4288 2102 4333 autem

525 4396 922 4455 tabernaculum
946 4391 1060 4461 ejus
1085 4385 1250 4443 sensit
1266 4379 1469 4452 ﬂagella
1491 4379 1542 4431 in
1567 4385 1704 4431 terra
1727 4391 1742 4439 ',
1767 4369 2102 4427 manifestum

524 4503 606 4548 est
630 4490 751 4560 quia
779 4485 1070 4556 ﬂagellatus
1095 4488 1178 4535 est
1204 4475 1457 4531 Dominus
1477 4469 1588 4538 (Id.
1609 4483 1777 4532 xxvu,
1806 4464 1919 4534 26).
1943 4463 2107 4517 Num-
2149 4507 2151 4510 .

527 4580 653 4653 quid
684 4581 734 4634 in
766 4553 905 4632 coelo
934 4572 1097 4628 sentit
1125 4572 1140 4603 ¹
1183 4563 1420 4637 ﬂagella?
1447 4561 1791 4630 Nequaquam
1816 4558 1858 4609 ’.
1891 4553 2106 4623 Quare?

528 4672 660 4741 Quia
689 4668 1001 4744 altissimmn
1034 4660 1208 4732 posuit
1235 4655 1494 4724 refugium
1519 4664 1695 4715 suum,
1724 4655 1783 4702 ut
1806 4654 1946 4701 esset
1987 4658 2109 4714 spes

529 4775 746 4826 nostra;
775 4770 829 4814 et
862 4774 966 4812 non
1006 4755 1070 4809 ad
1099 4769 1220 4809 eum
1246 4747 1502 4806 accedent
1533 4742 1692 4807 mala,
1722 4755 1820 4796 nec
1843 4738 2109 4808 ﬂagellum

532 4852 902 4925 rmpinqnabit
928 4844 1268 4902 tabernaculo
1289 4840 1420 4911 ejus.
1445 4837 1625 4906 Longe
1637 4841 1725 4900 est
1743 4845 1904 4900 super
1924 4843 2113 4900 omnes

534 4920 846 5011 crelos,_sed
872 4939 1033 5012 pedes
1064 4937 1224 4990 habet
1252 4933 1303 4986 in
1331 4940 1472 4987 terra
1505 4946 1518 4982 :
1546 4934 1705 4996 caput
1746 4924 1796 4977 in
1827 4920 1964 4976 coelo
2007 4928 2109 4985 est,

523 5051 728 5109 corpus
773 5035 826 5090 in
875 5010 1035 5087 terra.
1073 5027 1204 5082 Cum
1243 5030 1418 5077 autem
1461 5017 1624 5088 pedes
1665 5015 1830 5085 ipsius
1877 5010 2125 5081 ﬂagella-1

531 5098 720 5189 rentur
751 5136 805 5181 et
829 5122 1159 5180 calcarentur
1177 5131 1208 5169 a
1237 5112 1418 5175 Saulo,
1441 5107 1687 5165 clamavit
1710 5111 1904 5175 caput:
1935 5098 2114 5168 Saule,

542 5223 715 5285 Saule,
749 5218 869 5288 quid
887 5231 966 5270 me
988 5207 1292 5284 persequeris
1310 5203 1441 5277 (Act.
1471 5217 1544 5266 ut,
1571 5200 1652 5270 4)?
1683 5199 1818 5253 Ecce
1836 5203 1995 5265 caput
2026 5207 2119 5247 ue-

542 5329 630 5366 uio
654 5308 1012 5383 persequitur,
1037 5316 1164 5357 ecce
1188 5304 1345 5366 caput
1373 5294 1424 5348 in
1445 5289 1583 5346 coelo
1603 5305 1616 5341 :
1637 5287 1759 5358 quia
1777 5285 2020 5341 Christus
2037 5297 2123 5336 re-

541 5417 765 5472 surgens
795 5417 824 5454 a
853 5395 1092 5458 mortuis,
1121 5392 1228 5461 iam
1259 5400 1364 5442 non
1393 5383 1637 5446 moritur,
1665 5388 1716 5435 et
1744 5392 1888 5433 mors
1909 5377 1957 5430 ei
1987 5375 2123 5430 ultra

545 5466 662 5547 nou
694 5489 1053 5546 dominabitur
1083 5483 1260 5553 (Rom.
1305 5494 1377 5541 vt,
1420 5473 1498 5547 9),
1548 5471 1670 5526 Non
1710 5469 1942 5524 accedent
1971 5466 2039 5520 ad
2081 5476 2127 5519 te

548 5581 705 5649 uiola,
734 5591 780 5634 et
807 5579 1069 5651 ﬂagellant
1089 5592 1192 5630 non
1216 5565 1639 5644 apprapiuquubit
1673 5559 1998 5618 tabernaculo
2020 5567 2127 5612 tuo.

613 5777 631 5808 ι
665 5780 877 5823 ΕιιΝθιι.
905 5777 957 5822 et
989 5753 1308 5826 Lov.,sensit.'
1355 5769 1414 5812 u.

554 5839 643 5949 tu:
667 5818 786 5944 E3.
805 5818 964 5884 deest
992 5818 1084 5881 vox
1101 5818 1117 5889 ζ
1135 5835 1467 5888 nequaquam;
1497 5821 1622 5872 hanc
1643 5818 1806 5870 ferunt
1841 5822 1916 5864 Er.
1943 5822 2044 5866 Ven
2086 5818 2138 5864 et

1662 431 1750 488 .5.
1795 417 2156 484 AUGUSTINI
2197 420 2497 479 EPlSCOPl

3599 418 3734 474 {illi

2155 539 2259 595 Sed
2285 555 2350 594 ne
2377 549 2620 609 putemus
2646 538 2768 609 quia
2794 547 3094 608 separatum
3125 544 3205 592 est
3232 543 3391 605 caput
3420 550 3449 589 a
3467 550 3696 605 corpore
3719 554 3733 584 ε

2150 634 2434 689 discretum
2460 634 2696 688 estenim
2725 633 2873 695 locis,
2899 631 2989 686 sed
3009 632 3248 700 junctum
3277 639 3358 683 est
3377 627 3564 686 aﬂ'cctu
3587 644 3603 691 ;
3625 630 3734 698 ipsa

2151 726 2371 781 allectus
2395 724 2700 792 coniunctio
2740 721 2987 778 clamavit
3022 721 3088 776 de
3125 720 3284 784 cmlo,
3328 719 3508 784 Saule,
3553 713 3735 783 Saule,

2152 820 2274 890 quid
2300 836 2377 872 me
2398 817 2744 888 persequeris?
2765 815 3056 870 Prostravit
3081 814 3221 868 enim
3253 829 3374 867 eum
3400 827 3530 866 voce
3555 812 3740 880 objur-

2149 923 2334 984 gante,
2350 920 2404 967 et
2419 911 2611 966 levavit
2636 909 2851 963 dextera
2872 908 3179 962 n‘iiserante.
3207 905 3304 971 Qui
3329 919 3521 973 corpus
3541 901 3740 957 Christi

2155 1004 2595 1075 persequebatur,
2631 999 2798 1054 lactus
2822 1007 2904 1052 est
2932 996 3230 1051 membrum
3255 995 3484 1058 Christi;
3513 1000 3574 1046 ut
3597 992 3740 1062 quod

2155 1097 2401 1162 iaciebat,
2436 1096 2547 1164 ipse
2574 1093 2644 1147 ibi
2675 1100 2960 1161 pateretur.

2229 1192 2279 1246 6.
2322 1189 2457 1258 Quid
2479 1203 2626 1258 ergo,
2657 1185 2886 1240 fratres?
2907 1184 2972 1239 de
2994 1182 3165 1253 capite
3189 1191 3372 1236 nostro
3389 1180 3512 1250 quid
3540 1179 3740 1233 dictum

2157 1285 2276 1340 est?
2307 1302 2325 1336 ι
2359 1281 2620 1350 Quoniam
2647 1287 2702 1333 tu
2731 1292 2809 1343 es,
2840 1276 3082 1339 Domine,
3111 1288 3233 1343 spes
3254 1287 3400 1336 mea;
3424 1269 3742 1326 altissimum

2161 1374 2382 1446 posuisti
2427 1371 2684 1441 refugium
2724 1379 2890 1423 tuum.
2921 1366 3035 1420 Non
3074 1364 3326 1419 accedent
3366 1362 3430 1416 ad
3474 1373 3524 1415 te
3567 1361 3743 1426 mala,

2160 1475 2215 1521 et
2267 1465 2530 1534 ﬂagellum
2570 1477 2674 1516 non
2716 1456 3156 1529 appropinquahit
3192 1454 3528 1509 tabernaculo
3570 1462 3680 1508 tuc.
3722 1472 3742 1506 ι

2162 1560 2309 1615 Dicta
2337 1568 2458 1614 sunt
2486 1555 2619 1610 haec.
2654 1573 2673 1606 ι
2710 1553 2967 1620 Quoniam
3004 1549 3224 1619 Angelis
3251 1549 3360 1602 suis
3385 1547 3652 1601 mandavit
3678 1545 3749 1600 de

2163 1662 2216 1707 te
2247 1693 2262 1718 ,
2295 1661 2350 1704 ut
2380 1647 2678 1704 custodiant
2717 1655 2767 1700 te
2800 1645 2852 1698 in
2878 1642 3124 1699 erunibus
3165 1639 3265 1694 viis
3305 1640 3426 1693 tuis.
3462 1656 3480 1690 ι
3512 1637 3750 1692 Audistis

2164 1743 2344 1810 modo,
2370 1756 2494 1797 cum
2522 1737 2862 1808 Evangelium
2887 1735 3197 1788 recitaretur
3218 1730 3236 1801 (
3261 1729 3447 1782 Matth.
3467 1745 3538 1794 tv,
3565 1727 3706 1797 ιιι-ι)
3734 1744 3748 1779 :

2114 1878 2116 1881 -
2165 1835 2440 1892 attendite.
2488 1831 2791 1902 Baptizatus
2822 1825 3075 1881 Dominus
3111 1821 3390 1892 jejunavit.
3437 1819 3610 1885 Quare
3651 1817 3750 1870 ba-

2163 1926 2433 1999 ptizatus?
2463 1923 2528 1980 Ut
2555 1937 2658 1976 non
2702 1929 3110 1988 aspernaremur
3138 1911 3410 1982 baptizari.
3450 1909 3580 1964 Nam
3623 1923 3750 1962 cum
3823 1957 3830 1962 .

2167 2023 2281 2094 ipse
2304 2020 2532 2075 Joannes
2547 2015 2748 2071 diceret
2766 2010 3008 2075 Domino,
3024 2007 3100 2060 Tu
3124 2006 3190 2059 ad
3218 2020 3293 2058 me
3310 2002 3442 2057 venis
3465 2001 3753 2071 baptizari,-

2168 2091 2257 2183 ego
2283 2127 2314 2164 a
2345 2119 2391 2163 te
2431 2107 2583 2180 debeo
2610 2102 2893 2172 baptizari;
2915 2109 2968 2153 et
2995 2095 3276 2158 Dominus,
3305 2094 3429 2148 Siue
3466 2092 3614 2146 modo
3639 2107 3655 2154 ;
3679 2091 3754 2144 sic

2179 2182 2313 2258 enim
2325 2201 2460 2254 decet
2477 2213 2566 2252 nos
2579 2196 2784 2266 implere
2799 2207 2992 2246 onmem
3001 2189 3250 2260 justitiam
3268 2184 3376 2258 (Id.
3398 2197 3474 2252 ttt,
3491 2184 3555 2238 Η
3568 2195 3612 2237 et
3631 2182 3720 2254 15)
3737 2199 3753 2237 :

2171 2292 2337 2348 voluit
2376 2288 2596 2359 implere
2626 2284 2998 2346 humilitatem,
3035 2289 3090 2333 ut
3119 2278 3426 2332 ablueretur
3449 2275 3540 2345 qui
3564 2273 3758 2329 sordes

2173 2401 2278 2442 non
2306 2383 2552 2439 habebat.
2599 2376 2796 2449 thuid
2826 2374 2969 2430 hoc?
3012 2373 3235 2441 Propter
3263 2369 3565 2440 superbiam
3614 2369 3760 2420 lutu-

2173 2491 2378 2533 rorum.
2407 2471 2599 2528 Existit
2641 2470 2783 2525 enim
2814 2465 3097 2535 aliquando
3124 2462 3312 2532 aliquis
3340 2458 3761 2514 catechumenos

2175 2568 2265 2639 qui
2296 2566 2430 2620 forte
2455 2561 2695 2618 doctrina
2745 2567 2799 2614 et
2825 2556 3061 2611 moribus
3103 2553 3268 2608 vincit
3309 2552 3504 2605 multos
3532 2549 3759 2614 ﬁdeles;

2176 2659 2400 2716 attendit
2443 2657 2553 2729 jam
2581 2653 2874 2723 baptizatos
2914 2649 3111 2703 multos
3155 2645 3446 2714 imperitos,
3476 2651 3530 2698 et
3566 2642 3764 2696 multos

2178 2768 2286 2808 non
2315 2751 2394 2806 sic
2422 2750 2661 2804 viventes
2709 2740 2976 2814 quomodo
3020 2740 3132 2809 ipse
3177 2737 3340 2803 vivit,
3392 2735 3574 2789 nonin
3617 2743 3765 2788 tanta

2180 2843 2527 2908 continentia,
2545 2855 2649 2894 non
2669 2839 2721 2892 in
2747 2846 2888 2892 tanta
2901 2835 3144 2889 castitate
3162 2850 3176 2900 ;
3192 2833 3298 2902 jam
3323 2831 3408 2885 ille
3423 2845 3518 2883 nec
3541 2842 3766 2881 uxorem

2181 2939 2390 3010 qumril,
2406 2943 2459 2989 et
2483 2932 2625 2987 videt
2641 2928 2924 3000 aliquando
2947 2926 3178 2991 ﬁdelem,
3195 2925 3361 2979 sinon
3384 2920 3761 2984 fornicantem,

2185 3120 2446 3176 cervicem
2478 3115 2758 3184 superbiae,
2775 3121 2827 3167 et
2847 3111 3045 3174 dicere,
3068 3105 3205 3176 Quid
3235 3105 3365 3160 mihi
3398 3104 3500 3163 iam
3524 3116 3658 3170 opus
3685 3109 3773 3154 est

2187 3209 2464 3279 baptizari,
2495 3214 2552 3260 ut
2573 3207 2674 3259 hoc
2702 3204 2957 3273 accipiam
2985 3199 3124 3270 quod
3155 3199 3253 3252 iste
3277 3195 3456 3259 habit,
3480 3209 3636 3264 quem
3656 3192 3772 3261 jam

2189 3312 2243 3356 et
2283 3301 2387 3355 vita
2427 3307 2482 3352 et
2518 3297 2759 3352 doctrina
2791 3292 3078 3365 praecedo?
3116 3290 3250 3344 lluic
3295 3287 3547 3343 Doninus
3571 3327 3586 3350 ,
3631 3285 3774 3354 Quid

2188 3392 2510 3466 praecessisti
2529 3393 2552 3445 ?
2569 3399 2820 3461 quantum
2841 3384 3155 3457 przecessisti
3176 3386 3198 3437 ?
3225 3390 3494 3438 tantume
3515 3389 3777 3449 quantum

2192 3503 2291 3558 ego
2322 3487 2411 3540 te?
2457 3483 2577 3538 Non
2621 3493 2692 3536 est
2721 3496 2891 3536 servus
2920 3493 3071 3548 super
3109 3476 3366 3531 dominum
3405 3487 3586 3538 suum,
3615 3487 3780 3539 neque

2195 3578 2472 3647 discipulus
2501 3591 2651 3644 super
2680 3573 2973 3642 magistrum
3021 3584 3169 3621 suum
3211 3581 3229 3619 :
3258 3565 3438 3635 sufﬁcit
3463 3579 3603 3618 servo
3633 3571 3687 3614 ut
3711 3562 3780 3615 sit

2182 3675 2322 3729 sicut
2353 3671 2584 3725 dominus
2604 3668 2732 3735 ejus,
2751 3673 2796 3718 et
2813 3662 3060 3731 discipulo
3087 3668 3138 3714 ut
3161 3662 3224 3714 sit
3246 3660 3376 3712 sicut
3407 3655 3644 3726 magister
3667 3654 3782 3723 ejus

2201 3766 2310 3838 (Id.
2346 3781 2398 3829 κ,
2421 3762 2488 3817 24
2508 3771 2552 3815 et
2577 3759 2696 3829 25).
2723 3757 2842 3812 Noli
2886 3753 3065 3810 extolli
3090 3795 3106 3817 ,
3138 3760 3195 3805 ut
3231 3763 3335 3805 non
3361 3761 3569 3818 qua-ras
3596 3745 3783 3814 Bapti-

2201 3872 2394 3912 smum.
2423 3851 2752 3922 Baptismum
2791 3859 2999 3917 quaeres
3039 3842 3281 3904 Domini,
3309 3855 3407 3909 ego
3451 3837 3590 3892 servi
3633 3850 3786 3904 quze-
3859 3835 3864 3838 '

2202 3947 2342 4005 sivi.’
2351 3945 2655 4015 Baptizatus
2681 3947 2761 3995 est
2785 3952 2910 4008 ergo
2931 3935 3208 3998 Dominus,
3232 3940 3284 3986 et
3313 3937 3432 4000 post
3461 3927 3784 3997 baptismum

2201 4050 2436 4096 tentatus
2480 4044 2597 4102 est,
2620 4030 2880 4104 jejunavit
2903 4027 3247 4098 quadraginta
3275 4021 3462 4077 diebus
3491 4021 3541 4074 in
3582 4027 3786 4089 myste-

2206 4134 2285 4187 rio
2301 4173 2315 4198 ,
2347 4129 2486 4200 quod
2509 4141 2651 4195 smpe
2674 4123 2824 4178 vobis
2846 4116 3281 4174 commemoravi.
3325 4112 3440 4166 Non
3478 4111 3656 4166 omnia
3680 4123 3790 4163 uno

2209 4232 2447 4290 tempore
2492 4216 2595 4271 dici
2629 4222 2848 4284 possunt
2873 4251 2887 4274 ,
2917 4224 2986 4263 ne
3028 4212 3287 4274 occupent
3329 4199 3626 4257 necessaria
3655 4208 3793 4252 tem-

2211 4328 2356 4383 pora.
2389 4311 2514 4365 Post
2537 4305 2886 4378 quadraginta
2914 4301 3028 4355 dies
3057 4296 3294 4353 esurivit.
3329 4295 3544 4348 Poterat
3576 4299 3628 4345 et
3657 4307 3794 4345 nun-

2210 4420 2368 4476 quam
2411 4401 2615 4456 esurire
2644 4416 2656 4452 :
2701 4397 2794 4452 sed
2825 4391 3089 4466 quomodo
3117 4386 3456 4444 tentaretur?
3495 4385 3599 4439 Aut
3625 4383 3669 4436 si
3702 4382 3793 4436 ille

2212 4514 2318 4554 non
2350 4497 2586 4551 vinceret
2613 4498 2930 4547 tentatorem
2955 4529 2971 4552 ,
3003 4481 3268 4555 quomodo
3309 4479 3545 4535 disceres
3592 4484 3645 4529 tu
3671 4489 3794 4529 cum

2214 4599 2476 4646 tentatore
2501 4583 2772 4657 pugnare?
2787 4577 3019 4634 Esurivit
3043 4595 3056 4631 :
3075 4584 3128 4629 et
3151 4573 3259 4642 jam
3285 4577 3535 4632 tentalor,
3557 4565 3650 4619 Dic
3667 4565 3795 4635 lapi-

2199 4682 2362 4736 'dibus
2387 4680 2496 4735 istis
2512 4688 2565 4731 ut
2591 4691 2743 4746 partes
2773 4674 2918 4741 ﬁant,
2938 4672 2981 4723 si
2997 4667 3160 4722 Filius
3187 4664 3276 4717 Dei
3293 4679 3359 4716 es.
3382 4659 3518 4729 Quid
3548 4672 3798 4728 magnum

2219 4785 2332 4831 erat
2360 4771 2583 4827 Domino
2612 4767 2738 4822 Jesu
2758 4763 2972 4819 Christo
2996 4760 3061 4814 de
3082 4757 3342 4825 lapidibus
3370 4765 3558 4822 panem
3588 4748 3799 4814 facere,

2219 4867 2308 4937 qui
2334 4864 2401 4918 de
2428 4861 2659 4931 quinque
2689 4854 2912 4925 panibus
2943 4860 3018 4905 tot
3044 4846 3208 4902 millia
3245 4843 3496 4900 saturavit
3525 4840 3542 4910 (
3572 4839 3665 4894 Id.
3689 4855 3801 4910 xw,

2222 4932 2385 5014 l7-Zl
2412 4953 2467 5028 )?
2494 4953 2566 5007 De
2594 4948 2759 5003 nihilo
2785 4947 2906 5000 fecit
2925 4956 3136 5013 panem.
3160 4939 3326 4993 Tanta
3350 4935 3493 4990 enim
3518 4932 3803 4988 multitudo

2223 5063 2360 5104 esca:
2391 5088 2406 5114 ,
2453 5059 2570 5114 qua:
2614 5045 2877 5094 saturat-et
2930 5043 3006 5088 tot
3051 5032 3215 5085 millia
3244 5071 3258 5095 ,
3311 5027 3450 5080 unde
3498 5021 3802 5095 processit?

2227 5141 2424 5195 Fontes
2461 5134 2614 5205 panis
2637 5133 2653 5163 ί
2680 5139 2832 5186 erant
2855 5128 2907 5182 in
2938 5123 3180 5179 manibus
3204 5119 3433 5175 Domini.
3461 5116 3577 5171 Non
3603 5123 3686 5169 est
3709 5114 3805 5167 mi.

2228 5245 2344 5287 rum
2375 5248 2388 5284 :
2425 5243 2545 5282 nam
2573 5225 2688 5293 ipse
2713 5220 2838 5275 fecit
2864 5219 2931 5272 de
2953 5217 3187 5286 quinque
3219 5210 3442 5282 panibus
3461 5207 3686 5262 multum
3716 5218 3806 5272 pa-

2233 5323 2312 5377 nis
2339 5318 2480 5375 unde
2500 5321 2762 5371 saturaret
2789 5320 2865 5364 tot
2888 5308 3051 5372 milia,
3075 5305 3164 5375 qui
3187 5302 3310 5356 facit
3337 5297 3572 5372 quotidie
3591 5297 3642 5350 in
3669 5303 3818 5349 terra

2233 5415 2300 5468 de
2328 5411 2507 5482 paucis
2531 5407 2708 5476 granis
2736 5418 2935 5457 messes
2963 5401 3224 5470 ingentes.
3253 5396 3365 5464 Ipsa
3387 5393 3528 5446 enim
3559 5397 3686 5443 sunt
3720 5387 3822 5439 mi-

2234 5505 2414 5562 racula
2445 5499 2651 5556 Domini
2677 5516 2691 5563 ;
2723 5495 2818 5552 sed
2848 5493 3156 5548 assiduitate
3184 5489 3465 5542 viluerunt.
3502 5479 3640 5549 Quid
3668 5494 3821 5549 ergo,

2303 5685 2318 5717 ι
2354 5680 2496 5743 ma,
2509 5681 2654 5743 fontes
2673 5687 2818 5739 partes
2836 5675 3001 5743 erant:
3032 5677 3082 5743 et
3109 5664 3248 5743 paulo
3267 5659 3479 5743 posttue
3741 5666 3829 5714 pa-

2808 5743 2862 5783 ΑΙ.
2886 5739 3080 5798 negaui.
3110 5724 3297 5798 lictnig:
3331 5724 3502 5798 proba:
3520 5728 3656 5798 nium).
3683 5725 3827 5798 Mss?

2244 5774 3450 5872 i532;'i’EriiZ°ehiiii°?elipeum;cui}:anuus.
3477 5783 3684 5843 habent,
3710 5774 3830 5826 mul-

2246 5878 2345 5921 tum
2359 5878 2513 5934 poma.
