4024 6210
210 484 214 486 _
291 425 442 482 1165

292 537 527 601 fratres,
557 533 890 606 impossibile
927 541 1041 589 erat
1067 531 1290 586 Domino
1321 529 1386 586 de
1432 529 1692 600 lapidibus
1719 543 1882 600 panes

301 631 476 688 facere
490 629 515 684 ?
528 628 785 684 Homines
806 627 927 682 iecit
946 626 1012 681 de
1027 625 1310 694 lapidibus,
1328 623 1536 679 dicente
1561 622 1886 692 ipsoloanne

301 722 536 792 Baptista
567 737 584 774 :
614 716 806 774 Potens
836 727 907 772 est
950 715 1086 772 Deus
1131 715 1194 770 de
1222 715 1474 785 lapidibus
1509 714 1617 767 istis
1645 714 1888 768 suscitare

303 815 436 882 ﬁlios
463 801 915 880 Abrahwﬂlattlt.
935 824 1012 872 In,
1028 807 1106 877 9).
1137 807 1311 873 Quare
1336 821 1463 874 ergo
1490 821 1593 858 non
1623 804 1788 859 fecit?
1816 803 1888 860 Ut

303 902 597 958 tedoceret
621 899 951 970 respondere
972 898 1253 962 tentatori,
1279 905 1334 951 ut
1373 898 1415 951 si
1444 899 1576 951 torte
1620 898 1670 950 in
1708 895 1884 965 aliqua

301 992 543 1066 anguStia
567 992 774 1062 positus
805 991 991 1058 lueris,
1013 1000 1068 1047 et
1091 977 1410 1060 suggesserat
1437 989 1529 1043 tibi
1557 996 1803 1054 tentatur,
1828 988 1888 1043 Si

299 1085 624 1143 christianos
633 1098 784 1139 esses
795 1082 926 1138 etad
938 1082 1206 1138 Christum
1219 1082 1532 1152 pertineres,
1549 1081 1822 1136 desereret
1835 1089 1887 1135 te

296 1175 464 1233 modo
483 1176 508 1231 ?
534 1190 643 1231 non
661 1174 753 1230 tibi
769 1173 1002 1229 misisset
1026 1173 1275 1227 auxilium
1293 1172 1317 1226 ?
1335 1172 1401 1228 Et
1426 1170 1564 1226 forte
1577 1171 1751 1226 adhuc
1769 1186 1884 1226 me-

297 1266 451 1322 dicus
467 1272 708 1330 secat,et
721 1264 839 1319 ideo
860 1261 1060 1318 deserit
1086 1280 1099 1316 :
1123 1261 1215 1316 sed
1239 1276 1342 1316 non
1370 1261 1584 1317 deserit.
1608 1259 1887 1328 Quomodo

298 1355 523 1412 Paulum
571 1355 744 1424 ipsum
787 1352 909 1410 ideo
947 1367 1054 1409 non
1095 1351 1364 1410 exaudivit
1388 1392 1403 1417 ,
1444 1351 1565 1420 quia
1595 1349 1884 1405 exaudivit.

294 1445 428 1503 Nam
447 1446 580 1507 dicit
592 1444 784 1500 Paulus
801 1459 904 1498 non
920 1458 981 1498 se
993 1457 1113 1504 esse
1133 1443 1435 1496 exauditam
1451 1441 1518 1495 de
1537 1441 1752 1495 stimulo
1767 1453 1888 1494 car-

297 1539 380 1592 nis
406 1553 523 1594 suae
551 1537 744 1606 angelo
771 1544 970 1590 satana:
995 1576 1009 1599 ,
1065 1550 1093 1588 τι
1136 1548 1241 1602 quo
1268 1532 1590 1602 colaphizari
1619 1547 1678 1586 se
1706 1531 1837 1586 dixit
1869 1549 1882 1585 :

299 1629 520 1699 Propter
547 1627 685 1698 quod
733 1625 1003 1681 Dominum
1041 1634 1113 1680 ter
1141 1623 1312 1694 rogavi
1357 1631 1410 1677 ut
1455 1626 1676 1694 auferret
1713 1638 1828 1677 eum
1856 1637 1888 1674 a

297 1737 409 1786 me,
436 1731 487 1776 et
517 1721 649 1774 dixit
678 1719 802 1772 mihi
819 1760 835 1783 ,
862 1717 1058 1787 Suﬁicit
1080 1716 1167 1770 tibi
1205 1717 1366 1786 gratia
1413 1732 1558 1778 mea;
1587 1732 1704 1770 nam
1731 1716 1888 1770 virtus

299 1813 352 1865 in
399 1811 700 1879 inﬁrmitate
741 1809 998 1879 per/icitur
1021 1805 1042 1880 (
1065 1806 1104 1862 ll
1128 1806 1245 1860 Cor.
1278 1822 1350 1862 xu
1376 1847 1388 1868 ,
1426 1807 1518 1860 7-9
1614 1805 1885 1875 Tanquam

300 1902 512 1956 medico
541 1900 829 1963 diceretur,
858 1899 1028 1967 posito
1051 1895 1188 1954 forte
1215 1897 1540 1967 epithemate
1569 1915 1581 1949 :
1609 1895 1886 1952 Molestum

300 2003 381 2048 est
409 1990 544 2046 mihi
575 1990 675 2045 hoc
701 1989 1077 2058 emplastrum;
1104 2002 1234 2058 rogo
1261 1997 1331 2053 te,
1362 1987 1485 2042 tolle
1507 1987 1654 2042 illud.
1680 1987 1744 2041 Et
1771 2002 1886 2042 me-

300 2085 451 2138 dicus
485 2101 498 2136 :
527 2081 669 2150 Non,
700 2095 836 2150 opus
863 2088 943 2136 est
971 2079 1062 2138 diu
1092 2079 1162 2134 ibi
1187 2080 1289 2144 sit;
1317 2092 1421 2132 non
1451 2078 1594 2134 enim
1623 2078 1775 2132 aliter
1799 2093 1887 2132 sa-

301 2179 416 2231 nari
447 2173 672 2245 poteris.
702 2173 981 2243 Egrotum
1011 2187 1117 2226 non
1147 2170 1414 2226 exaudivit
1445 2170 1681 2225 medicus
1708 2170 1773 2224 ad
1795 2186 1888 2225 vo-

302 2266 564 2321 luntatem
585 2307 600 2331 ,
645 2265 765 2334 quia
795 2262 1066 2318 exaudivit
1093 2261 1157 2315 ad
1184 2261 1428 2316 salutem.
1460 2259 1685 2330 Ideoque
1727 2259 1888 2316 fortes

301 2365 472 2410 estote
498 2396 515 2420 ,
548 2355 770 2417 fratres;
801 2361 854 2406 et
895 2352 1106 2422 quando
1144 2351 1318 2422 aliqua
1361 2350 1535 2419 in0pia
1569 2350 1838 2406 tentamini
1870 2393 1883 2414 ,

303 2444 415 2499 Deo
443 2443 746 2514 ﬂagellante
785 2451 841 2522 et
884 2441 1157 2497 erudiente
1183 2455 1276 2496 vos
1298 2483 1314 2506 ,
1364 2440 1554 2511 quibus
1583 2449 1635 2494 et
1665 2449 1812 2509 parat
1834 2449 1889 2500 et

302 2547 488 2590 servat
515 2543 770 2590 a-ternam
796 2532 1180 2607 hmt’editatem,
1209 2548 1314 2588 non
1339 2532 1487 2587 vobis
1514 2541 1761 2603 suggerat
1778 2532 1889 2586 dia-

283 2627 458 2681 ~holus
487 2645 501 2680 :
533 2627 592 2681 Si
617 2625 792 2694 justus
817 2640 982 2688 esses,
1006 2639 1181 2678 nonne
1200 2624 1288 2679 tibi
1312 2639 1406 2692 per
1421 2638 1637 2679 corvum
1657 2625 1889 2678 mitteret

304 2732 535 2788 panem,
564 2716 829 2788 quomodo
869 2715 1012 2772 misit
1051 2715 1182 2780 Elim
1216 2713 1325 2785 (lli
1358 2713 1486 2783 Reg.
1519 2714 1605 2776 l7,
1646 2713 1759 2783 6)?
1802 2713 1888 2772 ubi

301 2820 385 2867 est
409 2809 555 2880 quod
582 2807 791 2879 legisti,
823 2807 1095 2878 Nunquam
1125 2807 1227 2860 vidi
1241 2807 1439 2878 justum
1465 2804 1780 2870 derelictum,
1802 2821 1889 2859 nec

301 2919 470 2958 semen
491 2902 604 2971 ejus
627 2916 853 2970 quam“
879 2915 1059 2968 panem
1081 2899 1098 2968 (
1125 2896 1270 2951 Psal.
1291 2913 1472 2963 mm,
1508 2896 1578 2949 ‘23
1595 2895 1653 2967 )?
1678 2895 1755 2950 Tu
1808 2910 1891 2950 rc-

302 2995 509 3063 sponde
534 2993 782 3052 diabolo:
806 2991 997 3047 Verum
1019 2989 1144 3045 dicit
1171 2990 1438 3058 Scriptura
1455 3029 1471 3054 ,
1497 2987 1768 3056 Nunquam
1791 2987 1891 3044 vidi

303 3088 497 3160 justum
539 3085 832 3143 derelictum
859 3125 874 3150 ,
917 3100 1007 3140 nec
1041 3099 1205 3137 semen
1248 3082 1355 3152 ejus
1397 3098 1624 3152 quwrcns
1669 3098 1888 3150 panem;

307 3177 479 3232 hach
508 3177 650 3232 enim
683 3190 870 3244 panem
899 3187 1073 3232 meum
1104 3187 1260 3242 quem
1290 3183 1340 3226 tu
1382 3189 1484 3227 non
1528 3173 1685 3228 nosti.
1721 3172 1888 3238 Quem

309 3285 498 3338 [niuem
521 3268 546 3318 ἲ
566 3266 703 3322 Audi
725 3265 1003 3320 Dominum
1029 3281 1042 3316 :
1074 3262 1194 3316 Non
1218 3264 1271 3315 in
1296 3263 1404 3317 solo
1431 3279 1561 3333 pane
1583 3264 1700 3316 vivit
1719 3265 1887 3330 homo,

305 3363 393 3415 sed
423 3361 474 3413 in
506 3358 643 3412 omni
667 3357 810 3410 verbo
839 3355 950 3410 Dei.
981 3354 1211 3409 Putasne
1239 3353 1459 3409 verbum
1493 3355 1583 3407 Dci
1615 3370 1801 3422 panem
1826 3355 1840 3385 ¹
1868 3357 1890 3408 ?

305 3455 358 3510 Si
412 3469 518 3508 non
559 3458 704 3506 esset
754 3449 901 3518 panis
923 3447 1152 3502 Verbum
1185 3446 1275 3502 Dei
1303 3461 1398 3515 per
1420 3447 1558 3516 quod
1604 3447 1738 3503 facta
1767 3457 1893 3503 sunt

305 3545 508 3605 omnia,
533 3557 637 3594 non
666 3539 865 3594 diceret
896 3555 908 3590 :
941 3537 1052 3608 Ego
1079 3553 1188 3590 sum
1219 3536 1365 3605 panis
1390 3538 1550 3599 vivus,
1580 3539 1666 3607 qui
1683 3538 1745 3592 de
1767 3539 1891 3593 caelo

303 3634 542 3689 descendi
586 3632 778 3703 (Joaa.
810 3646 859 3684 vi
882 3671 899 3694 ,
927 3631 987 3686 41
1017 3627 1058 3700 ).
1091 3628 1328 3684 Didicisti
1358 3643 1486 3699 ergo
1512 3629 1636 3698 quid
1667 3645 1889 3700 respon.

304 3728 434 3782 deas
463 3724 710 3780 tentatori
738 3725 788 3777 in
818 3721 1056 3792 angustia
1088 3721 1261 3776 famis.

377 3819 430 3872 7.
472 3815 632 3883 Quid,
663 3815 706 3868 si
736 3824 788 3869 te
816 3814 893 3870 sic
920 3821 1086 3870 tenlat
1105 3855 1120 3880 ,
1163 3821 1219 3868 ut
1243 3812 1382 3870 dicat
1405 3813 1496 3870 tibi
1528 3831 1541 3865 :
1568 3813 1621 3868 Si
1643 3813 1892 3870 christia-

308 3923 409 3963 nus
433 3922 606 3970 esses,
637 3905 839 3962 faceres
869 3904 1117 3962 miracula
1143 3945 1158 3971 ,
1187 3903 1456 3974 quomodo
1486 3904 1722 3959 fecerunt
1743 3907 1892 3960 multi

307 3997 584 4054 christiani
608 3997 631 4051 ?
656 3997 733 4052 Tu
756 3997 865 4067 jam
895 3995 1234 4066 suggestione
1258 3993 1397 4048 mala
1425 3993 1699 4062 deceptus,
1725 4003 1894 4050 tenta-

308 4106 396 4146 res
423 4089 704 4144 Dominum
731 4087 896 4142 Deum
946 4096 1090 4144 tuum
1113 4126 1127 4149 ,
1176 4093 1235 4139 ut
1280 4084 1486 4139 diceres
1533 4083 1758 4138 Domino
1787 4085 1894 4141 Deo

307 4191 493 4236 nostro
521 4198 534 4231 :
562 4179 619 4234 Si
647 4177 966 4234 christianos
990 4191 1105 4230 sum
1127 4216 1140 4241 ,
1169 4183 1218 4230 et
1241 4189 1359 4230 sum
1391 4183 1512 4230 ante
1541 4175 1722 4229 oculos
1752 4183 1890 4241 tuos,

309 4283 360 4327 et
391 4272 443 4326 in
473 4270 656 4340 aliquo
684 4282 906 4323 numero
935 4275 1144 4322 tuorum
1175 4280 1262 4320 me
1290 4271 1600 4332 computus,
1633 4264 1817 4318 faciam
1841 4272 1896 4320 et

307 4379 409 4434 ego
434 4360 656 4432 aliquid,
684 4360 859 4431 qualia
879 4359 1042 4414 multa
1073 4357 1312 4413 fecerunt
1336 4356 1504 4412 sancti
1532 4355 1893 4412 tui?Tentasti

315 4456 478 4509 Deum
500 4494 516 4519 ,
556 4451 710 4522 quasi
757 4465 861 4506 non
887 4450 964 4508 sis
1007 4448 1326 4505 chriStianus
1354 4449 1398 4503 si
1433 4447 1534 4502 hoc
1577 4462 1685 4502 non
1709 4447 1894 4503 facias.

312 4547 458 4602 Multi
507 4545 634 4600 talia
679 4542 1044 4598 desiderantes
1083 4539 1405 4598 ceciderunt.
1438 4539 1568 4594 Nam
1593 4539 1774 4595 Simon
1807 4538 1896 4594 ille

313 4651 502 4706 ntagus
547 4635 673 4690 talia
719 4631 1039 4687 desideravit
1066 4630 1134 4686 ab
1172 4629 1473 4700 Apostolis,
1501 4630 1592 4698 qui
1640 4629 1894 4699 Spiritum

313 4737 554 4782 sanatur:
590 4723 811 4793 pecunia
834 4723 996 4778 voluit
1021 4736 1332 4792 comparare
1363 4721 1509 4792 (Act.
1529 4735 1642 4786 vm,
1667 4720 1754 4784 18,
1781 4719 1891 4790 l9).

314 4816 526 4870 Amavit
553 4813 843 4884 potentiam
873 4811 1270 4878 miraculorum,
1292 4819 1470 4865 etnon
1497 4809 1695 4864 amavit
1719 4810 1896 4864 imita-

319 4909 514 4962 tionem
535 4904 872 4959 bumilitatis.
890 4902 1014 4958 Ideo
1028 4901 1239 4973 quidam
1261 4900 1570 4970 discipulus,
1585 4900 1666 4955 vel
1683 4900 1896 4969 quidam

317 5002 383 5054 de
405 4999 558 5054 turba
588 5011 712 5051 cum
737 4995 898 5048 vellet
927 4993 1078 5064 sequi
1110 4992 1408 5055 Dominum,
1433 4990 1712 5052 attendens
1739 4991 1899 5046 mira-

316 5093 431 5148 cula
462 5108 584 5162 qum
608 5088 838 5144 faciebat
857 5104 871 5151 ;
892 5087 1024 5141 vidit
1045 5085 1187 5140 illum
1208 5083 1465 5138 Dominus
1484 5083 1770 5152 superbum
1793 5097 1896 5137 non

317 5199 559 5253 qua-rere
584 5183 724 5236 viam
755 5179 1066 5233 humilitatis
1085 5218 1101 5243 ,
1144 5175 1236 5230 sed
1281 5175 1499 5246 typhum
1527 5176 1776 5245 potentiae
1800 5215 1815 5240 ,
1846 5183 1901 5229 et

319 5278 397 5330 ait
426 5293 439 5329 :
484 5274 671 5345 vulpes
701 5272 871 5345 foveas
898 5271 1108 5336 habent,
1140 5277 1185 5323 et
1209 5268 1432 5323 uolucres
1457 5268 1568 5324 coeli
1595 5269 1773 5333 nidos;
1805 5267 1900 5322 Fi-

319 5367 417 5419 lius
438 5343 604 5418 autem
635 5343 854 5417 hominis
876 5379 978 5416 non
1002 5361 1146 5414 habet
1173 5360 1255 5413 ubi
1283 5369 1432 5429 caput
1453 5359 1656 5412 reclinet
1687 5357 1896 5428 (Matth.

318 5469 410 5509 vm
429 5496 444 5521 ,
475 5455 604 5525 20).
630 5453 832 5523 Vulpes
856 5453 908 5506 in
958 5460 1010 5506 te
1053 5448 1232 5505 foveas
1256 5448 1484 5514 habent;
1514 5448 1757 5504 volucres
1781 5449 1900 5506 (mli

320 5546 472 5602 nidos
499 5547 551 5600 in
599 5554 648 5600 te
671 5545 887 5599 habent.
931 5541 1130 5613 Vulpes
1159 5539 1311 5596 dolus
1339 5549 1454 5604 est;
1499 5539 1743 5594 volucres
1779 5538 1901 5594 caa’i

321 5639 569 5708 superbia
595 5644 677 5692 est
709 5651 722 5690 :
747 5635 885 5690 sicut
909 5635 1049 5689 enim
1072 5633 1313 5687 vitlucres
1342 5633 1446 5686 alta
1475 5639 1677 5702 petunt,
1707 5631 1782 5684 sic
1809 5645 1902 5684 ευ-

322 5729 468 5798 perbi
491 5747 505 5792 ;
531 5737 585 5780 ut
606 5737 658 5782 et
676 5728 858 5797 vulpes
878 5738 1132 5780 Cavernas
1154 5723 1348 5776 habent
1364 5721 1597 5788 dolosas,
1620 5721 1688 5776 ita
1716 5735 1902 5775 omnes

387 5840 404 5870 ⁸
535 5845 638 5887 Mss.
665 5845 720 5888 at
743 5835 875 5898 add,
903 5841 1102 5886 Putasne
1119 5831 1312 5884 verbum
1339 5831 1423 5883 Dei
1446 5845 1536 5882 non
1559 5830 1618 5884 sit
1634 5831 1772 5896 panis
1797 5830 1819 5867 ν

1409 415 1804 474 ENARRATIO
1844 411 1908 469 IN
1949 411 2270 472 PSALMUM
2311 416 2422 473 XC.

3441 430 3579 485 1166

1996 526 2352 585 insidiatores.
2378 530 2515 599 Quid
2543 547 2672 603 ergo
2691 535 2964 605 respondit
2996 537 3294 608 Dominus?
3316 540 3495 597 Potest
3524 545 3579 599 in

1993 627 2044 675 te
2074 619 2312 677 habitare
2337 623 2583 693 superbia
2615 635 2669 679 et
2693 626 2879 693 dolus;
2909 628 3149 686 Christus
3177 647 3282 686 non
3308 633 3466 690 habet
3489 637 3578 690 ubi

1993 709 2120 765 inte
2147 711 2366 779 habitet,
2393 713 2481 768 ubi
2508 715 2726 770 reclinet
2752 728 2907 787 caput
2933 735 3106 773 suum.
3138 721 3270 790 Quia
3299 727 3577 781 reclinatio

1992 803 2180 872 capitis
2208 845 2223 868 ,
2255 804 2525 861 humilitas
2549 807 2745 862 Christi
2780 818 2881 865 est.
2931 811 3038 866 Nisi
3068 814 3348 870 reclinaret
3373 829 3532 888 caput
3555 860 3574 881 ,

1992 912 2094 950 non
2119 897 2506 967 justiticareris.
2531 899 2678 954 Talia
2725 901 3086 960 desiderantes
3125 915 3178 961 et
3203 908 3486 980 discipuli,
3519 923 3583 966 et.

1990 988 2230 1043 volentes
2252 989 2362 1058 jam
2387 999 2637 1060 appetere
2661 993 2675 1023 ⁸
2699 993 2881 1048 sedem
2908 998 3054 1066 regni
3075 1039 3089 1064 ,
3120 1009 3403 1070 antequam
3433 1005 3570 1058 viam

1995 1079 2302 1134 humilitatis
2329 1091 2604 1150 caperent,
2631 1084 2842 1152 quando
2870 1085 2941 1140 illi
2966 1099 3266 1157 suggestum
3292 1102 3372 1146 est
3397 1109 3427 1147 a
3455 1111 3571 1150 ma-

1996 1177 2073 1222 tre
2106 1168 2486 1239 discipulorum
2506 1211 2520 1235 ,
2551 1171 2648 1226 Dic
2675 1181 2731 1227 ut
2765 1190 2895 1228 unus
2923 1176 3090 1229 sedeat
3114 1178 3182 1231 ad
3205 1180 3459 1237 dexteram
3481 1227 3495 1250 ,
3525 1195 3572 1240 et

1992 1259 2124 1312 alius
2161 1259 2228 1312 ad
2269 1260 2521 1314 sinistram
2565 1273 2744 1326 tuam;
2773 1266 3063 1334 potentiam
3097 1271 3442 1336 qua'rebaut:
3477 1277 3569 1331 scd

1992 1367 2089 1422 per
2139 1354 2438 1422 passionem
2483 1357 2504 1386 ³
2556 1355 2866 1411 humilitatis
2915 1361 3124 1414 venitur
3169 1362 3234 1416 ad
3281 1368 3570 1433 potentiam

1991 1445 2159 1513 regni.
2189 1446 2277 1500 Ait
2305 1446 2562 1502 Dominus
2590 1465 2602 1501 :
2642 1447 2856 1503 Potestis
2885 1449 3047 1504 bibere
3072 1451 3277 1508 calicem
3303 1473 3447 1525 quem
3480 1475 3576 1529 ego

1992 1537 2233 1592 bibiturus
2251 1555 2363 1592 sum
2391 1538 2600 1608 (Matth.
2622 1556 2711 1606 xx,
2733 1540 2822 1606 21,
2839 1539 2929 1611 εἰ)
2947 1541 2969 1595 ?
2985 1541 3119 1610 Quid
3137 1546 3378 1615 cogitatis
3397 1548 3574 1603 altitu-

1991 1629 2168 1685 dinem
2214 1631 2357 1699 regni
2387 1670 2404 1694 ,
2435 1639 2489 1686 et
2517 1647 2619 1686 non
2648 1632 2923 1686 imitamini
2968 1633 3316 1692 humilitatem
3345 1654 3517 1694 meam
3547 1641 3572 1696 ?

1992 1721 2132 1789 Ergo
2156 1719 2279 1789 quid
2297 1757 2318 1786 ,
2348 1721 2393 1775 si
2419 1721 2496 1776 sic
2523 1731 2572 1776 te
2599 1729 2796 1788 tentet,
2829 1722 2937 1777 Fac
2961 1725 3255 1780 miracula?
3283 1743 3349 1783 ne
3376 1737 3428 1784 tu
3455 1739 3572 1784 ten-

1993 1819 2072 1864 tes
2113 1810 2274 1865 Deum
2301 1850 2316 1875 ,
2343 1811 2467 1878 quid
2513 1811 2678 1866 debes
2719 1813 3077 1880 respondere?
3102 1814 3251 1881 Quod
3298 1820 3576 1888 respondit

1995 1901 2268 1955 Dominus.
2310 1902 2395 1956 Ait
2441 1901 2515 1956 illi
2564 1901 2822 1957 diabolus.
2875 1905 3021 1957 Mitte
3057 1914 3102 1958 te
3141 1907 3410 1974 deorsum;
3455 1913 3576 1982 quia

1991 1991 2231 2059 scriptum
2260 2000 2361 2055 est,
2391 1992 2592 2061 Angelis
2617 1993 2720 2046 suis
2747 1995 2998 2047 manda-vit
3023 1995 3087 2048 de
3110 2005 3174 2062 te,
3199 2007 3253 2050 ut
3273 1999 3324 2052 in
3344 2002 3574 2056 manibus

1992 2082 2171 2136 tollant
2189 2093 2253 2147 te,
2274 2099 2334 2135 ne
2349 2081 2715 2151 forteo/I'endas
2729 2083 2798 2136 ad
2815 2084 3034 2156 lapidem
3059 2086 3236 2158 pedem
3263 2100 3420 2143 tuum.
3451 2092 3575 2148 Sile

1993 2173 2220 2238 miseris,
2252 2173 2438 2241 Augeli
2468 2181 2518 2228 te
2552 2174 2862 2242 suscipiant.
2896 2175 2961 2229 Et
2989 2188 3168 2246 posset
3193 2179 3404 2248 quidem
3434 2182 3574 2249 ﬁeri,

1995 2261 2202 2329 fratres,
2218 2272 2272 2316 ut
2292 2263 2334 2316 si
2362 2278 2420 2318 se
2435 2263 2666 2318 misisset
2686 2264 2962 2331 Dominus,
2979 2267 3229 2337 obsequia
3252 2271 3574 2340 Angelorum

1992 2354 2326 2422 susciperent
2355 2369 2568 2408 carnem
2616 2355 2823 2408 Domini
2849 2372 2862 2407 :
2888 2355 2982 2409 sed
3011 2356 3136 2426 quid
3191 2359 3262 2411 illi
3317 2361 3437 2414 ait?
3467 2360 3576 2416 Ite-

1991 2462 2103 2500 rum
2126 2445 2367 2514 scriptum
2394 2455 2466 2497 est
2489 2485 2504 2510 ,
2537 2441 2656 2497 Non
2683 2445 2894 2498 tentabis
2919 2443 3194 2499 Dominum
3225 2446 3383 2502 Deum
3409 2458 3570 2506 tuum.

1993 2533 2272 2592 Hominem
2304 2549 2390 2589 me
2415 2543 2588 2603 putas.
2624 2533 2702 2587 Ad
2734 2533 2836 2588 hoc
2864 2535 3006 2589 enim
3035 2537 3259 2592 accessit
3289 2538 3530 2596 diabolus
3556 2584 3573 2606 ,

1994 2635 2050 2680 ut
2081 2633 2309 2681 tentaret
2328 2624 2708 2696 utrumFilius
2738 2625 2830 2680 Dei
2861 2626 2972 2695 ipse
3003 2636 3164 2682 esset.
3191 2626 3418 2684 Videbat
3455 2646 3577 2687 car-

1995 2733 2151 2782 nem;
2193 2717 2285 2772 sed
2313 2716 2566 2785 maiestas
2597 2716 2647 2770 in
2670 2717 2920 2786 operibus
2947 2719 3254 2788 apparebat.
3287 2721 3474 2792 Angeli
3496 2732 3578 2778 tc-

1996 2809 2303 2864 stimouium
2328 2808 2589 2864 dixerant.
2619 2809 2711 2864 lllc
2731 2809 2946 2866 videbat
2975 2813 3255 2867 mortalem
3281 2808 3307 2879 ,’
3329 2823 3386 2868 ιιι
3410 2823 3579 2871 tenta.

1993 2910 2115 2968 ret,
2149 2912 2204 2957 ut
2242 2901 2456 2956 Christo
2503 2909 2704 2956 tentato
2745 2901 3028 2956 doceretur
3067 2902 3408 2960 christianus.
3442 2907 3578 2975 Quid

1994 3008 2122 3063 ergo
2137 2992 2391 3062 scriptum
2411 3001 2492 3046 est
2512 2992 2534 3045 ?
2554 2991 2675 3046 Non
2700 2993 2909 3046 tentabis
2935 2991 3211 3048 Dominum
3233 2994 3395 3050 Deum
3417 3007 3575 3070 tamn,

1995 3084 2175 3154 Itaque
2198 3099 2302 3139 non
2335 3092 2598 3138 tentemus
2631 3084 2910 3139 Dominum
2933 3125 2948 3153 ,
2975 3093 3031 3140 ut
3059 3085 3332 3142 dicamus:
3355 3088 3410 3143 Si
3437 3089 3502 3144 ad
3527 3099 3580 3156 te

1991 3173 2324 3244 pertinemus
2343 3215 2359 3238 ,
2384 3173 2695 3228 miraculum
2725 3173 3000 3230 iaciamus.

2065 3265 2118 3321 8.
2153 3265 2451 3321 Redeamus
2479 3274 2693 3334 propter
2713 3265 2872 3321 verba
2893 3266 3111 3322 Psalmi.
3135 3269 3337 3340 Angelis
3353 3271 3478 3336 suis,
3497 3272 3581 3330 inv

1993 3357 2138 3424 quit,
2159 3355 2415 3410 mandavit
2429 3355 2492 3410 de
2507 3365 2572 3421 te,
2593 3365 2644 3410 ut
2660 3356 2946 3412 custodiant
2965 3366 3015 3412 te
3029 3358 3080 3412 in
3098 3361 3326 3414 omnibus
3352 3361 3578 3428 viistuis,

1996 3446 2061 3500 In
2091 3447 2320 3500 manibus
2347 3446 2521 3500 tollent
2567 3455 2650 3512 te,
2694 3447 2960 3518 nequando
3000 3448 3228 3517 offendas
3257 3451 3325 3504 ad
3362 3452 3583 3520 lapidem

1996 3537 2172 3606 pedem
2196 3547 2356 3590 tuum.
2391 3535 2642 3593 Sublatus
2665 3547 2748 3594 est
2770 3539 3013 3595 Christus
3051 3540 3103 3596 in
3133 3541 3376 3597 manibus
3405 3543 3583 3616 Ange-

1995 3629 2166 3682 lorum
2187 3670 2202 3694 ,
2233 3628 2444 3699 quando
2483 3637 2788 3700 assumptus
2819 3637 2901 3685 est
2930 3629 2981 3684 in
3012 3632 3204 3687 caelum
3241 3647 3255 3697 ;
3286 3648 3388 3688 non
3423 3635 3581 3704 quia,

1995 3720 2040 3774 si
2074 3736 2176 3774 non
2208 3729 2483 3789 portarent
2509 3721 2698 3791 Angeli
2729 3761 2745 3786 ,
2771 3722 3009 3777 ruiturus
3037 3732 3185 3788 erat;
3213 3725 3305 3780 sed
3335 3726 3455 3796 quia
3483 3727 3584 3781 ob-

1995 3809 2357 3880 sequebantur
2384 3809 2515 3880 regi.
2540 3809 2617 3865 Ne
2646 3809 2784 3865 forte
2811 3811 2998 3867 dicatis
3023 3829 3037 3867 :
3067 3813 3310 3870 Meliorcs
3345 3825 3468 3870 sunt
3493 3820 3583 3888 qui

1997 3904 2312 3971 portabant,
2357 3916 2514 3970 quam
2556 3901 2646 3956 ille
2685 3902 2774 3970 qui
2803 3906 3134 3972 portabatur-
3183 3905 3320 3976 Ergo
3364 3908 3585 3964 meliora

1997 4000 2121 4047 sunt
2143 3991 2382 4061 jumenta
2413 4006 2570 4061 quam
2614 3991 2904 4049 homines?
2931 3993 3036 4051 Sed
3073 3997 3192 4066 quia
3224 3997 3584 4056 inlirmitatcm

2000 4082 2270 4138 hominum
2298 4091 2506 4152 portant
2530 4083 2801 4153 jumenta;
2827 4099 2924 4139 nec
2947 4085 3048 4138 hoc
3076 4085 3332 4142 debemus
3361 4089 3540 4146 dicere
3567 4110 3580 4146 :

1996 4173 2193 4228 etenim
2217 4174 2455 4244 jumenta
2482 4173 2524 4227 si
2551 4187 2610 4228 se
2637 4173 2951 4229 subtrahant
2984 4217 3000 4240 ,
3029 4176 3226 4231 cadunt
3253 4179 3340 4247 qui
3368 4180 3578 4236 sedent.

1995 4267 2101 4326 Sed
2131 4265 2397 4337 quomodo
2417 4264 2671 4320 debemus
2690 4265 2907 4321 dicere?
2932 4265 3063 4321 Nam
3087 4267 3224 4324 etde
3247 4269 3357 4324 Deo
3384 4269 3583 4326 dictum

1995 4371 2083 4418 est
2113 4378 2126 4416 :
2160 4360 2347 4416 Caelum
2369 4358 2492 4412 mihi
2511 4358 2652 4422 sedes
2678 4367 2750 4412 est
2773 4357 2926 4429 (Isai.
2957 4373 3103 4424 1.3m,
3133 4363 3184 4426 l;
3214 4362 3321 4416 Act.
3351 4379 3443 4430 vn,
3467 4348 3583 4433 49).

1998 4453 2128 4520 Quia
2157 4467 2284 4522 ergo
2305 4450 2496 4506 emittm
2528 4458 2734 4519 portat,
2776 4459 2830 4505 et
2851 4451 2991 4505 Deus
3017 4450 3168 4506 sedet
3191 4495 3204 4516 ,
3239 4452 3358 4506 ideo
3399 4453 3586 4510 melius

1999 4542 2454 4600 estcmlum?Sic
2493 4556 2621 4611 ergo
2663 4548 2717 4596 et
2763 4541 2830 4598 de
2874 4541 3131 4612 obsequio
3161 4542 3482 4613 Angelorum
3534 4547 3586 4602 in

2001 4637 2103 4691 hoc
2131 4635 2336 4704 psalmo
2361 4635 2653 4705 intelligere
2676 4633 2988 4703 poterimus,
3013 4649 3116 4688 non
3137 4635 3202 4690 ad
3227 4636 3584 4693 inﬁrmitatem

2002 4729 2210 4784 Domini
2241 4728 2473 4798 pertinet
2502 4769 2516 4793 ,
2549 4726 2643 4784 sed
2681 4726 2746 4782 ad
2793 4726 3002 4781 illorum
3031 4727 3052 4758 ³
3081 4723 3541 4785 honoriﬁcentiam
3569 4772 3585 4791 ,

1999 4819 2068 4874 ad
2118 4820 2327 4874 illorum
2382 4819 2714 4873 servitutem.
2744 4817 3057 4874 Resurrexit
3103 4828 3281 4874 autem
3333 4820 3586 4876 Dominus

2002 4913 2159 4969 Jesus
2201 4913 2445 4967 Christus
2474 4953 2487 4976 ,
2535 4921 2750 4981 propter
2799 4912 2970 4982 quid?
3016 4913 3329 4984 Apostdlum
3386 4915 3582 4968 audite.

2004 5003 2239 5059 Mortuus
2263 5015 2334 5056 cst
2365 5012 2565 5072 prapter
2591 5003 2771 5056 delicta
2801 5015 2995 5072 nostra,
3019 5015 3066 5058 ct
3087 5007 3360 5060 resurrexit
3383 5016 3588 5076 propter

1995 5093 2410 5164 justi/icationem
2459 5101 2682 5146 nostram
2713 5094 2730 5158 (
2756 5093 2906 5148 Rom.
2939 5109 3010 5160 tv,
3051 5092 3178 5166 25).
3211 5095 3338 5148 ltetn
3378 5094 3446 5149 de
3469 5095 3592 5163 Spi-

2004 5186 2108 5240 ritu
2134 5195 2316 5239 sancto
2334 5183 2677 5251 Evangelium
2709 5202 2722 5236 :
2748 5183 2994 5254 Spiritus,
3021 5186 3209 5254 inquit,
3233 5185 3453 5238 nondum
3485 5195 3591 5239 erat

2005 5278 2176 5341 datus,
2207 5275 2323 5343 quia
2347 5273 2498 5328 Jesus
2529 5273 2752 5328 nondum
2779 5285 2883 5328 erat
2911 5274 3220 5343 clariﬁcatus
3257 5276 3277 5343 (
3307 5273 3465 5328 Joan.
3492 5291 3589 5342 vu,

2008 5367 2075 5422 '59
2095 5370 2129 5433 ).
2157 5365 2285 5434 Quae
2307 5376 2384 5418 est
2417 5365 2728 5420 clarificatio
2754 5364 2924 5419 Iesu?
2955 5365 3262 5420 Rcsurrexit
3282 5408 3294 5427 ,
3323 5375 3377 5420 et
3401 5380 3594 5421 asccn-
3630 5397 3634 5404 -

2008 5457 2086 5512 dit
2114 5456 2166 5509 in
2190 5456 2404 5510 coelmn.
2426 5459 2465 5510 A
2489 5457 2595 5510 Deo
2615 5455 2935 5510 clarilicatus
2950 5457 3265 5512 ascensione
3291 5459 3341 5512 in
3369 5458 3587 5524 malum,

2007 5549 2150 5604 misit
2197 5547 2446 5615 Spiritum
2495 5561 2647 5600 suum
2695 5555 2935 5600 sanctum
2984 5545 3072 5601 die
3115 5547 3474 5607 Pentecostes.
3533 5550 3591 5605 In

2073 5707 2088 5773 ξ
2124 5705 2196 5753 Sic
2219 5711 2317 5773 Am.
2345 5709 2417 5750 Er.
2445 5709 2495 5773 et
2519 5709 2624 5773 Mss.
2653 5709 2705 5751 At
2727 5709 2856 5762 l.ov.,
2876 5714 3128 5768 apparere.

2071 5768 2091 5797 ²
2127 5773 2225 5815 nuo
2245 5772 2371 5824 Mss,
2394 5768 2688 5826 patientiam.

2077 5830 2096 5861 ³
2129 5828 2200 5877 sic
2225 5837 2322 5876 Am.
2349 5825 2420 5876 Er.
2450 5835 2496 5877 et
2523 5833 2628 5876 Mss.
2655 5833 2709 5876 Αι
2740 5833 2868 5888 Lov.,
2893 5825 3039 5878 illius.
