4024 6210
408 388 545 447 1³167

407 508 548 576 Lege
568 492 768 567 autem,
798 502 850 556 in
880 500 1014 556 libro
1038 494 1444 569 Moysi’Exo’do,
1483 508 1513 548 a
1554 492 1639 549 die
1681 494 1802 564 agni
1823 493 1985 548 occisi

404 608 460 653 et
489 596 788 653 manducati
815 591 1188 665 quinquaginta
1202 589 1317 645 dies
1328 596 1690 653 numerantur;
1708 585 1889 641 etdata
1905 593 1990 641 est

404 689 515 744 Lex
540 689 592 745 in
618 686 809 743 tabulis
834 682 1058 754 lapideis
1097 681 1295 751 scripta
1330 679 1497 750 digito
1530 678 1621 733 Dei
1654 674 1860 747 (Exod.
1889 692 1983 744 xu,

402 781 494 848 59,
516 777 659 850 etc.).
679 776 813 845 Quid
845 776 915 831 sit
933 774 1132 845 digitus
1150 771 1274 840 Dei,
1293 770 1638 842 Evangelium
1657 768 1811 824 nobis
1825 782 1988 837 expo-

401 875 517 928 nit:
550 871 671 942 quia
699 870 895 941 digitus
921 868 1014 923 Dei
1052 865 1282 936 Spiritus
1322 872 1539 919 sanctus
1574 870 1675 917 est.
1703 859 1986 928 Quomodo

401 958 729 1033 probamus?
763 958 1020 1014 Dominus
1058 954 1391 1026 respondens
1430 953 1509 1009 eis
1549 952 1639 1023 qui
1669 952 1814 1006 illum
1837 949 1985 1006 dice-

398 1053 527 1109 bant
556 1054 607 1108 in
649 1052 866 1107 nomine
912 1047 1209 1104 Beelzebub
1243 1043 1770 1117 ejicere-da:monia,
1798 1042 1891 1107 ait,
1924 1041 1987 1097 Si

400 1161 490 1216 ego
530 1144 582 1199 in
624 1143 823 1215 Spiritu
860 1140 957 1196 Dei
989 1141 1135 1211 ejicio
1176 1136 1425 1193 dwmom‘a
1471 1134 1686 1206 (Matth.
1720 1149 1816 1196 xu,
1844 1133 1936 1204 ‘28)
1966 1151 1979 1187 :

397 1237 535 1293 alius
564 1235 886 1306 evangelista
914 1248 1032 1288 cum
1069 1232 1459 1303 hocparraret,
1494 1227 1557 1283 Si
1594 1243 1686 1299 ego
1711 1268 1725 1292 ,
1777 1225 1980 1297 inquit,

398 1329 451 1383 in
480 1328 637 1400 digito
665 1326 760 1380 Dei
782 1325 926 1397 ejicio
956 1322 1206 1379 dremonia
1248 1320 1397 1391 (Luc.
1430 1334 1504 1385 xl,
1532 1316 1649 1389 20).
1678 1315 1829 1384 Quod
1857 1330 1985 1386 ergo

398 1419 631 1489 positum
657 1425 738 1472 est
759 1416 813 1470 in
842 1428 948 1470 uno
976 1422 1159 1483 aperte
1182 1451 1198 1478 ,
1226 1409 1457 1481 positum
1486 1416 1568 1463 est
1601 1407 1655 1461 in
1694 1405 1864 1461 altero
1889 1405 1986 1461 ob-

394 1525 557 1567 scure
583 1517 600 1565 ἰ
630 1508 904 1564 nesciebas
949 1505 1076 1576 quid
1116 1503 1186 1559 sit
1229 1501 1426 1573 digitus
1454 1499 1573 1567 Dei,
1613 1496 1831 1568 exponit
1849 1497 1986 1552 alius

396 1601 743 1673 evangelista,
796 1598 979 1653 dicens
1016 1609 1137 1651 eum
1183 1608 1305 1650 esse
1351 1591 1605 1662 Spiritum
1649 1588 1765 1644 Dei.
1815 1586 1985 1659 Digito

400 1708 528 1766 ergo
554 1692 648 1747 Dei
676 1691 871 1761 scripta
900 1689 1009 1744 Lex
1035 1686 1158 1742 data
1190 1693 1274 1741 est
1310 1683 1399 1740 die
1438 1679 1874 1753 quinquagesimo
1918 1678 1985 1732 ab

392 1785 667 1841 occisione
686 1782 825 1853 agni,
858 1789 912 1837 et
940 1779 1168 1850 Spiritus
1190 1782 1408 1832 sanctus
1428 1771 1571 1828 venit
1610 1770 1699 1826 die
1727 1769 1984 1840 quinqua-

401 1876 606 1947 gesimo
626 1890 655 1929 a
678 1873 925 1944 passione
951 1868 1159 1925 Domini
1203 1867 1372 1923 nostri
1412 1864 1539 1921 Jesu
1580 1861 1798 1918 Christi.
1828 1858 1983 1915 Occi-

398 1983 492 2023 sus
516 1976 598 2021 cst
625 1979 811 2036 agnus,
842 1961 1036 2017 factum
1077 1968 1159 2015 est
1183 1957 1406 2022 Pascha,
1435 1952 1638 2025 impleti
1667 1958 1794 2007 sunt
1823 1949 1983 2020 quin-

396 2059 650 2131 quaginta
676 2057 811 2122 dies,
835 2054 957 2110 data
984 2062 1067 2109 est
1080 2052 1218 2107 Lex.
1240 2048 1345 2106 Sed
1366 2048 1476 2104 Lex
1505 2048 1588 2102 illa
1619 2046 1685 2101 ad
1717 2046 1980 2107 timorem,

398 2165 505 2205 non
531 2148 598 2204 ad
644 2161 881 2203 amorem
916 2162 930 2199 :
960 2152 1018 2199 ut
1058 2154 1236 2198 autem
1288 2140 1446 2196 timor
1487 2144 1888 2193 converteretur
1929 2134 1981 2187 iu

396 2256 658 2306 amorem,
687 2239 897 2295 occisus
919 2245 1000 2292 est
1019 2234 1317 2306 justusjam
1347 2232 1400 2286 in
1431 2230 1686 2293 veritate;
1714 2228 1866 2298 cujus
1896 2236 1981 2299 ty-

393 2348 497 2403 pus
532 2340 647 2387 erat
690 2330 777 2385 ille
815 2342 981 2399 agnus
1009 2340 1170 2397 quem
1212 2321 1527 2379 occidebant
1563 2319 1752 2377 Judaei.
1783 2319 1983 2372 Resur-

393 2424 566 2488 rexit;
598 2431 653 2478 et
682 2436 713 2476 a
736 2420 823 2475 die
860 2419 1081 2475 Pascha:
1121 2414 1365 2482 Domini,
1394 2412 1529 2468 sicut
1571 2427 1603 2466 a
1641 2410 1728 2465 die
1767 2408 1982 2463 Pascha:

393 2513 517 2585 agni
548 2511 749 2577 occisi;
774 2517 1123 2565 numerantur
1159 2503 1539 2575 quinquaginta
1569 2500 1722 2563 dies;
1750 2511 1804 2554 et
1839 2498 1983 2553 venit

394 2604 626 2675 Spiritus
665 2608 880 2656 sanctus
932 2598 1067 2668 (Act.
1115 2611 1180 2661 ιι,
1228 2594 1374 2664 1-4),
1410 2592 1521 2662 jam
1562 2591 1615 2646 in
1657 2589 1982 2661 plenitudine

394 2694 627 2759 ameris,
661 2705 766 2746 non
798 2690 850 2743 in
877 2701 1033 2758 poena
1080 2685 1305 2740 timoris.
1345 2682 1523 2750 Quare
1570 2679 1674 2735 hoc
1709 2680 1856 2735 dixi?
1898 2678 1981 2735 Ad

386 2784 502 2839 hoc
522 2797 650 2853 ergo
680 2779 972 2849 resurrexit
1002 2776 1260 2832 Dominus
1304 2783 1360 2830 et
1396 2772 1723 2844 glorificatus
1761 2780 1880 2837 est,
1925 2781 1983 2827 ut

391 2877 630 2932 mitteret
670 2872 925 2944 Spiritum
973 2878 1235 2925 Sanctum.
1278 2865 1345 2920 Et
1400 2863 1637 2919 dixeram
1669 2860 1981 2931 jamdudum

391 2969 515 3040 quia
546 2975 706 3039 caput
750 2966 803 3019 in
843 2963 982 3020 caelo
1020 2970 1136 3027 est,
1165 2958 1334 3031 pedes
1368 2957 1421 3013 in
1452 2965 1615 3012 terra.
1648 2955 1703 3010 Si
1731 2962 1886 3026 caput
1927 2954 1981 3008 in

391 3060 532 3116 coelo
551 3098 566 3125 ,
593 3058 758 3129 pedes
787 3057 839 3111 in
871 3065 1009 3111 terra
1030 3070 1046 3119 ;
1070 3051 1197 3123 quid
1220 3057 1303 3107 est
1323 3091 1338 3115 ,
1369 3048 1530 3119 pedes
1555 3047 1761 3102 Domini
1788 3046 1844 3101 in
1869 3054 1980 3100 ter-

390 3167 475 3215 ra,
502 3151 604 3205 nisi
634 3151 649 3182 ¹
682 3147 852 3203 sancti
874 3145 1085 3201 Domini
1114 3144 1166 3198 in
1190 3141 1371 3198 terra?
1396 3139 1497 3207 Qui
1521 3147 1645 3193 sunt
1677 3137 1837 3207 pedes
1877 3136 1982 3191 Do—

391 3240 563 3295 mini?
591 3237 833 3307 Apostoli
856 3234 1004 3290 missi
1032 3248 1128 3303 per
1150 3240 1317 3286 totum
1353 3229 1538 3285 orbem
1576 3236 1857 3283 terrarum.
1879 3225 1978 3293 Qui

391 3340 519 3387 sunt
555 3328 721 3401 pedes
761 3326 1015 3383 Domini?
1044 3325 1243 3380 Omnes
1274 3321 1652 3391 Evangelistar,
1699 3319 1753 3374 in
1787 3319 1980 3390 quibus

389 3424 641 3493 peragrat
675 3419 929 3474 Dominus
949 3416 1229 3473 universas
1266 3423 1475 3484 gentes.
1501 3412 1839 3468 Metueudum
1867 3420 1982 3467 erat

392 3530 463 3569 ne
490 3510 842 3581 Exrangelista:
865 3505 1200 3564 offenderent
1228 3505 1281 3559 in
1317 3503 1545 3575 lapidem
1586 3520 1598 3555 :
1629 3502 1720 3558 illo
1748 3502 1889 3557 enim
1926 3502 1978 3556 in

389 3607 531 3662 coelo
563 3605 736 3675 posito
778 3597 1199 3672 capiteypedes
1224 3597 1314 3668 qui
1360 3597 1412 3651 in
1454 3605 1595 3651 terra
1633 3594 1975 3659 laborabant,

394 3705 613 3768 possent
650 3693 924 3749 ofl'cnderc
962 3692 1015 3766 in
1052 3688 1302 3761 lapidem.
1332 3686 1387 3743 ln
1431 3702 1588 3758 quem
1614 3686 1883 3757 lapidem?
1924 3686 1978 3741 ln

394 3792 590 3861 Legem
630 3790 684 3842 in
714 3785 908 3842 tabulis
936 3783 1159 3855 lapideis
1200 3780 1502 3838 datam.Nc
1533 3796 1661 3853 ergo
1704 3780 1862 3851 Legis
1902 3780 1979 3837 rei

382 3882 606 3945 ‘fierent,
629 3894 734 3934 non
757 3887 972 3949 accepta
1001 3876 1190 3946 gratia,
1221 3882 1276 3930 et
1295 3874 1349 3929 in
1373 3873 1516 3944 Lege
1538 3873 1615 3929 rei
1638 3881 1978 3937 tenerentur;

384 3973 508 4041 "ipsa
535 3981 615 4025 est
638 3970 776 4025 enim
805 3967 1032 4023 offensio
1054 3974 1232 4022 reatus
1260 3982 1273 4019 :
1307 3979 1440 4036 quos
1461 3964 1567 4020 Lex
1600 3964 1814 4020 tenebat
1834 3979 1981 4032 rens,

397 4062 623 4120 absolvit
656 4060 930 4123 Dominus,
964 4066 1021 4114 ut
1055 4058 1162 4127 jam
1190 4057 1241 4111 in
1270 4056 1464 4127 Legem
1495 4070 1601 4110 non
1628 4054 1978 4110 offenderent.

384 4154 476 4210 ‘Nc
507 4153 667 4224 pedes
690 4151 847 4221 hujus
867 4148 1054 4219 capitis
1083 4149 1420 4203 incurrerent
1468 4145 1523 4199 in
1557 4144 1715 4214 Legis
1751 4152 1979 4209 reatum,

396 4247 595 4301 missus
616 4252 696 4298 est
715 4242 944 4311 Spiritus
968 4247 1184 4295 sanctus
1206 4246 1263 4290 ut
1285 4250 1522 4290 amorem
1552 4233 1768 4301 faceret,
1796 4242 1850 4289 et
1869 4234 1980 4287 sol-

396 4344 550 4390 veret
588 4350 618 4388 a
656 4333 866 4387 timore.
902 4329 1095 4384 Timor
1122 4327 1327 4395 Legem
1369 4338 1474 4378 non
1512 4322 1785 4394 implebat,
1833 4338 1981 4377 amor

374 4424 656 4495 'implevit.
682 4421 999 4484 Timueruut
1039 4415 1315 4482 homines,
1355 4423 1410 4470 et
1451 4429 1557 4468 non
1578 4400 1977 4483 impleverunt;

378 4513 713 4572 ‘amaverunt'
748 4522 802 4567 et
847 4510 1218 4581 impleverunt.
1260 4504 1892 4590 Quomodotimuerun’t,
1928 4512 1983 4558 et

398 4623 509 4662 non
541 4605 919 4675 impleverunt;
948 4606 1277 4663 amaverunt,
1306 4604 1362 4653 et
1381 4595 1772 4666 impleverunt?
1797 4594 1978 4649 'l‘imc-

374 4698 531 4753 -hant
559 4695 821 4758 homines,
846 4702 898 4747 et
930 4690 1206 4761 rapiebant
1230 4702 1318 4745 res
1359 4687 1594 4750 alienas;
1633 4695 1979 4752 amaverunt,

374 4799 455 4843 “et
481 4788 810 4843 donaverunt
829 4797 973 4838 suas.
1001 4781 1144 4852 Ergo
1164 4795 1271 4837 non
1291 4787 1374 4835 est
1394 4777 1693 4835 mirandum
1718 4776 1839 4847 quia
1862 4775 1981 4833 ideo

375 4883 455 4938 'iu
503 4877 748 4935 manibus
792 4874 1116 4946 Angelorum
1159 4880 1466 4943 assumptus
1506 4881 1588 4927 est
1636 4869 1890 4925 Dominus
1929 4868 1979 4923 in

384 4972 630 5036 Δςαιὶιιιιι,
676 4985 743 5023 ne
784 4965 1079 5021 offenderet
1111 4962 1183 5018 ad
1221 4963 1451 5032 lapidem
1499 4976 1591 5031 pes
1618 4960 1772 5030 ejus:
1803 4975 1870 5015 ne
1907 4959 1982 5015 illi

366 5064 489 5134 ‘qni
521 5063 573 5116 in
598 5069 738 5116 terra
779 5055 1092 5112 laborabant
1116 5054 1170 5109 in
1200 5067 1424 5124 corpore
1466 5052 1614 5122 ejus,
1642 5058 1984 5122 peragrantes

366 5166 579 5209 "totum
612 5152 798 5208 orbem
823 5159 1084 5205 terrarum
1112 5145 1302 5201 fierent
1322 5144 1398 5200 rei
1420 5143 1577 5212 Legis
1596 5185 1609 5203 .
1632 5142 1892 5198 subtraxit
1917 5142 1984 5196 ab

393 5249 482 5303 ‘eis
505 5248 782 5311 timorem,
826 5250 882 5298 et
902 5239 1141 5310 implevit
1181 5251 1275 5292 eos
1309 5250 1514 5292 amore.
1542 5234 1756 5289 Timore
1798 5234 1985 5289 Petrus

366 5344 371 5349 '
403 5349 486 5396 ter
516 5341 725 5412 negavit
762 5335 977 5408 (Matth.
1008 5348 1134 5390 xxvi
1155 5375 1168 5399 ,
1193 5329 1382 5401 69-75)
1402 5344 1425 5412 ξ
1450 5327 1684 5384 nondum
1717 5329 1859 5384 enim
1895 5342 1985 5382 ac-

370 5448 375 5453 ’
412 5401 626 5499 ceperat
650 5401 921 5499 Spiritum
961 5437 1203 5480 sanctum
1245 5440 1259 5477 :
1297 5401 1516 5490 accepto
1565 5429 1747 5489 postea
1788 5417 1986 5489 Spiritu

366 5530 372 5543 '
406 5528 623 5585 sancto,
665 5533 784 5575 cum
826 5517 1016 5573 fiducia
1051 5515 1213 5585 cmpit
1239 5511 1549 5583 prmdicare.
1577 5510 1677 5579 Qui
1715 5509 1781 5565 ad
1804 5512 1988 5565 vocem

405 5588 618 5666 ancillas
639 5618 718 5663 ter
740 5609 978 5677 negavit;
1006 5614 1226 5677 accepto
1254 5605 1454 5676 Spiritu
1482 5610 1688 5671 sancto,
1722 5602 1863 5658 inter
1892 5600 1989 5656 lla-

435 5760 494 5874 tft
514 5757 567 5807 In
596 5758 644 5807 ll.
669 5758 903 5869 omnittitur
924 5769 1040 5820 .vox,
1064 5756 1175 5820 nisi,
1198 5769 1343 5819 quam
1366 5770 1431 5810 ex
1554 5763 1680 5807 Ven.
1703 5761 1892 5807 etLov.
1908 5767 1991 5806 re-

459 5839 472 5874 l
500 5834 675 5872 ulmus.
776 5854 789 5869 .

409 5834 675 5874 sutulmus.
732 5834 789 5869 Β.

1660 374 1711 439 S.
1729 375 2091 438 ειυιέυετιΝι
2131 379 2427 443 EPISLOi‘l

3542 395 3683 451 “68

2103 494 2238 565 gella
2269 497 2565 567 principum
2609 498 2888 557 confessus
2908 510 2990 557 est
3022 517 3180 574 quem
3222 516 3512 576 negaverat
3541 507 3678 580 (Art.

2098 601 2154 651 ιι,
2184 602 2238 654 v,
2263 590 2409 660 etc.).
2435 588 2552 645 Non
2583 591 2805 657 mirum;
2831 595 2952 663 quia
2977 595 3246 652 Dominus
3279 597 3453 669 ipsum
3479 599 3680 659 trinum

2095 676 2339 735 timorem
2387 680 2527 736 trino
2577 698 2760 739 amore
2810 684 3073 742 dissolvit.
3112 688 3415 761 Resurgens
3469 693 3613 749 enim
3651 709 3685 751 a

2094 771 2316 827 mortuis
2342 772 2417 828 ait
2442 773 2636 830 Petro:
2666 774 2836 843 Petro,
2867 794 3011 834 amas
3038 781 3158 833 me?
3179 779 3294 836 Non
3316 782 3480 839 dixit:
3500 784 3687 843 Times

2093 862 2217 918 me?
2236 863 2367 919 Nam
2393 866 2438 921 si
2467 866 2641 923 adhuc
2668 869 2898 933 timeret,
2922 869 3214 928 offenderet
3239 872 3307 928 ad
3336 874 3565 947 lapidem
3591 891 3688 947 pe—

2092 952 2212 1008 dem
2238 968 2415 1011 suum.
2443 958 2599 1013 Amas
2622 960 2736 1014 me?
2762 960 2962 1030 inquit;
2995 971 3049 1017 et
3075 962 3164 1017 ille
3199 980 3213 1018 :
3250 944 3403 1023 Amo.
3426 944 3681 1024 Sufﬁcie-

2091 1042 2181 1099 bat
2209 1046 2393 1130 semel.
2417 1046 2577 1105 Forte
2602 1048 2732 1104 mihi
2760 1050 3047 1117 sufficeret,
3073 1053 3165 1124 qui
3203 1068 3297 1110 cor
3338 1071 3444 1112 non
3477 1057 3636 1114 video
3665 1077 3683 1127 ;

2090 1143 2288 1202 quanto
2316 1137 2484 1208 magis
2528 1138 2799 1195 sufficeret
2829 1140 3052 1196 Domino
3075 1183 3088 1207 ,
3120 1144 3208 1212 qui
3236 1144 3448 1201 videbat
3483 1148 3683 1218 quibus

2090 1225 2339 1281 medullis
2367 1228 2626 1284 viscerum
2648 1244 2863 1286 suorum
2889 1232 3100 1288 dicebat
3125 1234 3351 1291 Petrus:
3377 1237 3542 1294 Anio?
3561 1239 3680 1297 Non

2091 1316 2285 1374 sufficit
2312 1319 2535 1375 Domino
2564 1322 2889 1393 respondere
2913 1326 3114 1393 semel;
3142 1325 3434 1400 interrogat
3456 1330 3674 1400 iterum,

2090 1419 2142 1465 et
2169 1412 2454 1481 respondet
2495 1414 2583 1470 ille
2626 1432 2640 1470 :
2685 1418 2812 1470 Amo
2837 1418 2876 1472 ί.
2911 1415 3207 1488 lnterrogat
3253 1421 3441 1490 tertio,
3477 1432 3533 1479 et
3562 1423 3676 1495 jam

2091 1501 2248 1557 tmdio
2284 1501 2504 1561 affectus
2554 1506 2964 1579 Pctrus,‘quasi
3006 1509 3273 1568 dubitaret
3318 1512 3571 1570 Dominus
3607 1516 3677 1573 de

2089 1605 2272 1647 amore
2293 1593 2457 1662 ipsius
2485 1611 2498 1648 :
2527 1594 2764 1665 Domine,
2796 1608 2871 1666 tu,
2901 1598 3093 1670 inquit,
3115 1601 3216 1657 scis
3259 1603 3449 1670 omnia,
3495 1614 3548 1660 tu
3574 1608 3675 1662 scis

2088 1683 2206 1749 quia
2226 1697 2341 1736 ante
2369 1692 2415 1737 te
2447 1682 2623 1756 (Joan.
2647 1701 2756 1752 ιιι,
2777 1685 2989 1759 15-17).
3016 1689 3122 1745 Sed
3154 1690 3408 1748 Dominus
3433 1708 3553 1749 cum
3581 1696 3675 1751 illo

2088 1769 2167 1825 sic
2189 1774 2315 1842 egit,
2350 1783 2597 1845 tauquam
2631 1776 2832 1834 diceret
2873 1797 2886 1834 :
2915 1779 3020 1836 Ter
3043 1796 3130 1836 me
3171 1784 3373 1857 negasti
3413 1788 3668 1854 timendo,

2091 1872 2171 1917 ter
2188 1865 2443 1921 confitere
2466 1867 2714 1923 amando.
2746 1869 2851 1925 isto
2883 1885 3065 1927 amore
3090 1881 3144 1927 et
3178 1873 3278 1929 ista
3308 1875 3564 1933 charitate
3588 1895 3675 1934 re-

2089 1956 2250 2026 plevit
2272 1957 2561 2029 discipulos
2586 1974 2733 2016 suos.
2760 1961 2969 2028 Quare?
2993 1962 3126 2031 Quia
3155 1964 3468 2021 altissimum
3495 1974 3673 2037 posuit

2088 2047 2345 2119 refugium
2370 2064 2521 2106 suum
2548 2067 2561 2105 :
2594 2052 2714 2122 quia
2743 2052 3065 2109 clarificatus
3093 2056 3238 2110 misit
3269 2056 3520 2126 Spiritum
3547 2073 3671 2114 san—

2087 2149 2251 2208 ctum,
2273 2142 2432 2198 solvit
2458 2143 2737 2202 credentes
2774 2159 2804 2199 a
2841 2153 2988 2201 reatu
3020 2144 3212 2218 Legis,
3243 2163 3312 2205 ne
3349 2149 3403 2205 in
3437 2151 3670 2222 lapidem

2087 2230 2417 2287 offenderent
2442 2233 2603 2303 pedes
2621 2234 2757 2304 ejus.
3458 2276 3463 2280 -

2158 2322 2212 2379 9.
2240 2323 2396 2397 [νει-ε.
2429 2323 2541 2397 15.]
2570 2324 2685 2380 lam
2725 2334 2916 2382 caetera
2955 2328 3230 2385 manifesta
3266 2341 3416 2394 sunt,
3444 2329 3667 2401 fratres,

2084 2414 2209 2485 quia
2235 2428 2379 2485 stupe
2420 2422 2640 2470 tractata
2668 2425 2813 2470 sunt.
2856 2415 3026 2487 Super
3047 2418 3273 2488 aspidem
3309 2427 3355 2474 et
3383 2420 3670 2476 basitircum

2087 2505 2384 2570 ambulabis,
2414 2515 2462 2561 et
2484 2507 2800 2562 conculcabis
2828 2508 3018 2563 leonem
3045 2492 3091 2565 ἕι
3115 2510 3381 2569 draconem
3412 2511 3509 2585 (a).
3539 2513 3670 2580 Quis

2086 2597 2159 2651 sit
2193 2610 2434 2666 serpens,
2459 2596 2628 2652 nostis
2660 2614 2673 2650 :
2701 2598 2968 2668 quomodo
2992 2612 3152 2669 super
3178 2600 3325 2655 illum
3366 2602 3533 2657 calcet
3562 2601 3670 2658 Ec-

2086 2687 2271 2754 clesia,
2305 2703 2425 2759 qure
2470 2704 2574 2745 non
2605 2680 2849 2757 vincitur,
2876 2691 2998 2762 quia
3033 2701 3184 2747 cavet
3207 2694 3428 2749 astutias
3477 2694 3664 2765 ipsius.

2085 2779 2541 2849 Quemadmodum
2567 2790 2745 2838 autem
2773 2781 2842 2839 sit
2879 2784 2966 2840 leo
3010 2792 3066 2839 et
3095 2783 3290 2852 draco,
3318 2795 3450 2857 puto
3476 2795 3531 2843 ct
3566 2788 3669 2843 hoe

2085 2886 2245 2928 nosse
2272 2872 2593 2928 Charitatem
2637 2882 2887 2929 vestram.
2920 2874 3028 2931 Leo
3065 2883 3249 2945 aperte
3278 2877 3461 2942 srvit;
3501 2877 3668 2934 draco

2085 2965 2291 3020 occulte
2318 2965 2635 3020 insidiatur:
2671 2977 2949 3037 utramque
2988 2969 3095 3024 vim
3121 2978 3175 3024 et
3210 2978 3525 3039 potestatem
3567 2972 3666 3028 ha-

2084 3055 2176 3111 bet
2201 3054 2464 3110 diabolus.
2493 3056 2715 3123 Quando
2742 3068 3003 3130 martyres
3022 3059 3420 3130 occidebantur,
3441 3061 3525 3118 leo
3538 3073 3669 3119 verat

2084 3146 2346 3201 saeviens:
2376 3146 2586 3215 quando
2614 3147 2847 3203 haeretici
2879 3149 3212 3216 insidiantur,
3241 3150 3404 3208 draco
3431 3165 3513 3210 est
3539 3154 3668 3210 sub-

2084 3251 2297 3308 repens.
2332 3236 2516 3293 Vieisti
2564 3239 2773 3295 leonem
2794 3282 2809 3308 ,
2841 3240 2994 3297 vince
3035 3251 3091 3297 et
3108 3241 3391 3300 draconem
3428 3261 3442 3299 :
3472 3237 3583 3303 non
3608 3255 3667 3303 te

2085 3323 2241 3398 fregit
2268 3329 2290 3360 ⁸
2321 3328 2410 3384 leo
2433 3369 2448 3394 ,
2481 3344 2587 3385 non
2627 3339 2679 3385 te
2719 3329 2948 3401 decipiat
2987 3331 3169 3387 draco.
3215 3332 3507 3390 Probemus
3543 3336 3665 3406 quia

2083 3418 2169 3474 leo
2192 3427 2327 3486 erat,
2349 3420 2559 3489 quando
2583 3430 2763 3491 aperte
2783 3424 3054 3481 saeviebat.
3076 3423 3377 3481 Exhortans
3396 3437 3667 3498 martyres

2084 3509 2273 3566 Petrus
2299 3513 2373 3566 ait
2410 3530 2422 3566 :
2466 3512 2686 3569 Nescitis
2728 3516 2847 3586 quia
2889 3515 3205 3572 adversarius
3239 3528 3398 3574 vester
3435 3520 3666 3576 diabolus

2085 3611 2323 3671 tanquam
2381 3601 2459 3657 leo
2506 3604 2709 3674 rugiens
2757 3606 2963 3670 circuit,
3004 3622 3233 3677 querens
3276 3625 3421 3679 quem
3466 3609 3666 3664 devores

2086 3690 2130 3760 (l
2160 3689 2302 3745 Petr.
2334 3706 2395 3755 v,
2426 3691 2524 3762 8)?
2561 3693 2757 3763 Aperte
2797 3695 3022 3752 saeviens
3064 3696 3147 3753 leo
3188 3698 3458 3767 quaerebat
3505 3715 3662 3771 quem

2083 3780 2367 3837 devoraret
2394 3800 2408 3837 :
2426 3780 2591 3838 draco
2611 3783 2879 3854 quomodo
2900 3784 3212 3842 insidiatur?
3236 3787 3340 3842 Per
3360 3787 3660 3844 haereticos.

2086 3872 2241 3928 Tales
2266 3873 2456 3929 timens
2499 3873 2722 3939 Paulus,
2757 3891 2822 3931 ne
2849 3877 2916 3932 ab
2947 3877 3062 3934 illis
3097 3889 3532 3949 corrumperetur
3554 3880 3663 3935 Ec-

2085 3964 2244 4017 clesia
2270 3978 2299 4018 a
2327 3964 2628 4034 virginitate
2656 3965 2779 4022 fidei
2804 4006 2818 4030 .
2854 3982 3013 4037 quam
3037 3978 3209 4039 gestat
3238 3969 3292 4024 in
3316 3970 3476 4026 corde
3494 4012 3507 4036 ,
3536 3971 3618 4025 ait
3646 3988 3660 4025 :

2090 4072 2111 4106 q
2151 4054 2471 4124 Desponsavi
2513 4056 2655 4110 enim
2707 4071 2802 4112 vos
2856 4058 2947 4112 uni
2993 4059 3108 4113 viro
3159 4059 3413 4130 virginem
3461 4070 3662 4116 castam

2086 4142 2340 4199 exhibere
2380 4144 2634 4211 Christo;
2680 4157 2733 4201 et
2778 4147 2939 4203 timeo
2979 4162 3047 4203 ne
3068 4147 3207 4203 sicut
3239 4163 3459 4220 serpens
3496 4150 3661 4206 Evam

2086 4233 2298 4290 seduxit
2334 4235 2523 4289 astutia
2560 4249 2687 4299 sua,
2734 4237 2801 4291 ita
2855 4246 2909 4291 et
2944 4245 3149 4292 mentes
3191 4248 3384 4294 vestra:
3423 4254 3664 4295 carrum-

2086 4334 2276 4394 pantur
2295 4339 2325 4379 a
2354 4326 2595 4381 castitate
2619 4342 2736 4396 qua:
2760 4337 2848 4382 est
2871 4326 2922 4381 in
2942 4324 3155 4381 Christo
3187 4345 3209 4378 ι
3242 4327 3309 4394 (ll
3326 4326 3444 4382 Cor.
3467 4344 3544 4392 χι,
3562 4329 3663 4382 εει

2087 4413 2166 4485 5).
2196 4414 2560 4485 Virginitatem
2604 4417 2843 4486 corporis
2888 4431 3072 4485 pauca:
3111 4414 3323 4471 feminae
3368 4416 3569 4473 habent
3606 4418 3662 4473 in

2088 4507 2359 4574 Ecclesia;
2400 4507 2494 4563 sed
2522 4508 2874 4579 virginitatem
2914 4507 3088 4564 cordis
3119 4521 3306 4563 omnes
3331 4507 3517 4565 fideles
3562 4509 3661 4565 ha-

2086 4600 2234 4654 bent.
2264 4599 2332 4654 ςιη
2364 4600 2476 4670 ipsa
2516 4598 2621 4655 fide
2658 4598 3009 4670 virginitatem
3054 4598 3231 4654 cordis
3278 4597 3498 4655 timebat
3539 4614 3662 4659 cor-

2068 4692 2261 4763 rumpi
2290 4707 2319 4746 a
2350 4692 2591 4758 diabolo;
2621 4706 2778 4761 quam
2824 4692 2911 4762 qui
2954 4689 3310 4761 perdiderint,
3339 4690 3456 4747 sine
3502 4704 3661 4745 causa

2088 4793 2213 4839 sunt
2237 4784 2465 4855 virgines
2491 4798 2737 4853 corpore.
2768 4781 3037 4853 vflorrupta
3062 4782 3225 4837 corde
3250 4782 3376 4853 quid
3401 4790 3584 4836 servat
3609 4782 3663 4836 in
3722 4777 3727 4780 ’

2088 4873 2351 4943 corpore?
2392 4872 2541 4927 Adeo
2582 4871 2773 4926 mulier
2810 4869 3068 4925 catholica
3109 4870 3360 4940 praecedit
3401 4870 3663 4940 virginem

2057 4960 2529 5034 ’hrereticqulla
2570 4960 2713 5015 enim
2755 4975 2861 5014 non
2903 4967 2985 5014 est
3012 4960 3159 5029 virgo
3195 4959 3536 5029 incorpore,
3565 4959 3664 5015 ista

2091 5053 2281 5107 mulier
2309 5053 2443 5106 facta
2472 5058 2555 5107 est
2599 5051 2652 5105 in
2700 5049 2899 5118 corde,
2927 5058 2982 5104 et
3024 5049 3218 5105 mulier
3256 5065 3362 5103 non
3400 5064 3430 5103 a
3469 5050 3668 5105 marito

2094 5144 2222 5211 Deo,
2253 5144 2345 5199 sed
2378 5159 2419 5199 ιι
2468 5153 2733 5212 serpente.
2770 5142 2907 5212 Quid
2952 5150 3128 5198 autem
3174 5142 3447 5199 Ecclesia?
3497 5142 3668 5213 Super

2090 5236 2317 5305 aspidem
2353 5245 2399 5290 et
2438 5234 2724 5289 basilisca":
2751 5233 3051 5288 ambulabis.
3083 5232 3197 5288 Rex
3235 5244 3318 5289 est
3341 5235 3667 5319 serpentium

2058 5327 2392 5390 basiliscos,
2418 5327 2555 5381 sicut
2600 5325 2844 5381 diabolus
2886 5341 2982 5380 rex
3029 5332 3113 5381 est
3162 5324 3568 5381 daemoniorum.
3600 5323 3669 5378 Et

2094 5417 2406 5473 conculcabis
2432 5418 2623 5472 leonem
2649 5426 2697 5470 et
2722 5416 3012 5471 draconem.

2164 5509 2255 5565 l9.
2282 5506 2440 5599 [νινε.
2471 5506 2582 5580 ιι]
2607 5507 2723 5563 lam
2753 5508 2913 5563 verba
2951 5507 3043 5563 Dei
3069 5506 3135 5563 ad
3163 5506 3455 5563 Eeelesiam
3485 5525 3496 5560 :
3533 5507 3671 5574 Quo-

2154 5693 2179 5725 ί
2212 5692 2285 5740 sic
2305 5694 2378 5738 Er.
2402 5695 2523 5739 Ven.
2547 5693 2617 5738 et.
2640 5692 2751 5737 Iov.
2775 5692 2826 5737 ιιι
2847 5693 2896 5736 Β.
2909 5686 3071 5747 deest,
3090 5660 3213 5734 lino.
3276 5689 3334 5732 Μ.

2161 5756 2183 5785 ⁸
2215 5753 2366 5802 Nostri
2388 5762 2559 5800 annos
2576 5754 2705 5812 uss,
2728 5748 2939 5812 frangat.

2166 5814 2240 5878 (α)
2265 5820 2331 5866 De
2348 5812 2442 5865 hoc
2459 5822 2609 5869 versu
2625 5805 2906 5874 jam'supra,
2934 5809 2983 5859 in
3005 5813 3163 5857 Enarr.
3186 5807 3304 5855 Psal.
3330 5818 3506 5866 xxstx,
3524 5816 3571 5854 ιι.
3604 5805 3647 5855 f.
