  <div class='ocr_page' id='page_1' title='image "/cluster/home/n/w/nwhite01/storage/ocr_20150623/37/hvd.32044096580592/080.png"; bbox 0 0 4024 6210; ppageno 0'>
   <div class='ocr_carea' id='block_1_1' title="bbox 277 322 418 377">
    <p class='ocr_par' dir='ltr' id='par_1_1' title="bbox 277 322 418 377">
     <span class='ocr_line' id='line_1_1' title="bbox 277 322 418 377; baseline -0.035 0"><span class='ocrx_word' id='word_1_1' title='bbox 277 325 297 377; x_wconf 83' lang='lat' dir='ltr'><strong>l</strong></span> <span class='ocrx_word' id='word_1_2' title='bbox 319 322 418 376; x_wconf 70' lang='lat' dir='ltr'><strong>to!)</strong></span> 
     </span>
    </p>
   </div>
   <div class='ocr_carea' id='block_1_2' title="bbox 274 421 1860 503">
    <p class='ocr_par' dir='ltr' id='par_1_2' title="bbox 274 421 1860 503">
     <span class='ocr_line' id='line_1_2' title="bbox 274 421 1860 503; baseline -0.011 -16"><span class='ocrx_word' id='word_1_3' title='bbox 274 438 415 488; x_wconf 80' lang='lat' dir='ltr'><strong>nium</strong></span> <span class='ocrx_word' id='word_1_4' title='bbox 469 436 522 488; x_wconf 88' lang='lat' dir='ltr'><strong>in</strong></span> <span class='ocrx_word' id='word_1_5' title='bbox 577 450 654 486; x_wconf 89' lang='lat' dir='ltr'><strong>me</strong></span> <span class='ocrx_word' id='word_1_6' title='bbox 701 431 936 503; x_wconf 70' lang='lat' dir='ltr'><strong>speravit,</strong></span> <span class='ocrx_word' id='word_1_7' title='bbox 970 444 1143 481; x_wconf 80' lang='lat' dir='ltr'><strong>eruam</strong></span> <span class='ocrx_word' id='word_1_8' title='bbox 1184 441 1316 478; x_wconf 84' lang='lat' dir='ltr'><strong>cum.</strong></span> <span class='ocrx_word' id='word_1_9' title='bbox 1368 422 1484 477; x_wconf 75' lang='lat' dir='ltr'><strong>Non</strong></span> <span class='ocrx_word' id='word_1_10' title='bbox 1511 421 1694 475; x_wconf 86' lang='lat' dir='ltr'><strong>solum</strong></span> <span class='ocrx_word' id='word_1_11' title='bbox 1731 431 1860 486; x_wconf 82' lang='lat' dir='ltr'><strong>ergo</strong></span> 
     </span>
    </p>
   </div>
   <div class='ocr_carea' id='block_1_3' title="bbox 275 509 1860 597">
    <p class='ocr_par' dir='ltr' id='par_1_3' title="bbox 275 509 1860 597">
     <span class='ocr_line' id='line_1_3' title="bbox 275 509 1860 597; baseline -0.015 -15"><span class='ocrx_word' id='word_1_12' title='bbox 275 535 461 597; x_wconf 88' lang='lat' dir='ltr'><strong>caput,</strong></span> <span class='ocrx_word' id='word_1_13' title='bbox 495 525 640 594; x_wconf 91' lang='lat' dir='ltr'><strong>quod</strong></span> <span class='ocrx_word' id='word_1_14' title='bbox 695 522 853 578; x_wconf 88' lang='lat' dir='ltr'><strong>modo</strong></span> <span class='ocrx_word' id='word_1_15' title='bbox 900 519 1051 574; x_wconf 87' lang='lat' dir='ltr'><strong>sedet</strong></span> <span class='ocrx_word' id='word_1_16' title='bbox 1095 519 1146 571; x_wconf 85' lang='lat' dir='ltr'><strong>in</strong></span> <span class='ocrx_word' id='word_1_17' title='bbox 1186 516 1358 580; x_wconf 76' lang='lat' dir='ltr'><strong>creto,</strong></span> <span class='ocrx_word' id='word_1_18' title='bbox 1387 512 1508 583; x_wconf 84' lang='lat' dir='ltr'><strong>quia</strong></span> <span class='ocrx_word' id='word_1_19' title='bbox 1544 509 1860 564; x_wconf 87' lang='lat' dir='ltr'><strong>altissimum</strong></span> 
     </span>
    </p>
   </div>
   <div class='ocr_carea' id='block_1_4' title="bbox 278 601 1857 688">
    <p class='ocr_par' dir='ltr' id='par_1_4' title="bbox 278 601 1857 688">
     <span class='ocr_line' id='line_1_4' title="bbox 278 601 1857 688; baseline -0.013 -15"><span class='ocrx_word' id='word_1_20' title='bbox 278 619 458 688; x_wconf 88' lang='lat' dir='ltr'><strong>posuit</strong></span> <span class='ocrx_word' id='word_1_21' title='bbox 489 616 754 687; x_wconf 77' lang='lat' dir='ltr'><strong>refugium</strong></span> <span class='ocrx_word' id='word_1_22' title='bbox 783 628 937 668; x_wconf 90' lang='lat' dir='ltr'><strong>suum</strong></span> <span class='ocrx_word' id='word_1_23' title='bbox 956 653 968 677; x_wconf 90' lang='lat'><strong>,</strong></span> <span class='ocrx_word' id='word_1_24' title='bbox 993 610 1058 665; x_wconf 91' lang='lat' dir='ltr'><strong>ad</strong></span> <span class='ocrx_word' id='word_1_25' title='bbox 1099 609 1242 680; x_wconf 92' lang='lat' dir='ltr'><strong>quod</strong></span> <span class='ocrx_word' id='word_1_26' title='bbox 1273 621 1378 662; x_wconf 89' lang='lat' dir='ltr'><strong>non</strong></span> <span class='ocrx_word' id='word_1_27' title='bbox 1409 604 1660 660; x_wconf 87' lang='lat' dir='ltr'><strong>accedent</strong></span> <span class='ocrx_word' id='word_1_28' title='bbox 1685 601 1823 655; x_wconf 88' lang='lat' dir='ltr'><strong>mala</strong></span> <span class='ocrx_word' id='word_1_29' title='bbox 1843 641 1857 664; x_wconf 93' lang='lat'><strong>,</strong></span> 
     </span>
    </p>
   </div>
   <div class='ocr_carea' id='block_1_5' title="bbox 276 692 1856 778">
    <p class='ocr_par' dir='ltr' id='par_1_5' title="bbox 276 692 1856 778">
     <span class='ocr_line' id='line_1_5' title="bbox 276 692 1856 778; baseline -0.013 -14"><span class='ocrx_word' id='word_1_30' title='bbox 276 719 333 764; x_wconf 92' lang='lat' dir='ltr'><strong>et</strong></span> <span class='ocrx_word' id='word_1_31' title='bbox 380 708 651 778; x_wconf 80' lang='lat' dir='ltr'><strong>ﬂagellum</strong></span> <span class='ocrx_word' id='word_1_32' title='bbox 693 722 799 760; x_wconf 84' lang='lat' dir='ltr'><strong>non</strong></span> <span class='ocrx_word' id='word_1_33' title='bbox 840 699 1284 774; x_wconf 84' lang='lat' dir='ltr'><strong>apprOpinquabit</strong></span> <span class='ocrx_word' id='word_1_34' title='bbox 1326 694 1668 751; x_wconf 88' lang='lat' dir='ltr'><strong>tabernaculo</strong></span> <span class='ocrx_word' id='word_1_35' title='bbox 1711 692 1856 760; x_wconf 86' lang='lat' dir='ltr'><strong>ejus;</strong></span> 
     </span>
    </p>
   </div>
   <div class='ocr_carea' id='block_1_6' title="bbox 279 785 1860 871">
    <p class='ocr_par' dir='ltr' id='par_1_6' title="bbox 279 785 1860 871">
     <span class='ocr_line' id='line_1_6' title="bbox 279 785 1860 871; baseline -0.015 -14"><span class='ocrx_word' id='word_1_36' title='bbox 279 801 373 857; x_wconf 86' lang='lat' dir='ltr'><strong>sed</strong></span> <span class='ocrx_word' id='word_1_37' title='bbox 399 811 455 856; x_wconf 93' lang='lat' dir='ltr'><strong>et</strong></span> <span class='ocrx_word' id='word_1_38' title='bbox 485 815 582 854; x_wconf 90' lang='lat' dir='ltr'><strong>uos</strong></span> <span class='ocrx_word' id='word_1_39' title='bbox 603 799 693 868; x_wconf 93' lang='lat' dir='ltr'><strong>qui</strong></span> <span class='ocrx_word' id='word_1_40' title='bbox 726 797 1028 871; x_wconf 80' lang='lat' dir='ltr'><strong>laboramus</strong></span> <span class='ocrx_word' id='word_1_41' title='bbox 1051 792 1100 846; x_wconf 88' lang='lat' dir='ltr'><strong>in</strong></span> <span class='ocrx_word' id='word_1_42' title='bbox 1132 801 1272 846; x_wconf 88' lang='lat' dir='ltr'><strong>terra</strong></span> <span class='ocrx_word' id='word_1_43' title='bbox 1295 831 1309 857; x_wconf 88' lang='lat'><strong>,</strong></span> <span class='ocrx_word' id='word_1_44' title='bbox 1338 799 1392 845; x_wconf 90' lang='lat' dir='ltr'><strong>et</strong></span> <span class='ocrx_word' id='word_1_45' title='bbox 1416 787 1588 842; x_wconf 89' lang='lat' dir='ltr'><strong>adhuc</strong></span> <span class='ocrx_word' id='word_1_46' title='bbox 1615 785 1667 838; x_wconf 91' lang='lat' dir='ltr'><strong>in</strong></span> <span class='ocrx_word' id='word_1_47' title='bbox 1695 791 1860 838; x_wconf 87' lang='lat' dir='ltr'><strong>tenta-</strong></span> 
     </span>
    </p>
   </div>
   <div class='ocr_carea' id='block_1_7' title="bbox 281 876 1858 958">
    <p class='ocr_par' dir='ltr' id='par_1_7' title="bbox 281 876 1858 958">
     <span class='ocr_line' id='line_1_7' title="bbox 281 876 1858 958; baseline -0.011 -12"><span class='ocrx_word' id='word_1_48' title='bbox 281 891 517 946; x_wconf 90' lang='lat' dir='ltr'><strong>tiouibus</strong></span> <span class='ocrx_word' id='word_1_49' title='bbox 539 889 788 954; x_wconf 75' lang='lat' dir='ltr'><strong>vivimus,</strong></span> <span class='ocrx_word' id='word_1_50' title='bbox 816 901 1038 958; x_wconf 91' lang='lat' dir='ltr'><strong>quorum</strong></span> <span class='ocrx_word' id='word_1_51' title='bbox 1068 898 1282 956; x_wconf 85' lang='lat' dir='ltr'><strong>gressus</strong></span> <span class='ocrx_word' id='word_1_52' title='bbox 1309 883 1581 943; x_wconf 89' lang='lat' dir='ltr'><strong>timentur,</strong></span> <span class='ocrx_word' id='word_1_53' title='bbox 1611 893 1678 932; x_wconf 92' lang='lat' dir='ltr'><strong>ne</strong></span> <span class='ocrx_word' id='word_1_54' title='bbox 1703 877 1754 930; x_wconf 88' lang='lat' dir='ltr'><strong>in</strong></span> <span class='ocrx_word' id='word_1_55' title='bbox 1781 876 1858 929; x_wconf 90' lang='lat' dir='ltr'><strong>la-</strong></span> 
     </span>
    </p>
   </div>
   <div class='ocr_carea' id='block_1_8' title="bbox 276 965 1863 1052">
    <p class='ocr_par' dir='ltr' id='par_1_8' title="bbox 276 965 1863 1052">
     <span class='ocr_line' id='line_1_8' title="bbox 276 965 1863 1052; baseline -0.009 -19"><span class='ocrx_word' id='word_1_56' title='bbox 276 997 445 1052; x_wconf 83' lang='lat' dir='ltr'><strong>queos</strong></span> <span class='ocrx_word' id='word_1_57' title='bbox 475 981 742 1042; x_wconf 92' lang='lat' dir='ltr'><strong>incidant,</strong></span> <span class='ocrx_word' id='word_1_58' title='bbox 783 978 1060 1033; x_wconf 89' lang='lat' dir='ltr'><strong>audiamus</strong></span> <span class='ocrx_word' id='word_1_59' title='bbox 1101 989 1282 1029; x_wconf 88' lang='lat' dir='ltr'><strong>vocem</strong></span> <span class='ocrx_word' id='word_1_60' title='bbox 1322 971 1529 1028; x_wconf 86' lang='lat' dir='ltr'><strong>Domini</strong></span> <span class='ocrx_word' id='word_1_61' title='bbox 1571 969 1664 1024; x_wconf 91' lang='lat' dir='ltr'><strong>Dei</strong></span> <span class='ocrx_word' id='word_1_62' title='bbox 1697 965 1863 1022; x_wconf 86' lang='lat' dir='ltr'><strong>nostri</strong></span> 
     </span>
    </p>
   </div>
   <div class='ocr_carea' id='block_1_9' title="bbox 275 1060 1865 1132">
    <p class='ocr_par' dir='ltr' id='par_1_9' title="bbox 275 1060 1865 1132">
     <span class='ocr_line' id='line_1_9' title="bbox 275 1060 1865 1132; baseline -0.012 -5"><span class='ocrx_word' id='word_1_63' title='bbox 275 1071 603 1127; x_wconf 70' lang='lat' dir='ltr'><strong>consolantis</strong></span> <span class='ocrx_word' id='word_1_64' title='bbox 648 1085 768 1132; x_wconf 86' lang='lat' dir='ltr'><strong>nos,</strong></span> <span class='ocrx_word' id='word_1_65' title='bbox 808 1077 864 1124; x_wconf 90' lang='lat' dir='ltr'><strong>et.</strong></span> <span class='ocrx_word' id='word_1_66' title='bbox 904 1067 1128 1122; x_wconf 81' lang='lat' dir='ltr'><strong>dicentis</strong></span> <span class='ocrx_word' id='word_1_67' title='bbox 1169 1064 1361 1120; x_wconf 87' lang='lat' dir='ltr'><strong>nobis:</strong></span> <span class='ocrx_word' id='word_1_68' title='bbox 1395 1061 1646 1129; x_wconf 83' lang='lat' dir='ltr'><strong>Quoniam</strong></span> <span class='ocrx_word' id='word_1_69' title='bbox 1694 1060 1746 1111; x_wconf 89' lang='lat' dir='ltr'><strong>in</strong></span> <span class='ocrx_word' id='word_1_70' title='bbox 1786 1072 1865 1110; x_wconf 81' lang='lat' dir='ltr'><strong>me</strong></span> 
     </span>
    </p>
   </div>
   <div class='ocr_carea' id='block_1_10' title="bbox 275 1153 1863 1233">
    <p class='ocr_par' dir='ltr' id='par_1_10' title="bbox 275 1153 1863 1233">
     <span class='ocr_line' id='line_1_10' title="bbox 275 1153 1863 1233; baseline -0.009 -16"><span class='ocrx_word' id='word_1_71' title='bbox 275 1164 516 1233; x_wconf 78' lang='lat' dir='ltr'><strong>speravit,</strong></span> <span class='ocrx_word' id='word_1_72' title='bbox 551 1179 727 1216; x_wconf 86' lang='lat' dir='ltr'><strong>eruam</strong></span> <span class='ocrx_word' id='word_1_73' title='bbox 753 1177 865 1214; x_wconf 87' lang='lat' dir='ltr'><strong>eum</strong></span> <span class='ocrx_word' id='word_1_74' title='bbox 883 1177 902 1226; x_wconf 83' lang='lat'><strong>,°</strong></span> <span class='ocrx_word' id='word_1_75' title='bbox 931 1167 1189 1230; x_wconf 84' lang='lat' dir='ltr'><strong>protegant</strong></span> <span class='ocrx_word' id='word_1_76' title='bbox 1220 1172 1332 1211; x_wconf 86' lang='lat' dir='ltr'><strong>eum</strong></span> <span class='ocrx_word' id='word_1_77' title='bbox 1351 1196 1365 1221; x_wconf 91' lang='lat'><strong>,</strong></span> <span class='ocrx_word' id='word_1_78' title='bbox 1403 1153 1639 1223; x_wconf 82' lang='lat' dir='ltr'><strong>quoniam</strong></span> <span class='ocrx_word' id='word_1_79' title='bbox 1679 1164 1863 1219; x_wconf 61' lang='lat' dir='ltr'><strong>carpto-</strong></span> 
     </span>
    </p>
   </div>
   <div class='ocr_carea' id='block_1_11' title="bbox 274 1256 767 1309">
    <p class='ocr_par' dir='ltr' id='par_1_11' title="bbox 274 1256 767 1309">
     <span class='ocr_line' id='line_1_11' title="bbox 274 1256 767 1309; baseline -0.006 -1"><span class='ocrx_word' id='word_1_80' title='bbox 274 1256 340 1309; x_wconf 70' lang='lat' dir='ltr'><strong>rit</strong></span> <span class='ocrx_word' id='word_1_81' title='bbox 370 1270 553 1307; x_wconf 80' lang='lat' dir='ltr'><strong>nomen</strong></span> <span class='ocrx_word' id='word_1_82' title='bbox 582 1268 767 1305; x_wconf 79' lang='lat' dir='ltr'><strong>meum.</strong></span> 
     </span>
    </p>
   </div>
   <div class='ocr_carea' id='block_1_12' title="bbox 351 1331 1865 1415">
    <p class='ocr_par' dir='ltr' id='par_1_12' title="bbox 351 1331 1865 1415">
     <span class='ocr_line' id='line_1_12' title="bbox 351 1331 1865 1415; baseline -0.013 -17"><span class='ocrx_word' id='word_1_83' title='bbox 351 1344 438 1398; x_wconf 86' lang='grc'><strong>11.</strong></span> <span class='ocrx_word' id='word_1_84' title='bbox 470 1342 620 1415; x_wconf 65' lang='grc' dir='ltr'><strong>[να-ε.</strong></span> <span class='ocrx_word' id='word_1_85' title='bbox 658 1339 770 1413; x_wconf 59' lang='lat' dir='ltr'><strong>lii]</strong></span> <span class='ocrx_word' id='word_1_86' title='bbox 795 1339 1048 1394; x_wconf 82' lang='lat' dir='ltr'><strong>Inrocabit</strong></span> <span class='ocrx_word' id='word_1_87' title='bbox 1075 1339 1089 1370; x_wconf 82' lang='grc'>¹</span> <span class='ocrx_word' id='word_1_88' title='bbox 1119 1354 1215 1401; x_wconf 88' lang='lat' dir='ltr'><strong>me,</strong></span> <span class='ocrx_word' id='word_1_89' title='bbox 1242 1347 1289 1390; x_wconf 88' lang='lat' dir='ltr'><strong>et</strong></span> <span class='ocrx_word' id='word_1_90' title='bbox 1315 1351 1405 1405; x_wconf 83' lang='lat' dir='ltr'><strong>ego</strong></span> <span class='ocrx_word' id='word_1_91' title='bbox 1426 1331 1694 1387; x_wconf 66' lang='lat' dir='ltr'><strong>exaudiam</strong></span> <span class='ocrx_word' id='word_1_92' title='bbox 1721 1345 1865 1394; x_wconf 82' lang='lat' dir='ltr'><strong>eum;</strong></span> 
     </span>
    </p>
   </div>
   <div class='ocr_carea' id='block_1_13' title="bbox 277 1423 1864 1504">
    <p class='ocr_par' dir='ltr' id='par_1_13' title="bbox 277 1423 1864 1504">
     <span class='ocr_line' id='line_1_13' title="bbox 277 1423 1864 1504; baseline -0.008 -16"><span class='ocrx_word' id='word_1_93' title='bbox 277 1452 392 1488; x_wconf 82' lang='lat' dir='ltr'><strong>cum</strong></span> <span class='ocrx_word' id='word_1_94' title='bbox 415 1435 527 1504; x_wconf 80' lang='lat' dir='ltr'><strong>ipso</strong></span> <span class='ocrx_word' id='word_1_95' title='bbox 566 1449 677 1486; x_wconf 82' lang='lat' dir='ltr'><strong>sum</strong></span> <span class='ocrx_word' id='word_1_96' title='bbox 707 1433 761 1484; x_wconf 86' lang='lat' dir='ltr'><strong>in</strong></span> <span class='ocrx_word' id='word_1_97' title='bbox 785 1429 1122 1484; x_wconf 89' lang='lat' dir='ltr'><strong>tribulatione.</strong></span> <span class='ocrx_word' id='word_1_98' title='bbox 1149 1428 1265 1482; x_wconf 87' lang='lat' dir='ltr'><strong>Noli</strong></span> <span class='ocrx_word' id='word_1_99' title='bbox 1301 1428 1488 1481; x_wconf 88' lang='lat' dir='ltr'><strong>timere</strong></span> <span class='ocrx_word' id='word_1_100' title='bbox 1527 1423 1738 1494; x_wconf 80' lang='lat' dir='ltr'><strong>quando</strong></span> <span class='ocrx_word' id='word_1_101' title='bbox 1768 1423 1864 1476; x_wconf 84' lang='lat' dir='ltr'><strong>tri-</strong></span> 
     </span>
    </p>
   </div>
   <div class='ocr_carea' id='block_1_14' title="bbox 283 1513 1864 1591">
    <p class='ocr_par' dir='ltr' id='par_1_14' title="bbox 283 1513 1864 1591">
     <span class='ocr_line' id='line_1_14' title="bbox 283 1513 1864 1591; baseline -0.008 -14"><span class='ocrx_word' id='word_1_102' title='bbox 283 1524 614 1586; x_wconf 86' lang='lat' dir='ltr'><strong>bularis,ne</strong></span> <span class='ocrx_word' id='word_1_103' title='bbox 641 1521 792 1591; x_wconf 89' lang='lat' dir='ltr'><strong>quasi</strong></span> <span class='ocrx_word' id='word_1_104' title='bbox 819 1536 924 1574; x_wconf 92' lang='lat' dir='ltr'><strong>nou</strong></span> <span class='ocrx_word' id='word_1_105' title='bbox 953 1529 1125 1574; x_wconf 84' lang='lat' dir='ltr'><strong>tecum</strong></span> <span class='ocrx_word' id='word_1_106' title='bbox 1174 1517 1243 1570; x_wconf 88' lang='lat' dir='ltr'><strong>sit</strong></span> <span class='ocrx_word' id='word_1_107' title='bbox 1290 1517 1450 1570; x_wconf 92' lang='lat' dir='ltr'><strong>Deus.</strong></span> <span class='ocrx_word' id='word_1_108' title='bbox 1483 1513 1642 1568; x_wconf 85' lang='lat' dir='ltr'><strong>Fides</strong></span> <span class='ocrx_word' id='word_1_109' title='bbox 1672 1513 1742 1567; x_wconf 90' lang='lat' dir='ltr'><strong>sit</strong></span> <span class='ocrx_word' id='word_1_110' title='bbox 1783 1520 1864 1566; x_wconf 89' lang='lat' dir='ltr'><strong>te-</strong></span> 
     </span>
    </p>
   </div>
   <div class='ocr_carea' id='block_1_15' title="bbox 283 1599 1869 1680">
    <p class='ocr_par' dir='ltr' id='par_1_15' title="bbox 283 1599 1869 1680">
     <span class='ocr_line' id='line_1_15' title="bbox 283 1599 1869 1680; baseline -0.009 -8"><span class='ocrx_word' id='word_1_111' title='bbox 283 1634 425 1680; x_wconf 86' lang='lat' dir='ltr'><strong>cum,</strong></span> <span class='ocrx_word' id='word_1_112' title='bbox 457 1624 514 1671; x_wconf 85' lang='lat' dir='ltr'><strong>et</strong></span> <span class='ocrx_word' id='word_1_113' title='bbox 544 1625 717 1669; x_wconf 87' lang='lat' dir='ltr'><strong>tecum</strong></span> <span class='ocrx_word' id='word_1_114' title='bbox 748 1621 832 1668; x_wconf 90' lang='lat' dir='ltr'><strong>est</strong></span> <span class='ocrx_word' id='word_1_115' title='bbox 862 1613 1000 1667; x_wconf 85' lang='lat' dir='ltr'><strong>Deus</strong></span> <span class='ocrx_word' id='word_1_116' title='bbox 1025 1611 1076 1665; x_wconf 92' lang='lat' dir='ltr'><strong>in</strong></span> <span class='ocrx_word' id='word_1_117' title='bbox 1118 1609 1477 1664; x_wconf 84' lang='lat' dir='ltr'><strong>tribulatione.</strong></span> <span class='ocrx_word' id='word_1_118' title='bbox 1501 1599 1717 1660; x_wconf 82' lang='lat' dir='ltr'><strong>Fluctus</strong></span> <span class='ocrx_word' id='word_1_119' title='bbox 1743 1612 1869 1659; x_wconf 89' lang='lat' dir='ltr'><strong>sunt</strong></span> 
     </span>
    </p>
   </div>
   <div class='ocr_carea' id='block_1_16' title="bbox 286 1699 1868 1774">
    <p class='ocr_par' dir='ltr' id='par_1_16' title="bbox 286 1699 1868 1774">
     <span class='ocr_line' id='line_1_16' title="bbox 286 1699 1868 1774; baseline -0.01 -9"><span class='ocrx_word' id='word_1_120' title='bbox 286 1711 468 1774; x_wconf 77' lang='lat' dir='ltr'><strong>maris,</strong></span> <span class='ocrx_word' id='word_1_121' title='bbox 495 1707 726 1764; x_wconf 89' lang='lat' dir='ltr'><strong>turbaris</strong></span> <span class='ocrx_word' id='word_1_122' title='bbox 749 1708 799 1760; x_wconf 90' lang='lat' dir='ltr'><strong>in</strong></span> <span class='ocrx_word' id='word_1_123' title='bbox 827 1705 1055 1774; x_wconf 84' lang='lat' dir='ltr'><strong>navigio,</strong></span> <span class='ocrx_word' id='word_1_124' title='bbox 1085 1703 1204 1774; x_wconf 87' lang='lat' dir='ltr'><strong>quia</strong></span> <span class='ocrx_word' id='word_1_125' title='bbox 1231 1701 1425 1756; x_wconf 87' lang='lat' dir='ltr'><strong>dormit</strong></span> <span class='ocrx_word' id='word_1_126' title='bbox 1447 1699 1707 1755; x_wconf 86' lang='lat' dir='ltr'><strong>Christus.</strong></span> <span class='ocrx_word' id='word_1_127' title='bbox 1737 1699 1868 1750; x_wconf 84' lang='lat' dir='ltr'><strong>Dor-</strong></span> 
     </span>
    </p>
   </div>
   <div class='ocr_carea' id='block_1_17' title="bbox 286 1786 1864 1863">
    <p class='ocr_par' dir='ltr' id='par_1_17' title="bbox 286 1786 1864 1863">
     <span class='ocr_line' id='line_1_17' title="bbox 286 1786 1864 1863; baseline -0.011 -7"><span class='ocrx_word' id='word_1_128' title='bbox 286 1801 480 1856; x_wconf 88' lang='lat' dir='ltr'><strong>miebat</strong></span> <span class='ocrx_word' id='word_1_129' title='bbox 526 1800 579 1853; x_wconf 92' lang='lat' dir='ltr'><strong>iu</strong></span> <span class='ocrx_word' id='word_1_130' title='bbox 624 1798 744 1852; x_wconf 87' lang='lat' dir='ltr'><strong>navi</strong></span> <span class='ocrx_word' id='word_1_131' title='bbox 774 1796 1046 1858; x_wconf 83' lang='lat' dir='ltr'><strong>Christus,</strong></span> <span class='ocrx_word' id='word_1_132' title='bbox 1097 1792 1340 1863; x_wconf 81' lang='lat' dir='ltr'><strong>peribant</strong></span> <span class='ocrx_word' id='word_1_133' title='bbox 1385 1790 1626 1844; x_wconf 85' lang='lat' dir='ltr'><strong>homines</strong></span> <span class='ocrx_word' id='word_1_134' title='bbox 1655 1786 1864 1860; x_wconf 81' lang='lat' dir='ltr'><strong>(Matth.</strong></span> 
     </span>
    </p>
   </div>
   <div class='ocr_carea' id='block_1_18' title="bbox 291 1881 1868 1959">
    <p class='ocr_par' dir='ltr' id='par_1_18' title="bbox 291 1881 1868 1959">
     <span class='ocr_line' id='line_1_18' title="bbox 291 1881 1868 1959; baseline -0.008 -15"><span class='ocrx_word' id='word_1_135' title='bbox 291 1907 404 1958; x_wconf 82' lang='lat' dir='ltr'><strong>vui,</strong></span> <span class='ocrx_word' id='word_1_136' title='bbox 431 1889 524 1954; x_wconf 51' lang='lat'><strong>2:5,</strong></span> <span class='ocrx_word' id='word_1_137' title='bbox 552 1886 667 1959; x_wconf 67' lang='lat'><strong>25).</strong></span> <span class='ocrx_word' id='word_1_138' title='bbox 697 1887 752 1942; x_wconf 92' lang='lat' dir='ltr'><strong>Si</strong></span> <span class='ocrx_word' id='word_1_139' title='bbox 781 1886 911 1940; x_wconf 90' lang='lat' dir='ltr'><strong>ﬁdes</strong></span> <span class='ocrx_word' id='word_1_140' title='bbox 950 1894 1037 1939; x_wconf 87' lang='lat' dir='ltr'><strong>tua</strong></span> <span class='ocrx_word' id='word_1_141' title='bbox 1076 1883 1272 1937; x_wconf 85' lang='lat' dir='ltr'><strong>dormit</strong></span> <span class='ocrx_word' id='word_1_142' title='bbox 1320 1881 1372 1935; x_wconf 92' lang='lat' dir='ltr'><strong>in</strong></span> <span class='ocrx_word' id='word_1_143' title='bbox 1399 1881 1561 1935; x_wconf 90' lang='lat' dir='ltr'><strong>corde</strong></span> <span class='ocrx_word' id='word_1_144' title='bbox 1591 1887 1680 1933; x_wconf 91' lang='lat' dir='ltr'><strong>tuo</strong></span> <span class='ocrx_word' id='word_1_145' title='bbox 1700 1919 1712 1943; x_wconf 91' lang='lat'><strong>,</strong></span> <span class='ocrx_word' id='word_1_146' title='bbox 1749 1887 1868 1931; x_wconf 86' lang='lat' dir='ltr'><strong>tan-</strong></span> 
     </span>
    </p>
   </div>
   <div class='ocr_carea' id='block_1_19' title="bbox 287 1970 1871 2050">
    <p class='ocr_par' dir='ltr' id='par_1_19' title="bbox 287 1970 1871 2050">
     <span class='ocr_line' id='line_1_19' title="bbox 287 1970 1871 2050; baseline -0.008 -15"><span class='ocrx_word' id='word_1_147' title='bbox 287 1996 445 2050; x_wconf 85' lang='lat' dir='ltr'><strong>quam</strong></span> <span class='ocrx_word' id='word_1_148' title='bbox 473 1981 526 2033; x_wconf 93' lang='lat' dir='ltr'><strong>in</strong></span> <span class='ocrx_word' id='word_1_149' title='bbox 555 1979 673 2032; x_wconf 88' lang='lat' dir='ltr'><strong>navi</strong></span> <span class='ocrx_word' id='word_1_150' title='bbox 705 1991 789 2032; x_wconf 90' lang='lat' dir='ltr'><strong>tua</strong></span> <span class='ocrx_word' id='word_1_151' title='bbox 816 1974 1012 2031; x_wconf 86' lang='lat' dir='ltr'><strong>dormit</strong></span> <span class='ocrx_word' id='word_1_152' title='bbox 1045 1973 1287 2029; x_wconf 79' lang='lat' dir='ltr'><strong>Christus</strong></span> <span class='ocrx_word' id='word_1_153' title='bbox 1317 1989 1330 2024; x_wconf 89' lang='lat'><strong>:</strong></span> <span class='ocrx_word' id='word_1_154' title='bbox 1359 1971 1478 2041; x_wconf 89' lang='lat' dir='ltr'><strong>quia</strong></span> <span class='ocrx_word' id='word_1_155' title='bbox 1509 1970 1749 2024; x_wconf 88' lang='lat' dir='ltr'><strong>Christus</strong></span> <span class='ocrx_word' id='word_1_156' title='bbox 1778 1983 1871 2037; x_wconf 90' lang='lat' dir='ltr'><strong>per</strong></span> 
     </span>
    </p>
   </div>
   <div class='ocr_carea' id='block_1_20' title="bbox 289 2059 1870 2133">
    <p class='ocr_par' dir='ltr' id='par_1_20' title="bbox 289 2059 1870 2133">
     <span class='ocr_line' id='line_1_20' title="bbox 289 2059 1870 2133; baseline -0.007 -6"><span class='ocrx_word' id='word_1_157' title='bbox 289 2073 446 2128; x_wconf 73' lang='lat' dir='ltr'><strong>tidem</strong></span> <span class='ocrx_word' id='word_1_158' title='bbox 498 2073 557 2126; x_wconf 89' lang='lat' dir='ltr'><strong>in</strong></span> <span class='ocrx_word' id='word_1_159' title='bbox 605 2082 657 2126; x_wconf 89' lang='lat' dir='ltr'><strong>te</strong></span> <span class='ocrx_word' id='word_1_160' title='bbox 706 2070 927 2124; x_wconf 86' lang='lat' dir='ltr'><strong>habitat.</strong></span> <span class='ocrx_word' id='word_1_161' title='bbox 953 2059 1104 2122; x_wconf 53' lang='lat' dir='ltr'><strong>&#39;Cum</strong></span> <span class='ocrx_word' id='word_1_162' title='bbox 1153 2065 1352 2120; x_wconf 88' lang='lat' dir='ltr'><strong>turbari</strong></span> <span class='ocrx_word' id='word_1_163' title='bbox 1400 2063 1652 2133; x_wconf 84' lang='lat' dir='ltr'><strong>coeperis,</strong></span> <span class='ocrx_word' id='word_1_164' title='bbox 1697 2063 1870 2117; x_wconf 80' lang='lat' dir='ltr'><strong>excita</strong></span> 
     </span>
    </p>
   </div>
   <div class='ocr_carea' id='block_1_21' title="bbox 289 2154 1872 2227">
    <p class='ocr_par' dir='ltr' id='par_1_21' title="bbox 289 2154 1872 2227">
     <span class='ocr_line' id='line_1_21' title="bbox 289 2154 1872 2227; baseline -0.009 -7"><span class='ocrx_word' id='word_1_165' title='bbox 289 2166 560 2220; x_wconf 78' lang='lat' dir='ltr'><strong>Christum</strong></span> <span class='ocrx_word' id='word_1_166' title='bbox 584 2161 971 2224; x_wconf 89' lang='lat' dir='ltr'><strong>dormientem;</strong></span> <span class='ocrx_word' id='word_1_167' title='bbox 1003 2158 1149 2227; x_wconf 83' lang='lat' dir='ltr'><strong>erige</strong></span> <span class='ocrx_word' id='word_1_168' title='bbox 1183 2156 1339 2211; x_wconf 84' lang='lat' dir='ltr'><strong>ﬁdem</strong></span> <span class='ocrx_word' id='word_1_169' title='bbox 1373 2163 1547 2221; x_wconf 90' lang='lat' dir='ltr'><strong>tuam,</strong></span> <span class='ocrx_word' id='word_1_170' title='bbox 1579 2163 1630 2208; x_wconf 91' lang='lat' dir='ltr'><strong>et</strong></span> <span class='ocrx_word' id='word_1_171' title='bbox 1660 2154 1872 2208; x_wconf 75' lang='lat' dir='ltr'><strong>noveris</strong></span> 
     </span>
    </p>
   </div>
   <div class='ocr_carea' id='block_1_22' title="bbox 288 2243 1871 2325">
    <p class='ocr_par' dir='ltr' id='par_1_22' title="bbox 288 2243 1871 2325">
     <span class='ocr_line' id='line_1_22' title="bbox 288 2243 1871 2325; baseline -0.004 -21"><span class='ocrx_word' id='word_1_172' title='bbox 288 2257 406 2325; x_wconf 76' lang='lat' dir='ltr'><strong>quia</strong></span> <span class='ocrx_word' id='word_1_173' title='bbox 435 2271 542 2309; x_wconf 89' lang='lat' dir='ltr'><strong>non</strong></span> <span class='ocrx_word' id='word_1_174' title='bbox 575 2263 626 2308; x_wconf 93' lang='lat' dir='ltr'><strong>te</strong></span> <span class='ocrx_word' id='word_1_175' title='bbox 667 2251 884 2306; x_wconf 89' lang='lat' dir='ltr'><strong>deserit.</strong></span> <span class='ocrx_word' id='word_1_176' title='bbox 924 2248 1029 2304; x_wconf 88' lang='lat' dir='ltr'><strong>Sed</strong></span> <span class='ocrx_word' id='word_1_177' title='bbox 1059 2247 1179 2303; x_wconf 89' lang='lat' dir='ltr'><strong>ideo</strong></span> <span class='ocrx_word' id='word_1_178' title='bbox 1220 2255 1374 2316; x_wconf 89' lang='lat' dir='ltr'><strong>putas</strong></span> <span class='ocrx_word' id='word_1_179' title='bbox 1417 2255 1467 2300; x_wconf 91' lang='lat' dir='ltr'><strong>te</strong></span> <span class='ocrx_word' id='word_1_180' title='bbox 1511 2244 1719 2310; x_wconf 89' lang='lat' dir='ltr'><strong>deseri,</strong></span> <span class='ocrx_word' id='word_1_181' title='bbox 1749 2243 1871 2316; x_wconf 87' lang='lat' dir='ltr'><strong>quia</strong></span> 
     </span>
    </p>
   </div>
   <div class='ocr_carea' id='block_1_23' title="bbox 290 2334 1874 2416">
    <p class='ocr_par' dir='ltr' id='par_1_23' title="bbox 290 2334 1874 2416">
     <span class='ocr_line' id='line_1_23' title="bbox 290 2334 1874 2416; baseline -0.008 -16"><span class='ocrx_word' id='word_1_182' title='bbox 290 2365 394 2400; x_wconf 85' lang='lat' dir='ltr'><strong>non</strong></span> <span class='ocrx_word' id='word_1_183' title='bbox 438 2343 654 2416; x_wconf 86' lang='lat' dir='ltr'><strong>quando</strong></span> <span class='ocrx_word' id='word_1_184' title='bbox 706 2342 783 2412; x_wconf 90' lang='lat' dir='ltr'><strong>(a)</strong></span> <span class='ocrx_word' id='word_1_185' title='bbox 833 2341 912 2395; x_wconf 85' lang='lat' dir='ltr'><strong>vis</strong></span> <span class='ocrx_word' id='word_1_186' title='bbox 949 2338 1125 2408; x_wconf 82' lang='lat' dir='ltr'><strong>eripit.</strong></span> <span class='ocrx_word' id='word_1_187' title='bbox 1158 2336 1370 2406; x_wconf 83' lang='lat' dir='ltr'><strong>Eripuit</strong></span> <span class='ocrx_word' id='word_1_188' title='bbox 1417 2346 1524 2389; x_wconf 89' lang='lat' dir='ltr'><strong>tres</strong></span> <span class='ocrx_word' id='word_1_189' title='bbox 1571 2347 1764 2403; x_wconf 88' lang='lat' dir='ltr'><strong>pueros</strong></span> <span class='ocrx_word' id='word_1_190' title='bbox 1805 2334 1874 2388; x_wconf 86' lang='lat' dir='ltr'><strong>de</strong></span> 
     </span>
    </p>
   </div>
   <div class='ocr_carea' id='block_1_24' title="bbox 291 2424 1876 2507">
    <p class='ocr_par' dir='ltr' id='par_1_24' title="bbox 291 2424 1876 2507">
     <span class='ocr_line' id='line_1_24' title="bbox 291 2424 1876 2507; baseline -0.007 -17"><span class='ocrx_word' id='word_1_191' title='bbox 291 2440 411 2507; x_wconf 84' lang='lat' dir='ltr'><strong>igne</strong></span> <span class='ocrx_word' id='word_1_192' title='bbox 438 2435 600 2503; x_wconf 87' lang='lat' dir='ltr'><strong>(Dan.</strong></span> <span class='ocrx_word' id='word_1_193' title='bbox 625 2449 704 2498; x_wconf 78' lang='grc' dir='ltr'><strong>ιιι,</strong></span> <span class='ocrx_word' id='word_1_194' title='bbox 730 2431 818 2497; x_wconf 73' lang='grc'><strong>49,</strong></span> <span class='ocrx_word' id='word_1_195' title='bbox 847 2429 959 2499; x_wconf 84' lang='lat'><strong>50).</strong></span> <span class='ocrx_word' id='word_1_196' title='bbox 993 2429 1093 2496; x_wconf 87' lang='lat' dir='ltr'><strong>Qui</strong></span> <span class='ocrx_word' id='word_1_197' title='bbox 1122 2427 1316 2496; x_wconf 86' lang='lat' dir='ltr'><strong>eripuit</strong></span> <span class='ocrx_word' id='word_1_198' title='bbox 1347 2437 1452 2480; x_wconf 89' lang='lat' dir='ltr'><strong>tres</strong></span> <span class='ocrx_word' id='word_1_199' title='bbox 1483 2439 1696 2495; x_wconf 90' lang='lat' dir='ltr'><strong>pueros,</strong></span> <span class='ocrx_word' id='word_1_200' title='bbox 1719 2424 1876 2480; x_wconf 86' lang='lat' dir='ltr'><strong>dese-</strong></span> 
     </span>
    </p>
   </div>
   <div class='ocr_carea' id='block_1_25' title="bbox 292 2516 1871 2592">
    <p class='ocr_par' dir='ltr' id='par_1_25' title="bbox 292 2516 1871 2592">
     <span class='ocr_line' id='line_1_25' title="bbox 292 2516 1871 2592; baseline -0.009 -9"><span class='ocrx_word' id='word_1_201' title='bbox 292 2529 391 2583; x_wconf 88' lang='lat' dir='ltr'><strong>ruit</strong></span> <span class='ocrx_word' id='word_1_202' title='bbox 417 2524 752 2581; x_wconf 68' lang='lat' dir='ltr'><strong>Machabmos</strong></span> <span class='ocrx_word' id='word_1_203' title='bbox 769 2521 836 2592; x_wconf 91' lang='lat' dir='ltr'><strong>(ll</strong></span> <span class='ocrx_word' id='word_1_204' title='bbox 859 2516 1232 2587; x_wconf 56' lang='lat' dir='ltr'><strong>Machabxu)?</strong></span> <span class='ocrx_word' id='word_1_205' title='bbox 1255 2517 1424 2572; x_wconf 84' lang='lat' dir='ltr'><strong>Absit.</strong></span> <span class='ocrx_word' id='word_1_206' title='bbox 1445 2517 1508 2570; x_wconf 86' lang='lat' dir='ltr'><strong>Et</strong></span> <span class='ocrx_word' id='word_1_207' title='bbox 1529 2517 1644 2570; x_wconf 89' lang='lat' dir='ltr'><strong>illos</strong></span> <span class='ocrx_word' id='word_1_208' title='bbox 1659 2516 1871 2586; x_wconf 83' lang='lat' dir='ltr'><strong>eripuit,</strong></span> 
     </span>
    </p>
   </div>
   <div class='ocr_carea' id='block_1_26' title="bbox 295 2603 1877 2683">
    <p class='ocr_par' dir='ltr' id='par_1_26' title="bbox 295 2603 1877 2683">
     <span class='ocr_line' id='line_1_26' title="bbox 295 2603 1877 2683; baseline -0.007 -11"><span class='ocrx_word' id='word_1_209' title='bbox 295 2629 347 2672; x_wconf 92' lang='lat' dir='ltr'><strong>et</strong></span> <span class='ocrx_word' id='word_1_210' title='bbox 376 2618 498 2672; x_wconf 90' lang='lat' dir='ltr'><strong>illos</strong></span> <span class='ocrx_word' id='word_1_211' title='bbox 527 2634 540 2668; x_wconf 90' lang='lat'><strong>:</strong></span> <span class='ocrx_word' id='word_1_212' title='bbox 575 2617 694 2670; x_wconf 87' lang='lat' dir='ltr'><strong>illos</strong></span> <span class='ocrx_word' id='word_1_213' title='bbox 722 2612 1072 2683; x_wconf 88' lang='lat' dir='ltr'><strong>corporaliter</strong></span> <span class='ocrx_word' id='word_1_214' title='bbox 1091 2651 1106 2674; x_wconf 94' lang='lat'><strong>,</strong></span> <span class='ocrx_word' id='word_1_215' title='bbox 1136 2620 1192 2664; x_wconf 89' lang='lat' dir='ltr'><strong>ut</strong></span> <span class='ocrx_word' id='word_1_216' title='bbox 1227 2607 1464 2663; x_wconf 87' lang='lat' dir='ltr'><strong>inﬁdeles</strong></span> <span class='ocrx_word' id='word_1_217' title='bbox 1487 2603 1877 2662; x_wconf 65' lang='lat' dir='ltr'><strong>confunderen-</strong></span> 
     </span>
    </p>
   </div>
   <div class='ocr_carea' id='block_1_27' title="bbox 291 2699 1876 2776">
    <p class='ocr_par' dir='ltr' id='par_1_27' title="bbox 291 2699 1876 2776">
     <span class='ocr_line' id='line_1_27' title="bbox 291 2699 1876 2776; baseline -0.004 -17"><span class='ocrx_word' id='word_1_218' title='bbox 291 2716 406 2773; x_wconf 86' lang='lat' dir='ltr'><strong>tur;</strong></span> <span class='ocrx_word' id='word_1_219' title='bbox 447 2707 584 2762; x_wconf 87' lang='lat' dir='ltr'><strong>istos</strong></span> <span class='ocrx_word' id='word_1_220' title='bbox 627 2704 987 2776; x_wconf 82' lang='lat' dir='ltr'><strong>Spiritualiter,</strong></span> <span class='ocrx_word' id='word_1_221' title='bbox 1033 2709 1090 2757; x_wconf 90' lang='lat' dir='ltr'><strong>ut</strong></span> <span class='ocrx_word' id='word_1_222' title='bbox 1127 2700 1311 2755; x_wconf 87' lang='lat' dir='ltr'><strong>ﬁdeles</strong></span> <span class='ocrx_word' id='word_1_223' title='bbox 1354 2701 1706 2754; x_wconf 81' lang='lat' dir='ltr'><strong>imitarentur.</strong></span> <span class='ocrx_word' id='word_1_224' title='bbox 1750 2699 1876 2754; x_wconf 81' lang='lat' dir='ltr'><strong>Cum</strong></span> 
     </span>
    </p>
   </div>
   <div class='ocr_carea' id='block_1_28' title="bbox 294 2791 1875 2869">
    <p class='ocr_par' dir='ltr' id='par_1_28' title="bbox 294 2791 1875 2869">
     <span class='ocr_line' id='line_1_28' title="bbox 294 2791 1875 2869; baseline -0.006 -16"><span class='ocrx_word' id='word_1_225' title='bbox 294 2817 402 2869; x_wconf 74' lang='lat' dir='ltr'><strong>ipso</strong></span> <span class='ocrx_word' id='word_1_226' title='bbox 421 2816 535 2854; x_wconf 77' lang='lat' dir='ltr'><strong>sum</strong></span> <span class='ocrx_word' id='word_1_227' title='bbox 571 2799 623 2852; x_wconf 89' lang='lat' dir='ltr'><strong>in</strong></span> <span class='ocrx_word' id='word_1_228' title='bbox 651 2795 1008 2860; x_wconf 77' lang='lat' dir='ltr'><strong>tribulatione;</strong></span> <span class='ocrx_word' id='word_1_229' title='bbox 1033 2801 1079 2849; x_wconf 77' lang='lat' dir='ltr'><strong>et</strong></span> <span class='ocrx_word' id='word_1_230' title='bbox 1105 2794 1320 2848; x_wconf 74' lang='lat' dir='ltr'><strong>eximam</strong></span> <span class='ocrx_word' id='word_1_231' title='bbox 1346 2808 1489 2857; x_wconf 86' lang='lat' dir='ltr'><strong>eum,</strong></span> <span class='ocrx_word' id='word_1_232' title='bbox 1520 2801 1564 2844; x_wconf 89' lang='lat' dir='ltr'><strong>et</strong></span> <span class='ocrx_word' id='word_1_233' title='bbox 1585 2791 1875 2862; x_wconf 83' lang='lat' dir='ltr'><strong>glori/icubo</strong></span> 
     </span>
    </p>
   </div>
   <div class='ocr_carea' id='block_1_29' title="bbox 295 2908 427 2944">
    <p class='ocr_par' dir='ltr' id='par_1_29' title="bbox 295 2908 427 2944">
     <span class='ocr_line' id='line_1_29' title="bbox 295 2908 427 2944; baseline 0.008 0"><span class='ocrx_word' id='word_1_234' title='bbox 295 2909 349 2944; x_wconf 67' lang='grc'><strong>811</strong></span> <span class='ocrx_word' id='word_1_235' title='bbox 357 2908 404 2944; x_wconf 86' lang='lat' dir='ltr'><strong>m</strong></span> <span class='ocrx_word' id='word_1_236' title='bbox 410 2929 427 2944; x_wconf 78' lang='grc' dir='ltr'><strong><em>ο</em></strong></span> 
     </span>
    </p>
   </div>
   <div class='ocr_carea' id='block_1_30' title="bbox 369 2973 1874 3055">
    <p class='ocr_par' dir='ltr' id='par_1_30' title="bbox 369 2973 1874 3055">
     <span class='ocr_line' id='line_1_30' title="bbox 369 2973 1874 3055; baseline -0.009 -18"><span class='ocrx_word' id='word_1_237' title='bbox 369 2983 454 3037; x_wconf 73' lang='grc'><strong>12.</strong></span> <span class='ocrx_word' id='word_1_238' title='bbox 492 2982 663 3055; x_wconf 64' lang='lat' dir='ltr'><strong>[rem</strong></span> <span class='ocrx_word' id='word_1_239' title='bbox 705 2978 834 3051; x_wconf 76' lang='grc'><strong>16.)</strong></span> <span class='ocrx_word' id='word_1_240' title='bbox 888 2977 1225 3051; x_wconf 75' lang='lat' dir='ltr'><strong>Longitudine</strong></span> <span class='ocrx_word' id='word_1_241' title='bbox 1262 2975 1458 3029; x_wconf 85' lang='lat' dir='ltr'><strong>dierum</strong></span> <span class='ocrx_word' id='word_1_242' title='bbox 1502 2973 1702 3043; x_wconf 84' lang='lat' dir='ltr'><strong>replebo</strong></span> <span class='ocrx_word' id='word_1_243' title='bbox 1743 2987 1874 3025; x_wconf 87' lang='lat' dir='ltr'><strong>eum.</strong></span> 
     </span>
    </p>
   </div>
   <div class='ocr_carea' id='block_1_31' title="bbox 299 3064 1875 3142">
    <p class='ocr_par' dir='ltr' id='par_1_31' title="bbox 299 3064 1875 3142">
     <span class='ocr_line' id='line_1_31' title="bbox 299 3064 1875 3142; baseline -0.008 -13"><span class='ocrx_word' id='word_1_244' title='bbox 299 3077 431 3142; x_wconf 57' lang='lat' dir='ltr'><strong>Quae</strong></span> <span class='ocrx_word' id='word_1_245' title='bbox 477 3084 562 3128; x_wconf 88' lang='lat' dir='ltr'><strong>est</strong></span> <span class='ocrx_word' id='word_1_246' title='bbox 592 3072 865 3142; x_wconf 84' lang='lat' dir='ltr'><strong>longitudo</strong></span> <span class='ocrx_word' id='word_1_247' title='bbox 903 3070 1151 3126; x_wconf 78' lang='lat' dir='ltr'><strong>dierum?</strong></span> <span class='ocrx_word' id='word_1_248' title='bbox 1202 3069 1318 3124; x_wconf 82' lang='lat' dir='ltr'><strong>Vita</strong></span> <span class='ocrx_word' id='word_1_249' title='bbox 1358 3076 1580 3122; x_wconf 69' lang='lat' dir='ltr'><strong>mterna.</strong></span> <span class='ocrx_word' id='word_1_250' title='bbox 1638 3064 1875 3130; x_wconf 82' lang='lat' dir='ltr'><strong>Fratres,</strong></span> 
     </span>
    </p>
   </div>
   <div class='ocr_carea' id='block_1_32' title="bbox 300 3165 1881 3242">
    <p class='ocr_par' dir='ltr' id='par_1_32' title="bbox 300 3165 1881 3242">
     <span class='ocr_line' id='line_1_32' title="bbox 300 3165 1881 3242; baseline -0.008 -14"><span class='ocrx_word' id='word_1_251' title='bbox 300 3173 463 3228; x_wconf 88' lang='lat' dir='ltr'><strong>nolite</strong></span> <span class='ocrx_word' id='word_1_252' title='bbox 500 3180 692 3242; x_wconf 89' lang='lat' dir='ltr'><strong>putare</strong></span> <span class='ocrx_word' id='word_1_253' title='bbox 734 3169 1114 3240; x_wconf 80' lang='lat' dir='ltr'><strong>longitudinem</strong></span> <span class='ocrx_word' id='word_1_254' title='bbox 1147 3167 1352 3223; x_wconf 88' lang='lat' dir='ltr'><strong>dierum</strong></span> <span class='ocrx_word' id='word_1_255' title='bbox 1396 3165 1536 3232; x_wconf 91' lang='lat' dir='ltr'><strong>dici,</strong></span> <span class='ocrx_word' id='word_1_256' title='bbox 1579 3165 1715 3218; x_wconf 89' lang='lat' dir='ltr'><strong>sicut</strong></span> <span class='ocrx_word' id='word_1_257' title='bbox 1758 3170 1881 3216; x_wconf 87' lang='lat' dir='ltr'><strong>sunt</strong></span> 
     </span>
    </p>
   </div>
   <div class='ocr_carea' id='block_1_33' title="bbox 300 3253 1882 3328">
    <p class='ocr_par' dir='ltr' id='par_1_33' title="bbox 300 3253 1882 3328">
     <span class='ocr_line' id='line_1_33' title="bbox 300 3253 1882 3328; baseline -0.008 -8"><span class='ocrx_word' id='word_1_258' title='bbox 300 3264 476 3320; x_wconf 84' lang='lat' dir='ltr'><strong>hieme</strong></span> <span class='ocrx_word' id='word_1_259' title='bbox 505 3263 622 3317; x_wconf 87' lang='lat' dir='ltr'><strong>dies</strong></span> <span class='ocrx_word' id='word_1_260' title='bbox 652 3262 906 3327; x_wconf 91' lang='lat' dir='ltr'><strong>minores,</strong></span> <span class='ocrx_word' id='word_1_261' title='bbox 937 3269 1122 3316; x_wconf 69' lang='lat' dir='ltr'><strong>testate</strong></span> <span class='ocrx_word' id='word_1_262' title='bbox 1156 3261 1271 3315; x_wconf 90' lang='lat' dir='ltr'><strong>dies</strong></span> <span class='ocrx_word' id='word_1_263' title='bbox 1303 3259 1552 3328; x_wconf 87' lang='lat' dir='ltr'><strong>majores.</strong></span> <span class='ocrx_word' id='word_1_264' title='bbox 1582 3256 1739 3310; x_wconf 84' lang='lat' dir='ltr'><strong>Tales</strong></span> <span class='ocrx_word' id='word_1_265' title='bbox 1769 3253 1882 3309; x_wconf 88' lang='lat' dir='ltr'><strong>dies</strong></span> 
     </span>
    </p>
   </div>
   <div class='ocr_carea' id='block_1_34' title="bbox 301 3346 1883 3423">
    <p class='ocr_par' dir='ltr' id='par_1_34' title="bbox 301 3346 1883 3423">
     <span class='ocr_line' id='line_1_34' title="bbox 301 3346 1883 3423; baseline -0.008 -11"><span class='ocrx_word' id='word_1_266' title='bbox 301 3358 457 3413; x_wconf 82' lang='lat' dir='ltr'><strong>nobis</strong></span> <span class='ocrx_word' id='word_1_267' title='bbox 483 3356 644 3410; x_wconf 82' lang='lat' dir='ltr'><strong>habet</strong></span> <span class='ocrx_word' id='word_1_268' title='bbox 671 3354 837 3409; x_wconf 89' lang='lat' dir='ltr'><strong>dare?</strong></span> <span class='ocrx_word' id='word_1_269' title='bbox 875 3351 1175 3423; x_wconf 84' lang='lat' dir='ltr'><strong>Longitudo</strong></span> <span class='ocrx_word' id='word_1_270' title='bbox 1205 3352 1294 3405; x_wconf 89' lang='lat' dir='ltr'><strong>illa</strong></span> <span class='ocrx_word' id='word_1_271' title='bbox 1319 3361 1401 3404; x_wconf 88' lang='lat' dir='ltr'><strong>est</strong></span> <span class='ocrx_word' id='word_1_272' title='bbox 1435 3365 1554 3419; x_wconf 79' lang='lat' dir='ltr'><strong>quae</strong></span> <span class='ocrx_word' id='word_1_273' title='bbox 1584 3364 1689 3402; x_wconf 90' lang='lat' dir='ltr'><strong>non</strong></span> <span class='ocrx_word' id='word_1_274' title='bbox 1723 3346 1883 3400; x_wconf 85' lang='lat' dir='ltr'><strong>habet</strong></span> 
     </span>
    </p>
   </div>
   <div class='ocr_carea' id='block_1_35' title="bbox 305 3436 1883 3513">
    <p class='ocr_par' dir='ltr' id='par_1_35' title="bbox 305 3436 1883 3513">
     <span class='ocr_line' id='line_1_35' title="bbox 305 3436 1883 3513; baseline -0.008 -12"><span class='ocrx_word' id='word_1_275' title='bbox 305 3449 464 3501; x_wconf 87' lang='lat' dir='ltr'><strong>ﬁnem</strong></span> <span class='ocrx_word' id='word_1_276' title='bbox 488 3488 505 3513; x_wconf 89' lang='lat'><strong>,</strong></span> <span class='ocrx_word' id='word_1_277' title='bbox 537 3456 734 3499; x_wconf 75' lang='lat' dir='ltr'><strong>aeterna</strong></span> <span class='ocrx_word' id='word_1_278' title='bbox 779 3443 882 3498; x_wconf 90' lang='lat' dir='ltr'><strong>vita</strong></span> <span class='ocrx_word' id='word_1_279' title='bbox 921 3458 1040 3513; x_wconf 76' lang='lat' dir='ltr'><strong>qua:</strong></span> <span class='ocrx_word' id='word_1_280' title='bbox 1083 3441 1234 3496; x_wconf 88' lang='lat' dir='ltr'><strong>nobis</strong></span> <span class='ocrx_word' id='word_1_281' title='bbox 1262 3440 1587 3510; x_wconf 88' lang='lat' dir='ltr'><strong>promittitur</strong></span> <span class='ocrx_word' id='word_1_282' title='bbox 1615 3438 1665 3490; x_wconf 92' lang='lat' dir='ltr'><strong>in</strong></span> <span class='ocrx_word' id='word_1_283' title='bbox 1697 3436 1883 3490; x_wconf 85' lang='lat' dir='ltr'><strong>diebus</strong></span> 
     </span>
    </p>
   </div>
   <div class='ocr_carea' id='block_1_36' title="bbox 306 3525 1881 3609">
    <p class='ocr_par' dir='ltr' id='par_1_36' title="bbox 306 3525 1881 3609">
     <span class='ocr_line' id='line_1_36' title="bbox 306 3525 1881 3609; baseline -0.008 -17"><span class='ocrx_word' id='word_1_284' title='bbox 306 3538 501 3609; x_wconf 82' lang='lat' dir='ltr'><strong>longis.</strong></span> <span class='ocrx_word' id='word_1_285' title='bbox 534 3537 601 3590; x_wconf 81' lang='lat' dir='ltr'><strong>Et</strong></span> <span class='ocrx_word' id='word_1_286' title='bbox 642 3550 798 3600; x_wconf 90' lang='lat' dir='ltr'><strong>vere,</strong></span> <span class='ocrx_word' id='word_1_287' title='bbox 832 3525 1210 3604; x_wconf 53' lang='lat' dir='ltr'><strong>quia&#39;sufﬁcit,</strong></span> <span class='ocrx_word' id='word_1_288' title='bbox 1255 3548 1360 3586; x_wconf 87' lang='lat' dir='ltr'><strong>non</strong></span> <span class='ocrx_word' id='word_1_289' title='bbox 1407 3531 1522 3586; x_wconf 91' lang='lat' dir='ltr'><strong>sine</strong></span> <span class='ocrx_word' id='word_1_290' title='bbox 1548 3545 1704 3584; x_wconf 89' lang='lat' dir='ltr'><strong>causa</strong></span> <span class='ocrx_word' id='word_1_291' title='bbox 1731 3529 1881 3590; x_wconf 88' lang='lat' dir='ltr'><strong>dixit,</strong></span> 
     </span>
    </p>
   </div>
   <div class='ocr_carea' id='block_1_37' title="bbox 301 3617 1887 3698">
    <p class='ocr_par' dir='ltr' id='par_1_37' title="bbox 301 3617 1887 3698">
     <span class='ocr_line' id='line_1_37' title="bbox 301 3617 1887 3698; baseline -0.006 -15"><span class='ocrx_word' id='word_1_292' title='bbox 301 3629 506 3698; x_wconf 84' lang='lat' dir='ltr'><strong>replebo</strong></span> <span class='ocrx_word' id='word_1_293' title='bbox 534 3642 669 3680; x_wconf 85' lang='lat' dir='ltr'><strong>eum.</strong></span> <span class='ocrx_word' id='word_1_294' title='bbox 701 3625 816 3679; x_wconf 82' lang='lat' dir='ltr'><strong>Non</strong></span> <span class='ocrx_word' id='word_1_295' title='bbox 859 3623 1010 3678; x_wconf 90' lang='lat' dir='ltr'><strong>nobis</strong></span> <span class='ocrx_word' id='word_1_296' title='bbox 1039 3617 1244 3678; x_wconf 76' lang='lat' dir='ltr'><strong>sufﬁcit</strong></span> <span class='ocrx_word' id='word_1_297' title='bbox 1273 3619 1526 3693; x_wconf 85' lang='lat' dir='ltr'><strong>quidquid</strong></span> <span class='ocrx_word' id='word_1_298' title='bbox 1561 3622 1774 3690; x_wconf 80' lang='lat' dir='ltr'><strong>longum</strong></span> <span class='ocrx_word' id='word_1_299' title='bbox 1805 3627 1887 3673; x_wconf 86' lang='lat' dir='ltr'><strong>est</strong></span> 
     </span>
    </p>
   </div>
   <div class='ocr_carea' id='block_1_38' title="bbox 303 3711 1888 3789">
    <p class='ocr_par' dir='ltr' id='par_1_38' title="bbox 303 3711 1888 3789">
     <span class='ocr_line' id='line_1_38' title="bbox 303 3711 1888 3789; baseline -0.006 -15"><span class='ocrx_word' id='word_1_300' title='bbox 303 3722 355 3774; x_wconf 83' lang='lat' dir='ltr'><strong>in</strong></span> <span class='ocrx_word' id='word_1_301' title='bbox 382 3732 623 3789; x_wconf 85' lang='lat' dir='ltr'><strong>tempore</strong></span> <span class='ocrx_word' id='word_1_302' title='bbox 643 3758 660 3784; x_wconf 92' lang='lat'><strong>,</strong></span> <span class='ocrx_word' id='word_1_303' title='bbox 689 3718 734 3772; x_wconf 92' lang='lat' dir='ltr'><strong>si</strong></span> <span class='ocrx_word' id='word_1_304' title='bbox 776 3716 936 3771; x_wconf 86' lang='lat' dir='ltr'><strong>habet</strong></span> <span class='ocrx_word' id='word_1_305' title='bbox 967 3716 1157 3780; x_wconf 89' lang='lat' dir='ltr'><strong>ﬁnem;</strong></span> <span class='ocrx_word' id='word_1_306' title='bbox 1186 3725 1238 3770; x_wconf 90' lang='lat' dir='ltr'><strong>et</strong></span> <span class='ocrx_word' id='word_1_307' title='bbox 1266 3715 1384 3769; x_wconf 88' lang='lat' dir='ltr'><strong>ideo</strong></span> <span class='ocrx_word' id='word_1_308' title='bbox 1425 3729 1524 3769; x_wconf 88' lang='lat' dir='ltr'><strong>nec</strong></span> <span class='ocrx_word' id='word_1_309' title='bbox 1557 3715 1767 3781; x_wconf 87' lang='lat' dir='ltr'><strong>longum</strong></span> <span class='ocrx_word' id='word_1_310' title='bbox 1807 3711 1888 3766; x_wconf 54' lang='lat' dir='ltr'><strong>di.</strong></span> 
     </span>
    </p>
   </div>
   <div class='ocr_carea' id='block_1_39' title="bbox 304 3806 1887 3871">
    <p class='ocr_par' dir='ltr' id='par_1_39' title="bbox 304 3806 1887 3871">
     <span class='ocr_line' id='line_1_39' title="bbox 304 3806 1887 3871; baseline -0.004 -5"><span class='ocrx_word' id='word_1_311' title='bbox 304 3812 533 3866; x_wconf 89' lang='lat' dir='ltr'><strong>cendum</strong></span> <span class='ocrx_word' id='word_1_312' title='bbox 564 3820 665 3865; x_wconf 90' lang='lat' dir='ltr'><strong>est.</strong></span> <span class='ocrx_word' id='word_1_313' title='bbox 694 3810 757 3863; x_wconf 85' lang='lat' dir='ltr'><strong>Et</strong></span> <span class='ocrx_word' id='word_1_314' title='bbox 787 3809 831 3862; x_wconf 90' lang='lat' dir='ltr'><strong>si</strong></span> <span class='ocrx_word' id='word_1_315' title='bbox 856 3808 997 3862; x_wconf 84' lang='lat' dir='ltr'><strong>avari</strong></span> <span class='ocrx_word' id='word_1_316' title='bbox 1026 3822 1229 3871; x_wconf 90' lang='lat' dir='ltr'><strong>sumus,</strong></span> <span class='ocrx_word' id='word_1_317' title='bbox 1258 3807 1378 3859; x_wconf 82' lang='lat' dir='ltr'><strong>vitae</strong></span> <span class='ocrx_word' id='word_1_318' title='bbox 1399 3816 1612 3860; x_wconf 63' lang='lat' dir='ltr'><strong>attenta:</strong></span> <span class='ocrx_word' id='word_1_319' title='bbox 1632 3806 1887 3859; x_wconf 83' lang='lat' dir='ltr'><strong>debemus</strong></span> 
     </span>
    </p>
   </div>
   <div class='ocr_carea' id='block_1_40' title="bbox 297 3895 1890 3976">
    <p class='ocr_par' dir='ltr' id='par_1_40' title="bbox 297 3895 1890 3976">
     <span class='ocr_line' id='line_1_40' title="bbox 297 3895 1890 3976; baseline -0.001 -23"><span class='ocrx_word' id='word_1_320' title='bbox 297 3903 427 3976; x_wconf 67' lang='lat' dir='ltr'><strong>-;rsse</strong></span> <span class='ocrx_word' id='word_1_321' title='bbox 451 3901 594 3954; x_wconf 86' lang='lat' dir='ltr'><strong>avari</strong></span> <span class='ocrx_word' id='word_1_322' title='bbox 627 3918 639 3952; x_wconf 92' lang='lat'><strong>:</strong></span> <span class='ocrx_word' id='word_1_323' title='bbox 672 3900 828 3953; x_wconf 86' lang='lat' dir='ltr'><strong>talem</strong></span> <span class='ocrx_word' id='word_1_324' title='bbox 874 3899 1034 3952; x_wconf 90' lang='lat' dir='ltr'><strong>vitam</strong></span> <span class='ocrx_word' id='word_1_325' title='bbox 1061 3897 1390 3961; x_wconf 81' lang='lat' dir='ltr'><strong>desiderate,</strong></span> <span class='ocrx_word' id='word_1_326' title='bbox 1421 3913 1540 3967; x_wconf 64' lang='lat' dir='ltr'><strong>quae</strong></span> <span class='ocrx_word' id='word_1_327' title='bbox 1580 3914 1683 3950; x_wconf 88' lang='lat' dir='ltr'><strong>non</strong></span> <span class='ocrx_word' id='word_1_328' title='bbox 1730 3895 1890 3951; x_wconf 81' lang='lat' dir='ltr'><strong>habet</strong></span> 
     </span>
    </p>
   </div>
   <div class='ocr_carea' id='block_1_41' title="bbox 304 3988 1888 4061">
    <p class='ocr_par' dir='ltr' id='par_1_41' title="bbox 304 3988 1888 4061">
     <span class='ocr_line' id='line_1_41' title="bbox 304 3988 1888 4061; baseline -0.001 -18"><span class='ocrx_word' id='word_1_329' title='bbox 304 3995 492 4061; x_wconf 64' lang='lat' dir='ltr'><strong>linem.</strong></span> <span class='ocrx_word' id='word_1_330' title='bbox 523 3991 662 4046; x_wconf 82' lang='lat' dir='ltr'><strong>Ecce</strong></span> <span class='ocrx_word' id='word_1_331' title='bbox 689 3990 775 4044; x_wconf 87' lang='lat' dir='ltr'><strong>ubi</strong></span> <span class='ocrx_word' id='word_1_332' title='bbox 824 3990 1140 4044; x_wconf 78' lang='lat' dir='ltr'><strong>extendatur</strong></span> <span class='ocrx_word' id='word_1_333' title='bbox 1185 3988 1407 4042; x_wconf 88' lang='lat' dir='ltr'><strong>avaritia</strong></span> <span class='ocrx_word' id='word_1_334' title='bbox 1447 3997 1648 4042; x_wconf 85' lang='lat' dir='ltr'><strong>nostra.</strong></span> <span class='ocrx_word' id='word_1_335' title='bbox 1687 3989 1888 4056; x_wconf 81' lang='lat' dir='ltr'><strong>Argen-</strong></span> 
     </span>
    </p>
   </div>
   <div class='ocr_carea' id='block_1_42' title="bbox 312 4078 1892 4135">
    <p class='ocr_par' dir='ltr' id='par_1_42' title="bbox 312 4078 1892 4135">
     <span class='ocr_line' id='line_1_42' title="bbox 312 4078 1892 4135; baseline -0.001 0"><span class='ocrx_word' id='word_1_336' title='bbox 312 4092 421 4135; x_wconf 85' lang='lat' dir='ltr'><strong>tum</strong></span> <span class='ocrx_word' id='word_1_337' title='bbox 472 4082 550 4134; x_wconf 91' lang='lat' dir='ltr'><strong>vis</strong></span> <span class='ocrx_word' id='word_1_338' title='bbox 603 4080 720 4134; x_wconf 85' lang='lat' dir='ltr'><strong>sine</strong></span> <span class='ocrx_word' id='word_1_339' title='bbox 770 4080 912 4134; x_wconf 81' lang='lat' dir='ltr'><strong>line?</strong></span> <span class='ocrx_word' id='word_1_340' title='bbox 966 4080 1138 4134; x_wconf 69' lang='lat' dir='ltr'><strong>Vitam</strong></span> <span class='ocrx_word' id='word_1_341' title='bbox 1187 4088 1440 4133; x_wconf 62' lang='lat' dir='ltr'><strong>aeternam</strong></span> <span class='ocrx_word' id='word_1_342' title='bbox 1495 4078 1735 4133; x_wconf 86' lang='lat' dir='ltr'><strong>desidera</strong></span> <span class='ocrx_word' id='word_1_343' title='bbox 1776 4079 1892 4134; x_wconf 89' lang='lat' dir='ltr'><strong>sine</strong></span> 
     </span>
    </p>
   </div>
   <div class='ocr_carea' id='block_1_43' title="bbox 313 4157 1890 4238">
    <p class='ocr_par' dir='ltr' id='par_1_43' title="bbox 313 4157 1890 4238">
     <span class='ocr_line' id='line_1_43' title="bbox 313 4157 1890 4238; baseline -0.001 -13"><span class='ocrx_word' id='word_1_344' title='bbox 313 4175 438 4226; x_wconf 60' lang='lat' dir='ltr'><strong>tiae.</strong></span> <span class='ocrx_word' id='word_1_345' title='bbox 466 4171 583 4226; x_wconf 84' lang='lat' dir='ltr'><strong>Non</strong></span> <span class='ocrx_word' id='word_1_346' title='bbox 617 4172 694 4224; x_wconf 90' lang='lat' dir='ltr'><strong>vis</strong></span> <span class='ocrx_word' id='word_1_347' title='bbox 731 4179 790 4225; x_wconf 92' lang='lat' dir='ltr'><strong>ut</strong></span> <span class='ocrx_word' id='word_1_348' title='bbox 819 4171 1010 4225; x_wconf 88' lang='lat' dir='ltr'><strong>habeat</strong></span> <span class='ocrx_word' id='word_1_349' title='bbox 1052 4157 1212 4224; x_wconf 85' lang='lat' dir='ltr'><strong>ﬁnem</strong></span> <span class='ocrx_word' id='word_1_350' title='bbox 1254 4169 1522 4238; x_wconf 89' lang='lat' dir='ltr'><strong>possessio</strong></span> <span class='ocrx_word' id='word_1_351' title='bbox 1569 4169 1688 4224; x_wconf 79' lang='lat' dir='ltr'><strong>tua?</strong></span> <span class='ocrx_word' id='word_1_352' title='bbox 1721 4170 1890 4223; x_wconf 84' lang='lat' dir='ltr'><strong>Vitam</strong></span> 
     </span>
    </p>
   </div>
   <div class='ocr_carea' id='block_1_44' title="bbox 315 4260 1770 4331">
    <p class='ocr_par' dir='ltr' id='par_1_44' title="bbox 315 4260 1770 4331">
     <span class='ocr_line' id='line_1_44' title="bbox 315 4260 1770 4331; baseline -0.002 -17"><span class='ocrx_word' id='word_1_353' title='bbox 315 4275 570 4316; x_wconf 80' lang='lat' dir='ltr'><strong>.rternam</strong></span> <span class='ocrx_word' id='word_1_354' title='bbox 601 4277 798 4331; x_wconf 73' lang='lat' dir='ltr'><strong>qumre.</strong></span> <span class='ocrx_word' id='word_1_355' title='bbox 827 4260 1166 4331; x_wconf 85' lang='lat' dir='ltr'><strong>Longitudine</strong></span> <span class='ocrx_word' id='word_1_356' title='bbox 1192 4261 1386 4314; x_wconf 87' lang='lat' dir='ltr'><strong>dierum</strong></span> <span class='ocrx_word' id='word_1_357' title='bbox 1415 4260 1614 4329; x_wconf 78' lang='lat' dir='ltr'><strong>replebo</strong></span> <span class='ocrx_word' id='word_1_358' title='bbox 1637 4278 1770 4315; x_wconf 85' lang='lat' dir='ltr'><strong>eum.</strong></span> 
     </span>
    </p>
   </div>
   <div class='ocr_carea' id='block_1_45' title="bbox 392 4350 1862 4412">
    <p class='ocr_par' dir='ltr' id='par_1_45' title="bbox 392 4350 1862 4412">
     <span class='ocr_line' id='line_1_45' title="bbox 392 4350 1862 4412; baseline -0.001 -5"><span class='ocrx_word' id='word_1_359' title='bbox 392 4355 480 4408; x_wconf 74' lang='lat' dir='ltr'><strong>i5.</strong></span> <span class='ocrx_word' id='word_1_360' title='bbox 514 4353 581 4406; x_wconf 80' lang='lat' dir='ltr'><strong>Et</strong></span> <span class='ocrx_word' id='word_1_361' title='bbox 603 4353 861 4406; x_wconf 78' lang='lat' dir='ltr'><strong>ostendant</strong></span> <span class='ocrx_word' id='word_1_362' title='bbox 887 4353 965 4405; x_wconf 85' lang='lat' dir='ltr'><strong>illi</strong></span> <span class='ocrx_word' id='word_1_363' title='bbox 1000 4352 1222 4405; x_wconf 85' lang='lat' dir='ltr'><strong>salutare</strong></span> <span class='ocrx_word' id='word_1_364' title='bbox 1265 4367 1444 4404; x_wconf 85' lang='lat' dir='ltr'><strong>meum.</strong></span> <span class='ocrx_word' id='word_1_365' title='bbox 1479 4350 1588 4404; x_wconf 84' lang='lat' dir='ltr'><strong>Nec</strong></span> <span class='ocrx_word' id='word_1_366' title='bbox 1626 4350 1758 4412; x_wconf 81' lang='lat' dir='ltr'><strong>hoc,</strong></span> <span class='ocrx_word' id='word_1_367' title='bbox 1788 4350 1862 4404; x_wconf 69' lang='lat' dir='ltr'><strong>ira</strong></span> 
     </span>
    </p>
   </div>
   <div class='ocr_carea' id='block_1_46' title="bbox 321 4440 1898 4513">
    <p class='ocr_par' dir='ltr' id='par_1_46' title="bbox 321 4440 1898 4513">
     <span class='ocr_line' id='line_1_46' title="bbox 321 4440 1898 4513; baseline -0.003 -16"><span class='ocrx_word' id='word_1_368' title='bbox 321 4456 452 4510; x_wconf 86' lang='lat' dir='ltr'><strong>tres,</strong></span> <span class='ocrx_word' id='word_1_369' title='bbox 479 4444 728 4507; x_wconf 61' lang='lat' dir='ltr'><strong>breviter,</strong></span> <span class='ocrx_word' id='word_1_370' title='bbox 760 4443 1184 4513; x_wconf 62' lang='lat' dir='ltr'><strong>prartercundum</strong></span> <span class='ocrx_word' id='word_1_371' title='bbox 1216 4449 1317 4498; x_wconf 86' lang='lat' dir='ltr'><strong>est.</strong></span> <span class='ocrx_word' id='word_1_372' title='bbox 1351 4440 1626 4494; x_wconf 73' lang='lat' dir='ltr'><strong>Ostendam</strong></span> <span class='ocrx_word' id='word_1_373' title='bbox 1665 4441 1740 4494; x_wconf 88' lang='lat' dir='ltr'><strong>illi</strong></span> <span class='ocrx_word' id='word_1_374' title='bbox 1759 4441 1898 4494; x_wconf 85' lang='lat' dir='ltr'><strong>salu-</strong></span> 
     </span>
    </p>
   </div>
   <div class='ocr_carea' id='block_1_47' title="bbox 318 4531 1893 4602">
    <p class='ocr_par' dir='ltr' id='par_1_47' title="bbox 318 4531 1893 4602">
     <span class='ocr_line' id='line_1_47' title="bbox 318 4531 1893 4602; baseline -0.003 -12"><span class='ocrx_word' id='word_1_375' title='bbox 318 4547 426 4590; x_wconf 82' lang='lat' dir='ltr'><strong>tare</strong></span> <span class='ocrx_word' id='word_1_376' title='bbox 451 4552 614 4590; x_wconf 85' lang='lat' dir='ltr'><strong>meum</strong></span> <span class='ocrx_word' id='word_1_377' title='bbox 643 4551 662 4589; x_wconf 92' lang='lat'><strong><em>:</em></strong></span> <span class='ocrx_word' id='word_1_378' title='bbox 688 4534 790 4590; x_wconf 88' lang='lat' dir='ltr'><strong>hoc</strong></span> <span class='ocrx_word' id='word_1_379' title='bbox 808 4535 958 4600; x_wconf 90' lang='lat' dir='ltr'><strong>dicit,</strong></span> <span class='ocrx_word' id='word_1_380' title='bbox 989 4533 1273 4589; x_wconf 87' lang='lat' dir='ltr'><strong>Ostendam</strong></span> <span class='ocrx_word' id='word_1_381' title='bbox 1303 4532 1375 4586; x_wconf 91' lang='lat' dir='ltr'><strong>illi</strong></span> <span class='ocrx_word' id='word_1_382' title='bbox 1405 4531 1574 4602; x_wconf 92' lang='lat' dir='ltr'><strong>ipsum</strong></span> <span class='ocrx_word' id='word_1_383' title='bbox 1605 4533 1893 4586; x_wconf 86' lang='lat' dir='ltr'><strong>Christum.</strong></span> 
     </span>
    </p>
   </div>
   <div class='ocr_carea' id='block_1_48' title="bbox 317 4623 1972 4694">
    <p class='ocr_par' dir='ltr' id='par_1_48' title="bbox 317 4623 1972 4694">
     <span class='ocr_line' id='line_1_48' title="bbox 317 4623 1972 4694; baseline -0.002 -12"><span class='ocrx_word' id='word_1_384' title='bbox 317 4629 533 4694; x_wconf 82' lang='lat' dir='ltr'><strong>Quare?</strong></span> <span class='ocrx_word' id='word_1_385' title='bbox 563 4642 670 4684; x_wconf 87' lang='lat' dir='ltr'><strong>non</strong></span> <span class='ocrx_word' id='word_1_386' title='bbox 708 4634 789 4682; x_wconf 91' lang='lat' dir='ltr'><strong>est</strong></span> <span class='ocrx_word' id='word_1_387' title='bbox 816 4627 964 4680; x_wconf 90' lang='lat' dir='ltr'><strong>visus</strong></span> <span class='ocrx_word' id='word_1_388' title='bbox 992 4625 1044 4679; x_wconf 92' lang='lat' dir='ltr'><strong>in</strong></span> <span class='ocrx_word' id='word_1_389' title='bbox 1076 4626 1254 4680; x_wconf 88' lang='lat' dir='ltr'><strong>terra?</strong></span> <span class='ocrx_word' id='word_1_390' title='bbox 1279 4623 1415 4689; x_wconf 86' lang='lat' dir='ltr'><strong>Quid</strong></span> <span class='ocrx_word' id='word_1_391' title='bbox 1458 4639 1706 4693; x_wconf 84' lang='lat' dir='ltr'><strong>magnum</strong></span> <span class='ocrx_word' id='word_1_392' title='bbox 1747 4625 1899 4678; x_wconf 86' lang='lat' dir='ltr'><strong>nobis</strong></span> <span class='ocrx_word' id='word_1_393' title='bbox 1967 4635 1972 4647; x_wconf 93' lang='lat'><strong><em>&#39;</em></strong></span> 
     </span>
    </p>
   </div>
   <div class='ocr_carea' id='block_1_49' title="bbox 320 4715 1899 4785">
    <p class='ocr_par' dir='ltr' id='par_1_49' title="bbox 320 4715 1899 4785">
     <span class='ocr_line' id='line_1_49' title="bbox 320 4715 1899 4785; baseline -0.001 -13"><span class='ocrx_word' id='word_1_394' title='bbox 320 4719 482 4774; x_wconf 86' lang='lat' dir='ltr'><strong>habet</strong></span> <span class='ocrx_word' id='word_1_395' title='bbox 524 4716 849 4772; x_wconf 86' lang='lat' dir='ltr'><strong>ostendere?</strong></span> <span class='ocrx_word' id='word_1_396' title='bbox 878 4715 983 4771; x_wconf 88' lang='lat' dir='ltr'><strong>Sed</strong></span> <span class='ocrx_word' id='word_1_397' title='bbox 1014 4730 1117 4769; x_wconf 93' lang='lat' dir='ltr'><strong>non</strong></span> <span class='ocrx_word' id='word_1_398' title='bbox 1145 4722 1228 4770; x_wconf 89' lang='lat' dir='ltr'><strong>est</strong></span> <span class='ocrx_word' id='word_1_399' title='bbox 1264 4716 1410 4769; x_wconf 89' lang='lat' dir='ltr'><strong>visus</strong></span> <span class='ocrx_word' id='word_1_400' title='bbox 1455 4716 1542 4768; x_wconf 86' lang='lat' dir='ltr'><strong>tali</strong></span> <span class='ocrx_word' id='word_1_401' title='bbox 1575 4715 1690 4770; x_wconf 89' lang='lat' dir='ltr'><strong>visu</strong></span> <span class='ocrx_word' id='word_1_402' title='bbox 1715 4757 1729 4781; x_wconf 96' lang='lat'><strong>,</strong></span> <span class='ocrx_word' id='word_1_403' title='bbox 1757 4717 1899 4785; x_wconf 88' lang='lat' dir='ltr'><strong>quali</strong></span> 
     </span>
    </p>
   </div>
   <div class='ocr_carea' id='block_1_50' title="bbox 319 4805 1897 4874">
    <p class='ocr_par' dir='ltr' id='par_1_50' title="bbox 319 4805 1897 4874">
     <span class='ocr_line' id='line_1_50' title="bbox 319 4805 1897 4874; baseline -0.001 -14"><span class='ocrx_word' id='word_1_404' title='bbox 319 4809 640 4864; x_wconf 81' lang='lat' dir='ltr'><strong>\idebimus.</strong></span> <span class='ocrx_word' id='word_1_405' title='bbox 667 4807 784 4861; x_wconf 86' lang='lat' dir='ltr'><strong>Tali</strong></span> <span class='ocrx_word' id='word_1_406' title='bbox 826 4807 940 4860; x_wconf 89' lang='lat' dir='ltr'><strong>visu</strong></span> <span class='ocrx_word' id='word_1_407' title='bbox 990 4807 1134 4859; x_wconf 89' lang='lat' dir='ltr'><strong>visus</strong></span> <span class='ocrx_word' id='word_1_408' title='bbox 1176 4812 1289 4868; x_wconf 87' lang='lat' dir='ltr'><strong>est,</strong></span> <span class='ocrx_word' id='word_1_409' title='bbox 1322 4805 1460 4874; x_wconf 90' lang='lat' dir='ltr'><strong>quali</strong></span> <span class='ocrx_word' id='word_1_410' title='bbox 1503 4805 1593 4873; x_wconf 89' lang='lat' dir='ltr'><strong>qui</strong></span> <span class='ocrx_word' id='word_1_411' title='bbox 1634 4805 1897 4872; x_wconf 87' lang='lat' dir='ltr'><strong>viderunt,</strong></span> 
     </span>
    </p>
   </div>
   <div class='ocr_carea' id='block_1_51' title="bbox 319 4896 1901 4967">
    <p class='ocr_par' dir='ltr' id='par_1_51' title="bbox 319 4896 1901 4967">
     <span class='ocr_line' id='line_1_51' title="bbox 319 4896 1901 4967; baseline -0.001 -15"><span class='ocrx_word' id='word_1_412' title='bbox 319 4901 703 4956; x_wconf 74' lang='lat' dir='ltr'><strong>t-ruciﬁxerunt</strong></span> <span class='ocrx_word' id='word_1_413' title='bbox 730 4917 744 4952; x_wconf 92' lang='lat'><strong>:</strong></span> <span class='ocrx_word' id='word_1_414' title='bbox 778 4912 902 4953; x_wconf 89' lang='lat' dir='ltr'><strong>cccc</strong></span> <span class='ocrx_word' id='word_1_415' title='bbox 929 4897 1018 4967; x_wconf 88' lang='lat' dir='ltr'><strong>qui</strong></span> <span class='ocrx_word' id='word_1_416' title='bbox 1047 4896 1293 4950; x_wconf 85' lang='lat' dir='ltr'><strong>viderunt</strong></span> <span class='ocrx_word' id='word_1_417' title='bbox 1313 4938 1325 4959; x_wconf 86' lang='lat'><strong>,</strong></span> <span class='ocrx_word' id='word_1_418' title='bbox 1354 4897 1770 4962; x_wconf 82' lang='lat' dir='ltr'><strong>cruciﬁxeruut;</strong></span> <span class='ocrx_word' id='word_1_419' title='bbox 1804 4911 1901 4952; x_wconf 91' lang='lat' dir='ltr'><strong>uos</strong></span> 
     </span>
    </p>
   </div>
   <div class='ocr_carea' id='block_1_52' title="bbox 320 4985 1898 5053">
    <p class='ocr_par' dir='ltr' id='par_1_52' title="bbox 320 4985 1898 5053">
     <span class='ocr_line' id='line_1_52' title="bbox 320 4985 1898 5053; baseline -0.003 -10"><span class='ocrx_word' id='word_1_420' title='bbox 320 5006 424 5043; x_wconf 88' lang='lat' dir='ltr'><strong>non</strong></span> <span class='ocrx_word' id='word_1_421' title='bbox 456 4990 686 5044; x_wconf 83' lang='lat' dir='ltr'><strong>vidimus</strong></span> <span class='ocrx_word' id='word_1_422' title='bbox 709 5029 724 5052; x_wconf 92' lang='lat'><strong>,</strong></span> <span class='ocrx_word' id='word_1_423' title='bbox 769 4996 821 5043; x_wconf 89' lang='lat' dir='ltr'><strong>et</strong></span> <span class='ocrx_word' id='word_1_424' title='bbox 851 4986 1176 5043; x_wconf 81' lang='lat' dir='ltr'><strong>credidimus</strong></span> <span class='ocrx_word' id='word_1_425' title='bbox 1212 4987 1253 5037; x_wconf 77' lang='grc'><strong>³.</strong></span> <span class='ocrx_word' id='word_1_426' title='bbox 1280 4985 1357 5039; x_wconf 91' lang='lat' dir='ltr'><strong>Illi</strong></span> <span class='ocrx_word' id='word_1_427' title='bbox 1387 4986 1572 5041; x_wconf 84' lang='lat' dir='ltr'><strong>oculos</strong></span> <span class='ocrx_word' id='word_1_428' title='bbox 1612 4985 1898 5053; x_wconf 85' lang='lat' dir='ltr'><strong>habebant,</strong></span> 
     </span>
    </p>
   </div>
   <div class='ocr_carea' id='block_1_53' title="bbox 320 5076 1901 5142">
    <p class='ocr_par' dir='ltr' id='par_1_53' title="bbox 320 5076 1901 5142">
     <span class='ocr_line' id='line_1_53' title="bbox 320 5076 1901 5142; baseline -0.001 -8"><span class='ocrx_word' id='word_1_429' title='bbox 320 5097 417 5135; x_wconf 88' lang='lat' dir='ltr'><strong>nos</strong></span> <span class='ocrx_word' id='word_1_430' title='bbox 446 5095 552 5135; x_wconf 90' lang='lat' dir='ltr'><strong>non</strong></span> <span class='ocrx_word' id='word_1_431' title='bbox 576 5077 872 5133; x_wconf 88' lang='lat' dir='ltr'><strong>habemus?</strong></span> <span class='ocrx_word' id='word_1_432' title='bbox 901 5076 1011 5131; x_wconf 87' lang='lat' dir='ltr'><strong>lmo</strong></span> <span class='ocrx_word' id='word_1_433' title='bbox 1042 5087 1096 5131; x_wconf 88' lang='lat' dir='ltr'><strong>et</strong></span> <span class='ocrx_word' id='word_1_434' title='bbox 1140 5092 1236 5131; x_wconf 89' lang='lat' dir='ltr'><strong>nos</strong></span> <span class='ocrx_word' id='word_1_435' title='bbox 1263 5076 1439 5131; x_wconf 88' lang='lat' dir='ltr'><strong>cordis</strong></span> <span class='ocrx_word' id='word_1_436' title='bbox 1476 5077 1763 5142; x_wconf 89' lang='lat' dir='ltr'><strong>habemus;</strong></span> <span class='ocrx_word' id='word_1_437' title='bbox 1808 5076 1901 5132; x_wconf 90' lang='lat' dir='ltr'><strong>sed</strong></span> 
     </span>
    </p>
   </div>
   <div class='ocr_carea' id='block_1_54' title="bbox 323 5167 1898 5240">
    <p class='ocr_par' dir='ltr' id='par_1_54' title="bbox 323 5167 1898 5240">
     <span class='ocr_line' id='line_1_54' title="bbox 323 5167 1898 5240; baseline 0 -18"><span class='ocrx_word' id='word_1_438' title='bbox 323 5186 414 5240; x_wconf 85' lang='lat' dir='ltr'><strong>per</strong></span> <span class='ocrx_word' id='word_1_439' title='bbox 446 5170 607 5224; x_wconf 90' lang='lat' dir='ltr'><strong>ﬁdem</strong></span> <span class='ocrx_word' id='word_1_440' title='bbox 647 5167 820 5223; x_wconf 90' lang='lat' dir='ltr'><strong>adhuc</strong></span> <span class='ocrx_word' id='word_1_441' title='bbox 835 5167 1086 5223; x_wconf 65' lang='lat' dir='ltr'><strong>‘videmus</strong></span> <span class='ocrx_word' id='word_1_442' title='bbox 1109 5167 1152 5231; x_wconf 85' lang='grc'><em>³,</em></span> <span class='ocrx_word' id='word_1_443' title='bbox 1181 5182 1284 5221; x_wconf 90' lang='lat' dir='ltr'><strong>non</strong></span> <span class='ocrx_word' id='word_1_444' title='bbox 1316 5183 1410 5236; x_wconf 88' lang='lat' dir='ltr'><strong>per</strong></span> <span class='ocrx_word' id='word_1_445' title='bbox 1435 5168 1690 5236; x_wconf 87' lang='lat' dir='ltr'><strong>speciem.</strong></span> <span class='ocrx_word' id='word_1_446' title='bbox 1716 5168 1898 5236; x_wconf 86' lang='lat' dir='ltr'><strong>Quan-</strong></span> 
     </span>
    </p>
   </div>
   <div class='ocr_carea' id='block_1_55' title="bbox 319 5260 1892 5332">
    <p class='ocr_par' dir='ltr' id='par_1_55' title="bbox 319 5260 1892 5332">
     <span class='ocr_line' id='line_1_55' title="bbox 319 5260 1892 5332; baseline -0.003 -14"><span class='ocrx_word' id='word_1_447' title='bbox 319 5263 388 5318; x_wconf 88' lang='lat' dir='ltr'><strong>do</strong></span> <span class='ocrx_word' id='word_1_448' title='bbox 415 5263 517 5318; x_wconf 91' lang='lat' dir='ltr'><strong>crit</strong></span> <span class='ocrx_word' id='word_1_449' title='bbox 544 5262 786 5332; x_wconf 87' lang='lat' dir='ltr'><strong>species?</strong></span> <span class='ocrx_word' id='word_1_450' title='bbox 831 5261 1052 5328; x_wconf 80' lang='lat' dir='ltr'><strong>Quando</strong></span> <span class='ocrx_word' id='word_1_451' title='bbox 1083 5260 1377 5314; x_wconf 88' lang='lat' dir='ltr'><strong>videbimus</strong></span> <span class='ocrx_word' id='word_1_452' title='bbox 1410 5263 1540 5326; x_wconf 83' lang='lat' dir='ltr'><strong>facie</strong></span> <span class='ocrx_word' id='word_1_453' title='bbox 1581 5261 1648 5313; x_wconf 86' lang='lat' dir='ltr'><strong>ad</strong></span> <span class='ocrx_word' id='word_1_454' title='bbox 1690 5262 1892 5332; x_wconf 73' lang='lat' dir='ltr'><strong>faciem,</strong></span> 
     </span>
    </p>
   </div>
   <div class='ocr_carea' id='block_1_56' title="bbox 385 5433 1276 5495">
    <p class='ocr_par' dir='ltr' id='par_1_56' title="bbox 385 5433 1276 5495">
     <span class='ocr_line' id='line_1_56' title="bbox 385 5433 1276 5495; baseline -0.002 -12"><span class='ocrx_word' id='word_1_455' title='bbox 385 5439 400 5468; x_wconf 85' lang='grc'>¹</span> <span class='ocrx_word' id='word_1_456' title='bbox 437 5437 512 5485; x_wconf 75' lang='lat' dir='ltr'><strong>sic</strong></span> <span class='ocrx_word' id='word_1_457' title='bbox 533 5441 650 5495; x_wconf 64' lang='lat' dir='ltr'><strong>Reg,</strong></span> <span class='ocrx_word' id='word_1_458' title='bbox 671 5441 765 5495; x_wconf 14' lang='lat' dir='ltr'><strong>rats.</strong></span> <span class='ocrx_word' id='word_1_459' title='bbox 794 5441 846 5483; x_wconf 82' lang='grc' dir='ltr'><strong>Αι</strong></span> <span class='ocrx_word' id='word_1_460' title='bbox 866 5433 1001 5491; x_wconf 65' lang='lat' dir='ltr'><strong>ald,</strong></span> <span class='ocrx_word' id='word_1_461' title='bbox 1027 5434 1276 5484; x_wconf 71' lang='lat' dir='ltr'><strong>(avocavit.</strong></span> 
     </span>
    </p>
   </div>
   <div class='ocr_carea' id='block_1_57' title="bbox 1382 300 2390 386">
    <p class='ocr_par' dir='ltr' id='par_1_57' title="bbox 1382 300 2390 386">
     <span class='ocr_line' id='line_1_57' title="bbox 1382 300 2390 386; baseline -0.007 -24"><span class='ocrx_word' id='word_1_462' title='bbox 1382 304 1771 386; x_wconf 44' lang='lat' dir='ltr'><strong>eet/inuam</strong></span> <span class='ocrx_word' id='word_1_463' title='bbox 1813 301 1877 357; x_wconf 73' lang='lat' dir='ltr'><strong>tu</strong></span> <span class='ocrx_word' id='word_1_464' title='bbox 1919 300 2238 359; x_wconf 74' lang='lat' dir='ltr'><strong>I&#39;S.\I.MU.\I</strong></span> <span class='ocrx_word' id='word_1_465' title='bbox 2279 301 2390 359; x_wconf 83' lang='lat' dir='ltr'><strong>xc.</strong></span> 
     </span>
    </p>
   </div>
   <div class='ocr_carea' id='block_1_58' title="bbox 3416 308 3583 368">
    <p class='ocr_par' dir='ltr' id='par_1_58' title="bbox 3416 308 3583 368">
     <span class='ocr_line' id='line_1_58' title="bbox 3416 308 3583 368; baseline 0.018 -4"><span class='ocrx_word' id='word_1_466' title='bbox 3416 308 3583 368; x_wconf 70' lang='lat'><strong>“70‘</strong></span> 
     </span>
    </p>
   </div>
   <div class='ocr_carea' id='block_1_59' title="bbox 1973 415 3556 493">
    <p class='ocr_par' dir='ltr' id='par_1_59' title="bbox 1973 415 3556 493">
     <span class='ocr_line' id='line_1_59' title="bbox 1973 415 3556 493; baseline 0.008 -26"><span class='ocrx_word' id='word_1_467' title='bbox 1973 415 2112 484; x_wconf 92' lang='lat' dir='ltr'><strong>quod</strong></span> <span class='ocrx_word' id='word_1_468' title='bbox 2159 415 2288 470; x_wconf 89' lang='lat' dir='ltr'><strong>dicit</strong></span> <span class='ocrx_word' id='word_1_469' title='bbox 2328 417 2616 488; x_wconf 78' lang='lat' dir='ltr'><strong>Apostolus</strong></span> <span class='ocrx_word' id='word_1_470' title='bbox 2669 417 2710 490; x_wconf 92' lang='grc'><strong>(1</strong></span> <span class='ocrx_word' id='word_1_471' title='bbox 2747 420 2862 474; x_wconf 85' lang='lat' dir='ltr'><strong>Cor.</strong></span> <span class='ocrx_word' id='word_1_472' title='bbox 2894 437 2980 475; x_wconf 85' lang='lat' dir='ltr'><strong>xtn</strong></span> <span class='ocrx_word' id='word_1_473' title='bbox 3004 464 3017 487; x_wconf 94' lang='lat'><strong>,</strong></span> <span class='ocrx_word' id='word_1_474' title='bbox 3055 422 3135 493; x_wconf 75' lang='grc'><strong>12)</strong></span> <span class='ocrx_word' id='word_1_475' title='bbox 3172 441 3182 475; x_wconf 86' lang='grc'>;</span> <span class='ocrx_word' id='word_1_476' title='bbox 3214 423 3353 493; x_wconf 87' lang='lat' dir='ltr'><strong>quod</strong></span> <span class='ocrx_word' id='word_1_477' title='bbox 3402 428 3556 479; x_wconf 88' lang='lat' dir='ltr'><strong>nobis</strong></span> 
     </span>
    </p>
   </div>
   <div class='ocr_carea' id='block_1_60' title="bbox 1977 507 3556 580">
    <p class='ocr_par' dir='ltr' id='par_1_60' title="bbox 1977 507 3556 580">
     <span class='ocr_line' id='line_1_60' title="bbox 1977 507 3556 580; baseline 0.008 -23"><span class='ocrx_word' id='word_1_478' title='bbox 1977 507 2232 575; x_wconf 79' lang='lat' dir='ltr'><strong>promittit</strong></span> <span class='ocrx_word' id='word_1_479' title='bbox 2278 508 2416 562; x_wconf 90' lang='lat' dir='ltr'><strong>Deus</strong></span> <span class='ocrx_word' id='word_1_480' title='bbox 2457 509 2507 562; x_wconf 91' lang='lat' dir='ltr'><strong>in</strong></span> <span class='ocrx_word' id='word_1_481' title='bbox 2556 525 2744 580; x_wconf 81' lang='lat' dir='ltr'><strong>magno</strong></span> <span class='ocrx_word' id='word_1_482' title='bbox 2789 512 3005 580; x_wconf 66' lang='lat' dir='ltr'><strong>praemio</strong></span> <span class='ocrx_word' id='word_1_483' title='bbox 3048 515 3284 567; x_wconf 88' lang='lat' dir='ltr'><strong>oumium</strong></span> <span class='ocrx_word' id='word_1_484' title='bbox 3315 516 3556 571; x_wconf 81' lang='lat' dir='ltr'><strong>laborum</strong></span> 
     </span>
    </p>
   </div>
   <div class='ocr_carea' id='block_1_61' title="bbox 1975 601 3562 676">
    <p class='ocr_par' dir='ltr' id='par_1_61' title="bbox 1975 601 3562 676">
     <span class='ocr_line' id='line_1_61' title="bbox 1975 601 3562 676; baseline 0.009 -24"><span class='ocrx_word' id='word_1_485' title='bbox 1975 611 2299 654; x_wconf 86' lang='lat' dir='ltr'><strong>nostrorum.</strong></span> <span class='ocrx_word' id='word_1_486' title='bbox 2343 601 2607 670; x_wconf 87' lang='lat' dir='ltr'><strong>Quidquid</strong></span> <span class='ocrx_word' id='word_1_487' title='bbox 2658 603 2888 671; x_wconf 81' lang='lat' dir='ltr'><strong>laboras,</strong></span> <span class='ocrx_word' id='word_1_488' title='bbox 2940 607 3004 659; x_wconf 90' lang='lat' dir='ltr'><strong>ad</strong></span> <span class='ocrx_word' id='word_1_489' title='bbox 3066 608 3166 674; x_wconf 76' lang='lat' dir='ltr'><strong>hoc</strong></span> <span class='ocrx_word' id='word_1_490' title='bbox 3209 610 3450 676; x_wconf 88' lang='lat' dir='ltr'><strong>laboras,</strong></span> <span class='ocrx_word' id='word_1_491' title='bbox 3504 624 3562 666; x_wconf 90' lang='lat' dir='ltr'><strong>ut</strong></span> 
     </span>
    </p>
   </div>
   <div class='ocr_carea' id='block_1_62' title="bbox 1977 689 3558 767">
    <p class='ocr_par' dir='ltr' id='par_1_62' title="bbox 1977 689 3558 767">
     <span class='ocr_line' id='line_1_62' title="bbox 1977 689 3558 767; baseline 0.008 -27"><span class='ocrx_word' id='word_1_492' title='bbox 1977 689 2178 743; x_wconf 87' lang='lat' dir='ltr'><strong>videas.</strong></span> <span class='ocrx_word' id='word_1_493' title='bbox 2209 689 2398 744; x_wconf 87' lang='lat' dir='ltr'><strong>Nescio</strong></span> <span class='ocrx_word' id='word_1_494' title='bbox 2441 691 2563 761; x_wconf 89' lang='lat' dir='ltr'><strong>quid</strong></span> <span class='ocrx_word' id='word_1_495' title='bbox 2601 709 2844 763; x_wconf 85' lang='lat' dir='ltr'><strong>magnum</strong></span> <span class='ocrx_word' id='word_1_496' title='bbox 2874 698 3122 767; x_wconf 86' lang='lat' dir='ltr'><strong>estquod</strong></span> <span class='ocrx_word' id='word_1_497' title='bbox 3160 701 3320 754; x_wconf 86' lang='lat' dir='ltr'><strong>visuri</strong></span> <span class='ocrx_word' id='word_1_498' title='bbox 3349 717 3558 767; x_wconf 73' lang='lat' dir='ltr'><strong>sumus,</strong></span> 
     </span>
    </p>
   </div>
   <div class='ocr_carea' id='block_1_63' title="bbox 1973 783 3557 861">
    <p class='ocr_par' dir='ltr' id='par_1_63' title="bbox 1973 783 3557 861">
     <span class='ocr_line' id='line_1_63' title="bbox 1973 783 3557 861; baseline 0.01 -28"><span class='ocrx_word' id='word_1_499' title='bbox 1973 783 2185 849; x_wconf 87' lang='lat' dir='ltr'><strong>quando</strong></span> <span class='ocrx_word' id='word_1_500' title='bbox 2218 792 2324 836; x_wconf 88' lang='lat' dir='ltr'><strong>tota</strong></span> <span class='ocrx_word' id='word_1_501' title='bbox 2353 797 2558 859; x_wconf 85' lang='lat' dir='ltr'><strong>merces</strong></span> <span class='ocrx_word' id='word_1_502' title='bbox 2611 795 2791 839; x_wconf 90' lang='lat' dir='ltr'><strong>nostra</strong></span> <span class='ocrx_word' id='word_1_503' title='bbox 2824 787 2955 842; x_wconf 83' lang='lat' dir='ltr'><strong>visio</strong></span> <span class='ocrx_word' id='word_1_504' title='bbox 2982 797 3101 843; x_wconf 88' lang='lat' dir='ltr'><strong>est:</strong></span> <span class='ocrx_word' id='word_1_505' title='bbox 3130 799 3184 845; x_wconf 91' lang='lat' dir='ltr'><strong>ct</strong></span> <span class='ocrx_word' id='word_1_506' title='bbox 3235 792 3407 861; x_wconf 91' lang='lat' dir='ltr'><strong>ipsum</strong></span> <span class='ocrx_word' id='word_1_507' title='bbox 3440 811 3557 848; x_wconf 82' lang='lat' dir='ltr'><strong>ma-</strong></span> 
     </span>
    </p>
   </div>
   <div class='ocr_carea' id='block_1_64' title="bbox 1971 874 3554 941">
    <p class='ocr_par' dir='ltr' id='par_1_64' title="bbox 1971 874 3554 941">
     <span class='ocr_line' id='line_1_64' title="bbox 1971 874 3554 941; baseline 0.008 -17"><span class='ocrx_word' id='word_1_508' title='bbox 1971 888 2132 941; x_wconf 80' lang='lat' dir='ltr'><strong>guum</strong></span> <span class='ocrx_word' id='word_1_509' title='bbox 2165 874 2333 927; x_wconf 91' lang='lat' dir='ltr'><strong>visum</strong></span> <span class='ocrx_word' id='word_1_510' title='bbox 2367 874 2466 928; x_wconf 89' lang='lat' dir='ltr'><strong>hoc</strong></span> <span class='ocrx_word' id='word_1_511' title='bbox 2495 882 2594 941; x_wconf 92' lang='lat' dir='ltr'><strong>est,</strong></span> <span class='ocrx_word' id='word_1_512' title='bbox 2631 876 2884 931; x_wconf 85' lang='lat' dir='ltr'><strong>Dominus</strong></span> <span class='ocrx_word' id='word_1_513' title='bbox 2907 881 3263 936; x_wconf 76' lang='lat' dir='ltr'><strong>uosterlesus</strong></span> <span class='ocrx_word' id='word_1_514' title='bbox 3287 883 3554 940; x_wconf 86' lang='lat' dir='ltr'><strong>Christus.</strong></span> 
     </span>
    </p>
   </div>
   <div class='ocr_carea' id='block_1_65' title="bbox 1973 963 3563 1047">
    <p class='ocr_par' dir='ltr' id='par_1_65' title="bbox 1973 963 3563 1047">
     <span class='ocr_line' id='line_1_65' title="bbox 1973 963 3563 1047; baseline 0.01 -30"><span class='ocrx_word' id='word_1_515' title='bbox 1973 963 2091 1033; x_wconf 83' lang='lat' dir='ltr'><strong>lpse</strong></span> <span class='ocrx_word' id='word_1_516' title='bbox 2119 965 2208 1035; x_wconf 89' lang='lat' dir='ltr'><strong>qui</strong></span> <span class='ocrx_word' id='word_1_517' title='bbox 2239 966 2453 1020; x_wconf 89' lang='lat' dir='ltr'><strong>humilis</strong></span> <span class='ocrx_word' id='word_1_518' title='bbox 2481 969 2623 1022; x_wconf 90' lang='lat' dir='ltr'><strong>visus</strong></span> <span class='ocrx_word' id='word_1_519' title='bbox 2653 981 2755 1033; x_wconf 82' lang='lat' dir='ltr'><strong>est,</strong></span> <span class='ocrx_word' id='word_1_520' title='bbox 2786 969 2898 1037; x_wconf 90' lang='lat' dir='ltr'><strong>ipse</strong></span> <span class='ocrx_word' id='word_1_521' title='bbox 2927 972 3188 1028; x_wconf 88' lang='lat' dir='ltr'><strong>videbitur</strong></span> <span class='ocrx_word' id='word_1_522' title='bbox 3216 992 3468 1047; x_wconf 82' lang='lat' dir='ltr'><strong>magnus,</strong></span> <span class='ocrx_word' id='word_1_523' title='bbox 3499 990 3563 1033; x_wconf 88' lang='lat' dir='ltr'><strong>et</strong></span> 
     </span>
    </p>
   </div>
   <div class='ocr_carea' id='block_1_66' title="bbox 1973 1056 3554 1134">
    <p class='ocr_par' dir='ltr' id='par_1_66' title="bbox 1973 1056 3554 1134">
     <span class='ocr_line' id='line_1_66' title="bbox 1973 1056 3554 1134; baseline 0.008 -26"><span class='ocrx_word' id='word_1_524' title='bbox 1973 1056 2260 1110; x_wconf 59' lang='lat' dir='ltr'><strong>laetiﬁcabit</strong></span> <span class='ocrx_word' id='word_1_525' title='bbox 2299 1071 2416 1123; x_wconf 90' lang='lat' dir='ltr'><strong>nos,</strong></span> <span class='ocrx_word' id='word_1_526' title='bbox 2450 1059 2718 1127; x_wconf 88' lang='lat' dir='ltr'><strong>quomodo</strong></span> <span class='ocrx_word' id='word_1_527' title='bbox 2761 1059 2971 1115; x_wconf 87' lang='lat' dir='ltr'><strong>videtur</strong></span> <span class='ocrx_word' id='word_1_528' title='bbox 3000 1063 3160 1117; x_wconf 88' lang='lat' dir='ltr'><strong>modo</strong></span> <span class='ocrx_word' id='word_1_529' title='bbox 3185 1065 3252 1118; x_wconf 84' lang='lat' dir='ltr'><strong>ab</strong></span> <span class='ocrx_word' id='word_1_530' title='bbox 3295 1067 3512 1134; x_wconf 80' lang='lat' dir='ltr'><strong>Angelis</strong></span> <span class='ocrx_word' id='word_1_531' title='bbox 3542 1086 3554 1097; x_wconf 76' lang='lat'><strong><em>-</em></strong></span> 
     </span>
    </p>
   </div>
   <div class='ocr_carea' id='block_1_67' title="bbox 1974 1146 3551 1226">
    <p class='ocr_par' dir='ltr' id='par_1_67' title="bbox 1974 1146 3551 1226">
     <span class='ocr_line' id='line_1_67' title="bbox 1974 1146 3551 1226; baseline 0.007 -26"><span class='ocrx_word' id='word_1_532' title='bbox 1974 1146 2038 1201; x_wconf 83' lang='lat' dir='ltr'><strong>In</strong></span> <span class='ocrx_word' id='word_1_533' title='bbox 2067 1150 2311 1218; x_wconf 85' lang='lat' dir='ltr'><strong>principio</strong></span> <span class='ocrx_word' id='word_1_534' title='bbox 2337 1160 2441 1202; x_wconf 82' lang='lat' dir='ltr'><strong>erat</strong></span> <span class='ocrx_word' id='word_1_535' title='bbox 2480 1149 2715 1216; x_wconf 82' lang='lat' dir='ltr'><strong>Verbum,</strong></span> <span class='ocrx_word' id='word_1_536' title='bbox 2745 1162 2790 1204; x_wconf 86' lang='lat' dir='ltr'><strong>et</strong></span> <span class='ocrx_word' id='word_1_537' title='bbox 2828 1151 3041 1206; x_wconf 80' lang='lat' dir='ltr'><strong>Verbum</strong></span> <span class='ocrx_word' id='word_1_538' title='bbox 3071 1166 3178 1208; x_wconf 89' lang='lat' dir='ltr'><strong>erat</strong></span> <span class='ocrx_word' id='word_1_539' title='bbox 3205 1159 3342 1226; x_wconf 86' lang='lat' dir='ltr'><strong>apud</strong></span> <span class='ocrx_word' id='word_1_540' title='bbox 3364 1159 3551 1224; x_wconf 82' lang='lat' dir='ltr'><strong>Deum,</strong></span> 
     </span>
    </p>
   </div>
   <div class='ocr_carea' id='block_1_68' title="bbox 1973 1242 3554 1319">
    <p class='ocr_par' dir='ltr' id='par_1_68' title="bbox 1973 1242 3554 1319">
     <span class='ocr_line' id='line_1_68' title="bbox 1973 1242 3554 1319; baseline 0.006 -23"><span class='ocrx_word' id='word_1_541' title='bbox 1973 1253 2018 1296; x_wconf 86' lang='lat' dir='ltr'><strong>et</strong></span> <span class='ocrx_word' id='word_1_542' title='bbox 2049 1242 2182 1296; x_wconf 74' lang='lat' dir='ltr'><strong>Deus</strong></span> <span class='ocrx_word' id='word_1_543' title='bbox 2213 1251 2316 1296; x_wconf 77' lang='lat' dir='ltr'><strong>erat</strong></span> <span class='ocrx_word' id='word_1_544' title='bbox 2352 1243 2567 1297; x_wconf 83' lang='lat' dir='ltr'><strong>Verbum</strong></span> <span class='ocrx_word' id='word_1_545' title='bbox 2613 1244 2787 1313; x_wconf 79' lang='lat' dir='ltr'><strong>(Joan.</strong></span> <span class='ocrx_word' id='word_1_546' title='bbox 2813 1261 2829 1299; x_wconf 79' lang='grc' dir='ltr'><strong>ι</strong></span> <span class='ocrx_word' id='word_1_547' title='bbox 2854 1289 2867 1310; x_wconf 91' lang='grc'><strong><em>,</em></strong></span> <span class='ocrx_word' id='word_1_548' title='bbox 2895 1245 2968 1318; x_wconf 88' lang='grc'><strong>1·).</strong></span> <span class='ocrx_word' id='word_1_549' title='bbox 3015 1248 3287 1304; x_wconf 83' lang='lat' dir='ltr'><strong>Attendite</strong></span> <span class='ocrx_word' id='word_1_550' title='bbox 3325 1251 3412 1319; x_wconf 92' lang='lat' dir='ltr'><strong>qui</strong></span> <span class='ocrx_word' id='word_1_551' title='bbox 3454 1251 3554 1306; x_wconf 85' lang='lat' dir='ltr'><strong>hoc</strong></span> 
     </span>
    </p>
   </div>
   <div class='ocr_carea' id='block_1_69' title="bbox 1975 1334 3490 1408">
    <p class='ocr_par' dir='ltr' id='par_1_69' title="bbox 1975 1334 3490 1408">
     <span class='ocr_line' id='line_1_69' title="bbox 1975 1334 3490 1408; baseline 0.007 -23"><span class='ocrx_word' id='word_1_552' title='bbox 1975 1334 2235 1404; x_wconf 84' lang='lat' dir='ltr'><strong>promisit,</strong></span> <span class='ocrx_word' id='word_1_553' title='bbox 2267 1335 2436 1404; x_wconf 89' lang='lat' dir='ltr'><strong>ipsum</strong></span> <span class='ocrx_word' id='word_1_554' title='bbox 2481 1336 2760 1390; x_wconf 88' lang='lat' dir='ltr'><strong>Dominum</strong></span> <span class='ocrx_word' id='word_1_555' title='bbox 2809 1338 2860 1391; x_wconf 90' lang='lat' dir='ltr'><strong>in</strong></span> <span class='ocrx_word' id='word_1_556' title='bbox 2903 1339 3188 1408; x_wconf 84' lang='lat' dir='ltr'><strong>Evangelio</strong></span> <span class='ocrx_word' id='word_1_557' title='bbox 3226 1339 3490 1395; x_wconf 88' lang='lat' dir='ltr'><strong>dicentem</strong></span> 
     </span>
    </p>
   </div>
   <div class='ocr_carea' id='block_1_70' title="bbox 1976 1426 3566 1502">
    <p class='ocr_par' dir='ltr' id='par_1_70' title="bbox 1976 1426 3566 1502">
     <span class='ocr_line' id='line_1_70' title="bbox 1976 1426 3566 1502; baseline 0.005 -25"><span class='ocrx_word' id='word_1_558' title='bbox 1976 1426 2075 1491; x_wconf 83' lang='lat' dir='ltr'><strong>Qui</strong></span> <span class='ocrx_word' id='word_1_559' title='bbox 2105 1426 2268 1496; x_wconf 85' lang='lat' dir='ltr'><strong>diligit</strong></span> <span class='ocrx_word' id='word_1_560' title='bbox 2295 1443 2388 1490; x_wconf 82' lang='lat' dir='ltr'><strong>me,</strong></span> <span class='ocrx_word' id='word_1_561' title='bbox 2421 1427 2658 1494; x_wconf 79' lang='lat' dir='ltr'><strong>diligetur</strong></span> <span class='ocrx_word' id='word_1_562' title='bbox 2696 1445 2726 1480; x_wconf 81' lang='grc' dir='ltr'><em>(ι</em></span> <span class='ocrx_word' id='word_1_563' title='bbox 2774 1428 2928 1482; x_wconf 82' lang='lat' dir='ltr'><strong>Patre</strong></span> <span class='ocrx_word' id='word_1_564' title='bbox 2955 1445 3062 1482; x_wconf 89' lang='lat' dir='ltr'><strong>meo</strong></span> <span class='ocrx_word' id='word_1_565' title='bbox 3082 1471 3094 1493; x_wconf 91' lang='lat'><strong>,</strong></span> <span class='ocrx_word' id='word_1_566' title='bbox 3125 1439 3172 1483; x_wconf 89' lang='lat' dir='ltr'><strong>et</strong></span> <span class='ocrx_word' id='word_1_567' title='bbox 3211 1447 3301 1502; x_wconf 82' lang='lat' dir='ltr'><strong>ego</strong></span> <span class='ocrx_word' id='word_1_568' title='bbox 3346 1432 3566 1501; x_wconf 67' lang='lat' dir='ltr'><strong>diligant</strong></span> 
     </span>
    </p>
   </div>
   <div class='ocr_carea' id='block_1_71' title="bbox 1975 1517 3556 1593">
    <p class='ocr_par' dir='ltr' id='par_1_71' title="bbox 1975 1517 3556 1593">
     <span class='ocr_line' id='line_1_71' title="bbox 1975 1517 3556 1593; baseline 0.004 -23"><span class='ocrx_word' id='word_1_569' title='bbox 1975 1533 2106 1570; x_wconf 85' lang='lat' dir='ltr'><strong>eum.</strong></span> <span class='ocrx_word' id='word_1_570' title='bbox 2135 1517 2198 1570; x_wconf 87' lang='lat' dir='ltr'><strong>Et</strong></span> <span class='ocrx_word' id='word_1_571' title='bbox 2221 1519 2370 1586; x_wconf 91' lang='lat' dir='ltr'><strong>quasi</strong></span> <span class='ocrx_word' id='word_1_572' title='bbox 2399 1517 2673 1572; x_wconf 83' lang='lat' dir='ltr'><strong>diceretur</strong></span> <span class='ocrx_word' id='word_1_573' title='bbox 2694 1518 2744 1572; x_wconf 88' lang='lat' dir='ltr'><strong>ei</strong></span> <span class='ocrx_word' id='word_1_574' title='bbox 2767 1562 2780 1585; x_wconf 90' lang='lat'><strong>,</strong></span> <span class='ocrx_word' id='word_1_575' title='bbox 2815 1520 2880 1572; x_wconf 84' lang='lat' dir='ltr'><strong>Et</strong></span> <span class='ocrx_word' id='word_1_576' title='bbox 2909 1520 3031 1590; x_wconf 90' lang='lat' dir='ltr'><strong>quid</strong></span> <span class='ocrx_word' id='word_1_577' title='bbox 3061 1522 3108 1574; x_wconf 92' lang='lat' dir='ltr'><strong>ei</strong></span> <span class='ocrx_word' id='word_1_578' title='bbox 3139 1522 3290 1575; x_wconf 84' lang='lat' dir='ltr'><strong>dabis</strong></span> <span class='ocrx_word' id='word_1_579' title='bbox 3322 1524 3409 1593; x_wconf 93' lang='lat' dir='ltr'><strong>qui</strong></span> <span class='ocrx_word' id='word_1_580' title='bbox 3432 1523 3556 1577; x_wconf 89' lang='lat' dir='ltr'><strong>dili-</strong></span> 
     </span>
    </p>
   </div>
   <div class='ocr_carea' id='block_1_72' title="bbox 1972 1606 3553 1684">
    <p class='ocr_par' dir='ltr' id='par_1_72' title="bbox 1972 1606 3553 1684">
     <span class='ocr_line' id='line_1_72' title="bbox 1972 1606 3553 1684; baseline 0.006 -24"><span class='ocrx_word' id='word_1_581' title='bbox 1972 1608 2046 1678; x_wconf 84' lang='lat' dir='ltr'><strong>git</strong></span> <span class='ocrx_word' id='word_1_582' title='bbox 2077 1608 2166 1662; x_wconf 86' lang='lat' dir='ltr'><strong>te?</strong></span> <span class='ocrx_word' id='word_1_583' title='bbox 2209 1606 2512 1675; x_wconf 80' lang='lat' dir='ltr'><strong>Ostendam,</strong></span> <span class='ocrx_word' id='word_1_584' title='bbox 2544 1610 2736 1679; x_wconf 87' lang='lat' dir='ltr'><strong>inquit,</strong></span> <span class='ocrx_word' id='word_1_585' title='bbox 2774 1612 3018 1678; x_wconf 83' lang='lat' dir='ltr'><strong>tneipsum</strong></span> <span class='ocrx_word' id='word_1_586' title='bbox 3056 1611 3134 1665; x_wconf 87' lang='lat' dir='ltr'><strong>illi</strong></span> <span class='ocrx_word' id='word_1_587' title='bbox 3163 1611 3270 1674; x_wconf 84' lang='lat' dir='ltr'><strong>(Id.</strong></span> <span class='ocrx_word' id='word_1_588' title='bbox 3299 1631 3406 1680; x_wconf 81' lang='lat' dir='ltr'><strong>xw,</strong></span> <span class='ocrx_word' id='word_1_589' title='bbox 3434 1613 3553 1684; x_wconf 69' lang='grc'><strong>21).-</strong></span> 
     </span>
    </p>
   </div>
   <div class='ocr_carea' id='block_1_73' title="bbox 1975 1699 3558 1776">
    <p class='ocr_par' dir='ltr' id='par_1_73' title="bbox 1975 1699 3558 1776">
     <span class='ocr_line' id='line_1_73' title="bbox 1975 1699 3558 1776; baseline 0.008 -24"><span class='ocrx_word' id='word_1_590' title='bbox 1975 1699 2346 1755; x_wconf 84' lang='lat' dir='ltr'><strong>Desideremus</strong></span> <span class='ocrx_word' id='word_1_591' title='bbox 2370 1744 2384 1764; x_wconf 87' lang='lat'><strong>,</strong></span> <span class='ocrx_word' id='word_1_592' title='bbox 2413 1712 2466 1756; x_wconf 89' lang='lat' dir='ltr'><strong>et</strong></span> <span class='ocrx_word' id='word_1_593' title='bbox 2504 1717 2743 1756; x_wconf 88' lang='lat' dir='ltr'><strong>amemus</strong></span> <span class='ocrx_word' id='word_1_594' title='bbox 2772 1719 2784 1755; x_wconf 84' lang='lat'><strong>:</strong></span> <span class='ocrx_word' id='word_1_595' title='bbox 2820 1701 3120 1772; x_wconf 84' lang='lat' dir='ltr'><strong>ﬁagremus,</strong></span> <span class='ocrx_word' id='word_1_596' title='bbox 3153 1705 3196 1759; x_wconf 92' lang='lat' dir='ltr'><strong>si</strong></span> <span class='ocrx_word' id='word_1_597' title='bbox 3235 1722 3429 1776; x_wconf 86' lang='lat' dir='ltr'><strong>sponsa</strong></span> <span class='ocrx_word' id='word_1_598' title='bbox 3466 1725 3558 1763; x_wconf 87' lang='lat' dir='ltr'><strong>su-</strong></span> 
     </span>
    </p>
   </div>
   <div class='ocr_carea' id='block_1_74' title="bbox 1976 1777 3562 1869">
    <p class='ocr_par' dir='ltr' id='par_1_74' title="bbox 1976 1777 3562 1869">
     <span class='ocr_line' id='line_1_74' title="bbox 1976 1777 3562 1869; baseline 0.008 -25"><span class='ocrx_word' id='word_1_599' title='bbox 1976 1807 2112 1844; x_wconf 88' lang='lat' dir='ltr'><strong>mus.</strong></span> <span class='ocrx_word' id='word_1_600' title='bbox 2137 1792 2376 1861; x_wconf 87' lang='lat' dir='ltr'><strong>Sponsus</strong></span> <span class='ocrx_word' id='word_1_601' title='bbox 2402 1777 2595 1849; x_wconf 80' lang='lat' dir='ltr'><strong>absens</strong></span> <span class='ocrx_word' id='word_1_602' title='bbox 2624 1803 2734 1858; x_wconf 87' lang='lat' dir='ltr'><strong>est,</strong></span> <span class='ocrx_word' id='word_1_603' title='bbox 2763 1796 3121 1850; x_wconf 87' lang='lat' dir='ltr'><strong>sustineamus</strong></span> <span class='ocrx_word' id='word_1_604' title='bbox 3149 1813 3163 1851; x_wconf 91' lang='lat'><strong>:</strong></span> <span class='ocrx_word' id='word_1_605' title='bbox 3195 1809 3370 1853; x_wconf 82' lang='lat' dir='ltr'><strong>VClIlCl</strong></span> <span class='ocrx_word' id='word_1_606' title='bbox 3394 1817 3562 1869; x_wconf 83' lang='lat' dir='ltr'><strong>quem</strong></span> 
     </span>
    </p>
   </div>
   <div class='ocr_carea' id='block_1_75' title="bbox 1974 1882 3557 1963">
    <p class='ocr_par' dir='ltr' id='par_1_75' title="bbox 1974 1882 3557 1963">
     <span class='ocr_line' id='line_1_75' title="bbox 1974 1882 3557 1963; baseline 0.007 -27"><span class='ocrx_word' id='word_1_607' title='bbox 1974 1882 2358 1938; x_wconf 89' lang='lat' dir='ltr'><strong>desideramus.</strong></span> <span class='ocrx_word' id='word_1_608' title='bbox 2393 1885 2617 1939; x_wconf 90' lang='lat' dir='ltr'><strong>Tantum</strong></span> <span class='ocrx_word' id='word_1_609' title='bbox 2647 1887 2836 1956; x_wconf 85' lang='lat' dir='ltr'><strong>pignus</strong></span> <span class='ocrx_word' id='word_1_610' title='bbox 2866 1887 3028 1950; x_wconf 88' lang='lat' dir='ltr'><strong>dedit,</strong></span> <span class='ocrx_word' id='word_1_611' title='bbox 3059 1905 3162 1943; x_wconf 75' lang='lat' dir='ltr'><strong>non</strong></span> <span class='ocrx_word' id='word_1_612' title='bbox 3193 1891 3372 1946; x_wconf 85' lang='lat' dir='ltr'><strong>timeat</strong></span> <span class='ocrx_word' id='word_1_613' title='bbox 3395 1909 3557 1963; x_wconf 57' lang='lat' dir='ltr'><strong>spous</strong></span> 
     </span>
    </p>
   </div>
   <div class='ocr_carea' id='block_1_76' title="bbox 1976 1977 3554 2054">
    <p class='ocr_par' dir='ltr' id='par_1_76' title="bbox 1976 1977 3554 2054">
     <span class='ocr_line' id='line_1_76' title="bbox 1976 1977 3554 2054; baseline 0.007 -25"><span class='ocrx_word' id='word_1_614' title='bbox 1976 1990 2032 2030; x_wconf 88' lang='lat' dir='ltr'><strong>sa</strong></span> <span class='ocrx_word' id='word_1_615' title='bbox 2097 1991 2164 2030; x_wconf 90' lang='lat' dir='ltr'><strong>ne</strong></span> <span class='ocrx_word' id='word_1_616' title='bbox 2223 1977 2499 2032; x_wconf 79' lang='lat' dir='ltr'><strong>deseratur</strong></span> <span class='ocrx_word' id='word_1_617' title='bbox 2542 1978 2609 2031; x_wconf 90' lang='lat' dir='ltr'><strong>ab</strong></span> <span class='ocrx_word' id='word_1_618' title='bbox 2656 1994 2853 2048; x_wconf 77' lang='lat' dir='ltr'><strong>sponso</strong></span> <span class='ocrx_word' id='word_1_619' title='bbox 2886 1997 2898 2033; x_wconf 93' lang='lat'>:</span> <span class='ocrx_word' id='word_1_620' title='bbox 2933 1996 3038 2035; x_wconf 91' lang='lat' dir='ltr'><strong>non</strong></span> <span class='ocrx_word' id='word_1_621' title='bbox 3088 1982 3306 2038; x_wconf 83' lang='lat' dir='ltr'><strong>dimittit</strong></span> <span class='ocrx_word' id='word_1_622' title='bbox 3366 1986 3554 2054; x_wconf 87' lang='lat' dir='ltr'><strong>pignus</strong></span> 
     </span>
    </p>
   </div>
   <div class='ocr_carea' id='block_1_77' title="bbox 1977 2067 3554 2143">
    <p class='ocr_par' dir='ltr' id='par_1_77' title="bbox 1977 2067 3554 2143">
     <span class='ocr_line' id='line_1_77' title="bbox 1977 2067 3554 2143; baseline 0.006 -23"><span class='ocrx_word' id='word_1_623' title='bbox 1977 2083 2148 2121; x_wconf 90' lang='lat' dir='ltr'><strong>suum.</strong></span> <span class='ocrx_word' id='word_1_624' title='bbox 2183 2067 2332 2136; x_wconf 85' lang='lat' dir='ltr'><strong>Quod</strong></span> <span class='ocrx_word' id='word_1_625' title='bbox 2364 2069 2549 2138; x_wconf 87' lang='lat' dir='ltr'><strong>pignus</strong></span> <span class='ocrx_word' id='word_1_626' title='bbox 2595 2070 2780 2125; x_wconf 84' lang='lat' dir='ltr'><strong>dedit?</strong></span> <span class='ocrx_word' id='word_1_627' title='bbox 2825 2071 3148 2143; x_wconf 85' lang='lat' dir='ltr'><strong>Sanguinem</strong></span> <span class='ocrx_word' id='word_1_628' title='bbox 3201 2089 3352 2129; x_wconf 92' lang='lat' dir='ltr'><strong>suum</strong></span> <span class='ocrx_word' id='word_1_629' title='bbox 3402 2076 3554 2131; x_wconf 80' lang='lat' dir='ltr'><strong>fudit.</strong></span> 
     </span>
    </p>
   </div>
   <div class='ocr_carea' id='block_1_78' title="bbox 1979 2157 3558 2230">
    <p class='ocr_par' dir='ltr' id='par_1_78' title="bbox 1979 2157 3558 2230">
     <span class='ocr_line' id='line_1_78' title="bbox 1979 2157 3558 2230; baseline 0.009 -23"><span class='ocrx_word' id='word_1_630' title='bbox 1979 2157 2128 2224; x_wconf 84' lang='lat' dir='ltr'><strong>Quod</strong></span> <span class='ocrx_word' id='word_1_631' title='bbox 2180 2159 2367 2228; x_wconf 87' lang='lat' dir='ltr'><strong>pignus</strong></span> <span class='ocrx_word' id='word_1_632' title='bbox 2410 2159 2594 2214; x_wconf 89' lang='lat' dir='ltr'><strong>dedit?</strong></span> <span class='ocrx_word' id='word_1_633' title='bbox 2635 2161 2889 2230; x_wconf 81' lang='lat' dir='ltr'><strong>Spiritum</strong></span> <span class='ocrx_word' id='word_1_634' title='bbox 2930 2173 3170 2219; x_wconf 89' lang='lat' dir='ltr'><strong>sanctum</strong></span> <span class='ocrx_word' id='word_1_635' title='bbox 3218 2167 3380 2221; x_wconf 87' lang='lat' dir='ltr'><strong>misit.</strong></span> <span class='ocrx_word' id='word_1_636' title='bbox 3411 2169 3558 2224; x_wconf 87' lang='lat' dir='ltr'><strong>Talia</strong></span> 
     </span>
    </p>
   </div>
   <div class='ocr_carea' id='block_1_79' title="bbox 1979 2249 3558 2320">
    <p class='ocr_par' dir='ltr' id='par_1_79' title="bbox 1979 2249 3558 2320">
     <span class='ocr_line' id='line_1_79' title="bbox 1979 2249 3558 2320; baseline 0.008 -20"><span class='ocrx_word' id='word_1_637' title='bbox 1979 2249 2199 2318; x_wconf 83' lang='lat' dir='ltr'><strong>pignora</strong></span> <span class='ocrx_word' id='word_1_638' title='bbox 2222 2249 2473 2303; x_wconf 85' lang='lat' dir='ltr'><strong>dimittet</strong></span> <span class='ocrx_word' id='word_1_639' title='bbox 2505 2250 2592 2304; x_wconf 87' lang='lat' dir='ltr'><strong>ille</strong></span> <span class='ocrx_word' id='word_1_640' title='bbox 2638 2253 2902 2318; x_wconf 89' lang='lat' dir='ltr'><strong>sponsus?</strong></span> <span class='ocrx_word' id='word_1_641' title='bbox 2928 2253 2983 2308; x_wconf 91' lang='lat' dir='ltr'><strong>Si</strong></span> <span class='ocrx_word' id='word_1_642' title='bbox 3032 2271 3140 2309; x_wconf 85' lang='lat' dir='ltr'><strong>non</strong></span> <span class='ocrx_word' id='word_1_643' title='bbox 3181 2265 3401 2320; x_wconf 86' lang='lat' dir='ltr'><strong>amaret,</strong></span> <span class='ocrx_word' id='word_1_644' title='bbox 3435 2258 3558 2312; x_wconf 85' lang='lat' dir='ltr'><strong>talia</strong></span> 
     </span>
    </p>
   </div>
   <div class='ocr_carea' id='block_1_80' title="bbox 1981 2340 3568 2409">
    <p class='ocr_par' dir='ltr' id='par_1_80' title="bbox 1981 2340 3568 2409">
     <span class='ocr_line' id='line_1_80' title="bbox 1981 2340 3568 2409; baseline 0.011 -21"><span class='ocrx_word' id='word_1_645' title='bbox 1981 2340 2198 2409; x_wconf 75' lang='lat' dir='ltr'><strong>pignora</strong></span> <span class='ocrx_word' id='word_1_646' title='bbox 2246 2355 2347 2394; x_wconf 91' lang='lat' dir='ltr'><strong>non</strong></span> <span class='ocrx_word' id='word_1_647' title='bbox 2380 2341 2550 2395; x_wconf 88' lang='lat' dir='ltr'><strong>daret.</strong></span> <span class='ocrx_word' id='word_1_648' title='bbox 2582 2341 2698 2396; x_wconf 89' lang='lat' dir='ltr'><strong>.lam</strong></span> <span class='ocrx_word' id='word_1_649' title='bbox 2740 2354 2900 2399; x_wconf 86' lang='lat' dir='ltr'><strong>amat.</strong></span> <span class='ocrx_word' id='word_1_650' title='bbox 2935 2345 2978 2400; x_wconf 91' lang='grc' dir='ltr'><strong>Ο</strong></span> <span class='ocrx_word' id='word_1_651' title='bbox 3022 2347 3066 2400; x_wconf 91' lang='lat' dir='ltr'><strong>si</strong></span> <span class='ocrx_word' id='word_1_652' title='bbox 3098 2348 3174 2402; x_wconf 89' lang='lat' dir='ltr'><strong>sic</strong></span> <span class='ocrx_word' id='word_1_653' title='bbox 3217 2364 3516 2405; x_wconf 88' lang='lat' dir='ltr'><strong>amaremus</strong></span> <span class='ocrx_word' id='word_1_654' title='bbox 3541 2353 3568 2386; x_wconf 63' lang='grc' dir='ltr'><em>ν</em></span> 
     </span>
    </p>
   </div>
   <div class='ocr_carea' id='block_1_81' title="bbox 1978 2429 3559 2506">
    <p class='ocr_par' dir='ltr' id='par_1_81' title="bbox 1978 2429 3559 2506">
     <span class='ocr_line' id='line_1_81' title="bbox 1978 2429 3559 2506; baseline 0.008 -22"><span class='ocrx_word' id='word_1_655' title='bbox 1978 2429 2226 2499; x_wconf 80' lang='lat' dir='ltr'><strong>Majorem</strong></span> <span class='ocrx_word' id='word_1_656' title='bbox 2266 2431 2600 2486; x_wconf 91' lang='lat' dir='ltr'><strong>dilectionem</strong></span> <span class='ocrx_word' id='word_1_657' title='bbox 2635 2448 2791 2487; x_wconf 89' lang='lat' dir='ltr'><strong>nemo</strong></span> <span class='ocrx_word' id='word_1_658' title='bbox 2835 2435 3028 2500; x_wconf 89' lang='lat' dir='ltr'><strong>habet,</strong></span> <span class='ocrx_word' id='word_1_659' title='bbox 3061 2452 3216 2506; x_wconf 82' lang='lat' dir='ltr'><strong>quam</strong></span> <span class='ocrx_word' id='word_1_660' title='bbox 3245 2449 3299 2492; x_wconf 93' lang='lat' dir='ltr'><strong>ut</strong></span> <span class='ocrx_word' id='word_1_661' title='bbox 3327 2441 3559 2496; x_wconf 86' lang='lat' dir='ltr'><strong>animam</strong></span> 
     </span>
    </p>
   </div>
   <div class='ocr_carea' id='block_1_82' title="bbox 1981 2523 3560 2598">
    <p class='ocr_par' dir='ltr' id='par_1_82' title="bbox 1981 2523 3560 2598">
     <span class='ocr_line' id='line_1_82' title="bbox 1981 2523 3560 2598; baseline 0.007 -24"><span class='ocrx_word' id='word_1_662' title='bbox 1981 2534 2130 2574; x_wconf 91' lang='lat' dir='ltr'><strong>suam</strong></span> <span class='ocrx_word' id='word_1_663' title='bbox 2186 2531 2344 2590; x_wconf 89' lang='lat' dir='ltr'><strong>ponat</strong></span> <span class='ocrx_word' id='word_1_664' title='bbox 2384 2537 2478 2590; x_wconf 88' lang='lat' dir='ltr'><strong>pro</strong></span> <span class='ocrx_word' id='word_1_665' title='bbox 2509 2523 2692 2578; x_wconf 88' lang='lat' dir='ltr'><strong>amicis</strong></span> <span class='ocrx_word' id='word_1_666' title='bbox 2717 2527 2827 2578; x_wconf 90' lang='lat' dir='ltr'><strong>suis</strong></span> <span class='ocrx_word' id='word_1_667' title='bbox 2868 2524 3044 2596; x_wconf 84' lang='lat' dir='ltr'><strong>(Joan.</strong></span> <span class='ocrx_word' id='word_1_668' title='bbox 3074 2543 3158 2590; x_wconf 79' lang='lat' dir='ltr'><strong>xv,</strong></span> <span class='ocrx_word' id='word_1_669' title='bbox 3191 2529 3319 2598; x_wconf 78' lang='lat'><strong>15):</strong></span> <span class='ocrx_word' id='word_1_670' title='bbox 3364 2539 3418 2584; x_wconf 91' lang='lat' dir='ltr'><strong>et</strong></span> <span class='ocrx_word' id='word_1_671' title='bbox 3463 2547 3560 2585; x_wconf 73' lang='lat' dir='ltr'><strong>nos</strong></span> 
     </span>
    </p>
   </div>
   <div class='ocr_carea' id='block_1_83' title="bbox 1981 2612 3564 2687">
    <p class='ocr_par' dir='ltr' id='par_1_83' title="bbox 1981 2612 3564 2687">
     <span class='ocr_line' id='line_1_83' title="bbox 1981 2612 3564 2687; baseline 0.006 -25"><span class='ocrx_word' id='word_1_672' title='bbox 1981 2612 2248 2679; x_wconf 88' lang='lat' dir='ltr'><strong>quomodo</strong></span> <span class='ocrx_word' id='word_1_673' title='bbox 2293 2626 2573 2681; x_wconf 66' lang='lat' dir='ltr'><strong>possumus</strong></span> <span class='ocrx_word' id='word_1_674' title='bbox 2601 2628 2800 2682; x_wconf 88' lang='lat' dir='ltr'><strong>ponere</strong></span> <span class='ocrx_word' id='word_1_675' title='bbox 2824 2613 3028 2668; x_wconf 86' lang='lat' dir='ltr'><strong>animas</strong></span> <span class='ocrx_word' id='word_1_676' title='bbox 3053 2625 3259 2671; x_wconf 86' lang='lat' dir='ltr'><strong>nostras</strong></span> <span class='ocrx_word' id='word_1_677' title='bbox 3290 2633 3386 2687; x_wconf 85' lang='lat' dir='ltr'><strong>pro</strong></span> <span class='ocrx_word' id='word_1_678' title='bbox 3429 2620 3518 2673; x_wconf 86' lang='lat' dir='ltr'><strong>illo</strong></span> <span class='ocrx_word' id='word_1_679' title='bbox 3538 2623 3564 2672; x_wconf 79' lang='lat' dir='ltr'><strong>‘t</strong></span> 
     </span>
    </p>
   </div>
   <div class='ocr_carea' id='block_1_84' title="bbox 1980 2701 3558 2778">
    <p class='ocr_par' dir='ltr' id='par_1_84' title="bbox 1980 2701 3558 2778">
     <span class='ocr_line' id='line_1_84' title="bbox 1980 2701 3558 2778; baseline 0.006 -23"><span class='ocrx_word' id='word_1_680' title='bbox 1980 2701 2116 2768; x_wconf 85' lang='lat' dir='ltr'><strong>Quid</strong></span> <span class='ocrx_word' id='word_1_681' title='bbox 2146 2703 2216 2757; x_wconf 89' lang='lat' dir='ltr'><strong>illi</strong></span> <span class='ocrx_word' id='word_1_682' title='bbox 2245 2703 2494 2773; x_wconf 87' lang='lat' dir='ltr'><strong>prodest,</strong></span> <span class='ocrx_word' id='word_1_683' title='bbox 2525 2703 2740 2774; x_wconf 87' lang='lat' dir='ltr'><strong>quando</strong></span> <span class='ocrx_word' id='word_1_684' title='bbox 2760 2705 2875 2774; x_wconf 89' lang='lat' dir='ltr'><strong>jam</strong></span> <span class='ocrx_word' id='word_1_685' title='bbox 2906 2707 3227 2762; x_wconf 88' lang='lat' dir='ltr'><strong>altissimum</strong></span> <span class='ocrx_word' id='word_1_686' title='bbox 3267 2712 3442 2778; x_wconf 81' lang='lat' dir='ltr'><strong>posuit</strong></span> <span class='ocrx_word' id='word_1_687' title='bbox 3472 2725 3558 2765; x_wconf 89' lang='lat' dir='ltr'><strong>rc-</strong></span> 
     </span>
    </p>
   </div>
   <div class='ocr_carea' id='block_1_85' title="bbox 1982 2793 3564 2868">
    <p class='ocr_par' dir='ltr' id='par_1_85' title="bbox 1982 2793 3564 2868">
     <span class='ocr_line' id='line_1_85' title="bbox 1982 2793 3564 2868; baseline 0.006 -22"><span class='ocrx_word' id='word_1_688' title='bbox 1982 2793 2178 2863; x_wconf 80' lang='lat' dir='ltr'><strong>lugium</strong></span> <span class='ocrx_word' id='word_1_689' title='bbox 2205 2809 2380 2860; x_wconf 91' lang='lat' dir='ltr'><strong>suum,</strong></span> <span class='ocrx_word' id='word_1_690' title='bbox 2405 2804 2457 2849; x_wconf 89' lang='lat' dir='ltr'><strong>et</strong></span> <span class='ocrx_word' id='word_1_691' title='bbox 2479 2795 2744 2866; x_wconf 83' lang='lat' dir='ltr'><strong>ﬂagellum</strong></span> <span class='ocrx_word' id='word_1_692' title='bbox 2772 2812 2874 2851; x_wconf 89' lang='lat' dir='ltr'><strong>non</strong></span> <span class='ocrx_word' id='word_1_693' title='bbox 2899 2799 3288 2868; x_wconf 87' lang='lat' dir='ltr'><strong>appropinquat</strong></span> <span class='ocrx_word' id='word_1_694' title='bbox 3320 2801 3564 2856; x_wconf 85' lang='lat' dir='ltr'><strong>taberna-</strong></span> 
     </span>
    </p>
   </div>
   <div class='ocr_carea' id='block_1_86' title="bbox 1981 2887 3566 2958">
    <p class='ocr_par' dir='ltr' id='par_1_86' title="bbox 1981 2887 3566 2958">
     <span class='ocr_line' id='line_1_86' title="bbox 1981 2887 3566 2958; baseline 0.003 -16"><span class='ocrx_word' id='word_1_695' title='bbox 1981 2887 2103 2942; x_wconf 86' lang='lat' dir='ltr'><strong>culo</strong></span> <span class='ocrx_word' id='word_1_696' title='bbox 2151 2888 2302 2956; x_wconf 90' lang='lat' dir='ltr'><strong>ejus?</strong></span> <span class='ocrx_word' id='word_1_697' title='bbox 2347 2888 2453 2942; x_wconf 89' lang='lat' dir='ltr'><strong>Sed</strong></span> <span class='ocrx_word' id='word_1_698' title='bbox 2499 2888 2626 2958; x_wconf 86' lang='lat' dir='ltr'><strong>quid</strong></span> <span class='ocrx_word' id='word_1_699' title='bbox 2656 2889 3088 2945; x_wconf 68' lang='lat' dir='ltr'><strong>dicit&#39;Joauues?</strong></span> <span class='ocrx_word' id='word_1_700' title='bbox 3137 2893 3283 2946; x_wconf 82' lang='lat' dir='ltr'><strong>Sicut</strong></span> <span class='ocrx_word' id='word_1_701' title='bbox 3335 2893 3566 2948; x_wconf 74' lang='lat' dir='ltr'><strong>Christus</strong></span> 
     </span>
    </p>
   </div>
   <div class='ocr_carea' id='block_1_87' title="bbox 1984 2976 3565 3054">
    <p class='ocr_par' dir='ltr' id='par_1_87' title="bbox 1984 2976 3565 3054">
     <span class='ocr_line' id='line_1_87' title="bbox 1984 2976 3565 3054; baseline 0.004 -23"><span class='ocrx_word' id='word_1_702' title='bbox 1984 2994 2075 3046; x_wconf 86' lang='lat' dir='ltr'><strong>pro</strong></span> <span class='ocrx_word' id='word_1_703' title='bbox 2105 2976 2246 3031; x_wconf 81' lang='lat' dir='ltr'><strong>nobis</strong></span> <span class='ocrx_word' id='word_1_704' title='bbox 2275 2979 2496 3032; x_wconf 80' lang='lat' dir='ltr'><strong>animum</strong></span> <span class='ocrx_word' id='word_1_705' title='bbox 2527 2981 2711 3048; x_wconf 77' lang='lat' dir='ltr'><strong>posuit,</strong></span> <span class='ocrx_word' id='word_1_706' title='bbox 2734 2979 2807 3032; x_wconf 86' lang='lat' dir='ltr'><strong>sic</strong></span> <span class='ocrx_word' id='word_1_707' title='bbox 2827 2991 2872 3034; x_wconf 88' lang='lat' dir='ltr'><strong>et</strong></span> <span class='ocrx_word' id='word_1_708' title='bbox 2894 2997 2985 3036; x_wconf 74' lang='lat' dir='ltr'><strong>nos</strong></span> <span class='ocrx_word' id='word_1_709' title='bbox 3014 2983 3248 3036; x_wconf 79' lang='lat' dir='ltr'><strong>debemus</strong></span> <span class='ocrx_word' id='word_1_710' title='bbox 3268 3001 3359 3054; x_wconf 83' lang='lat' dir='ltr'><strong>pro</strong></span> <span class='ocrx_word' id='word_1_711' title='bbox 3389 2982 3565 3052; x_wconf 73' lang='lat' dir='ltr'><strong>fratri-</strong></span> 
     </span>
    </p>
   </div>
   <div class='ocr_carea' id='block_1_88' title="bbox 1984 3068 3580 3144">
    <p class='ocr_par' dir='ltr' id='par_1_88' title="bbox 1984 3068 3580 3144">
     <span class='ocr_line' id='line_1_88' title="bbox 1984 3068 3580 3144; baseline 0.006 -24"><span class='ocrx_word' id='word_1_712' title='bbox 1984 3068 2072 3121; x_wconf 83' lang='lat' dir='ltr'><strong>bus</strong></span> <span class='ocrx_word' id='word_1_713' title='bbox 2121 3069 2343 3122; x_wconf 88' lang='lat' dir='ltr'><strong>animant</strong></span> <span class='ocrx_word' id='word_1_714' title='bbox 2393 3085 2578 3138; x_wconf 82' lang='lat' dir='ltr'><strong>ponere</strong></span> <span class='ocrx_word' id='word_1_715' title='bbox 2625 3070 2666 3140; x_wconf 92' lang='grc'><strong>(1</strong></span> <span class='ocrx_word' id='word_1_716' title='bbox 2695 3069 2852 3124; x_wconf 84' lang='lat' dir='ltr'><strong>Joan.</strong></span> <span class='ocrx_word' id='word_1_717' title='bbox 2901 3087 2990 3135; x_wconf 88' lang='lat' dir='ltr'><strong>tu,</strong></span> <span class='ocrx_word' id='word_1_718' title='bbox 3043 3072 3152 3142; x_wconf 84' lang='grc'><strong>16).</strong></span> <span class='ocrx_word' id='word_1_719' title='bbox 3193 3072 3580 3144; x_wconf 79' lang='lat' dir='ltr'><strong>Unusquisque</strong></span> 
     </span>
    </p>
   </div>
   <div class='ocr_carea' id='block_1_89' title="bbox 1987 3159 3566 3234">
    <p class='ocr_par' dir='ltr' id='par_1_89' title="bbox 1987 3159 3566 3234">
     <span class='ocr_line' id='line_1_89' title="bbox 1987 3159 3566 3234; baseline 0.004 -24"><span class='ocrx_word' id='word_1_720' title='bbox 1987 3174 2188 3228; x_wconf 81' lang='lat' dir='ltr'><strong>ponens</strong></span> <span class='ocrx_word' id='word_1_721' title='bbox 2230 3173 2328 3228; x_wconf 89' lang='lat' dir='ltr'><strong>pro</strong></span> <span class='ocrx_word' id='word_1_722' title='bbox 2373 3159 2536 3214; x_wconf 79' lang='lat' dir='ltr'><strong>fratre</strong></span> <span class='ocrx_word' id='word_1_723' title='bbox 2579 3161 2830 3226; x_wconf 90' lang='lat' dir='ltr'><strong>animam,</strong></span> <span class='ocrx_word' id='word_1_724' title='bbox 2859 3176 2958 3230; x_wconf 91' lang='lat' dir='ltr'><strong>pro</strong></span> <span class='ocrx_word' id='word_1_725' title='bbox 2985 3161 3196 3217; x_wconf 86' lang='lat' dir='ltr'><strong>Christo</strong></span> <span class='ocrx_word' id='word_1_726' title='bbox 3223 3163 3399 3232; x_wconf 88' lang='lat' dir='ltr'><strong>ponit;</strong></span> <span class='ocrx_word' id='word_1_727' title='bbox 3429 3179 3566 3234; x_wconf 91' lang='lat' dir='ltr'><strong>quo-</strong></span> 
     </span>
    </p>
   </div>
   <div class='ocr_carea' id='block_1_90' title="bbox 1986 3250 3570 3323">
    <p class='ocr_par' dir='ltr' id='par_1_90' title="bbox 1986 3250 3570 3323">
     <span class='ocr_line' id='line_1_90' title="bbox 1986 3250 3570 3323; baseline 0.003 -18"><span class='ocrx_word' id='word_1_728' title='bbox 1986 3252 2145 3306; x_wconf 84' lang='lat' dir='ltr'><strong>modo</strong></span> <span class='ocrx_word' id='word_1_729' title='bbox 2173 3265 2397 3320; x_wconf 88' lang='lat' dir='ltr'><strong>pascens</strong></span> <span class='ocrx_word' id='word_1_730' title='bbox 2421 3250 2642 3307; x_wconf 84' lang='lat' dir='ltr'><strong>fratrem</strong></span> <span class='ocrx_word' id='word_1_731' title='bbox 2667 3293 2680 3318; x_wconf 92' lang='lat'><strong>,</strong></span> <span class='ocrx_word' id='word_1_732' title='bbox 2708 3252 2976 3307; x_wconf 88' lang='lat' dir='ltr'><strong>Christum</strong></span> <span class='ocrx_word' id='word_1_733' title='bbox 3009 3255 3178 3323; x_wconf 87' lang='lat' dir='ltr'><strong>pascit</strong></span> <span class='ocrx_word' id='word_1_734' title='bbox 3209 3272 3220 3306; x_wconf 91' lang='lat'>:</span> <span class='ocrx_word' id='word_1_735' title='bbox 3247 3255 3370 3308; x_wconf 85' lang='lat' dir='ltr'><strong>Cum</strong></span> <span class='ocrx_word' id='word_1_736' title='bbox 3396 3257 3480 3308; x_wconf 85' lang='lat' dir='ltr'><strong>uni</strong></span> <span class='ocrx_word' id='word_1_737' title='bbox 3506 3272 3570 3310; x_wconf 72' lang='lat' dir='ltr'><strong>an</strong></span> 
     </span>
    </p>
   </div>
   <div class='ocr_carea' id='block_1_91' title="bbox 1987 3345 3566 3416">
    <p class='ocr_par' dir='ltr' id='par_1_91' title="bbox 1987 3345 3566 3416">
     <span class='ocr_line' id='line_1_91' title="bbox 1987 3345 3566 3416; baseline 0.002 -18"><span class='ocrx_word' id='word_1_738' title='bbox 1987 3345 2204 3398; x_wconf 81' lang='lat' dir='ltr'><strong>tttinimis</strong></span> <span class='ocrx_word' id='word_1_739' title='bbox 2247 3345 2368 3398; x_wconf 83' lang='lat' dir='ltr'><strong>meis</strong></span> <span class='ocrx_word' id='word_1_740' title='bbox 2415 3345 2622 3414; x_wconf 73' lang='lat' dir='ltr'><strong>fecistis,</strong></span> <span class='ocrx_word' id='word_1_741' title='bbox 2657 3345 2782 3399; x_wconf 74' lang='lat' dir='ltr'><strong>mihi</strong></span> <span class='ocrx_word' id='word_1_742' title='bbox 2821 3347 3006 3416; x_wconf 78' lang='lat' dir='ltr'><strong>fecistis</strong></span> <span class='ocrx_word' id='word_1_743' title='bbox 3053 3345 3263 3415; x_wconf 80' lang='lat' dir='ltr'><strong>(Matth.</strong></span> <span class='ocrx_word' id='word_1_744' title='bbox 3296 3363 3420 3410; x_wconf 81' lang='lat' dir='ltr'><strong>xxv,</strong></span> <span class='ocrx_word' id='word_1_745' title='bbox 3455 3349 3566 3415; x_wconf 72' lang='grc'><strong>10).</strong></span> 
     </span>
    </p>
   </div>
   <div class='ocr_carea' id='block_1_92' title="bbox 1988 3435 3567 3507">
    <p class='ocr_par' dir='ltr' id='par_1_92' title="bbox 1988 3435 3567 3507">
     <span class='ocr_line' id='line_1_92' title="bbox 1988 3435 3567 3507; baseline 0.001 -17"><span class='ocrx_word' id='word_1_746' title='bbox 1988 3437 2260 3497; x_wconf 81' lang='lat' dir='ltr'><strong>Amemus,</strong></span> <span class='ocrx_word' id='word_1_747' title='bbox 2284 3444 2339 3489; x_wconf 90' lang='lat' dir='ltr'><strong>et</strong></span> <span class='ocrx_word' id='word_1_748' title='bbox 2361 3435 2665 3502; x_wconf 88' lang='lat' dir='ltr'><strong>imitemur;</strong></span> <span class='ocrx_word' id='word_1_749' title='bbox 2693 3452 2972 3492; x_wconf 89' lang='lat' dir='ltr'><strong>curramus</strong></span> <span class='ocrx_word' id='word_1_750' title='bbox 2999 3447 3116 3507; x_wconf 89' lang='lat' dir='ltr'><strong>post</strong></span> <span class='ocrx_word' id='word_1_751' title='bbox 3144 3449 3403 3507; x_wconf 84' lang='lat' dir='ltr'><strong>unguenta</strong></span> <span class='ocrx_word' id='word_1_752' title='bbox 3431 3437 3567 3506; x_wconf 86' lang='lat' dir='ltr'><strong>ejus,</strong></span> 
     </span>
    </p>
   </div>
   <div class='ocr_carea' id='block_1_93' title="bbox 1987 3513 3572 3596">
    <p class='ocr_par' dir='ltr' id='par_1_93' title="bbox 1987 3513 3572 3596">
     <span class='ocr_line' id='line_1_93' title="bbox 1987 3513 3572 3596; baseline -0.001 -15"><span class='ocrx_word' id='word_1_753' title='bbox 1987 3525 2255 3596; x_wconf 91' lang='lat' dir='ltr'><strong>quomodo</strong></span> <span class='ocrx_word' id='word_1_754' title='bbox 2284 3525 2478 3580; x_wconf 90' lang='lat' dir='ltr'><strong>dicitur</strong></span> <span class='ocrx_word' id='word_1_755' title='bbox 2500 3527 2554 3580; x_wconf 90' lang='lat' dir='ltr'><strong>iu</strong></span> <span class='ocrx_word' id='word_1_756' title='bbox 2581 3527 2812 3583; x_wconf 90' lang='lat' dir='ltr'><strong>Canticis</strong></span> <span class='ocrx_word' id='word_1_757' title='bbox 2835 3528 3159 3584; x_wconf 87' lang='lat' dir='ltr'><strong>canticormu</strong></span> <span class='ocrx_word' id='word_1_758' title='bbox 3183 3513 3206 3581; x_wconf 72' lang='grc' dir='ltr'><em>ἶ</em></span> <span class='ocrx_word' id='word_1_759' title='bbox 3220 3527 3345 3582; x_wconf 84' lang='lat' dir='ltr'><strong>Post</strong></span> <span class='ocrx_word' id='word_1_760' title='bbox 3368 3529 3572 3582; x_wconf 86' lang='lat' dir='ltr'><strong>odorem</strong></span> 
     </span>
    </p>
   </div>
   <div class='ocr_carea' id='block_1_94' title="bbox 1989 3622 3570 3694">
    <p class='ocr_par' dir='ltr' id='par_1_94' title="bbox 1989 3622 3570 3694">
     <span class='ocr_line' id='line_1_94' title="bbox 1989 3622 3570 3694; baseline 0.001 -21"><span class='ocrx_word' id='word_1_761' title='bbox 1989 3630 2355 3690; x_wconf 83' lang='lat' dir='ltr'><strong>unguentorum</strong></span> <span class='ocrx_word' id='word_1_762' title='bbox 2382 3630 2580 3675; x_wconf 88' lang='lat' dir='ltr'><strong>tuorum</strong></span> <span class='ocrx_word' id='word_1_763' title='bbox 2607 3639 2864 3676; x_wconf 77' lang='lat' dir='ltr'><strong>curramus</strong></span> <span class='ocrx_word' id='word_1_764' title='bbox 2887 3623 3056 3694; x_wconf 88' lang='lat' dir='ltr'><strong>(Cant.</strong></span> <span class='ocrx_word' id='word_1_765' title='bbox 3078 3639 3115 3689; x_wconf 88' lang='lat' dir='ltr'><strong>t,</strong></span> <span class='ocrx_word' id='word_1_766' title='bbox 3145 3623 3220 3693; x_wconf 78' lang='grc'><strong>5).</strong></span> <span class='ocrx_word' id='word_1_767' title='bbox 3253 3622 3407 3676; x_wconf 82' lang='lat' dir='ltr'><strong>Venit</strong></span> <span class='ocrx_word' id='word_1_768' title='bbox 3427 3623 3570 3676; x_wconf 88' lang='lat' dir='ltr'><strong>enim</strong></span> 
     </span>
    </p>
   </div>
   <div class='ocr_carea' id='block_1_95' title="bbox 1989 3713 3574 3783">
    <p class='ocr_par' dir='ltr' id='par_1_95' title="bbox 1989 3713 3574 3783">
     <span class='ocr_line' id='line_1_95' title="bbox 1989 3713 3574 3783; baseline 0.001 -17"><span class='ocrx_word' id='word_1_769' title='bbox 1989 3721 2044 3766; x_wconf 87' lang='lat' dir='ltr'><strong>et</strong></span> <span class='ocrx_word' id='word_1_770' title='bbox 2086 3713 2280 3777; x_wconf 86' lang='lat' dir='ltr'><strong>olevit,</strong></span> <span class='ocrx_word' id='word_1_771' title='bbox 2334 3722 2388 3767; x_wconf 90' lang='lat' dir='ltr'><strong>et</strong></span> <span class='ocrx_word' id='word_1_772' title='bbox 2429 3713 2562 3766; x_wconf 92' lang='lat' dir='ltr'><strong>odor</strong></span> <span class='ocrx_word' id='word_1_773' title='bbox 2609 3713 2774 3782; x_wconf 85' lang='lat' dir='ltr'><strong>ipsius</strong></span> <span class='ocrx_word' id='word_1_774' title='bbox 2825 3714 3063 3783; x_wconf 84' lang='lat' dir='ltr'><strong>implevit</strong></span> <span class='ocrx_word' id='word_1_775' title='bbox 3115 3713 3388 3767; x_wconf 89' lang='lat' dir='ltr'><strong>mundum.</strong></span> <span class='ocrx_word' id='word_1_776' title='bbox 3425 3713 3574 3768; x_wconf 77' lang='lat' dir='ltr'><strong>L&#39;ule</strong></span> 
     </span>
    </p>
   </div>
   <div class='ocr_carea' id='block_1_96' title="bbox 1992 3802 3577 3876">
    <p class='ocr_par' dir='ltr' id='par_1_96' title="bbox 1992 3802 3577 3876">
     <span class='ocr_line' id='line_1_96' title="bbox 1992 3802 3577 3876; baseline 0.001 -20"><span class='ocrx_word' id='word_1_777' title='bbox 1992 3802 2166 3858; x_wconf 89' lang='lat' dir='ltr'><strong>odor?</strong></span> <span class='ocrx_word' id='word_1_778' title='bbox 2209 3805 2284 3859; x_wconf 90' lang='lat' dir='ltr'><strong>De</strong></span> <span class='ocrx_word' id='word_1_779' title='bbox 2313 3806 2472 3859; x_wconf 75' lang='lat' dir='ltr'><strong>coelo.</strong></span> <span class='ocrx_word' id='word_1_780' title='bbox 2498 3806 2730 3874; x_wconf 90' lang='lat' dir='ltr'><strong>Sequere</strong></span> <span class='ocrx_word' id='word_1_781' title='bbox 2761 3821 2890 3876; x_wconf 81' lang='lat' dir='ltr'><strong>ergo</strong></span> <span class='ocrx_word' id='word_1_782' title='bbox 2913 3806 2978 3859; x_wconf 87' lang='lat' dir='ltr'><strong>ad</strong></span> <span class='ocrx_word' id='word_1_783' title='bbox 3007 3806 3223 3869; x_wconf 71' lang='lat' dir='ltr'><strong>centum,</strong></span> <span class='ocrx_word' id='word_1_784' title='bbox 3253 3805 3296 3858; x_wconf 91' lang='lat' dir='ltr'><strong>si</strong></span> <span class='ocrx_word' id='word_1_785' title='bbox 3327 3823 3429 3858; x_wconf 88' lang='lat' dir='ltr'><strong>non</strong></span> <span class='ocrx_word' id='word_1_786' title='bbox 3477 3806 3546 3858; x_wconf 81' lang='lat' dir='ltr'><strong>t&#39;al</strong></span> <span class='ocrx_word' id='word_1_787' title='bbox 3573 3835 3577 3840; x_wconf 60' lang='grc' dir='ltr'><strong>ν</strong></span> 
     </span>
    </p>
   </div>
   <div class='ocr_carea' id='block_1_97' title="bbox 1992 3896 3549 3964">
    <p class='ocr_par' dir='ltr' id='par_1_97' title="bbox 1992 3896 3549 3964">
     <span class='ocr_line' id='line_1_97' title="bbox 1992 3896 3549 3964; baseline 0.001 -16"><span class='ocrx_word' id='word_1_788' title='bbox 1992 3909 2109 3948; x_wconf 86' lang='lat' dir='ltr'><strong>sum</strong></span> <span class='ocrx_word' id='word_1_789' title='bbox 2141 3896 2433 3964; x_wconf 90' lang='lat' dir='ltr'><strong>respondes</strong></span> <span class='ocrx_word' id='word_1_790' title='bbox 2462 3911 2582 3949; x_wconf 90' lang='lat' dir='ltr'><strong>cum</strong></span> <span class='ocrx_word' id='word_1_791' title='bbox 2615 3896 2828 3961; x_wconf 91' lang='lat' dir='ltr'><strong>dicitur,</strong></span> <span class='ocrx_word' id='word_1_792' title='bbox 2860 3898 3082 3952; x_wconf 87' lang='lat' dir='ltr'><strong>Sursum</strong></span> <span class='ocrx_word' id='word_1_793' title='bbox 3109 3913 3222 3962; x_wconf 86' lang='lat' dir='ltr'><strong>cor,</strong></span> <span class='ocrx_word' id='word_1_794' title='bbox 3248 3912 3456 3951; x_wconf 90' lang='lat' dir='ltr'><strong>sursum</strong></span> <span class='ocrx_word' id='word_1_795' title='bbox 3486 3914 3549 3952; x_wconf 89' lang='lat' dir='ltr'><strong>eo</strong></span> 
     </span>
    </p>
   </div>
   <div class='ocr_carea' id='block_1_98' title="bbox 1993 3984 3577 4060">
    <p class='ocr_par' dir='ltr' id='par_1_98' title="bbox 1993 3984 3577 4060">
     <span class='ocr_line' id='line_1_98' title="bbox 1993 3984 3577 4060; baseline 0.004 -23"><span class='ocrx_word' id='word_1_796' title='bbox 1993 3984 2301 4057; x_wconf 79' lang='lat' dir='ltr'><strong>gitationcm</strong></span> <span class='ocrx_word' id='word_1_797' title='bbox 2327 4026 2338 4050; x_wconf 91' lang='lat'><strong>,</strong></span> <span class='ocrx_word' id='word_1_798' title='bbox 2369 4001 2578 4040; x_wconf 86' lang='lat' dir='ltr'><strong>sursum</strong></span> <span class='ocrx_word' id='word_1_799' title='bbox 2607 4002 2843 4060; x_wconf 67' lang='lat' dir='ltr'><strong>antorem</strong></span> <span class='ocrx_word' id='word_1_800' title='bbox 2865 4031 2877 4051; x_wconf 91' lang='lat'><strong>,</strong></span> <span class='ocrx_word' id='word_1_801' title='bbox 2913 4003 3120 4042; x_wconf 84' lang='lat' dir='ltr'><strong>sursum</strong></span> <span class='ocrx_word' id='word_1_802' title='bbox 3167 4003 3314 4058; x_wconf 86' lang='lat' dir='ltr'><strong>spem</strong></span> <span class='ocrx_word' id='word_1_803' title='bbox 3341 4006 3354 4053; x_wconf 96' lang='lat'><strong>;</strong></span> <span class='ocrx_word' id='word_1_804' title='bbox 3382 4007 3447 4043; x_wconf 88' lang='lat' dir='ltr'><strong>ne</strong></span> <span class='ocrx_word' id='word_1_805' title='bbox 3479 4007 3577 4058; x_wconf 85' lang='lat' dir='ltr'><strong>pu-</strong></span> 
     </span>
    </p>
   </div>
   <div class='ocr_carea' id='block_1_99' title="bbox 1997 4077 3579 4148">
    <p class='ocr_par' dir='ltr' id='par_1_99' title="bbox 1997 4077 3579 4148">
     <span class='ocr_line' id='line_1_99' title="bbox 1997 4077 3579 4148; baseline 0.004 -19"><span class='ocrx_word' id='word_1_806' title='bbox 1997 4077 2268 4130; x_wconf 84' lang='lat' dir='ltr'><strong>tresratin</strong></span> <span class='ocrx_word' id='word_1_807' title='bbox 2299 4086 2458 4132; x_wconf 89' lang='lat' dir='ltr'><strong>terra.</strong></span> <span class='ocrx_word' id='word_1_808' title='bbox 2489 4077 2744 4132; x_wconf 89' lang='lat' dir='ltr'><strong>Triticum</strong></span> <span class='ocrx_word' id='word_1_809' title='bbox 2794 4095 2900 4132; x_wconf 83' lang='lat' dir='ltr'><strong>non</strong></span> <span class='ocrx_word' id='word_1_810' title='bbox 2945 4079 3109 4132; x_wconf 87' lang='lat' dir='ltr'><strong>audes</strong></span> <span class='ocrx_word' id='word_1_811' title='bbox 3137 4095 3334 4148; x_wconf 85' lang='lat' dir='ltr'><strong>ponere</strong></span> <span class='ocrx_word' id='word_1_812' title='bbox 3381 4081 3432 4134; x_wconf 93' lang='lat' dir='ltr'><strong>in</strong></span> <span class='ocrx_word' id='word_1_813' title='bbox 3482 4081 3579 4134; x_wconf 86' lang='lat' dir='ltr'><strong>hu—</strong></span> 
     </span>
    </p>
   </div>
   <div class='ocr_carea' id='block_1_100' title="bbox 1998 4167 3576 4239">
    <p class='ocr_par' dir='ltr' id='par_1_100' title="bbox 1998 4167 3576 4239">
     <span class='ocr_line' id='line_1_100' title="bbox 1998 4167 3576 4239; baseline 0.003 -18"><span class='ocrx_word' id='word_1_814' title='bbox 1998 4167 2138 4221; x_wconf 89' lang='lat' dir='ltr'><strong>mida</strong></span> <span class='ocrx_word' id='word_1_815' title='bbox 2166 4176 2328 4233; x_wconf 88' lang='lat' dir='ltr'><strong>terra,</strong></span> <span class='ocrx_word' id='word_1_816' title='bbox 2356 4185 2423 4222; x_wconf 90' lang='lat' dir='ltr'><strong>ne</strong></span> <span class='ocrx_word' id='word_1_817' title='bbox 2449 4179 2747 4238; x_wconf 85' lang='lat' dir='ltr'><strong>putrescat,</strong></span> <span class='ocrx_word' id='word_1_818' title='bbox 2792 4171 2911 4239; x_wconf 87' lang='lat' dir='ltr'><strong>quia</strong></span> <span class='ocrx_word' id='word_1_819' title='bbox 2941 4170 3188 4224; x_wconf 74' lang='lat' dir='ltr'><strong>laborasti</strong></span> <span class='ocrx_word' id='word_1_820' title='bbox 3217 4180 3269 4225; x_wconf 90' lang='lat' dir='ltr'><strong>et</strong></span> <span class='ocrx_word' id='word_1_821' title='bbox 3289 4173 3576 4234; x_wconf 87' lang='lat' dir='ltr'><strong>messuisti.</strong></span> 
     </span>
    </p>
   </div>
   <div class='ocr_carea' id='block_1_101' title="bbox 2002 4259 3583 4327">
    <p class='ocr_par' dir='ltr' id='par_1_101' title="bbox 2002 4259 3583 4327">
     <span class='ocr_line' id='line_1_101' title="bbox 2002 4259 3583 4327; baseline 0.003 -15"><span class='ocrx_word' id='word_1_822' title='bbox 2002 4259 2255 4314; x_wconf 85' lang='lat' dir='ltr'><strong>triturasti</strong></span> <span class='ocrx_word' id='word_1_823' title='bbox 2287 4269 2340 4314; x_wconf 90' lang='lat' dir='ltr'><strong>et</strong></span> <span class='ocrx_word' id='word_1_824' title='bbox 2370 4261 2658 4316; x_wconf 87' lang='lat' dir='ltr'><strong>ventilasti.</strong></span> <span class='ocrx_word' id='word_1_825' title='bbox 2690 4261 2895 4327; x_wconf 61' lang='lat' dir='ltr'><strong>Quaeris</strong></span> <span class='ocrx_word' id='word_1_826' title='bbox 2944 4261 3114 4316; x_wconf 82' lang='lat' dir='ltr'><strong>loctuu</strong></span> <span class='ocrx_word' id='word_1_827' title='bbox 3165 4264 3336 4318; x_wconf 90' lang='lat' dir='ltr'><strong>tritico</strong></span> <span class='ocrx_word' id='word_1_828' title='bbox 3373 4272 3496 4326; x_wconf 86' lang='lat' dir='ltr'><strong>tuo,</strong></span> <span class='ocrx_word' id='word_1_829' title='bbox 3528 4275 3583 4317; x_wconf 88' lang='lat' dir='ltr'><strong>et</strong></span> 
     </span>
    </p>
   </div>
   <div class='ocr_carea' id='block_1_102' title="bbox 2002 4350 3586 4422">
    <p class='ocr_par' dir='ltr' id='par_1_102' title="bbox 2002 4350 3586 4422">
     <span class='ocr_line' id='line_1_102' title="bbox 2002 4350 3586 4422; baseline 0.004 -20"><span class='ocrx_word' id='word_1_830' title='bbox 2002 4366 2105 4403; x_wconf 89' lang='lat' dir='ltr'><strong>nou</strong></span> <span class='ocrx_word' id='word_1_831' title='bbox 2136 4350 2330 4418; x_wconf 64' lang='lat' dir='ltr'><strong>quieris</strong></span> <span class='ocrx_word' id='word_1_832' title='bbox 2361 4351 2534 4404; x_wconf 90' lang='lat' dir='ltr'><strong>locum</strong></span> <span class='ocrx_word' id='word_1_833' title='bbox 2563 4350 2706 4405; x_wconf 89' lang='lat' dir='ltr'><strong>cordi</strong></span> <span class='ocrx_word' id='word_1_834' title='bbox 2738 4352 2868 4406; x_wconf 86' lang='lat' dir='ltr'><strong>tuo?</strong></span> <span class='ocrx_word' id='word_1_835' title='bbox 2899 4370 3002 4406; x_wconf 85' lang='lat' dir='ltr'><strong>non</strong></span> <span class='ocrx_word' id='word_1_836' title='bbox 3032 4355 3223 4422; x_wconf 71' lang='lat' dir='ltr'><strong>qumris</strong></span> <span class='ocrx_word' id='word_1_837' title='bbox 3259 4355 3429 4408; x_wconf 86' lang='lat' dir='ltr'><strong>locum</strong></span> <span class='ocrx_word' id='word_1_838' title='bbox 3463 4353 3586 4409; x_wconf 87' lang='lat' dir='ltr'><strong>the--</strong></span> 
     </span>
    </p>
   </div>
   <div class='ocr_carea' id='block_1_103' title="bbox 1961 4440 3579 4515">
    <p class='ocr_par' dir='ltr' id='par_1_103' title="bbox 1961 4440 3579 4515">
     <span class='ocr_line' id='line_1_103' title="bbox 1961 4440 3579 4515; baseline 0.002 -22"><span class='ocrx_word' id='word_1_839' title='bbox 1961 4453 2160 4493; x_wconf 84' lang='lat' dir='ltr'><strong>.sauro</strong></span> <span class='ocrx_word' id='word_1_840' title='bbox 2208 4441 2338 4493; x_wconf 88' lang='lat' dir='ltr'><strong>tuo?</strong></span> <span class='ocrx_word' id='word_1_841' title='bbox 2386 4440 2492 4495; x_wconf 84' lang='lat' dir='ltr'><strong>Fac</strong></span> <span class='ocrx_word' id='word_1_842' title='bbox 2534 4442 2785 4511; x_wconf 77' lang='lat' dir='ltr'><strong>quidquid</strong></span> <span class='ocrx_word' id='word_1_843' title='bbox 2820 4444 3016 4511; x_wconf 89' lang='lat' dir='ltr'><strong>poteris</strong></span> <span class='ocrx_word' id='word_1_844' title='bbox 3057 4445 3105 4496; x_wconf 91' lang='lat' dir='ltr'><strong>iu</strong></span> <span class='ocrx_word' id='word_1_845' title='bbox 3155 4453 3292 4498; x_wconf 86' lang='lat' dir='ltr'><strong>terra</strong></span> <span class='ocrx_word' id='word_1_846' title='bbox 3327 4462 3339 4497; x_wconf 88' lang='lat'>:</span> <span class='ocrx_word' id='word_1_847' title='bbox 3383 4459 3541 4515; x_wconf 76' lang='lat' dir='ltr'><strong>eroga</strong></span> <span class='ocrx_word' id='word_1_848' title='bbox 3574 4488 3579 4496; x_wconf 76' lang='grc'>,</span> 
     </span>
    </p>
   </div>
   <div class='ocr_carea' id='block_1_104' title="bbox 2003 4531 3587 4605">
    <p class='ocr_par' dir='ltr' id='par_1_104' title="bbox 2003 4531 3587 4605">
     <span class='ocr_line' id='line_1_104' title="bbox 2003 4531 3587 4605; baseline 0.004 -22"><span class='ocrx_word' id='word_1_849' title='bbox 2003 4545 2108 4584; x_wconf 88' lang='lat' dir='ltr'><strong>non</strong></span> <span class='ocrx_word' id='word_1_850' title='bbox 2138 4531 2360 4598; x_wconf 89' lang='lat' dir='ltr'><strong>perdes,</strong></span> <span class='ocrx_word' id='word_1_851' title='bbox 2389 4534 2481 4587; x_wconf 89' lang='lat' dir='ltr'><strong>sed</strong></span> <span class='ocrx_word' id='word_1_852' title='bbox 2514 4535 2789 4588; x_wconf 85' lang='lat' dir='ltr'><strong>rccondes.</strong></span> <span class='ocrx_word' id='word_1_853' title='bbox 2822 4535 2888 4588; x_wconf 87' lang='lat' dir='ltr'><strong>Et</strong></span> <span class='ocrx_word' id='word_1_854' title='bbox 2917 4537 3035 4605; x_wconf 89' lang='lat' dir='ltr'><strong>quis</strong></span> <span class='ocrx_word' id='word_1_855' title='bbox 3083 4539 3302 4590; x_wconf 83' lang='lat' dir='ltr'><strong>servat?</strong></span> <span class='ocrx_word' id='word_1_856' title='bbox 3341 4537 3587 4591; x_wconf 84' lang='lat' dir='ltr'><strong>Christus</strong></span> 
     </span>
    </p>
   </div>
   <div class='ocr_carea' id='block_1_105' title="bbox 2003 4621 3584 4689">
    <p class='ocr_par' dir='ltr' id='par_1_105' title="bbox 2003 4621 3584 4689">
     <span class='ocr_line' id='line_1_105' title="bbox 2003 4621 3584 4689; baseline 0.004 -16"><span class='ocrx_word' id='word_1_857' title='bbox 2003 4621 2091 4689; x_wconf 91' lang='lat' dir='ltr'><strong>qui</strong></span> <span class='ocrx_word' id='word_1_858' title='bbox 2123 4632 2173 4676; x_wconf 89' lang='lat' dir='ltr'><strong>et</strong></span> <span class='ocrx_word' id='word_1_859' title='bbox 2206 4632 2255 4677; x_wconf 91' lang='lat' dir='ltr'><strong>te</strong></span> <span class='ocrx_word' id='word_1_860' title='bbox 2282 4634 2474 4677; x_wconf 90' lang='lat' dir='ltr'><strong>servat.</strong></span> <span class='ocrx_word' id='word_1_861' title='bbox 2505 4625 2579 4679; x_wconf 87' lang='lat' dir='ltr'><strong>Te</strong></span> <span class='ocrx_word' id='word_1_862' title='bbox 2611 4627 2757 4680; x_wconf 81' lang='lat' dir='ltr'><strong>novit</strong></span> <span class='ocrx_word' id='word_1_863' title='bbox 2796 4640 3008 4682; x_wconf 79' lang='lat' dir='ltr'><strong>serVarc</strong></span> <span class='ocrx_word' id='word_1_864' title='bbox 3031 4669 3043 4689; x_wconf 89' lang='lat'><strong>,</strong></span> <span class='ocrx_word' id='word_1_865' title='bbox 3076 4627 3382 4682; x_wconf 88' lang='lat' dir='ltr'><strong>thesaurum</strong></span> <span class='ocrx_word' id='word_1_866' title='bbox 3434 4637 3584 4682; x_wconf 80' lang='lat' dir='ltr'><strong>ttutm</strong></span> 
     </span>
    </p>
   </div>
   <div class='ocr_carea' id='block_1_106' title="bbox 2005 4712 3592 4783">
    <p class='ocr_par' dir='ltr' id='par_1_106' title="bbox 2005 4712 3592 4783">
     <span class='ocr_line' id='line_1_106' title="bbox 2005 4712 3592 4783; baseline 0.004 -18"><span class='ocrx_word' id='word_1_867' title='bbox 2005 4727 2110 4766; x_wconf 87' lang='lat' dir='ltr'><strong>non</strong></span> <span class='ocrx_word' id='word_1_868' title='bbox 2136 4712 2278 4766; x_wconf 88' lang='lat' dir='ltr'><strong>novit</strong></span> <span class='ocrx_word' id='word_1_869' title='bbox 2302 4716 2553 4768; x_wconf 86' lang='lat' dir='ltr'><strong>scrvare?</strong></span> <span class='ocrx_word' id='word_1_870' title='bbox 2583 4717 2756 4783; x_wconf 63' lang='lat' dir='ltr'><strong>Quare</strong></span> <span class='ocrx_word' id='word_1_871' title='bbox 2789 4729 2963 4771; x_wconf 91' lang='lat' dir='ltr'><strong>autem</strong></span> <span class='ocrx_word' id='word_1_872' title='bbox 2992 4719 3102 4772; x_wconf 92' lang='lat' dir='ltr'><strong>vult</strong></span> <span class='ocrx_word' id='word_1_873' title='bbox 3130 4729 3184 4773; x_wconf 90' lang='lat' dir='ltr'><strong>ut</strong></span> <span class='ocrx_word' id='word_1_874' title='bbox 3214 4720 3388 4774; x_wconf 90' lang='lat' dir='ltr'><strong>locum</strong></span> <span class='ocrx_word' id='word_1_875' title='bbox 3417 4730 3592 4774; x_wconf 87' lang='lat' dir='ltr'><strong>mutes</strong></span> 
     </span>
    </p>
   </div>
   <div class='ocr_carea' id='block_1_107' title="bbox 2008 4804 3596 4870">
    <p class='ocr_par' dir='ltr' id='par_1_107' title="bbox 2008 4804 3596 4870">
     <span class='ocr_line' id='line_1_107' title="bbox 2008 4804 3596 4870; baseline 0.003 -14"><span class='ocrx_word' id='word_1_876' title='bbox 2008 4804 2258 4860; x_wconf 86' lang='lat' dir='ltr'><strong>thesauro</strong></span> <span class='ocrx_word' id='word_1_877' title='bbox 2289 4815 2378 4860; x_wconf 93' lang='lat' dir='ltr'><strong>tuo</strong></span> <span class='ocrx_word' id='word_1_878' title='bbox 2399 4848 2412 4870; x_wconf 91' lang='lat'><strong>,</strong></span> <span class='ocrx_word' id='word_1_879' title='bbox 2447 4808 2544 4861; x_wconf 89' lang='lat' dir='ltr'><strong>nisi</strong></span> <span class='ocrx_word' id='word_1_880' title='bbox 2578 4819 2633 4862; x_wconf 92' lang='lat' dir='ltr'><strong>ut</strong></span> <span class='ocrx_word' id='word_1_881' title='bbox 2663 4809 2835 4862; x_wconf 79' lang='lat' dir='ltr'><strong>locum</strong></span> <span class='ocrx_word' id='word_1_882' title='bbox 2885 4820 3060 4865; x_wconf 89' lang='lat' dir='ltr'><strong>mutes</strong></span> <span class='ocrx_word' id='word_1_883' title='bbox 3087 4811 3233 4866; x_wconf 85' lang='lat' dir='ltr'><strong>cordi</strong></span> <span class='ocrx_word' id='word_1_884' title='bbox 3266 4813 3393 4865; x_wconf 89' lang='lat' dir='ltr'><strong>tuo?</strong></span> <span class='ocrx_word' id='word_1_885' title='bbox 3423 4812 3596 4866; x_wconf 71' lang='lat' dir='ltr'><strong>Nemo</strong></span> 
     </span>
    </p>
   </div>
   <div class='ocr_carea' id='block_1_108' title="bbox 2007 4897 3591 4970">
    <p class='ocr_par' dir='ltr' id='par_1_108' title="bbox 2007 4897 3591 4970">
     <span class='ocr_line' id='line_1_108' title="bbox 2007 4897 3591 4970; baseline 0.003 -20"><span class='ocrx_word' id='word_1_886' title='bbox 2007 4897 2148 4950; x_wconf 87' lang='lat' dir='ltr'><strong>enim</strong></span> <span class='ocrx_word' id='word_1_887' title='bbox 2179 4898 2374 4967; x_wconf 85' lang='lat' dir='ltr'><strong>cogitat</strong></span> <span class='ocrx_word' id='word_1_888' title='bbox 2414 4898 2513 4952; x_wconf 89' lang='lat' dir='ltr'><strong>nisi</strong></span> <span class='ocrx_word' id='word_1_889' title='bbox 2553 4898 2620 4953; x_wconf 91' lang='lat' dir='ltr'><strong>de</strong></span> <span class='ocrx_word' id='word_1_890' title='bbox 2650 4900 2901 4954; x_wconf 87' lang='lat' dir='ltr'><strong>thesauro</strong></span> <span class='ocrx_word' id='word_1_891' title='bbox 2942 4917 3059 4957; x_wconf 92' lang='lat' dir='ltr'><strong>suo.</strong></span> <span class='ocrx_word' id='word_1_892' title='bbox 3091 4903 3258 4970; x_wconf 88' lang='lat' dir='ltr'><strong>Quam</strong></span> <span class='ocrx_word' id='word_1_893' title='bbox 3309 4903 3457 4956; x_wconf 87' lang='lat' dir='ltr'><strong>multi</strong></span> <span class='ocrx_word' id='word_1_894' title='bbox 3506 4904 3591 4955; x_wconf 82' lang='lat' dir='ltr'><strong>hic</strong></span> 
     </span>
    </p>
   </div>
   <div class='ocr_carea' id='block_1_109' title="bbox 2007 4987 3588 5058">
    <p class='ocr_par' dir='ltr' id='par_1_109' title="bbox 2007 4987 3588 5058">
     <span class='ocr_line' id='line_1_109' title="bbox 2007 4987 3588 5058; baseline 0.004 -19"><span class='ocrx_word' id='word_1_895' title='bbox 2007 4987 2240 5056; x_wconf 88' lang='lat' dir='ltr'><strong>suntqui</strong></span> <span class='ocrx_word' id='word_1_896' title='bbox 2267 5003 2353 5042; x_wconf 92' lang='lat' dir='ltr'><strong>me</strong></span> <span class='ocrx_word' id='word_1_897' title='bbox 2381 4990 2539 5044; x_wconf 90' lang='lat' dir='ltr'><strong>modo</strong></span> <span class='ocrx_word' id='word_1_898' title='bbox 2571 4991 2812 5058; x_wconf 89' lang='lat' dir='ltr'><strong>audiunt,</strong></span> <span class='ocrx_word' id='word_1_899' title='bbox 2841 5004 2895 5049; x_wconf 88' lang='lat' dir='ltr'><strong>et</strong></span> <span class='ocrx_word' id='word_1_900' title='bbox 2924 5011 3026 5049; x_wconf 88' lang='lat' dir='ltr'><strong>non</strong></span> <span class='ocrx_word' id='word_1_901' title='bbox 3059 5005 3139 5048; x_wconf 90' lang='lat' dir='ltr'><strong>est</strong></span> <span class='ocrx_word' id='word_1_902' title='bbox 3163 5012 3256 5049; x_wconf 91' lang='lat' dir='ltr'><strong>cor</strong></span> <span class='ocrx_word' id='word_1_903' title='bbox 3276 5010 3458 5048; x_wconf 84' lang='lat' dir='ltr'><strong>eorum</strong></span> <span class='ocrx_word' id='word_1_904' title='bbox 3491 4995 3588 5046; x_wconf 76' lang='lat' dir='ltr'><strong>nisi</strong></span> 
     </span>
    </p>
   </div>
   <div class='ocr_carea' id='block_1_110' title="bbox 2007 5079 3592 5156">
    <p class='ocr_par' dir='ltr' id='par_1_110' title="bbox 2007 5079 3592 5156">
     <span class='ocr_line' id='line_1_110' title="bbox 2007 5079 3592 5156; baseline 0.003 -22"><span class='ocrx_word' id='word_1_905' title='bbox 2007 5079 2060 5134; x_wconf 90' lang='lat' dir='ltr'><strong>in</strong></span> <span class='ocrx_word' id='word_1_906' title='bbox 2106 5081 2348 5136; x_wconf 84' lang='lat' dir='ltr'><strong>saccellis</strong></span> <span class='ocrx_word' id='word_1_907' title='bbox 2400 5083 2544 5136; x_wconf 88' lang='lat' dir='ltr'><strong>suis?</strong></span> <span class='ocrx_word' id='word_1_908' title='bbox 2577 5083 2631 5138; x_wconf 90' lang='lat' dir='ltr'><strong>lu</strong></span> <span class='ocrx_word' id='word_1_909' title='bbox 2684 5095 2822 5140; x_wconf 89' lang='lat' dir='ltr'><strong>terra</strong></span> <span class='ocrx_word' id='word_1_910' title='bbox 2871 5089 3020 5154; x_wconf 89' lang='lat' dir='ltr'><strong>estis,</strong></span> <span class='ocrx_word' id='word_1_911' title='bbox 3052 5088 3171 5156; x_wconf 90' lang='lat' dir='ltr'><strong>quia</strong></span> <span class='ocrx_word' id='word_1_912' title='bbox 3223 5088 3274 5140; x_wconf 91' lang='lat' dir='ltr'><strong>in</strong></span> <span class='ocrx_word' id='word_1_913' title='bbox 3324 5095 3459 5139; x_wconf 84' lang='lat' dir='ltr'><strong>terra</strong></span> <span class='ocrx_word' id='word_1_914' title='bbox 3509 5096 3592 5139; x_wconf 83' lang='lat' dir='ltr'><strong>est</strong></span> 
     </span>
    </p>
   </div>
   <div class='ocr_carea' id='block_1_111' title="bbox 2009 5170 3590 5244">
    <p class='ocr_par' dir='ltr' id='par_1_111' title="bbox 2009 5170 3590 5244">
     <span class='ocr_line' id='line_1_111' title="bbox 2009 5170 3590 5244; baseline 0.003 -19"><span class='ocrx_word' id='word_1_915' title='bbox 2009 5170 2150 5240; x_wconf 88' lang='lat' dir='ltr'><strong>quod</strong></span> <span class='ocrx_word' id='word_1_916' title='bbox 2191 5174 2381 5228; x_wconf 87' lang='lat' dir='ltr'><strong>amatis</strong></span> <span class='ocrx_word' id='word_1_917' title='bbox 2421 5193 2432 5228; x_wconf 92' lang='lat'>:</span> <span class='ocrx_word' id='word_1_918' title='bbox 2467 5176 2706 5230; x_wconf 89' lang='lat' dir='ltr'><strong>mittatur</strong></span> <span class='ocrx_word' id='word_1_919' title='bbox 2733 5179 2784 5232; x_wconf 89' lang='lat' dir='ltr'><strong>in</strong></span> <span class='ocrx_word' id='word_1_920' title='bbox 2816 5179 3009 5233; x_wconf 75' lang='lat' dir='ltr'><strong>ewlum</strong></span> <span class='ocrx_word' id='word_1_921' title='bbox 3032 5219 3048 5244; x_wconf 93' lang='lat'><strong>,</strong></span> <span class='ocrx_word' id='word_1_922' title='bbox 3077 5191 3129 5234; x_wconf 90' lang='lat' dir='ltr'><strong>et</strong></span> <span class='ocrx_word' id='word_1_923' title='bbox 3153 5180 3255 5232; x_wconf 87' lang='lat' dir='ltr'><strong>erit</strong></span> <span class='ocrx_word' id='word_1_924' title='bbox 3283 5177 3349 5232; x_wconf 88' lang='lat' dir='ltr'><strong>ibi</strong></span> <span class='ocrx_word' id='word_1_925' title='bbox 3378 5192 3471 5231; x_wconf 84' lang='lat' dir='ltr'><strong>cor</strong></span> <span class='ocrx_word' id='word_1_926' title='bbox 3501 5194 3590 5230; x_wconf 73' lang='lat' dir='ltr'><strong>ve-</strong></span> 
     </span>
    </p>
   </div>
   <div class='ocr_carea' id='block_1_112' title="bbox 2009 5263 3592 5335">
    <p class='ocr_par' dir='ltr' id='par_1_112' title="bbox 2009 5263 3592 5335">
     <span class='ocr_line' id='line_1_112' title="bbox 2009 5263 3592 5335; baseline 0.004 -18"><span class='ocrx_word' id='word_1_927' title='bbox 2009 5272 2199 5317; x_wconf 90' lang='lat' dir='ltr'><strong>strum.</strong></span> <span class='ocrx_word' id='word_1_928' title='bbox 2233 5263 2328 5320; x_wconf 91' lang='lat' dir='ltr'><strong>Uhi</strong></span> <span class='ocrx_word' id='word_1_929' title='bbox 2358 5268 2497 5321; x_wconf 89' lang='lat' dir='ltr'><strong>enim</strong></span> <span class='ocrx_word' id='word_1_930' title='bbox 2531 5268 2686 5323; x_wconf 78' lang='lat' dir='ltr'><strong>lueiit</strong></span> <span class='ocrx_word' id='word_1_931' title='bbox 2717 5271 2994 5326; x_wconf 77' lang='lat' dir='ltr'><strong>thesaurus</strong></span> <span class='ocrx_word' id='word_1_932' title='bbox 3023 5280 3139 5325; x_wconf 74' lang='lat' dir='ltr'><strong>tuus</strong></span> <span class='ocrx_word' id='word_1_933' title='bbox 3159 5315 3174 5335; x_wconf 77' lang='lat'><strong>,</strong></span> <span class='ocrx_word' id='word_1_934' title='bbox 3202 5270 3274 5324; x_wconf 87' lang='lat' dir='ltr'><strong>ibi</strong></span> <span class='ocrx_word' id='word_1_935' title='bbox 3295 5271 3471 5325; x_wconf 85' lang='lat' dir='ltr'><strong>eritct</strong></span> <span class='ocrx_word' id='word_1_936' title='bbox 3498 5284 3592 5324; x_wconf 82' lang='lat' dir='ltr'><strong>cor</strong></span> 
     </span>
    </p>
   </div>
   <div class='ocr_carea' id='block_1_113' title="bbox 2013 5355 2646 5430">
    <p class='ocr_par' dir='ltr' id='par_1_113' title="bbox 2013 5355 2646 5430">
     <span class='ocr_line' id='line_1_113' title="bbox 2013 5355 2646 5430; baseline 0.008 -23"><span class='ocrx_word' id='word_1_937' title='bbox 2013 5363 2157 5408; x_wconf 90' lang='lat' dir='ltr'><strong>tuum</strong></span> <span class='ocrx_word' id='word_1_938' title='bbox 2186 5355 2392 5425; x_wconf 68' lang='lat' dir='ltr'><strong>(Matt/2.</strong></span> <span class='ocrx_word' id='word_1_939' title='bbox 2440 5376 2506 5426; x_wconf 80' lang='lat' dir='ltr'><strong>vt,</strong></span> <span class='ocrx_word' id='word_1_940' title='bbox 2535 5360 2646 5430; x_wconf 73' lang='lat'>‘21).</span> 
     </span>
    </p>
   </div>
   <div class='ocr_carea' id='block_1_114' title="bbox 384 5493 1996 5556">
    <p class='ocr_par' dir='ltr' id='par_1_114' title="bbox 384 5493 1996 5556">
     <span class='ocr_line' id='line_1_114' title="bbox 384 5493 1996 5556; baseline 0.002 -12"><span class='ocrx_word' id='word_1_941' title='bbox 384 5501 403 5528; x_wconf 78' lang='grc'>³</span> <span class='ocrx_word' id='word_1_942' title='bbox 439 5496 574 5556; x_wconf 66' lang='lat' dir='ltr'><strong>ald,</strong></span> <span class='ocrx_word' id='word_1_943' title='bbox 595 5493 810 5547; x_wconf 68' lang='lat' dir='ltr'><strong>uidemus</strong></span> <span class='ocrx_word' id='word_1_944' title='bbox 831 5501 876 5546; x_wconf 86' lang='lat' dir='ltr'><strong>et</strong></span> <span class='ocrx_word' id='word_1_945' title='bbox 899 5495 1157 5546; x_wconf 82' lang='lat' dir='ltr'><strong>credimus.</strong></span> <span class='ocrx_word' id='word_1_946' title='bbox 1183 5497 1349 5546; x_wconf 75' lang='lat' dir='ltr'><strong>Plures</strong></span> <span class='ocrx_word' id='word_1_947' title='bbox 1362 5502 1492 5555; x_wconf 68' lang='lat' dir='ltr'><strong>Mss,</strong></span> <span class='ocrx_word' id='word_1_948' title='bbox 1517 5494 1718 5547; x_wconf 69' lang='lat' dir='ltr'><strong>rtdim&#39;ts</strong></span> <span class='ocrx_word' id='word_1_949' title='bbox 1734 5502 1779 5547; x_wconf 87' lang='lat' dir='ltr'><strong>et</strong></span> <span class='ocrx_word' id='word_1_950' title='bbox 1800 5511 1904 5547; x_wconf 82' lang='lat' dir='ltr'><strong>crc-</strong></span> <span class='ocrx_word' id='word_1_951' title='bbox 1990 5548 1996 5553; x_wconf 81' lang='grc'><strong>,</strong></span> 
     </span>
    </p>
   </div>
   <div class='ocr_carea' id='block_1_115' title="bbox 312 5559 550 5607">
    <p class='ocr_par' dir='ltr' id='par_1_115' title="bbox 312 5559 550 5607">
     <span class='ocr_line' id='line_1_115' title="bbox 312 5559 550 5607; baseline -0.008 0"><span class='ocrx_word' id='word_1_952' title='bbox 312 5559 550 5607; x_wconf 72' lang='lat' dir='ltr'><strong>autimas.</strong></span> 
     </span>
    </p>
   </div>
   <div class='ocr_carea' id='block_1_116' title="bbox 385 5616 1158 5680">
    <p class='ocr_par' dir='ltr' id='par_1_116' title="bbox 385 5616 1158 5680">
     <span class='ocr_line' id='line_1_116' title="bbox 385 5616 1158 5680; baseline 0.003 -16"><span class='ocrx_word' id='word_1_953' title='bbox 385 5623 405 5651; x_wconf 83' lang='grc'>³</span> <span class='ocrx_word' id='word_1_954' title='bbox 437 5630 613 5667; x_wconf 69' lang='lat' dir='ltr'><strong>names</strong></span> <span class='ocrx_word' id='word_1_955' title='bbox 633 5629 783 5680; x_wconf 87' lang='lat' dir='ltr'><strong>prope</strong></span> <span class='ocrx_word' id='word_1_956' title='bbox 801 5621 930 5680; x_wconf 63' lang='lat' dir='ltr'><strong>Mss,</strong></span> <span class='ocrx_word' id='word_1_957' title='bbox 947 5616 1158 5667; x_wconf 68' lang='lat' dir='ltr'><strong>vitiatus.</strong></span> 
     </span>
    </p>
   </div>
   <div class='ocr_carea' id='block_1_117' title="bbox 357 5678 1902 5748">
    <p class='ocr_par' dir='ltr' id='par_1_117' title="bbox 357 5678 1902 5748">
     <span class='ocr_line' id='line_1_117' title="bbox 357 5678 1902 5748; baseline 0.003 -22"><span class='ocrx_word' id='word_1_958' title='bbox 357 5745 360 5748; x_wconf 90' lang='lat'><em>_</em></span> <span class='ocrx_word' id='word_1_959' title='bbox 386 5682 459 5742; x_wconf 78' lang='lat' dir='ltr'><strong>tu)</strong></span> <span class='ocrx_word' id='word_1_960' title='bbox 485 5678 652 5740; x_wconf 68' lang='lat' dir='ltr'><strong>Forte,</strong></span> <span class='ocrx_word' id='word_1_961' title='bbox 675 5678 908 5740; x_wconf 77' lang='lat' dir='ltr'><strong>quantoth</strong></span> <span class='ocrx_word' id='word_1_962' title='bbox 937 5692 952 5729; x_wconf 87' lang='lat'><strong><em>:</em></strong></span> <span class='ocrx_word' id='word_1_963' title='bbox 995 5680 1040 5729; x_wconf 90' lang='lat' dir='ltr'><strong>id</strong></span> <span class='ocrx_word' id='word_1_964' title='bbox 1069 5687 1165 5742; x_wconf 84' lang='lat' dir='ltr'><strong>est,</strong></span> <span class='ocrx_word' id='word_1_965' title='bbox 1197 5681 1309 5743; x_wconf 83' lang='lat' dir='ltr'><strong>quia</strong></span> <span class='ocrx_word' id='word_1_966' title='bbox 1343 5694 1436 5730; x_wconf 88' lang='lat' dir='ltr'><strong>nou</strong></span> <span class='ocrx_word' id='word_1_967' title='bbox 1471 5680 1783 5744; x_wconf 83' lang='lat' dir='ltr'><strong>corporaliter</strong></span> <span class='ocrx_word' id='word_1_968' title='bbox 1807 5682 1902 5732; x_wconf 80' lang='lat' dir='ltr'><strong>cri~</strong></span> 
     </span>
    </p>
   </div>
   <div class='ocr_carea' id='block_1_118' title="bbox 314 5754 407 5806">
    <p class='ocr_par' dir='ltr' id='par_1_118' title="bbox 314 5754 407 5806">
     <span class='ocr_line' id='line_1_118' title="bbox 314 5754 407 5806; baseline 0.022 -16"><span class='ocrx_word' id='word_1_969' title='bbox 314 5754 407 5806; x_wconf 73' lang='grc' dir='ltr'><strong>ιίιι.</strong></span> 
     </span>
    </p>
   </div>
  </div>
