4024 6210
431 270 585 371 r"'7!

888 458 971 521 IN
1012 450 1389 536 PSALMUM
1435 448 1573 513 XC!

1015 573 1433 631 ENARRATIO.

1085 704 1257 746 sanato
1281 688 1382 761 (a).

523 806 573 860 ί.
618 801 886 858 Attendite
938 801 1007 857 ad
1057 802 1328 857 Psalmum
1375 817 1390 855 :
1435 801 1526 857 det
1570 800 1723 856 nobis
1782 801 2035 856 Dominus

449 897 663 967 aperire
684 894 936 967 mysteria
966 910 1085 967 quae
1135 896 1220 950 hic
1259 894 1632 957 continentur;
1670 909 1792 948 eum
1821 904 2037 963 propter

451 985 717 1041 fastidium
739 985 1040 1041 animorum
1072 985 1258 1041 eadem
1286 985 1495 1041 diverse
1523 983 1774 1054 varieque
1800 992 2033 1039 tractan-

449 1086 554 1130 tur.
584 1076 713 1130 Nam
745 1077 949 1131 nullum
985 1076 1127 1131 aliud
1151 1077 1417 1132 canticum
1444 1090 1544 1132 nos
1562 1074 1719 1131 docet
1745 1074 1913 1138 Deus,
1933 1074 2034 1127 nisi

449 1166 588 1231 fidei,
619 1166 754 1237 spei,
782 1175 831 1221 et
860 1165 1132 1222 cbaritatis
1159 1182 1174 1219 :
1207 1173 1265 1220 ut
1309 1164 1441 1220 ﬁdes
1467 1172 1645 1219 nostra
1676 1162 1828 1218 ﬁrma
1863 1163 1934 1217 sit
1980 1162 2032 1217 in

446 1256 586 1325 ipso,
617 1257 879 1327 quamdiu
907 1272 1011 1312 non
1043 1255 1193 1311 illum
1219 1255 1477 1322 videmus,
1502 1254 1786 1311 credentes
1822 1253 1876 1308 in
1909 1267 2032 1308 eum

447 1365 605 1418 quem
638 1364 744 1404 non
771 1350 1032 1417 videmus,
1064 1355 1123 1404 ut
1144 1347 1470 1419 gaudeamus
1495 1348 1617 1404 eum
1647 1344 1956 1428 viderimus,
1979 1352 2035 1400 et

450 1441 569 1497 ﬁdei
601 1439 797 1497 nostra:
827 1442 1078 1498 succedat
1098 1441 1305 1512 species
1336 1440 1470 1496 lucis
1495 1439 1613 1510 ejus
1632 1480 1646 1507 ,
1668 1438 1760 1494 ubi
1783 1437 1893 1508 jam
1920 1450 2028 1492 non

447 1535 599 1590 nobis
620 1534 850 1603 dicetur,
873 1533 1042 1591 Crede
1064 1534 1206 1605 quod
1234 1548 1340 1588 non
1361 1532 1545 1597 vides;
1576 1529 1690 1598 sed,
1713 1529 1885 1601 gaude
1909 1529 2032 1598 quia

446 1625 617 1681 vides.
649 1625 784 1697 Spes
809 1626 966 1682 etiam
999 1634 1178 1682 nostra
1214 1623 1663 1681 incommutabilis
1691 1622 1783 1689 sit,
1822 1630 1877 1678 et
1907 1620 2037 1690 ﬁga-

447 1718 604 1772 turin
635 1718 746 1786 illo,
776 1726 831 1773 et
859 1734 962 1774 non
994 1726 1146 1773 nutet
1174 1726 1230 1773 et
1256 1715 1493 1781 ﬂuctuet,
1513 1730 1617 1770 non
1644 1714 1899 1784 agitetur;
1928 1712 2033 1768 sic—

446 1816 504 1862 ut
530 1807 644 1878 ipse
672 1808 813 1864 Deus
839 1810 890 1864 in
918 1823 1024 1879 quo
1060 1808 1237 1880 ﬁgitur
1259 1850 1274 1874 ,
1304 1822 1412 1864 non
1459 1813 1633 1876 potest
1656 1804 1866 1876 agitari.
1899 1802 2034 1873 Spes

446 1897 587 1951 enim
616 1897 775 1953 modo
794 1908 1042 1963 vocatur;
1074 1906 1198 1954 tunc
1222 1912 1326 1952 non
1347 1911 1491 1968 spes,
1510 1894 1606 1952 sed
1631 1909 1720 1950 res
1737 1894 1859 1951 erit.
1875 1893 2035 1948 Tam-

446 1989 536 2045 diu
580 1991 726 2047 enim
764 2000 985 2047 vocatur
1000 2004 1159 2061 spes,
1188 1989 1439 2062 quamdiu
1480 2003 1585 2045 non
1630 1987 1845 2045 videtur
1892 1984 2034 2056 quod

446 2093 714 2151 speratur,
746 2083 957 2139 dicente
985 2082 1240 2153 Apostolo
1268 2099 1283 2136 :
1308 2081 1440 2151 Spes
1463 2089 1630 2136 autem
1666 2095 1780 2152 qua:
1816 2078 2028 2144 videtur,

446 2189 548 2227 non
596 2185 668 2229 est
695 2191 849 2244 spes:
874 2174 1011 2245 quod
1049 2174 1183 2229 enim
1209 2174 1341 2228 videt
1381 2173 1526 2241 quis,
1551 2171 1674 2242 quid
1716 2170 1929 2242 sperat?
1970 2167 2034 2224 Si

447 2272 612 2317 autem
636 2263 778 2334 quod
801 2280 903 2319 non
927 2264 1152 2319 videmus
1176 2278 1458 2333 speramus,
1482 2278 1573 2334 per
1616 2261 1913 2334 patientiam
1946 2275 2033 2314 ex-

445 2364 731 2423 spectamus
754 2354 928 2427 (Rom.
951 2371 1063 2421 vut,
1087 2354 1159 2410 24
1185 2363 1232 2410 ει
1254 2351 1370 2425 25).
1395 2352 1551 2409 Modo
1601 2367 1730 2423 ergo
1778 2351 2030 2422 patientia

449 2448 746 2502 necessaria
776 2458 878 2516 est,
912 2447 1165 2518 quamdiu
1204 2446 1380 2503 veniat
1402 2445 1543 2517 quod
1580 2446 1902 2518 promissum
1928 2452 2030 2499 est.

446 2535 614 2591 Nemo
640 2546 817 2592 autem
843 2539 1053 2608 patiens
1080 2545 1164 2593 est
1183 2538 1237 2593 in
1262 2537 1437 2595 bonis.
1466 2536 1688 2604 Quando
1714 2537 1942 2608 exigitur
1966 2536 2034 2592 de

448 2627 664 2685 homine
687 2628 958 2698 patientia,
986 2629 1038 2683 in
1067 2628 1222 2684 malis
1259 2629 1405 2700 agit:
1437 2627 1650 2699 quando
1686 2627 1896 2691 dicitur,
1928 2628 2031 2686 Pa-

451 2718 586 2774 tiens
638 2729 782 2786 esto,
809 2721 969 2775 tolera
993 2762 1008 2786 ,
1033 2721 1235 2777 sustine
1253 2762 1267 2787 ,
1313 2721 1554 2777 molestia
1579 2728 1662 2776 est
1681 2760 1694 2784 ,
1723 2720 1822 2775 sub
1849 2735 1952 2790 qua
1981 2728 2033 2775 te

453 2808 590 2864 Deus
626 2810 738 2864 vult
765 2824 885 2866 esse
907 2810 1117 2877 fortem,
1143 2812 1489 2878 tolerantem,
1522 2811 1904 2881 longanimcm,
1941 2825 2036 2880 pa-

449 2901 691 2956 tientem.
724 2901 829 2957 Sed
858 2903 1110 2974 numquid
1139 2902 1337 2973 decipit
1373 2904 1459 2975 qui
1503 2903 1776 2973 promisit?
1803 2901 2034 2957 Medicus

450 2992 650 3047 exserit
675 2991 872 3048 ferrum
894 2993 960 3048 ad
986 2994 1274 3051 secandum
1303 2995 1519 3050 vulnera
1537 3036 1552 3061 ,
1573 3004 1626 3053 et
1651 2995 1778 3051 dicit
1803 2995 1853 3049 ei
1874 3009 2034 3065 quem

452 3094 690 3139 sceturus
718 3093 818 3151 est,
851 3085 1062 3142 Patiens
1087 3098 1232 3154 esto,
1266 3089 1502 3153 sustine,
1537 3086 1702 3143 tolera
1736 3104 1748 3140 :
1779 3088 1830 3141 in
1870 3086 2034 3161 Idolo-

453 3176 599 3230 ribus
623 3177 788 3247 exigit
812 3179 1140 3245 patientiam,
1171 3179 1266 3235 sed
1290 3187 1409 3247 post
1426 3178 1638 3234 dolores
1662 3178 1919 3248 promittit
1946 3193 2034 3232 sa-

455 3264 638 3319 lutem.
674 3266 738 3320 Et
764 3266 853 3321 ille
878 3268 967 3337 qui
992 3268 1416 3324 toleratdolores
1437 3270 1489 3323 in
1521 3269 1662 3323 ferro
1693 3268 1904 3330 medici,
1934 3270 2034 3323 nisi

452 3357 550 3410 sibi
573 3366 835 3426 proponat
855 3359 1135 3415 sanitatem
1156 3374 1346 3428 ,quam
1371 3359 1604 3415 nondum
1637 3361 1826 3426 habet,
1859 3359 2038 3415 deﬁcit

455 3445 506 3499 in
535 3445 718 3502 dolore
744 3462 899 3518 quem
938 3450 1158 3518 patitur.
1183 3450 1348 3506 Multa
1377 3465 1505 3522 ergo
1538 3452 1677 3507 mala
1705 3462 1829 3506 sunt
1855 3454 1905 3506 in
1935 3453 2037 3507 isto

453 3539 649 3593 arcula
669 3581 683 3600 ,
718 3540 892 3608 inttts,
928 3540 1088 3606 foris;
1120 3556 1339 3612 prorsus
1366 3557 1471 3597 non
1502 3554 1747 3609 cessant,
1768 3543 2039 3597 abundant

454 3628 701 3686 scandala
734 3649 746 3685 :
778 3646 936 3687 nemo
984 3632 1073 3686 illa
1120 3632 1302 3699 sentit,
1334 3633 1433 3688 nisi
1483 3634 1573 3704 qui
1617 3632 1854 3703 graditur
1898 3634 2046 3688 viam.

449 3722 567 3781 ,Dci.
598 3722 660 3776 Ei
683 3722 878 3778 dicitur
908 3725 960 3778 in
988 3725 1234 3782 omnibus
1263 3725 1457 3782 divinis
1486 3726 1712 3796 paginis,
1744 3734 1804 3781 ut
1846 3725 2038 3782 toleret

456 3815 756 3881 praiseutia,
790 3822 970 3885 Sperat
1016 3815 1185 3871 futura
1207 3859 1221 3883 ,
1263 3826 1407 3873 amet
1447 3832 1605 3887 quem
1637 3832 1742 3871 non
1784 3816 1958 3883 videt,
1983 3826 2040 3872 ut

455 3905 806 3973 amplectatur
830 3921 950 3961 eum
999 3907 1209 3963 viderit.
1239 3906 1481 3963 Charitas
1523 3907 1665 3963 enim
1718 3922 1836 3979 qure
1886 3909 2039 3964 tertia

456 3994 608 4050 nobis
635 3995 937 4067 adiungitur
974 3997 1040 4052 ad
1072 3997 1228 4053 ﬁdem
1263 4008 1317 4054 et
1347 4013 1518 4069 Spem,
1547 3997 1717 4069 major
1761 4008 1844 4054 est
1877 4012 2035 4067 supra

462 4085 617 4141 tidem
645 4094 701 4143 et
727 4103 877 4159 spem
899 4089 941 4159 (1
972 4088 1089 4146 Cor.
1121 4107 1247 4158 xut,
1281 4090 1368 4162 15)
1401 4108 1414 4144 :
1445 4092 1566 4162 quia
1593 4091 1725 4145 ﬁdes
1754 4104 1932 4147 rerum
1958 4101 2043 4148 est

455 4196 573 4249 quae
614 4196 721 4237 non
753 4182 1033 4249 videntur;
1083 4185 1185 4238 erit
1224 4193 1400 4239 autem
1451 4183 1657 4253 species
1687 4185 1702 4214 ¹
1728 4197 1853 4237 cum
1914 4184 2041 4238 visae

459 4270 687 4327 fuerint:
718 4283 911 4344 etspes
938 4275 1012 4329 rei
1043 4283 1125 4329 est
1162 4290 1279 4343 quae
1319 4290 1426 4329 non
1456 4283 1692 4342 tenetur;
1720 4290 1839 4345 qua:
1876 4274 2038 4332 adve-

455 4367 637 4421 niente
662 4366 774 4435 ipsa
797 4383 875 4432 re,
906 4381 1010 4420 non
1036 4366 1138 4422 erit
1146 4367 1257 4434 jam
1283 4379 1427 4435 spes,
1450 4367 1570 4436 quia
1597 4366 1916 4431 tenebimus,
1935 4382 2040 4423 non

456 4456 790 4526 sperabimus
819 4474 830 4510 :
862 4454 1094 4512 eharitas
1119 4465 1299 4510 autem
1328 4470 1435 4512 non
1475 4457 1620 4511 novit
1657 4458 1760 4512 nisi
1798 4473 2043 4514 crescere

461 4548 629 4617 magis
659 4548 950 4617 magisque.
975 4546 1031 4601 Si
1059 4544 1201 4603 enim
1225 4561 1465 4602 amamus
1477 4561 1634 4617 quem
1654 4562 1758 4602 non
1775 4547 2038 4617 videmus,

460 4638 730 4707 quomodo
758 4641 982 4696 amaturi
1001 4654 1185 4695 sumus
1212 4654 1334 4695 cum
1359 4638 1643 4695 viderimus
1663 4639 1687 4692 ?
1710 4639 2041 4695 Desiderium

458 4746 586 4803 ergo
615 4744 852 4786 nostrum
870 4740 1095 4788 crescat.
1113 4732 1400 4788 Christiani
1428 4745 1534 4786 non
1554 4744 1738 4787 sumus
1753 4732 1797 4799 ',
1813 4730 1914 4786 nisi
1930 4745 2044 4802 pro-

461 4834 580 4894 pter
613 4822 843 4878 futurum
873 4824 1125 4879 smculum
1149 4842 1161 4878 :
1186 4839 1347 4879 nemo
1362 4822 1645 4896 praesentia
1673 4821 1811 4878 bona
1839 4830 2039 4893 speret,

460 4928 622 4969 nemo
637 4912 735 4967 sibi
765 4914 1037 4984 promittat
1050 4914 1354 4970 felicitatem
1371 4914 1573 4980 mundi,
1592 4915 1714 4984 quia
1724 4913 2043 4971 christianos

459 5018 575 5071 cst;
607 5004 699 5062 sed
726 5014 903 5062 utatur
925 5006 1169 5063 felicitate
1188 5006 1458 5077 praesenti,
1482 5014 1541 5062 ut
1565 5017 1760 5076 poteSt,
1776 5004 2043 5077 quomodo

461 5107 656 5167 potest,
672 5096 884 5168 quando
902 5105 1095 5167 potest,
1110 5106 1363 5166 quantum
1382 5105 1573 5166 potest.
1593 5096 1723 5151 Cum
1740 5096 1911 5162 adest,
1924 5110 2044 5151 con-

462 5191 705 5246 solationi
738 5191 827 5245 Dei
845 5190 1040 5262 gratias
1062 5200 1183 5261 agat
1202 5207 1214 5241 :
1232 5204 1354 5245 cum
1371 5189 1541 5254 deest,
1562 5189 1780 5257 iustitia:
1805 5188 1896 5244 Dei
1920 5201 2045 5259 gra-

463 5282 566 5337 tias
584 5273 726 5353 agati
747 5281 950 5352 Ubique
965 5282 1248 5351 sitgratus,
1268 5294 1527 5349 nusquam
1547 5279 1780 5350 ingratus
1800 5295 1812 5331 :
1834 5289 1887 5334 et
1905 5276 2044 5332 Patri

465 5375 755 5429 consolanti
789 5383 843 5430 et
870 5372 1162 5430 blandienti
1205 5381 1386 5442 gratus
1428 5372 1530 5435 sit;
1573 5381 1625 5442 et
1667 5369 1807 5425 Patri
1863 5384 2045 5424 emen-

463 5466 608 5522 danti
650 5476 705 5529 et
733 5467 1019 5539 ﬁagellanti
1060 5477 1113 5522 et
1146 5464 1479 5534 disciplinam
1526 5463 1671 5518 danti
1708 5473 1889 5533 gratus
1937 5461 2041 5525 sit;

529 5602 545 5665 ξ
580 5600 651 5665 sic
672 5607 776 5649 Mss.
799 5601 911 5665 mil,
926 5614 1060 5655 vero.
1080 5605 1216 5650 ct'zmt
1238 5605 1395 5648 autem
1414 5596 1610 5660 aperias.
1730 5656 1739 5665 .

529 5663 547 5691 ¹
580 5664 651 5711 sic
673 5672 773 5709 Ain.
797 5669 849 5710 et
870 5662 1050 5724 aliquot
1072 5671 1174 5710 Mss.
1198 5670 1254 5711 At
1271 5668 1342 5709 Er.
1362 5668 1413 5707 et
1435 5668 1562 5715 I.ov.,
1586 5671 1675 5706 non
1699 5662 1857 5707 simus.

465 5733 469 5737 ’
527 5730 602 5793 (a)
630 5730 694 5779 ad
729 5729 955 5793 [epulum
976 5733 1170 5783 habitus
1183 5731 1264 5781 die
1279 5730 1484 5792 sabbati,
1509 5743 1569 5779 ex
1588 5740 1638 5776 ιι.
1663 5727 1709 5775 :2.

1693 260 1745 314 S.
1789 258 1827 312 Λ
1840 253 2152 313 υςυετιδι
2195 258 2494 318 EPiSCUPl

3587 284 3725 340 ειη

2145 391 2290 441 amat
2313 384 2453 442 enim
2505 386 2593 444 ille
2621 402 2864 464 semper,
2894 393 3005 451 sive
3051 396 3373 468 blandiatur,
3404 400 3518 458 sive
3560 405 3729 460 mine-

2147 484 2265 532 tur:
2294 486 2347 532 et
2380 477 2519 535 dicat
2548 481 2688 552 quod
2712 484 2934 541 audistis
2956 487 3007 542 in
3039 488 3269 555 Psalmo,
3298 491 3494 547 Bonum
3516 504 3587 549 est
3607 512 3729 549 cou-

2144 569 2274 637 ﬁteri
2304 569 2543 641 Domino,
2570 584 2615 629 et
2637 575 2854 646 psallere
2882 581 3074 634 nomini
3099 591 3203 647 tuo,
3229 583 3502 639 Altissime.

2162 732 2165 733 ν
2211 660 2265 714 2.
2309 660 2456 735 [verm
2487 664 2563 738 1.]
2603 666 2808 725 Titulus
2832 670 3026 727 Psalmi
3069 673 3247 740 habet,
3279 674 3519 732 Psalmus
3547 680 3728 735 cantici

2140 751 2191 804 iu
2215 752 2345 807 diem
2370 756 2385 785 ί
2417 755 2628 811 sabbati.
2663 759 2801 816 Ecce
2829 771 2883 817 et
2909 761 3198 822 hodiernus
3221 767 3337 824 dies
3375 771 3577 827 sabbati
3605 785 3688 829 est
3713 793 3728 831 :

2144 840 2282 896 hunc
2326 843 2375 896 in
2409 847 2655 914 praesenti
2691 858 2930 920 tempore
2967 854 3078 907 otio
3107 856 3332 924 quodam
3361 865 3712 931 corporaliter-

2141 932 2388 1004 languido
2411 945 2463 989 et
2488 936 2628 993 fluxo
2656 948 2706 994 et
2730 940 3001 999 luxurioso
3021 945 3293 1003 celebrant
3310 949 3499 1007 Juda-i.
3528 955 3729 1014 Varaut

2139 1024 2279 1078 enim
2303 1025 2370 1081 ad
2397 1042 2602 1099 nugas;
2648 1039 2702 1084 et
2746 1046 2867 1088 cum
2914 1033 3054 1092 Deus
3089 1043 3401 1110 praeceperit
3448 1044 3729 1104 sabbatum

2141 1111 2333 1187 (Exod.
2376 1133 2466 1186 xv,
2495 1117 2573 1189 8),
2606 1120 2676 1176 illi
2709 1122 2761 1176 in
2789 1122 2870 1178 bis
2889 1141 3008 1195 qua:
3039 1127 3176 1184 Deus
3199 1131 3446 1200 prohibet
3477 1148 3731 1192 exercent

2140 1204 2437 1262 sabbatum.
2495 1209 2710 1265 \‘acat‘io
2750 1223 2929 1269 nostra
2977 1231 3007 1271 a
3044 1217 3195 1275 malis
3221 1222 3491 1291 operibus,
3519 1227 3729 1283 Vacatio

2140 1296 2349 1353 illorum
2377 1314 2409 1354 a
2434 1299 2587 1357 bonis
2611 1304 2864 1374 operibus
2886 1316 2988 1361 est.
3020 1308 3204 1366 Melius
3250 1322 3334 1368 est
3375 1315 3516 1370 enim
3550 1333 3725 1384 arare,

2178 1406 2295 1445 nam
2318 1393 2530 1450 saltare.
2582 1394 2663 1451 llli
2690 1396 2758 1453 ab
2803 1413 2965 1470 opere
3015 1401 3157 1459 bono
3199 1409 3512 1473 vacant;ab
3563 1425 3729 1480 opere

2142 1483 2422 1553 nugatoria
2451 1501 2554 1541 non
2578 1497 2787 1543 vacant.
2830 1489 2994 1547 Nobis
3034 1492 3312 1551 sabbatum
3356 1498 3541 1555 indicit
3562 1501 3723 1557 Deus.

2139 1572 2348 1642 Quale?
2376 1576 2556 1632 Primo
2592 1578 2681 1635 ubi
2709 1581 2778 1635 sit
2806 1579 3000 1638 videte.
3041 1583 3185 1641 intus
3220 1595 3321 1655 est,
3354 1589 3408 1644 in
3447 1591 3607 1646 corde
3644 1603 3728 1649 est

2139 1666 2415 1723 sabbatum
2465 1679 2725 1726 nostrum.
2771 1672 2919 1729 Multi
2947 1675 3089 1732 enim
3131 1689 3321 1735 vacant
3369 1683 3643 1750 membris,
3672 1695 3728 1740 et

2141 1760 2525 1818 tumultuantur
2548 1765 2894 1822 conscientia.
2922 1767 3106 1825 Omnis
3126 1769 3288 1826 homo
3316 1773 3507 1843 malus,
3531 1776 3725 1833 sabba-

2140 1859 2249 1906 tum
2278 1851 2476 1909 habere
2520 1869 2623 1910 non
2654 1865 2828 1926 potest
2854 1874 2867 1911 :
2896 1874 3159 1930 nusquam
3184 1861 3325 1917 enim
3357 1862 3432 1931 illi
3472 1868 3729 1937 conquie-

2139 1945 2240 1999 scit
2263 1946 2585 2002 conscientia
2615 1964 2630 2014 ;
2659 1963 2883 2006 necesse
2925 1960 3010 2006 est
3048 1952 3102 2007 in
3132 1953 3619 2023 perturbationibus
3643 1958 3728 2014 vi-

2138 2044 2243 2091 vat.
2274 2036 2366 2092 Cui
2396 2047 2574 2094 antem
2604 2038 2743 2096 bona
2767 2048 2850 2097 est
2892 2039 3235 2111 conScientia,
3259 2047 3571 2118 tranquillus
3612 2061 3726 2117 est;

2139 2138 2193 2185 et
2239 2128 2351 2200 ipsa
2402 2130 2758 2202 tranquillitas
2807 2132 3084 2190 sabbatum
3133 2143 3216 2190 est
3259 2138 3455 2194 cordis.
3486 2140 3730 2200 Attendit

2139 2220 2281 2275 enim
2313 2222 2688 2291 promissorem
2741 2222 3022 2278 Dominum
3053 2240 3068 2289 ;
3096 2233 3149 2280 et
3193 2224 3238 2280 si
3268 2225 3474 2283 laborat
3502 2229 3553 2283 in
3586 2230 3726 2300 prae-

2139 2316 2297 2381 senti,
2324 2314 2631 2371 extenditur
2652 2329 2747 2385 spe
2767 2314 2948 2383 futuri,
2981 2323 3035 2371 et
3067 2326 3345 2373 serenatur
3383 2335 3540 2376 omne
3571 2322 3729 2378 nubi-

2140 2406 2247 2460 lum
2292 2405 2551 2470 tristitiae;
2598 2405 2737 2460 sicut
2775 2404 2905 2462 dicit
2943 2406 3253 2477 Apostolus,
3301 2408 3409 2479 Spe
3449 2413 3727 2483 gaudentes

2140 2495 2315 2570 (Rom.
2345 2511 2442 2562 xu,
2475 2494 2588 2567 ιε).
2619 2494 2795 2566 ipsum
2836 2505 3013 2552 autem
3042 2497 3292 2568 gaudium
3340 2500 3393 2555 in
3425 2504 3726 2572 tranquilli-

2139 2597 2245 2646 tate
2272 2578 2386 2659 sp‘ei
2429 2596 2645 2657 nostrae,
2677 2588 2954 2645 sabbatum
2994 2598 3237 2649 nostrum
3265 2599 3366 2647 est.
3418 2592 3531 2648 Hoc
3574 2609 3728 2650 com-

2138 2680 2447 2748 mandatur,
2477 2678 2580 2736 hoc
2608 2688 2849 2735 cantatur
2871 2680 2926 2735 in
2953 2679 3054 2735 isto
3087 2680 3324 2751 psalmo,
3345 2683 3613 2752 quomodo
3656 2685 3729 2740 sit

2140 2773 2301 2827 lnano
2320 2770 2639 2828 christianus
2664 2770 2717 2825 in
2746 2770 2966 2826 sabbato
2982 2771 3157 2828 cordis
3183 2772 3299 2837 sui,
3344 2772 3397 2829 id
3425 2783 3527 2842 est,
3552 2774 3604 2829 in
3629 2790 3725 2827 va-

2140 2863 2346 2919 catione
2366 2869 2419 2917 et
2441 2861 2819 2932 tranquillitate
2838 2871 2891 2916 et
2916 2862 3203 2917 serenitate
3243 2863 3582 2921 conscientia:
3613 2882 3727 2922 su:e

2143 2971 2247 3012 non
2272 2955 2627 3025 perturbatus.
2675 2953 2800 3009 Inde
2826 2954 2955 3010 dicit
2984 2954 3069 3009 hic
3091 2995 3106 3022 ,
3131 2954 3271 3011 unde
3312 2955 3486 3012 solent
3515 2966 3724 3028 pertur-

2141 3050 2254 3105 bari
2282 3047 2524 3104 homines
2556 3087 2570 3113 ,
2602 3055 2655 3102 et
2697 3045 2852 3101 docet
2881 3056 2931 3102 te
2958 3061 3117 3120 agere
3156 3047 3435 3105 sabbatum
3483 3049 3536 3104 in
3563 3050 3730 3109 corde

2144 3150 2253 3194 tuo.

2213 3233 2265 3287 5.
2309 3229 2458 3305 [νει-ε.
2489 3226 2570 3302 2.]
2601 3228 2838 3285 Primum
2868 3237 2969 3298 est,
3003 3239 3058 3285 ut
3088 3238 3140 3284 tu
3158 3229 3293 3301 ipse,
3320 3222 3581 3307 sialiquid
3604 3246 3737 3304 pros

2142 3321 2331 3390 fecisti,
2364 3321 2473 3377 Deo
2521 3319 2823 3377 conﬁtearis
2870 3336 2937 3377 ex
2980 3335 3046 3376 eo
3083 3319 3224 3391 quod
3269 3322 3573 3391 profecisti,
3603 3325 3727 3395 quia

2144 3429 2361 3471 munera
2388 3413 2554 3483 ipsius
2584 3420 2728 3478 sunt,
2755 3426 2859 3467 non
2890 3410 3078 3467 merita
3103 3418 3212 3466 tua.
3246 3411 3381 3468 [line
3407 3413 3581 3484 incipe
3606 3415 3732 3471 sub:

2142 3510 2467 3575 batum,non
2491 3506 2584 3561 tibi
2628 3503 2905 3561 tribuendo
2948 3503 3101 3575 quasi
3142 3519 3248 3559 non
3291 3506 3559 3576 acceperis
3586 3508 3727 3578 quod

2142 3598 2475 3671 accepisti(l
2502 3584 2620 3654 Cor.
2665 3614 2739 3664 tv,
2769 3599 2874 3667 7);
2902 3612 3075 3668 neque
3117 3598 3420 3654 excusando
3460 3606 3511 3654 te
3553 3598 3622 3656 ab
3663 3616 3727 3657 eo

2143 3693 2285 3763 quod
2310 3690 2438 3746 facis
2462 3690 2604 3755 mali,
2634 3689 2753 3759 quia
2779 3689 2888 3759 ipsa
2916 3698 3040 3744 sunt
3075 3697 3162 3744 tua
3197 3689 3437 3747 Pcrversi
3454 3692 3595 3747 enim
3627 3691 3729 3748 beo

2145 3785 2316 3840 mines
2344 3791 2399 3838 et
2423 3781 2747 3854 perturbati,
2776 3780 2866 3852 qui
2894 3796 2999 3837 non
3038 3790 3201 3852 agunt
3226 3783 3522 3838 sabbatum
3544 3825 3557 3848 ,
3591 3785 3726 3847 mala

2144 3870 2240 3932 sua
2275 3875 2385 3930 Deo
2414 3872 2671 3937 tribuunt,
2704 3871 2842 3926 bona
2872 3884 2965 3927 sua
2994 3872 3117 3927 sibi.
3143 3870 3196 3927 Si
3218 3872 3343 3942 quid
3371 3872 3497 3928 boni
3519 3860 3730 3943 fecerit,

2146 3967 2259 4037 Ego
2287 3965 2407 4031 feci,
2435 3964 2563 4019 dicit
2587 3980 2601 4018 :
2634 3963 2678 4018 si
2704 3960 2831 4033 quid
2856 3962 2979 4017 mali
3008 3962 3213 4032 fecerit,
3235 3964 3426 4034 quaerit
3452 3980 3610 4035 quem
3636 3980 3730 4021 εει

2145 4064 2314 4119 ευεει,
2343 4070 2411 4110 ne
2434 4052 2748 4109 conﬁteatur
2774 4053 2882 4108 Deo
2901 4053 2945 4105 ².
2974 4050 3041 4107 Ει
3068 4051 3193 4125 quid
3213 4063 3314 4121 εει,
3344 4052 3545 4121 Qumrit
3569 4070 3729 4125 quem

2147 4145 2475 4202 accnset?Si
2498 4161 2602 4199 non
2645 4152 2729 4199 est
2754 4144 2907 4199 valde
2941 4143 3155 4214 impius,
3197 4144 3265 4201 ad
3312 4160 3525 4201 manum
3569 4145 3727 4202 habet

2147 4247 2386 4293 satanam
2415 4252 2573 4308 quem
2592 4245 2838 4293 accuset:
2857 4236 3081 4292 Satanas
3107 4235 3248 4303 fecit,
3270 4236 3433 4304 dicit,
3464 4238 3574 4307 ipse
3601 4239 3729 4294 mihi

2147 4332 2447 4404 persuasit:
2477 4329 2627 4400 quasi
2654 4339 2868 4383 satanas
2909 4326 3103 4382 habeat
3143 4333 3457 4395 potestatem
3483 4327 3729 4398 cogendi.

2147 4425 2413 4483 Astutiam
2439 4420 2693 4478 suadendi
2726 4419 2902 4475 habet.
2932 4417 3037 4474 Sed
3067 4417 3113 4472 si
3150 4424 3361 4472 satanas
3385 4418 3694 4488 laqueretur
3714 4461 3729 4485 ,

2146 4528 2199 4576 et
2222 4526 2422 4574 taceret
2452 4516 2624 4578 Deus,
2661 4512 2887 4567 haberes
2926 4508 3067 4565 unde
3104 4516 3155 4564 te
3203 4522 3532 4564 excusares:
3573 4511 3733 4567 modo

2147 4626 2301 4667 aures
2328 4618 2431 4665 tuae
2459 4606 2645 4680 posita:
2669 4614 2793 4669 sunt
2820 4604 2960 4659 inter
2981 4610 3285 4658 monentem
3314 4600 3505 4669 Deum,
3526 4612 3583 4658 et
3607 4620 3733 4675 sug-

2147 4715 2420 4779 gerentem
2464 4710 2788 4772 serpentem.
2849 4695 3027 4766 Quare
3092 4694 3200 4751 huc
3257 4693 3580 4759 ﬂectuntur,
3608 4693 3732 4751 hinc

2148 4793 2493 4854 avertuntur?
2517 4791 2635 4848 Non
2655 4795 2833 4848 cessat
2862 4796 3075 4844 satanas
3116 4786 3344 4843 suadere
3380 4786 3608 4853 malum;
3637 4786 3731 4842 sed

2148 4905 2248 4947 nec
2276 4889 2417 4944 Deus
2462 4892 2638 4941 cessat
2678 4881 2968 4938 admonere
3008 4879 3226 4935 bonum.
3285 4877 3506 4934 Satanas
3552 4887 3732 4935 autem

2150 4998 2257 5039 non
2301 4979 2444 5051 cogit
2487 4976 2708 5032 invitum
2741 4992 2754 5028 :
2789 4973 2840 5028 in
2873 4980 2960 5026 tua
2992 4978 3253 5040 potestate
3300 4978 3381 5024 est
3408 4971 3733 5036 consentire,

2150 5085 2241 5132 aut
2286 5088 2395 5129 non
2439 5068 2764 5127 consentire.
2816 5065 2873 5120 Si
2916 5063 3114 5133 aliquid
3165 5062 3513 5134 persuadente
3550 5071 3735 5117 satana

2113 5192 2131 5208 κ
2151 5166 2277 5223 mali
2304 5164 2531 5227 feceris;
2552 5160 2765 5221 dimitte
2786 5166 3024 5213 satanatn
3047 5196 3062 5221 ,
3093 5169 3281 5210 accusa
3306 5164 3389 5222 te,
3419 5162 3477 5209 ut
3512 5168 3735 5210 accusa-

2154 5258 2296 5313 tione
2322 5265 2410 5310 tua
2439 5254 2529 5308 Dei
2558 5248 2976 5307 misericordiam
3000 5245 3275 5326 merearis.
3299 5245 3515 5315 Expetis
3539 5243 3560 5275 ⁸
3588 5245 3735 5299 illum

2152 5361 2401 5404 accusare
2426 5344 2514 5414 qui
2544 5358 2647 5399 non
2679 5337 3101 5397 habetvcuiam?
3126 5336 3202 5392 Te
3222 5350 3413 5391 accusa
3432 5375 3447 5400 ,
3465 5344 3517 5389 et
3538 5334 3737 5403 accipis

2155 5437 2555 5510 indulgentiam.
2592 5432 2792 5490 Deinde
2824 5431 2979 5487 multi
3025 5444 3132 5485 non
3178 5436 3430 5484 accusant
3470 5436 3732 5494 satanam,

2220 5596 2233 5627 ¹
2271 5594 2343 5644 sic
2366 5590 2594 5641 meliores
2618 5597 2720 5637 Mss.
2744 5590 2881 5648 juxta
2903 5595 3049 5636 Grtrc.
3075 5593 3203 5635 LXX.
3232 5592 3285 5636 ,ιι
3304 5582 3436 5645 ωσι,
3461 5583 3511 5633 in
3530 5580 3627 5632 die.

2220 5660 2237 5688 ²
2273 5655 2435 5705 i'lttl'L‘S
2454 5662 2580 5708 Mssa,
2604 5664 2696 5699 non
2713 5648 2958 5713 confitetur
2984 5658 3099 5699 Deo.

2222 5721 2242 5751 ⁸
2268 5719 2405 5773 Mss,
2424 5720 2695 5774 aspectus.
