4024 6210
273 259 418 313 H73

270 369 376 429 sed
422 374 680 424 accusant
715 364 896 418 fatum.
948 360 1136 415 Fatum
1165 370 1341 412 meum
1371 368 1456 409 me
1498 353 1676 416 duxit,
1720 347 1869 404 dicit.

271 467 410 514 tium
440 458 643 512 dixeris
686 457 760 511 illi
793 498 807 521 ,
837 454 1010 522 Quare
1064 449 1272 505 fecisti?
1313 461 1478 516 quare
1513 441 1782 514 peccasti?
1808 441 1874 494 Et

273 553 365 606 ille
395 571 405 603 :
439 549 570 604 Fato
597 565 717 601 meo
748 547 908 600 malo.
942 545 1013 598 Ne
1045 543 1202 607 dicat,
1240 541 1351 610 Ego
1379 539 1475 592 feci
1501 579 1513 598 ,
1536 537 1642 605 jam
1685 547 1874 592 manus

273 646 342 698 ad
367 644 528 696 Deum
557 639 723 694 tendit
750 656 764 704 ;
795 638 969 707 lingua
996 634 1350 703 blasphemat.
1382 629 1624 684 Nondum
1657 624 1869 696 quidem

277 738 380 791 hoc
407 743 594 804 aperte
622 732 769 792 dicit,
798 730 890 784 sed
927 739 1102 783 tamen
1129 725 1360 789 attende,
1395 732 1448 777 et
1476 723 1596 775 vide
1621 721 1739 790 quia
1772 719 1874 773 hoc

276 829 422 882 dicit.
455 825 664 893 Qua-ris
703 821 770 874 ab
799 821 888 873 illo
927 818 1051 889 quid
1093 817 1161 870 sit
1201 816 1405 877 fatum;
1431 821 1481 866 et
1511 811 1669 876 dicit,
1694 809 1873 864 Stella:

277 919 456 972 malm.
486 914 696 983 Quaeris
725 911 790 964 ab
817 911 910 964 illo
937 909 1054 979 quis
1105 907 1228 962 fecit
1269 906 1449 960 stellas
1470 945 1483 967 ,
1512 902 1628 972 quis
1653 901 1867 954 ordina-

277 1008 599 1069 vitstellas;
631 1020 736 1059 non
759 1002 922 1056 habet
941 999 1070 1070 quid
1105 999 1196 1053 tibi
1220 993 1670 1066 respoudeat,nisi
1710 993 1871 1056 Deus,

278 1101 468 1157 Restat
493 1114 620 1169 ergo
647 1107 698 1151 ut
729 1097 841 1150 sive
867 1109 961 1164 per
988 1102 1363 1154 transennam,
1387 1090 1497 1142 sive
1529 1104 1621 1156 per
1645 1099 1870 1141 cannam

277 1195 516 1263 longam,
541 1192 653 1245 sive
685 1204 774 1260 per
803 1186 1101 1258 proximum
1136 1185 1174 1246 ¹,
1205 1184 1368 1236 Deum
1395 1188 1640 1238 accuset;
1668 1187 1720 1230 et
1750 1191 1870 1229 cum

279 1287 420 1341 Deus
445 1283 630 1354 puniat
660 1288 870 1350 peccata
891 1320 907 1345 ,
932 1277 1096 1331 Deum
1128 1275 1284 1329 faciat
1320 1281 1588 1327 auctorem
1626 1277 1872 1340 peccato-

280 1394 397 1431 rum
437 1389 683 1429 suorum.
721 1371 834 1425 Non
863 1377 1037 1439 potest
1062 1367 1202 1421 enim
1255 1363 1371 1418 ﬁeri
1418 1371 1474 1416 ut
1504 1361 1686 1431 puniat
1730 1356 1872 1429 quod

281 1469 400 1523 fecit
431 1487 445 1520 :
477 1468 630 1536 punit
657 1462 794 1533 quod
822 1460 969 1526 facis,
987 1468 1045 1514 ut
1070 1459 1256 1516 liberet
1275 1453 1415 1525 quod
1444 1453 1584 1507 fecit.
1617 1451 1874 1520 Aliquan-

281 1561 349 1614 do
378 1568 584 1622 autem,
610 1554 844 1610 dimissis
869 1552 1138 1617 omnibus,
1163 1548 1379 1604 omnino
1417 1545 1618 1599 directe
1655 1550 1782 1597 cunt
1820 1541 1872 1595 in

281 1653 483 1714 Deum;
518 1659 576 1705 et
603 1646 816 1718 quando
845 1651 1084 1716 peccant,
1115 1642 1297 1696 dicunt
1328 1657 1342 1692 :
1377 1638 1516 1692 Deus
1543 1637 1642 1690 hoc
1671 1635 1870 1699 voluit;

284 1747 324 1799 si
353 1745 519 1799 nollet
548 1743 708 1805 Deus,
737 1754 841 1794 non
871 1751 1167 1808 peccarem.
1197 1733 1276 1787 Ad
1303 1731 1404 1786 hoc
1445 1737 1624 1784 monet
1671 1736 1728 1781 ut
1769 1741 1874 1781 non

285 1837 458 1891 solum
487 1849 595 1888 non
625 1831 871 1886 audiatur
891 1837 1072 1882 utnon
1094 1839 1302 1894 pecces,
1330 1822 1422 1878 sed
1448 1827 1727 1874 accusetur
1752 1816 1874 1887 quia

285 1941 478 1997 peccas
495 1925 522 1978 ?
543 1923 680 1990 Quid
708 1936 836 1991 ergo
860 1935 956 1974 nos
982 1917 1136 1971 docet
1166 1914 1400 1985 psalmus
1427 1910 1563 1966 iste?
1585 1909 1784 1963 Bonum
1804 1915 1876 1960 est

287 2017 518 2086 conﬁteri
542 2015 778 2069 Domino.
806 2010 939 2078 Quid
965 2018 1044 2064 est
1066 2049 1081 2072 ,
1108 2005 1334 2075 confiteri
1365 2001 1621 2057 Domino?
1650 1999 1703 2054 In
1725 2007 1877 2054 utra»

287 2125 388 2180 que
414 2124 508 2172 re,
539 2107 667 2161 etin
694 2111 913 2176 peccato
941 2111 1048 2163 tuo,
1084 2098 1206 2169 quia
1251 2106 1303 2150 tu
1340 2093 1534 2155 feciSIi,
1564 2100 1617 2146 et
1654 2091 1705 2145 in
1736 2091 1878 2145 bono

288 2203 447 2264 facto,
477 2200 738 2271 conﬁtere
762 2195 1010 2258 Domino,
1043 2192 1167 2261 quia
1194 2191 1309 2261 ipse
1335 2187 1479 2242 fecit.
1507 2186 1656 2239 Tunc
1684 2184 1878 2254 psalles

286 2291 488 2347 nomini
520 2289 613 2343 Dei
637 2282 910 2341 altissimi:
931 2295 1176 2352 quaerens
1196 2281 1414 2350 gloriam
1437 2277 1546 2340 Dei,
1571 2291 1677 2330 non
1710 2283 1874 2339 tuam;

288 2399 482 2440 nomen
514 2383 681 2451 ipsius
703 2421 718 2445 ,
761 2393 864 2432 non
889 2385 1058 2430 tuum.
1109 2373 1163 2428 Si
1207 2372 1347 2427 enim
1377 2379 1430 2424 tu
1459 2369 1651 2439 quaeris
1680 2382 1877 2422 nomen

289 2477 406 2540 Dt'i,
437 2474 632 2545 qnzcrit
684 2479 740 2526 et
792 2471 903 2538 ipse
961 2481 1151 2522 nomen
1185 2473 1366 2517 tuum:
1391 2462 1434 2515 si
1473 2469 1652 2514 autem
1695 2467 1749 2512 tu
1784 2473 1877 2512 ne-

288 2565 520 2638 glexeris
578 2577 770 2637 nomen
813 2560 946 2626 Dei,
999 2557 1142 2612 delet
1184 2563 1239 2610 et
1281 2556 1394 2624 ipse
1446 2565 1636 2606 nomen
1706 2559 1874 2603 tuum.

289 2658 570 2725 Quomodo
601 2665 777 2708 autem
807 2653 946 2716 dixi,
979 2650 1180 2718 Qumrit
1207 2663 1398 2701 nomen
1428 2643 1620 2699 tuum?
1647 2642 1879 2709 Quomo-

290 2751 359 2806 do
379 2750 514 2805 dixit
533 2746 809 2817 discipulis
837 2744 948 2797 suis
966 2741 1319 2797 venientibus.
1345 2746 1687 2809 posteaquam
1735 2734 1880 2788 misit

291 2860 384 2898 eos
404 2840 791 2909 evangelizare.
823 2835 952 2892 Cum
987 2833 1234 2888 fecissent
1260 2830 1422 2884 multa
1452 2828 1720 2890 miracula,
1746 2834 1799 2880 et
1826 2825 1878 2879 in

293 2932 511 2987 nurnine
537 2928 731 2984 Christi
763 2925 1023 2980 daemonia
1053 2923 1369 2992 eiecissent,
1401 2918 1684 2972 redeuntes
1732 2916 1880 2975 dixe-

292 3034 417 3082 runt
443 3042 457 3078 :
489 3023 721 3087 Domine,
756 3037 862 3074 ecce
889 3017 1138 3072 dwmmtia
1163 3014 1302 3068 nobis
1317 3014 1537 3084 subjecta
1561 3019 1694 3065 sunt.
1726 3009 1883 3065 Dixe-

293 3116 678 3187 ruithnidcm,
712 3115 761 3168 in
789 3113 989 3168 nomine
1014 3107 1249 3172 tuo;sed
1275 3107 1360 3161 ille
1381 3104 1512 3158 vidit
1545 3103 1596 3161 in
1636 3103 1714 3156 eis
1758 3101 1879 3171 quia

294 3209 409 3278 ipsa
457 3205 842 3277 gloriﬁcatione
881 3200 1221 3273 gaudebant,
1252 3205 1305 3252 et
1355 3194 1679 3250 extollebant
1715 3207 1806 3257 se,
1829 3198 1884 3246 et

296 3303 443 3357 ibant
481 3299 604 3352 inde
649 3298 703 3351 in
745 3294 1080 3365 superbiam,
1115 3292 1234 3360 quia
1287 3289 1434 3343 licuit
1484 3287 1587 3341 illis
1616 3285 1884 3354 expellere

299 3391 582 3459 dmmonia.
615 3388 756 3444 Vidit
799 3387 916 3441 illos
944 3398 1182 3458 quarrere
1233 3381 1455 3451 gloriam
1498 3393 1647 3433 suam
1671 3417 1688 3442 ,
1717 3384 1771 3432 et
1811 3375 1886 3429 ait

301 3483 406 3538 illis
429 3524 444 3546 ,
493 3494 738 3554 quaerens
781 3478 913 3547 ipse,
947 3477 1056 3530 imo
1095 3486 1418 3528 conservans
1457 3468 1670 3522 nomina
1699 3480 1884 3521 eorum

300 3573 440 3644 apud
469 3588 528 3627 se
558 3589 572 3624 :
607 3569 780 3623 Nolite
806 3567 1026 3640 gaudere
1070 3566 1124 3618 in
1151 3567 1282 3627 hoc;
1320 3560 1529 3632 gaudete
1556 3567 1721 3611 autem
1751 3556 1886 3626 quod

301 3666 504 3718 nomina
549 3672 708 3717 vestra
755 3661 944 3729 scripta
989 3665 1104 3711 sunt
1152 3657 1205 3708 in
1233 3654 1355 3708 caelo
1385 3650 1535 3728 (Luc.
1565 3665 1617 3715 Χ,
1652 3649 1737 3714 l7,
1769 3644 1884 3719 20).

303 3757 441 3813 Ecce
469 3756 557 3811 ubi
581 3755 748 3808 habes
775 3750 1047 3820 nomen,si
1077 3757 1133 3803 tu
1157 3762 1350 3802 nomen
1373 3745 1466 3800 Dei
1497 3758 1602 3797 non
1633 3742 1888 3810 negligas.

305 3841 479 3905 Psalle
500 3864 627 3918 etgo
657 3845 858 3900 nomini
889 3843 982 3897 Dei
1009 3850 1109 3918 ,ιιι
1141 3840 1301 3893 fixum
1335 3838 1402 3890 sit
1428 3833 1566 3904 apud
1592 3833 1760 3886 Deum
1789 3843 1888 3886 no-

305 3956 425 3995 men
451 3916 619 3993 tuum.
652 3928 886 3991 Psallere
914 3916 1088 3987 autem
1117 3929 1242 3999 quid
1267 3935 1366 3990 est,
1418 3922 1648 3977 fratres?
1685 3921 1890 3975 Psalte-

308 4033 439 4084 rium
462 4028 645 4100 organi
675 4041 841 4096 genus
869 4033 972 4087 est;
990 4022 1216 4077 chordas
1247 4018 1425 4072 habet.
1448 4015 1596 4084 Opus
1625 4019 1888 4078 nostrum,

309 4121 616 4191 psalterium
651 4127 886 4172 nostrum
915 4121 998 4169 est
1025 4130 1040 4168 :
1069 4111 1385 4184 quicumque
1416 4103 1658 4160 manibus
1703 4116 1893 4171 opera-

310 4223 392 4268 tur
411 4227 575 4282 opera
596 4211 754 4276 bona,
779 4208 954 4279 psallit
973 4207 1114 4269 Deo;
1143 4194 1460 4272 quicumque
1479 4211 1570 4251 ore
1587 4197 1889 4258 conlitetur,

311 4312 488 4359 cantat
515 4303 643 4357 Deo.
666 4301 832 4355 Canta
855 4313 968 4366 ore,
987 4296 1151 4367 psalle
1174 4290 1439 4361 operibus.
1465 4287 1544 4342 Ad
1571 4301 1728 4357 quam
1747 4283 1895 4339 rem?

383 4395 436 4449 4.
477 4392 626 4467 [νει-ε.
659 4377 738 4465 5.]
767 4391 846 4444 Ad
878 4385 1282 4443 annuntiaudum
1317 4397 1465 4435 mane
1500 4377 1896 4432 miscricordiam

315 4481 473 4550 tuam,
501 4495 548 4538 et
574 4483 831 4538 ueritatem
861 4491 1001 4534 tuam
1028 4494 1115 4548 per
1144 4470 1509 4539 noctem.Quid
1527 4469 1626 4525 sibi
1646 4468 1758 4521 vult
1777 4467 1898 4536 quia

316 4592 472 4632 mane
496 4573 855 4629 annuntianda
877 4578 959 4625 εει
983 4564 1344 4622 misericordia
1365 4562 1476 4626 Dei,
1493 4567 1547 4616 et
1567 4574 1659 4629 per
1685 4566 1898 4612 noctem

316 4670 514 4724 veritas
545 4667 672 4721 Dei?
709 4664 870 4719 Mane
903 4660 1095 4718 dicitur
1117 4701 1132 4724 ,
1164 4656 1376 4729 quando
1421 4654 1576 4708 nobis
1605 4652 1740 4705 bene
1768 4656 1851 4703 est
1882 4663 1896 4701 :

319 4786 422 4824 nox
467 4768 690 4831 dicitur,
723 4762 934 4835 quando
968 4757 1180 4814 tristitia
1212 4751 1567 4809 tribulationis
1614 4755 1714 4800 est.
1763 4741 1900 4810 Quid

319 4878 443 4932 ergo
472 4860 605 4915 dixit
633 4856 897 4916 breviter?
921 4851 1142 4922 Quando
1165 4848 1258 4903 tibi
1284 4848 1420 4902 bene
1444 4852 1545 4909 est,
1573 4838 1745 4912 gaude
1768 4837 1898 4903 Deo,

321 4931 440 5025 quia
489 4948 853 5007 misericordia
897 4946 1064 5017 ipsius
1096 4951 1196 4998 est.
1237 4939 1351 4994 Jam
1383 4946 1436 4991 tu
1479 4934 1616 4988 forte
1645 4931 1854 4986 diceres
1884 4943 1899 4980 :

324 5018 378 5100 Si
403 5059 533 5115 ergo
560 5041 767 5113 gaudeo
793 5039 926 5103 Deo,
955 5034 1165 5107 quando
1193 5028 1324 5085 mihi
1352 5029 1486 5082 bene
1511 5032 1623 5086 est,
1651 5021 1773 5092 quia
1800 5018 1904 5072 mi-

323 5136 613 5193 sericordia
655 5132 820 5203 ipsius
859 5138 969 5194 est;
999 5127 1209 5197 quando
1233 5124 1284 5176 in
1314 5119 1545 5183 tristitia,
1587 5115 1640 5169 in
1683 5110 1904 5167 tribula-

326 5231 469 5282 tione
491 5240 635 5302 sum,
657 5221 781 5294 quid
805 5220 971 5275 facio?
998 5213 1356 5272 Misericordia
1379 5209 1544 5281 ipsius
1564 5215 1670 5270 est,
1693 5199 1908 5274 quando

330 5317 457 5372 mihi
487 5296 628 5371 bene
663 5291 772 5378 est;
815 5309 1098 5368 crudelitas
1125 5320 1253 5375 ergo
1285 5302 1447 5371 ipsius
1531 5294 1741 5368 quando
1771 5291 1909 5348 male

275 5466 292 5469 __
330 5411 450 5464 est?
475 5407 531 5464 Si
564 5405 722 5460 laudo
759 5399 1175 5458 miscricordiam
1200 5439 1214 5462 ,
1246 5392 1460 5466 quantis.
1482 5398 1623 5446 ncnc
1658 5394 1772 5449 est;
1821 5398 1908 5437 re-

334 5499 658 5572 prehendam
705 5510 833 5566 crgo
885 5493 1291 5554 crudelitatem,
1345 5483 1557 5556 quando
1607 5478 1744 5534 male
1789 5474 1911 5531 est?

333 5563 469 5650 Dou.
511 5590 616 5647 Sed
659 5563 872 5659 quando
921 5585 1060 5640 bene
1096 5590 1210 5648 est,
1252 5579 1406 5636 lauda
1450 5563 1910 5632 misericordiam;

386 5699 401 5730 ⁸
441 5703 618 5760 Plures
639 5701 829 5768 optima!
847 5703 972 5752 nota:
992 5697 1121 5758 Mss,
1142 5690 1429 5761 proximam.

1415 234 1809 296 ENARRA'HO
1846 232 1914 288 IN
1950 231 2274 293 PSALMUM
2309 237 2468 296 Χῦῑ..

3435 243 3458 300 1
3475 248 3497 301 ἰ
3506 247 3605 302 Πτί

1987 351 2199 421 quando
2223 353 2380 418 male,
2413 352 2568 408 lauda
2589 354 2871 410 veritatem
2893 356 3044 427 :qnia
3072 365 3284 428 peccata
3312 357 3561 432 ﬂagellat,

1983 459 2088 498 non
2117 454 2197 499 cst
2223 443 2455 514 iniquus.
2481 445 2536 499 lu
2564 454 2718 501 nocte
2736 447 3075 513 cratDauiel,
3092 449 3306 520 quando
3332 452 3517 506 orabat
3544 470 3564 508 ς

1983 544 2096 590 erat
2125 536 2266 590 enim
2296 537 2346 588 in
2378 536 2680 606 captivitate
2723 537 3038 602 Jerusalem,
3073 549 3188 595 erat
3219 541 3271 596 in
3302 550 3568 613 potestate

1982 625 2234 680 hostium.
2266 627 2413 680 Tunc
2443 627 2608 681 multa
2656 629 2792 682 mala
2834 630 3000 683 sancti
3031 631 3364 698 patiebantur
3397 651 3410 687 :
3442 643 3566 688 tunc

1982 718 2096 788 ipse
2135 718 2186 770 in
2224 718 2394 772 lacum
2432 719 2642 772 leonum
2675 719 2865 774 missus
2890 730 2970 775 est
2991 762 3005 783 ,
3038 731 3163 776 tunc
3192 731 3302 778 tres
3325 724 3477 793 pueri
3506 727 3560 779 in

1979 811 2155 878 ignem
2186 810 2494 880 pra-cipitati
2522 820 2649 864 sunt
2675 809 2830 883 (Dan.
2864 829 2944 877 vi,
2975 811 3076 886 ιιι).
3111 815 3234 870 llaec
3263 817 3566 885 patiebatur

1981 899 2030 953 in
2063 901 2365 969 captivitate
2405 901 2629 977 populus
2676 901 2832 955 Israel
2867 922 2879 956 :
2913 918 3015 957 nox
3047 913 3179 958 erat.
3212 905 3313 961 [’er
3349 920 3562 963 noctem

1978 992 2331 1046 Conﬁtebatur
2359 993 2540 1047 Daniel
2564 993 2836 1046 veritatem
2865 993 2975 1058 Dei;
3000 993 3209 1050 dicebat
3229 997 3281 1051 in
3295 999 3561 1064 oratione,

1979 1083 2307 1138 Peccavimus
2333 1127 2346 1150 ,
2395 1086 2548 1154 impie
2571 1089 2781 1156 egimus,
2812 1086 3124 1153 iniquitatem
3151 1087 3359 1159 fecimus
3387 1106 3407 1143 :
3431 1091 3519 1146 tibi
3543 1133 3560 1156 ,

1977 1175 2216 1242 Domine,
2245 1177 2428 1248 gloria,
2459 1178 2599 1231 nobis
2626 1179 2856 1249 confusio
2883 1177 2994 1245 (Id.
3032 1195 3085 1232 ιχ
3106 1222 3119 1243 ,
3153 1181 3202 1245 5,
3233 1183 3311 1250 7).
3353 1181 3563 1238 Verita-

1979 1279 2084 1324 tem
2119 1270 2209 1324 Dei
2239 1271 2582 1324 annuntiabat
2621 1287 2716 1341 per
2746 1280 2974 1325 noctein.
3007 1272 3140 1337 Quid
3158 1282 3255 1338 est,
3289 1276 3562 1330 veritatem
3597 1309 3600 1312 -

1979 1361 2072 1415 Dei
2098 1363 2412 1416 annuntiare
2452 1377 2546 1430 per
2591 1362 2848 1415 noctem?
2904 1362 3018 1415 Non
3072 1378 3328 1419 accusare
3375 1366 3560 1433 Deum,

1978 1454 2098 1522 quia
2131 1453 2325 1521 pateris
2362 1453 2558 1521 aliquid
2606 1453 2762 1518 mali;
2803 1453 2896 1507 sed
2937 1455 3170 1512 tribuere
3218 1455 3345 1510 illud
3379 1471 3564 1524 pecca-

1979 1545 2047 1598 tis
2073 1544 2174 1596 tuis
2193 1583 2208 1608 ,
2241 1542 2599 1598 emendationi
2647 1545 2809 1612 ipsius
2835 1561 2848 1597 :
2878 1543 2959 1596 Ad
2987 1545 3392 1599 aununtiandum
3419 1562 3584 1601 mane-

1979 1635 2373 1688 misericordiam
2413 1636 2598 1706 ipsius,
2641 1645 2688 1688 et
2731 1635 2984 1690 ueritatem
3023 1653 3113 1702 per
3163 1647 3379 1690 noctem.
3430 1635 3562 1693 Cum

1979 1727 2399 1782 misericordiam
2455 1727 2736 1781 annuntias
2786 1742 2964 1792 mane,
3011 1738 3064 1781 et
3133 1729 3409 1783 veritatem
3468 1744 3567 1800 per

1980 1829 2211 1885 noctem,
2243 1835 2454 1888 semper
2478 1819 2659 1876 laudas
2689 1819 2874 1881 Deum,
2900 1833 3110 1888 semper
3129 1819 3400 1874 conﬁteris
3423 1820 3558 1888 Deo,

1980 1918 2034 1965 et
2061 1910 2242 1978 psaltis
2270 1910 2468 1965 nomini
2500 1909 2638 1979 ejus.

2051 2003 2103 2058 5.
2147 2001 2294 2074 [vers.
2321 2000 2398 2074 4.]
2425 2001 2492 2056 In
2518 2001 2830 2055 decachordo
2858 2001 3114 2072 psalterio,
3146 2016 3259 2055 cum
3285 2002 3482 2056 cantico
3509 2003 3571 2056 in

1980 2093 2194 2146 cithara.
2257 2088 2657 2148 Decachordum
2684 2092 2987 2161 psalterium
3019 2106 3123 2146 non
3147 2091 3560 2148 modoaudistis.

1981 2185 2380 2241 Decachordum
2424 2185 2729 2254 psalterium
2769 2183 3029 2253 signiﬁcat
3076 2183 3260 2239 decem
3301 2196 3570 2253 praacepta

1980 2275 2155 2346 Legis.
2182 2275 2286 2331 Sed
2314 2283 2530 2330 cantare
2561 2274 2610 2327 in
2643 2274 2730 2328 illo
2755 2288 2888 2343 Opus
2915 2283 3019 2340 est,
3044 2289 3148 2327 non
3181 2282 3390 2342 portare
3417 2275 3558 2343 psal-

1982 2368 2194 2423 terium.
2225 2365 2356 2421 Nam
2386 2376 2438 2421 et
2463 2365 2630 2419 Judaei
2661 2366 2856 2419 habent
2893 2364 3118 2433 Legem;
3153 2372 3401 2433 portant,
3453 2379 3561 2418 non

1981 2457 2230 2528 psallunt.
2255 2455 2352 2524 Qui
2381 2455 2612 2531 suntqui
2641 2453 2903 2524 psallunt?
2924 2453 3022 2520 Qui
3043 2460 3346 2522 Operautur.
3366 2453 3562 2507 Parum

1981 2558 2064 2605 est
2092 2565 2106 2604 :
2128 2547 2220 2620 qui
2234 2555 2520 2618 operantur
2533 2560 2653 2600 cum
2673 2544 2906 2610 triStitia,
2930 2543 3163 2598 nondum
3183 2541 3434 2612 pSallunt.
3457 2541 3561 2609 Qui

1981 2615 2206 2713 suntqui
2225 2615 2490 2710 psallunt?
2513 2636 2614 2705 Qui
2637 2651 2756 2691 cum
2783 2631 3048 2690 hilaritate
3087 2631 3284 2688 faciunt
3313 2631 3466 2688 bene.
3505 2631 3590 2685 ln-
3625 2615 3632 2621 ’

1983 2733 2258 2805 psallendo
2277 2733 2418 2787 enim
2445 2730 2684 2786 hilaritas
2713 2722 2919 2783 est.'Et
2942 2724 3066 2795 quid
3089 2723 3215 2778 dicit
3241 2723 3524 2792 Apostolus
3544 2721 3570 2774 ?

1985 2826 2213 2881 Hilarem
2236 2825 2368 2878 enim
2392 2823 2616 2876 datorem
2642 2819 2803 2890 diligit
2830 2818 2964 2873 Deus
2985 2816 3049 2886 (ll
3066 2815 3181 2870 Cor.
3202 2831 3276 2880 Ix,
3299 2815 3375 2880 7).
3406 2813 3570 2879 Quid-

1982 2918 2106 2988 quid
2119 2918 2268 2982 facis,
2289 2931 2409 2970 cum
2435 2912 2695 2967 hilaritate
2709 2910 2818 2985 fac:
2843 2909 3038 2962 bonum
3061 2916 3184 2963 tunc
3199 2913 3252 2960 ct
3269 2903 3402 2958 bene
3416 2902 3570 2956 facis.

1984 3007 2042 3063 Si
2069 3014 2247 3061 autem
2268 3019 2390 3060 cum
2414 3002 2622 3057 tristitia
2644 2998 2794 3063 facis,
2821 2997 2876 3051 tit
2897 2996 2963 3052 de
2981 3005 3051 3061 te,
3077 3011 3180 3049 non
3199 2993 3355 3056 facis;
3374 3001 3430 3047 et
3447 3008 3570 3061 por-

1986 3109 2065 3155 tas
2094 3099 2260 3169 magis
2293 3094 2624 3166 psalterium,
2663 3105 2772 3145 non
2812 3099 3012 3144 cantas.
3045 3085 3112 3140 In
3155 3084 3391 3155 psalterio
3420 3082 3567 3136 deca-

1985 3192 2194 3257 chorda,
2213 3205 2326 3244 cum
2345 3185 2600 3242 canticoin
2613 3183 2845 3237 cithara:
2871 3180 2970 3235 hoc
2996 3187 3100 3245 est,
3127 3177 3288 3232 verbo
3309 3185 3361 3230 et
3384 3189 3568 3244 opere.

1987 3283 2112 3338 Cum
2132 3281 2347 3344 cantico,
2373 3275 2572 3341 verbo;
2595 3279 2649 3328 iu
2672 3272 2882 3335 cithara,
2899 3283 3081 3338 opere.
3106 3266 3160 3322 Si
3185 3265 3340 3321 verba
3362 3264 3476 3321 sola
3497 3263 3573 3319 di-

1987 3375 2083 3437 cis,
2109 3371 2256 3444 quasi
2279 3369 2539 3426 canticum
2565 3365 2735 3420 solum
2758 3361 2942 3425 habes,
2964 3357 3221 3428 citharam
3249 3371 3351 3412 non
3374 3355 3569 3418 habes:

1989 3469 2035 3523 si
2056 3465 2314 3536 operaris,
2337 3471 2514 3518 etnon
2545 3456 2799 3528 loqueris,
2825 3453 2974 3524 quasi
2997 3451 3163 3506 solam
3193 3447 3450 3506 citharam
3472 3445 3570 3500 ha-

1990 3562 2104 3616 bes.
2132 3559 2354 3626 Propter
2381 3553 2482 3608 hoc
2507 3561 2560 3606 et
2583 3552 2805 3619 loquere
2832 3547 2989 3612 bene,
3031 3554 3085 3600 et
3127 3542 3207 3598 lac
3235 3541 3391 3604 bene,
3426 3538 3472 3593 si
3493 3537 3572 3592 vis

1991 3650 2189 3706 habere
2213 3646 2476 3703 canticum
2506 3657 2624 3697 cum
2653 3641 2876 3695 cithara.

2065 3743 2117 3798 6.
2145 3741 2294 3814 [υενε.
2317 3737 2395 3810 5.]
2415 3735 2549 3801 Quia
2570 3731 2867 3805 jucundasti
2894 3745 2994 3794 me,
3034 3725 3269 3787 Domine,
3298 3723 3349 3777 in
3374 3724 3573 3792 factum

1993 3845 2102 3902 tua,
2133 3810 2178 3890 et
2200 3836 2252 3887 in
2282 3830 2514 3903 aperibus
2538 3841 2778 3881 manuum
2817 3833 3016 3876 tuarum
3060 3815 3339 3873 exsultabo.
3371 3810 3585 3868 Videtis

1993 3925 2118 3997 quid
2143 3901 2412 3979 dicat.iTu
2438 3916 2716 3994 mejecisti
2742 3915 2879 3969 bene
2905 3913 3166 3967 viventem
3189 3947 3202 3969 ,
3241 3916 3293 3960 tu
3330 3919 3420 3959 me
3459 3901 3576 3964 fore

1995 4020 2150 4074 masti
2179 4033 2191 4069 :
2221 4015 2266 4069 si
2305 4013 2432 4083 quid
2465 4010 2602 4065 forte
2643 4006 2768 4063 boni
2806 4003 2963 4066 facio,
3001 4002 3052 4054 in
3095 3999 3292 4052 tactura
3322 4009 3571 4050 manuum

1998 4119 2208 4165 tuarum
2238 4103 2521 4160 exsultabo
2547 4118 2561 4154 :
2589 4095 2857 4169 quomodo
2895 4093 3024 4148 dicit
3057 4089 3360 4158 Apostolus,
3406 4085 3582 4156 Ipsius

1997 4203 2131 4259 enim
2157 4215 2329 4254 sumus
2357 4198 2668 4267 ﬁgmentum,
2693 4189 2844 4244 creati
2867 4188 2919 4241 in
2941 4184 3172 4256 operibus
3198 4181 3339 4235 bonis
3359 4178 3576 4252 (Epiros.

2000 4311 2059 4362 ιι,
2103 4292 2213 4361 10).
2249 4289 2361 4345 Nisi
2401 4286 2544 4342 enim
2591 4295 2642 4338 te
2671 4281 2924 4336 t‘ormaret
2968 4277 3034 4331 ad
3074 4289 3236 4345 Opera
3281 4273 3439 4336 bona,
3470 4284 3579 4324 non

2002 4361 2190 4442 nosses
2215 4382 2315 4436 nisi
2345 4393 2504 4448 opera
2534 4384 2620 4430 tua
2650 4373 2808 4428 mala.
2835 4370 2935 4438 Qui
2963 4369 3103 4422 enim
3121 4366 3342 4435 loquitur
3369 4361 3581 4418 menda-

2003 4478 2158 4540 cium,
2182 4473 2245 4526 de
2268 4487 2358 4525 suo
2383 4469 2604 4539 loquitur
2627 4464 2804 4538 (Joan.
2829 4478 2940 4526 vnt,
2956 4458 3048 4531 44)
3078 4477 3091 4512 :
3118 4457 3219 4512 hoc
3243 4453 3586 4524 Evangelium

2001 4575 2150 4631 dicit.
2177 4571 2348 4628 Omne
2375 4569 2650 4633 peccatum
2683 4553 3015 4609 mendacium
3045 4558 3144 4604 est.
3172 4547 3370 4603 Contra
3407 4545 3580 4614 legem

2003 4669 2148 4726 enim
2195 4673 2249 4719 et
2285 4668 2468 4718 contra
2501 4653 2774 4708 veritatem
2805 4642 3058 4715 quidquid
3092 4651 3205 4708 est,
3249 4638 3585 4694 mendacium

2004 4761 2214 4816 dicitur.
2265 4753 2407 4821 Ergo
2460 4743 2586 4816 quid
2636 4739 2747 4794 ait?
2808 4736 2908 4802 Qui
2957 4734 3176 4802 loquitur
3235 4729 3587 4793 mendacium,

2006 4855 2068 4908 de
2118 4865 2208 4906 suo
2264 4842 2510 4914 loquitur;
2558 4833 2729 4897 idest,
2761 4828 2850 4899 qui
2881 4833 3083 4896 peccat,
3112 4823 3180 4878 de
3231 4836 3327 4875 suo
3380 4827 3586 4888 peccat.

1959 4967 1968 4970 ί
2007 4939 2278 5000 Attenditc
2323 4909 2642 4988 sententiam
2682 4929 2888 4976 contra.
2943 4916 2999 4972 Si
3047 4915 3188 4970 enim
3225 4911 3316 4980 qui
3357 4909 3588 4978 loquitur

2009 4999 2375 5090 mendacium,
2445 5021 2512 5076 de
2561 5029 2660 5071 suo
2718 5010 2984 5081 loqu-itur;
3042 5013 3209 5060 restat
3264 5001 3448 5068 utqui
3504 4999 3602 5052 lu-‘

2009 5126 2186 5199 quitur
2214 5118 2524 5175 veritatem,
2555 5109 2623 5165 de
2652 5106 2749 5163 Dei
2777 5105 2794 5138 ί
2822 5103 3089 5172 loquatur.
3134 5095 3258 5151 Ideo
3301 5092 3612 5199 diciturjtnu

2010 5180 2115 5274 tilio
2140 5218 2258 5270 loco
2278 5230 2289 5266 :
2313 5209 2450 5264 Deus
2462 5203 2596 5260 solus
2612 5213 2766 5256 uerax
2783 5213 2803 5263 ,'
2829 5193 2992 5250 omnis
3011 5197 3178 5242 autem
3197 5185 3344 5238 homo
3375 5180 3592 5236 mendax

2015 5269 2188 5382 aiam.
2214 5320 2291 5369 ιιι,
2323 5301 2403 5370 4).
2428 5294 2548 5352 Non
2578 5291 2671 5347 tibi
2692 5287 2885 5344 dicitur
2906 5283 2958 5337 in
2981 5278 3087 5334 hac
3111 5273 3390 5382 sententia,
3420 5269 3591 5382 Yade,

2015 5361 2235 5456 securus
2279 5361 2534 5450 mentire,
2561 5382 2684 5454 quia
2713 5379 2874 5434 homo
2897 5387 2957 5428 es
2990 5388 3003 5423 :
3037 5370 3143 5423 imo
3165 5362 3289 5418 vide
3328 5371 3381 5417 te
3425 5361 3598 5416 homi-

2015 5507 2160 5555 nem,
2189 5485 2310 5557 quia
2332 5478 2561 5536 mendax
2580 5452 2676 5538 es;
2703 5479 2760 5526 et
2783 5477 2838 5522 ut
2863 5465 2938 5520 sis
2955 5473 3140 5524 verax,
3156 5455 3279 5512 bibe
3294 5452 3597 5512 veritatem,

2081 5605 2098 5635 ι
2115 5601 2204 5670 ⁶εἱε
2224 5603 2335 5646 Mss.
2358 5598 2415 5642 At
2432 5588 2565 5647 Md,
2581 5583 2642 5636 de
2668 5590 2762 5632 Deo
2784 5589 2801 5629 :
2825 5571 3054 5627 mendum
3079 5564 3205 5635 quod
3214 5576 3313 5631 iam
3334 5575 3481 5628 supra
3497 5569 3602 5611 con-

2018 5673 2252 5718 retinens.
