4024 6210
393 219 527 276 H75

393 349 448 394 ut
475 340 542 393 dc
570 337 678 391 Deo
707 344 886 391 ructes
905 378 919 402 ,
951 342 1008 391 ut
1034 334 1110 389 sis
1130 346 1307 388 verax.
1333 329 1465 398 Quia
1486 329 1553 386 de
1581 338 1670 386 tuo
1697 327 1848 384 illam
1863 341 1966 382 non

393 438 545 495 potes
574 425 772 482 habere
801 428 840 489 ¹.
868 433 1032 482 restat
1061 431 1117 477 ut
1145 422 1266 478 inde
1289 421 1432 477 iilam
1459 420 1631 487 bibas,
1659 418 1801 475 unde
1829 418 1971 473 ﬂuit.

388 517 668 588 Quomodo
702 520 745 575 si
782 534 813 573 a
847 519 964 573 luce
998 515 1317 580 recesseris,
1348 516 1400 569 in
1432 512 1668 569 tenebris
1700 526 1760 567 es
1788 529 1803 566 :
1833 526 1967 580 quo-

391 610 551 665 modo
578 611 718 682 lapis
738 624 842 663 non
881 608 948 663 de
985 621 1044 661 se
1089 606 1289 669 fervet,
1324 604 1420 660 sed
1456 605 1541 659 vel
1570 613 1600 658 a
1634 604 1749 659 sole
1778 602 1862 658 vel
1904 602 1972 658 ab

391 702 531 772 igne,
548 701 605 756 si
635 715 753 757 eum
784 698 944 752 calori
971 696 1300 752 subtraxeris
1329 697 1373 764 ³,
1402 695 1668 766 frigescit;
1700 693 1771 750 ibi
1802 708 1969 763 appa-

388 805 493 859 ret,
526 793 646 863 quia
672 790 813 861 quod
841 789 1100 856 fervebat,
1132 803 1237 844 non
1254 799 1372 844 erat
1394 788 1587 857 ipsius;
1615 785 1709 842 sed
1735 785 1972 842 fervebat

391 885 476 938 vel
511 898 543 937 a
572 883 684 938 sole
709 881 792 937 vel
822 881 890 937 ab
915 880 1035 951 igne
1066 899 1080 935 :
1107 880 1186 936 sic
1209 889 1264 937 et
1294 889 1351 934 tu
1375 880 1418 934 si
1448 895 1476 934 a
1522 880 1633 935 Deo
1658 879 1967 945 recesseris,

393 975 675 1044 frigesces;
700 975 743 1029 si
761 973 826 1029 ad
844 974 1010 1029 Deum
1037 973 1346 1040 accesseris,
1369 972 1663 1037 fervesces;
1687 970 1825 1027 sicut
1843 972 1971 1026 dicit

388 1065 694 1135 Apostolus,
712 1064 911 1135 Spiritu
925 1065 1168 1134 [mentes
1184 1063 1355 1137 (Rom.
1375 1079 1470 1132 xu,
1491 1064 1602 1133 ll).
1628 1063 1757 1118 item
1770 1064 1837 1118 de
1852 1062 1970 1117 luce

390 1154 515 1224 quid
557 1153 722 1210 dicit?
758 1154 814 1210 Si
855 1154 923 1210 ad
966 1169 1087 1210 eum
1130 1154 1451 1220 accesseris,
1495 1154 1549 1209 in
1592 1153 1792 1209 lumine
1820 1152 1966 1219 eris;

390 1246 509 1302 ideo
539 1247 767 1316 psalmus
793 1246 922 1303 dicit
945 1265 959 1302 :
990 1246 1222 1302 Accedite
1244 1246 1311 1301 ad
1335 1263 1469 1312 eum,
1498 1256 1543 1301 et
1569 1246 1927 1301 illuminamini
1949 1265 1968 1313 ,-

388 1349 434 1392 σε
462 1340 626 1395 uultus
654 1340 800 1393 vestri
836 1355 935 1394 non
976 1339 1263 1394 erubescent
1305 1338 1475 1411 (Psal.
1508 1353 1706 1403 XXXIII;
1728 1337 1806 1409 5).
1833 1336 1968 1405 Quia

388 1445 518 1501 ergo
555 1430 688 1485 nihil
722 1431 845 1486 boni
880 1439 1032 1500 potes
1060 1430 1304 1500 operari,
1333 1430 1434 1486 nisi
1465 1430 1790 1486 illuminatus
1820 1445 1849 1483 a
1881 1430 1963 1485 lu—

390 1521 535 1577 mine
576 1522 691 1588 Dei,
737 1531 792 1578 et
832 1522 1149 1578 fervefactus
1173 1536 1203 1576 a
1232 1521 1435 1593 Spiritu
1460 1521 1591 1587 Dei;
1634 1521 1850 1592 quando
1888 1521 1968 1575 vi-

389 1614 533 1670 deris
562 1622 615 1670 te
656 1615 792 1671 bene
821 1624 1150 1685 operantem,
1182 1614 1436 1671 conﬁtere
1463 1614 1604 1680 Deo,
1635 1623 1690 1669 et
1716 1612 1801 1669 dic
1827 1613 1969 1684 quod

389 1707 463 1760 ait
489 1707 797 1776 Apostolus,
824 1707 913 1763 die
945 1708 1039 1764 tibi
1056 1710 1135 1764 'nc
1161 1707 1433 1763 extollaris
1463 1723 1477 1759 :
1503 1706 1639 1773 Quid
1663 1707 1793 1761 enim
1819 1706 1971 1760 habes

388 1798 524 1867 quod
565 1814 666 1853 non
704 1800 980 1868 accepisti?
1016 1798 1078 1854 Si
1117 1808 1284 1853 autem
1310 1797 1566 1868 accepisti,
1588 1795 1712 1868 quid
1735 1796 1970 1868 gloriaris

386 1889 531 1951 quasi
559 1905 660 1944 non
686 1891 939 1961 acceperis
969 1888 1020 1960 (Ι
1047 1889 1165 1946 Cor.
1192 1904 1265 1956 tv,
1285 1873 1495 1960 7)?'ﬂic
1519 1901 1651 1958 ergo
1687 1886 1970 1945 conﬁtetur

389 1983 499 2039 Deo
524 1992 579 2039 et
602 1982 761 2040 docet
792 1998 891 2039 nos
918 1984 1108 2040 bonam
1138 1982 1524 2039 confessionem
1542 2022 1558 2049 ,
1589 1981 1710 2052 quia
1738 1980 1867 2035 dicit
1903 1980 1924 2011 ³
1953 1999 1965 2033 :

386 2076 694 2131 Jucundasti
717 2093 815 2145 me,
845 2076 1078 2143 Domine,
1109 2077 1163 2131 in
1192 2079 1389 2148 factura
1419 2085 1527 2143 tua,
1570 2084 1616 2129 et
1656 2075 1709 2128 in
1736 2073 1971 2144 aperibus

394 2185 635 2224 manuum
662 2178 863 2224 tuarum
887 2169 1163 2224 multabo.

465 2260 519 2313 7.
549 2258 684 2326 Quid
714 2260 920 2330 agimus
944 2261 1011 2316 de
1039 2259 1141 2315 illis
1165 2259 1254 2330 qui
1283 2259 1423 2315 male
1443 2258 1645 2327 vivunt,
1672 2267 1728 2316 et
1754 2258 1969 2313 ﬂorent?

392 2348 527 2404 Huic
563 2350 706 2404 enim
749 2350 1112 2421 perturbatum
1163 2350 1395 2404 animum
1451 2349 1611 2405 habet
1654 2351 1743 2419 qui
1798 2348 1971 2419 perdit

391 2440 669 2496 sabbatum
695 2439 719 2473 ‘
750 2458 766 2495 :
795 2440 939 2496 videt
963 2456 1022 2496 se
1046 2439 1100 2495 in
1130 2440 1284 2496 bonis
1311 2440 1561 2511 operibus
1583 2440 1818 2511 quotidie
1846 2455 1968 2494 ver-

386 2541 593 2586 santem
617 2573 633 2598 ,
682 2541 737 2586 et
780 2531 1107 2587 laborantem
1138 2531 1190 2585 in
1219 2530 1461 2601 angustia
1486 2545 1669 2585 rerum
1693 2572 1708 2597 ,
1739 2528 1878 2585 forte
1913 2530 1966 2584 in

388 2623 564 2691 inopia
590 2622 667 2677 rei
692 2620 988 2688 familiaris,
1009 2618 1149 2677 forte
1176 2621 1231 2674 in
1256 2619 1397 2676 fame
1424 2628 1477 2676 et
1510 2620 1598 2675 siti
1622 2629 1676 2676 et
1704 2619 1962 2685 nuditate,

390 2716 525 2768 forte
549 2728 609 2769 se
635 2713 688 2768 in
716 2727 928 2769 carcere
952 2714 1090 2769 bona
1118 2708 1421 2781 facientem,
1448 2724 1505 2769 et
1537 2713 1684 2768 illum
1713 2728 1743 2766 a
1778 2728 1883 2783 quo
1912 2713 1963 2767 in

384 2820 656 2863 carcerem
674 2807 870 2862 missus
883 2815 961 2862 est
977 2815 1031 2863 et
1045 2806 1183 2861 mala
1203 2806 1479 2862 facientem
1501 2813 1554 2862 et
1572 2805 1928 2861 exsultantem
1946 2822 1960 2872 ;

387 2905 442 2950 et
485 2896 755 2952 subintrat
786 2911 881 2952 cor
913 2896 1144 2966 pessima
1183 2895 1434 2966 cogitatio
1468 2894 1724 2950 adversus
1755 2896 1919 2950 Deum
1945 2935 1960 2958 ,

388 2996 441 3039 rt
467 2985 594 3041 dicit
625 3004 638 3040 :
666 2987 822 3049 Deus,
851 3000 1016 3057 quare
1046 2985 1135 3041 tibi
1166 2984 1380 3041 servio?
1399 3000 1562 3056 quare
1576 2985 1768 3041 obedio
1789 2986 1964 3041 verbis

389 3075 492 3130 mis
507 3076 533 3130 i
556 3075 671 3131 Non
694 3076 841 3146 rapui
862 3077 1056 3143 aliena,
1078 3090 1183 3130 non
1205 3075 1402 3131 furtum
1421 3075 1540 3139 feci,
1565 3092 1670 3130 non
1695 3076 1963 3132 hominem

383 3166 575 3234 occidi,
614 3182 718 3221 non
764 3166 1074 3236 cujusquam
1112 3180 1225 3221 rem
1269 3165 1581 3235 concupivi,
1630 3180 1735 3221 non
1771 3165 1961 3221 falsum

386 3256 749 3312 testimonium
778 3256 1037 3311 adversus
1056 3256 1285 3326 aliquem
1305 3254 1436 3323 dixi,
1451 3270 1555 3310 non
1580 3256 1714 3327 patri
1738 3256 1821 3311 vel
1844 3271 1959 3311 ma-

385 3349 455 3404 tri
480 3348 726 3419 iniuriam
763 3348 893 3413 feci,
937 3362 1045 3402 non
1085 3347 1151 3402 ad
1182 3346 1320 3403 idola
1350 3347 1633 3403 inclinatus
1667 3363 1807 3415 sum,
1856 3364 1960 3402 non

385 3439 563 3509 accepi
595 3453 789 3493 nomen
822 3438 1027 3493 Domini
1076 3438 1167 3493 Dei
1204 3438 1256 3493 in
1290 3453 1484 3493 vanum
1516 3456 1529 3492 :
1562 3440 1767 3495 servavi
1806 3437 1903 3495 me’
1929 3455 1960 3495 a

294 3516 295 3519 “
384 3540 618 3602 peccato.
664 3531 953 3587 Enumerat
995 3530 1179 3586 decem
1217 3531 1477 3598 chordas,
1519 3532 1573 3587 id
1618 3541 1723 3600 est,
1771 3532 1958 3589 decem

384 3630 645 3692 praecepta
671 3621 825 3692 Legis
856 3619 1049 3693 (Exod.
1074 3638 1163 3688 xx,
1196 3621 1368 3693 1-17),
1393 3630 1447 3678 et
1466 3623 1755 3694 interrogat
1780 3638 1839 3680 se
1867 3638 1958 3680 se-

379 3709 609 3767 eundum
646 3713 879 3784 singula,
923 3722 975 3768 et
1004 3711 1148 3768 videt
1185 3727 1245 3769 se
1288 3727 1394 3769 non
1434 3727 1715 3783 peccasse,
1762 3729 1862 3769 nec
1904 3714 1957 3768 in

378 3818 512 3871 uno;
542 3812 597 3859 et
624 3805 968 3859 contristatur
1006 3805 1128 3874 quia
1180 3804 1303 3859 talia
1351 3804 1487 3860 mala
1524 3806 1744 3875 patitur.
1780 3803 1847 3857 Et
1883 3803 1957 3858 illi

377 3893 467 3961 «ιυί
488 3935 504 3962 ,
532 3909 636 3948 non
666 3893 806 3959 dico,
837 3894 1039 3964 aliquas
1059 3894 1287 3950 chordas
1317 3904 1570 3966 tangunt,
1599 3894 1693 3951 sed
1714 3909 1813 3950 nec
1835 3903 1955 3949 tan-

375 3992 506 4053 gunt
531 3985 700 4054 ipsum
737 3985 1064 4054 psalterium,
1089 3995 1143 4039 et
1164 3985 1294 4043 nihil
1320 3986 1443 4042 boni
1479 3994 1785 4056 operantur,
1821 4000 1954 4042 con—

375 4075 557 4131 sulunt
585 4075 758 4131 idola:
782 4084 835 4132 et
855 4075 991 4132 forte
1017 4087 1141 4132 tunc
1163 4077 1407 4132 videntur
1432 4073 1952 4148 cbristiani,quando

375 4168 507 4224 nihil
536 4169 660 4223 mali
689 4170 886 4239 patitur
908 4169 1099 4224 dooms
1122 4184 1329 4232 eorum;
1352 4169 1564 4238 quando
1583 4177 1756 4223 autem
1775 4171 1948 4238 aliqua

373 4258 447 4313 ibi
478 4258 749 4314 tribulatio
778 4266 880 4324 est,
908 4266 1127 4311 currunt
1155 4256 1219 4310 ad
1261 4258 1547 4325 pythonem
1567 4298 1582 4319 ,
1614 4264 1706 4310 aut
1741 4258 1950 4313 sortile-

370 4363 518 4415 gum,
544 4357 637 4400 aut
664 4345 1117 4401 mathematicum.
1159 4345 1360 4399 Dicitur
1390 4345 1464 4398 illi
1492 4361 1689 4401 nomen
1715 4345 1946 4412 Christi;

370 4439 683 4501 snbsannat,
714 4444 924 4506 torquet
943 4452 1023 4491 os.
1049 4437 1250 4491 Dicitur
1281 4437 1359 4491 illi
1396 4455 1409 4491 :
1441 4437 1639 4494 Fidelis
1660 4480 1675 4505 ,
1715 4440 1949 4495 consulis

370 4527 835 4584 mathematicum?
883 4528 948 4583 Et
996 4526 1086 4582 ille
1127 4526 1384 4583 :Rccede
1425 4543 1455 4582 a
1497 4544 1582 4584 me
1612 4546 1626 4584 :
1655 4530 1769 4600 ipse
1818 4531 1950 4586 mihi

369 4621 602 4691 prodidit
629 4635 716 4677 res
743 4634 915 4684 meas;
942 4635 1063 4676 nam
1108 4619 1459 4690 perdidissem
1485 4660 1500 4687 ,
1544 4629 1601 4676 et
1636 4615 1687 4676 in
1736 4623 1947 4693 planctu

367 4715 767 4771 remansissern.
818 4712 989 4769 Homo
1031 4712 1201 4777 bone,
1252 4727 1428 4768 nonne
1471 4713 1648 4783 signas
1695 4723 1746 4767 te
1793 4715 1945 4784 signo

366 4806 543 4861 crucis
574 4803 804 4859 Christi?
847 4804 915 4858 Et
958 4803 1044 4858 lex
1086 4804 1263 4858 omnia
1308 4803 1406 4857 ista
1434 4803 1700 4873 prohibet.
1731 4804 1943 4860 Gaudes

365 4898 491 4955 uuia
519 4909 607 4952 res
638 4904 754 4949 tuas
775 4892 1056 4959 invenisti;
1080 4907 1184 4949 non
1212 4908 1272 4949 es
1300 4893 1465 4948 tristis
1484 4894 1606 4963 quia
1635 4902 1691 4947 tu
1719 4894 1944 4963 peristi?

363 4992 573 5058 Quanto
618 4986 810 5059 melius
838 4986 1014 5040 tunica
1053 4993 1141 5040 tua
1180 4986 1377 5055 periret
1413 4999 1572 5057 quam
1612 4984 1786 5039 anima
1812 4986 1942 5041 tua?

362 5082 664 5137 Subsannat
692 5078 743 5133 in
772 5077 855 5132 his
878 5075 1159 5142 omnibus;
1185 5075 1601 5132 contumeliosus
1641 5083 1723 5131 est
1752 5090 1941 5145 paren-

348 5173 522 5238 tibus,
564 5170 678 5228 odit
723 5169 992 5224 inimicum
1016 5206 1034 5233 ,
1075 5166 1363 5222 insectatur
1387 5181 1553 5238 usque
1577 5167 1644 5222 ad
1670 5176 1896 5225 mortem
1916 5209 1933 5235 ,

419 5291 438 5325 ⁸
471 5290 544 5342 sic
566 5296 667 5342 Am.
688 5295 764 5338 Er.
788 5292 840 5337 et
859 5292 967 5335 Mss.
999 5289 1052 5334 At
1069 5288 1201 5342 Lov.,
1219 5280 1394 5334 bibere.
1476 5282 1481 5291 ’

419 5316 438 5325 ⁵
472 5316 544 5342 θιυ
566 5316 667 5342 ηιμ.
690 5316 764 5338 με
788 5316 840 5337 Ul-
859 5316 967 5335 ιιιωο
999 5316 1052 5334 ut
1070 5316 1179 5333 ww.
1219 5316 1394 5334 νονυιιο

419 5355 442 5417 ξ
473 5361 593 5417 ηαδ
614 5359 740 5409 Mss,
765 5348 808 5400 si
828 5347 874 5399 ei
893 5345 1104 5417 calorem
1122 5316 1441 5396 subtraxeris.

420 5408 801 5477 fagliquotMSsr,
825 5421 921 5471 qua
936 5408 1073 5459 dicit.
1201 5468 1213 5477 ι
1297 5465 1308 5476 ,
1469 5471 1482 5477 _
1547 5464 1560 5477 .
1606 5467 1620 5477 .
1791 5463 1805 5477 .

416 5474 437 5506 δ
470 5475 541 5523 Sic
560 5464 895 5534 potiores
918 5478 973 5534 at
994 5477 1125 5528 Lov.,
1152 5468 1213 5519 Hi
1230 5465 1357 5534 enim
1377 5464 1703 5534 perturbatum

353 5534 547 5591 Imbent,
565 5526 617 5582 'et
641 5532 849 5596 perdunt
869 5526 1133 5596 sabbatum.
1161 5529 1315 5596 E_t_qui
1337 5526 1495 5593 perdit
1518 5526 1782 5596 sabbatum,
1806 5529 1934 5579 ridet

349 5609 435 5670 se.‘
448 5588 543 5708 etc;
569 5588 663 5706 llaec
682 5605 828 5704 εὲξὲιε
848 5599 944 5656 Er.,
962 5594 1054 5645 nisi
1075 5592 1203 5657 quod
1225 5588 1391 5652 habet,
1410 5597 1465 5641 Et
1486 5589 1645 5652 perdit
1666 5588 1926 5652 sabbatum,

354 5673 435 5708 om
460 5670 503 5708 ut
543 5670 566 5707 c
608 5671 678 5708 se.
786 5688 799 5704 .
1136 5696 1149 5708 .

354 5660 435 5710 qui
460 5660 587 5709 uidet
608 5671 678 5713 se.
704 5660 799 5704 etc.
1136 5696 1149 5713 .

1625 215 1681 271 s.
1723 206 2085 269 AUGUSTlN'l
2127 176 2425 269 iamcum

3524 220 3545 272 i
3567 222 3667 273 L7G-

2082 324 2287 382 furatur
2313 328 2401 384 ubi
2432 331 2768 388 mensionem
2803 334 3083 399 invenerit,
3113 350 3140 388 a
3175 339 3306 393 falso
3346 340 3649 400 testimonio

2080 436 2185 475 non
2211 433 2406 491 cessat,
2438 425 2716 480 insidiatur
2740 428 3081 484 matrimonio
3104 430 3299 497 alieno,
3331 438 3659 504 concupiscit

2080 528 2191 568 rem
2222 516 2446 584 proximi
2468 517 2549 571 sui
2574 534 2586 569 :
2614 517 2735 573 facit
2756 517 2869 574 huc
2893 521 3090 586 omnia,
3114 531 3166 576 et
3188 521 3339 578 ﬂoret
3360 524 3412 578 in
3434 525 3658 591 divitiis,

2079 605 2130 659 in
2161 603 2471 672 honoribus,
2501 608 2551 661 in
2583 609 2894 665 excellentia
2923 612 3102 667 mundi
3131 612 3308 682 hujus.
3340 615 3497 671 Videt
3535 633 3657 672 eum

2079 696 2169 752 ille
2195 699 2355 754 miser
2374 700 2509 754 bene
2537 715 2781 770 operans,
2809 713 2861 757 et
2888 704 3023 758 mala
3052 705 3291 774 patiens;
3323 709 3663 777 perturbatur

2077 799 2132 845 et
2158 790 2332 846 dicit:
2377 793 2516 847 Deus
2543 835 2557 859 ,
2605 803 2765 863 puto,
2814 796 2936 851 mali
2988 796 3081 850 tibi
3114 798 3342 867 placent,
3390 810 3445 855 et
3491 802 3662 858 bonos

2077 880 2255 948 odisti,
2288 897 2435 938 amas
2464 897 2558 938 eos
2578 884 2665 953 qui
2689 883 2890 940 faciunt
2909 886 3261 956 iniquitatem.
3283 889 3338 946 Si
3360 904 3659 949 commotus

2077 971 2255 1040 fuerit,
2284 984 2337 1029 et
2360 974 2434 1030 illi
2454 976 2761 1046 cogitationi
2787 979 3139 1047 consenserit,
3168 980 3355 1050 perdet
3379 983 3657 1040 sabbatum

2077 1063 2144 1122 de
2170 1066 2334 1146 corde
2367 1086 2380 1122 :
2409 1068 2515 1138 jam
2560 1069 2742 1140 incipit
2765 1070 2832 1125 ad
2860 1072 3165 1141 psalterium
3196 1072 3297 1130 hoc
3341 1091 3445 1131 non
3487 1087 3661 1133 atten-

2077 1157 2235 1223 dere;
2257 1159 2484 1215 deviavit
2506 1160 2648 1226 inde,
2672 1161 2787 1218 sine
2809 1176 2967 1218 causa
2992 1171 3189 1231 cantat,
3212 1163 3412 1220 Bonum
3435 1178 3505 1224 est
3531 1186 3658 1223 con-

2074 1250 2208 1318 fiteri
2236 1249 2476 1319 Domino,
2516 1261 2562 1307 et
2597 1253 2823 1324 psallere
2859 1254 3053 1309 nomini
3090 1263 3206 1321 tuo,
3235 1256 3508 1314 Altissime.
3538 1259 3657 1316 Jam

2076 1340 2281 1411 perdito
2306 1343 2525 1398 sabbato
2550 1345 2618 1401 ab
2647 1345 2897 1400 interiore
2918 1344 3134 1402 homine
3158 1356 3210 1405 et
3234 1350 3454 1405 exclusa
3481 1352 3662 1421 quiete

2075 1432 2273 1499 cordis,
2322 1442 2375 1488 et
2412 1434 2549 1490 bona
2578 1437 2896 1506 cogitatione
2924 1439 3159 1508 repulsa,
3192 1440 3377 1510 incipit
3399 1442 3508 1513 jam
3541 1444 3664 1499 imi-

2076 1521 2174 1575 tari
2206 1522 2351 1577 illum
2380 1539 2538 1595 quem
2568 1525 2711 1581 videt
2738 1526 2791 1581 in
2822 1527 2974 1583 malis
3001 1527 3278 1584 ﬂorentem
3304 1546 3318 1595 ;
3351 1541 3404 1586 et
3432 1548 3658 1589 conver-

2075 1612 2137 1667 tit
2167 1628 2224 1668 se
2259 1623 2313 1669 et
2342 1615 2454 1685 ipse
2479 1615 2543 1671 ad
2573 1614 3013 1674 facienda’mala.
3047 1619 3186 1677 Deus
3232 1632 3407 1677 autem
3452 1626 3662 1695 patiens

2074 1710 2176 1769 est,
2208 1705 2329 1775 quia
2365 1715 2598 1762 arternus
2635 1716 2712 1763 est
2736 1750 2750 1776 ,
2787 1717 2841 1764 et
2884 1711 3032 1765 novit
3056 1711 3198 1767 diem
3220 1712 3404 1783 judicii
3434 1716 3537 1784 sui,
3570 1717 3661 1775 ubi

2074 1796 2250 1850 omnia
2278 1798 2566 1853 examinat.

2144 1887 2200 1941 8.
2245 1886 2400 1960 [vers.
2437 1889 2525 1961 6.]
2576 1889 2688 1946 Hoc
2717 1906 2815 1947 nos
2844 1892 3045 1948 docens
3069 1894 3196 1965 quid
3222 1896 3333 1951 ait?
3363 1896 3527 1964 Quam
3550 1915 3662 1954 nta—

2074 1976 2315 2046 gniﬁcam
2355 1987 2475 2032 sunt
2520 1995 2674 2049 opera
2710 1989 2815 2046 tua,
2871 1981 3126 2037 Domine!
3169 1982 3342 2041 Nimis
3392 1988 3658 2057 profunda

2074 2072 2225 2138 factm
2258 2081 2375 2124 sunt
2427 2071 2748 2142 cogitationes
2802 2081 2921 2127 tum.
2970 2073 3180 2137 Revera
3213 2117 3230 2141 ,
3270 2075 3462 2133 fratres
3505 2080 3655 2146 mei,

2074 2160 2276 2215 nullum
2328 2176 2475 2216 mare
2527 2171 2632 2216 tam
2683 2162 3004 2233 profundum
3064 2173 3148 2220 est
3212 2181 3369 2236 quam
3420 2180 3502 2223 est
3558 2169 3661 2228 ista

2074 2252 2321 2323 cogitatio
2372 2254 2487 2321 Dei,
2531 2264 2589 2309 ut
2632 2255 2755 2310 mali
2796 2255 3059 2324 ﬂoreant,
3109 2266 3164 2313 et
3211 2257 3335 2313 boni
3375 2259 3655 2316 laborent:

2074 2342 2207 2397 nihil
2236 2351 2341 2397 tam
2365 2342 2685 2414 profundum
2705 2385 2722 2411 ,
2776 2345 2906 2400 nihil
2952 2346 3059 2401 tam
3091 2347 3290 2415 altum;
3327 2348 3400 2404 ibi
3432 2350 3653 2405 naufra-

2071 2444 2162 2504 gat
2201 2434 2375 2489 omnis
2423 2434 2689 2503 inﬁdelis,
2722 2437 2775 2490 in
2812 2436 2914 2493 isto
2958 2438 3097 2505 alto,
3147 2438 3199 2494 in
3240 2439 3341 2494 isto
3370 2440 3653 2510 profundo.

2078 2527 2169 2584 Vis
2220 2527 2446 2582 transire
2497 2526 2815 2597 profundum
2863 2528 3001 2585 hoc?
3056 2530 3099 2584 A
3132 2530 3276 2601 ligno
3315 2532 3511 2589 Christi
3546 2535 3654 2591 noli

2073 2621 2307 2686 resilire;
2335 2635 2447 2675 non
2472 2620 2731 2692 mergeris
2772 2639 2787 2675 :
2831 2628 2953 2677 tene
2999 2632 3051 2677 te
3096 2622 3162 2677 ad
3206 2621 3490 2678 Christum.
3518 2624 3652 2692 Quid

2072 2711 2313 2783 estquod
2331 2712 2471 2777 dico,
2497 2721 2686 2772 tenete
2715 2711 2780 2766 ad
2806 2709 3109 2768 Christum?
3136 2712 3259 2768 Ideo
3288 2714 3451 2768 voluit
3473 2715 3583 2784 ipsc
3601 2716 3652 2774 iu

2075 2812 2213 2858 terra
2262 2801 2522 2858 laborare.
2566 2801 2838 2869 Audistis,
2883 2817 3005 2859 cum
3060 2804 3316 2873 propheta
3353 2804 3652 2874 legeretur,

2072 2908 2178 2947 non
2205 2893 2461 2948 avertisse
2504 2908 2624 2947 eum
2668 2893 2911 2963 scapulas
2935 2908 2965 2946 a
2993 2892 3234 2963 ﬂagellis,
3266 2909 3371 2948 non
3399 2895 3652 2951 avertisse

2070 2999 2192 3039 eum
2229 2982 2414 3038 faciem
2448 2997 2478 3037 a
2513 2982 2680 3052 sputis
2710 2982 2998 3049 hominum,
3031 2997 3138 3038 non
3176 2983 3433 3039 avertisse
3460 2980 3652 3038 maxil-

2073 3076 2176 3128 lam
2206 3090 2236 3129 a
2262 3073 2482 3144 psalmis
2509 3088 2697 3128 eorum
2726 3071 2879 3145 (Isai.
2911 3090 2962 3141 ι,
2992 3073 3049 3143 6)
3086 3091 3101 3129 :
3142 3089 3307 3145 quare
3341 3076 3519 3129 omnia
3551 3075 3650 3132 ista

2068 3166 2178 3236 pati
2206 3164 2392 3230 voluit,
2424 3164 2523 3219 nisi
2556 3173 2611 3219 ut
2637 3164 2940 3220 consoletur
2967 3165 3252 3235 patientes?
3278 3164 3345 3219 Et
3365 3175 3569 3234 poterat
3596 3174 3651 3222 et

2069 3256 2183 3325 ipse
2214 3254 2265 3309 in
2298 3244 2403 3309 [ine
2452 3254 2769 3310 resuscitare
2794 3268 3010 3310 carnem
3040 3267 3212 3320 suam;
3241 3244 3333 3309 sed
3354 3263 3406 3308 tu
3428 3256 3517 3324 qui
3545 3270 3649 3311 non

2067 3346 2295 3415 videras,
2320 3362 2427 3402 non
2452 3354 2595 3402 esset
2619 3346 2763 3417 quod
2788 3360 3036 3417 sperares
3064 3363 3079 3400 :
3110 3361 3216 3401 non
3245 3345 3447 3403 distulit
3470 3362 3649 3403 resur~

2068 3439 2360 3494 rectionem
2390 3453 2538 3494 suam
2558 3479 2574 3506 ,
2605 3453 2672 3492 ne
2693 3446 2749 3492 ιιι
2768 3438 2942 3493 adhuc
2967 3437 3271 3494 dubitaresa
3292 3438 3370 3494 Eo
3390 3453 3519 3510 ergo
3545 3442 3648 3498 line

2067 3540 2246 3603 patere
2265 3540 2319 3587 et
2339 3531 2504 3587 tolera
2530 3531 2894 3587 tribulationes
2923 3531 2976 3586 in
3007 3531 3225 3597 mundo,
3246 3547 3404 3602 quem
3427 3533 3444 3565 ¹
3472 3542 3648 3588 atten-

2065 3621 2186 3678 disti
2212 3622 2262 3676 in
2279 3621 2488 3677 Christo
2511 3626 2547 3688 ἴ
2552 3630 2603 3676 et
2629 3636 2736 3676 non
2762 3629 2813 3677 te
2857 3630 3107 3677 moveant
3138 3623 3227 3692 qui
3253 3621 3452 3678 faciunt
3483 3624 3643 3693 mala,

2062 3721 2119 3768 et
2155 3712 2206 3767 in
2241 3711 2345 3767 isto
2372 3713 2568 3768 saeculo
2611 3711 2821 3768 ﬂorent.
2851 3712 3022 3767 Nimis
3052 3715 3321 3785 profunda:
3359 3716 3506 3786 facta
3527 3724 3645 3769 sunt

2064 3803 2386 3873 cogitationes
2410 3802 2526 3856 Dei.
2556 3802 2655 3859 Ubi
2683 3812 2765 3858 est
2799 3805 2819 3835 ³
2843 3803 3094 3874 cogitatio
3126 3804 3261 3859 Dei?
3288 3804 3368 3859 Ad
3409 3819 3645 3874 praesens

2063 3891 2297 3947 habenas
2326 3893 2507 3959 laxat;
2537 3893 2630 3948 sed
2655 3903 2837 3964 postea
2876 3893 3152 3965 astringet.
3179 3895 3296 3950 Noli
3322 3896 3552 3966 gaudere
3576 3896 3642 3952 ad

2060 3983 2257 4053 piscem
2275 3985 2362 4054 qui
2381 3983 2433 4038 in
2451 3998 2571 4039 esca
2587 3999 2680 4038 sua
2694 3984 2949 4051 exsultat;
2968 3984 3200 4040 nondum
3221 3986 3379 4041 traxit
3391 3986 3602 4042 hamum
3615 3985 3634 4018 ³

2062 4075 2294 4143 piscator
2320 4092 2335 4129 :
2365 4090 2487 4129 nam
2509 4077 2620 4145 jam
2662 4075 2750 4131 ille
2779 4075 2992 4131 hamum
3019 4076 3179 4133 habet
3198 4077 3250 4132 in
3282 4078 3541 4135 faucibus.
3577 4080 3642 4134 Et

2058 4165 2200 4236 quod
2226 4166 2320 4221 tibi
2346 4165 2557 4221 videtur
2583 4166 2818 4237 longum,
2850 4165 3018 4222 breve
3045 4176 3129 4222 est
3160 4185 3173 4220 :
3203 4170 3381 4224 omnia
3411 4170 3508 4225 ista
3533 4170 3641 4224 cito

2059 4264 2354 4312 transeunt.
2383 4255 2520 4323 Quid
2555 4266 2638 4312 est
2666 4256 2820 4327 longa
2847 4257 2951 4311 vita
2996 4257 3226 4312 hominis
3263 4258 3330 4312 ad
3371 4260 3639 4314 aeternita-

2058 4357 2162 4402 tem
2193 4347 2326 4402 Dei?
2353 4346 2445 4402 Vis
2468 4360 2587 4402 esse
2608 4346 2958 4419 longanimis?
2986 4346 3120 4402 Vide
3147 4347 3496 4404 teternitatem
3520 4350 3634 4405 Dei.

2054 4437 2187 4492 Nam
2210 4436 2441 4493 attendis
2465 4437 2531 4492 ad
2559 4437 2674 4493 dies
2701 4446 2820 4493 tuos
2845 4452 3061 4508 paucos,
3083 4446 3139 4493 et
3166 4437 3352 4493 diebus
3374 4439 3478 4494 tuis
3500 4455 3635 4511 pau-

2054 4530 2133 4584 cis
2162 4531 2238 4583 vis
2276 4530 2481 4600 impleri
2524 4530 2721 4585 omnia.
2770 4530 3161 4598 Quae'omnia?
3204 4529 3268 4585 Ut
3316 4529 3638 4589 damnentur

2053 4637 2239 4678 omnes
2271 4623 2452 4691 impii,
2476 4631 2531 4678 et
2550 4631 2874 4678 coronentur
2916 4637 3102 4677 omnes
3130 4621 3272 4677 boni.
3292 4621 3421 4678 istis
3444 4622 3636 4680 diebus

2052 4713 2156 4767 tuis
2186 4714 2267 4765 vis
2314 4713 2427 4768 haec
2454 4714 2695 4782 impleri?
2721 4713 2909 4782 Implet
2947 4714 3034 4769 illa
3064 4713 3204 4768 Deus
3248 4722 3483 4783 tempore
3510 4728 3632 4769 suo.

2051 4802 2186 4869 Quid
2217 4810 2271 4857 tu
2298 4804 2508 4859 taedium
2535 4803 2731 4872 pateris
2756 4811 2810 4858 et
2850 4804 2979 4858 iacis
3004 4802 3059 4855 δῖ
3089 4802 3345 4859 Ᾰέιθτηιιε
3374 4812 3491 4866 est;
3525 4811 3634 4857 tar-

2048 4896 2183 4965 dat,
2230 4894 2544 4966 longanimis
2584 4904 2708 4949 est:
2742 4903 2799 4949 tu
2836 4902 3014 4949 autem
3053 4893 3220 4962 dicis,
3251 4893 3372 4949 Ideo
3395 4908 3497 4964 ego
3523 4911 3629 4950 non

2047 5006 2165 5048 sum
2210 4988 2555 5062 longanimis,
2583 4987 2704 5059 quia
2745 4985 3049 5056 temporalis
3079 5000 3216 5040 sum.
3255 4984 3359 5040 Sed
3402 4984 3454 5039 in
3482 4998 3629 5056 pote-

2046 5094 2184 5142 state
2205 5083 2372 5140 habes
2404 5100 2417 5136 :
2444 5083 2607 5152 junge
2647 5094 2741 5136 cor
2767 5088 2923 5135 tuum
2949 5078 3231 5133 aeternitati
3279 5078 3369 5132 Dei
3389 5085 3481 5143 ,ω
3506 5093 3624 5131 cum

2045 5178 2138 5233 illo
2161 5187 2393 5233 mternus
2414 5174 2542 5231 eris.
2563 5172 2700 5242 Quid
2723 5173 2866 5228 enim
2895 5170 3093 5227 dictum
3115 5179 3198 5226 est
3221 5168 3290 5225 de
3318 5171 3630 5238 temporali‘

2103 5524 2125 5555 ³
2158 5522 2379 5584 Pictique
2400 5525 2528 5584 Mss,
2550 5529 2765 5584 manum.
3015 5576 3027 5584 _
3132 5581 3142 5584 _
3269 5572 3293 5584 ,ν
3384 5583 3389 5584 ν
3504 5569 3515 5584 Β

2103 5584 2136 5655 ι,
2159 5572 2326 5633 Plures
2362 5572 2526 5644 probae
2562 5586 2692 5629 notae
2729 5583 2862 5641 uss,
2894 5576 3027 5642 Quod
3059 5581 3220 5627 ciuem
3246 5572 3335 5623 diu
3361 5572 3538 5636 pateris
3578 5573 3626 5620 et

2039 5650 2178 5705 facis.
