4038 6208
353 305 505 358 1177

347 420 500 477 bus?
525 419 702 475 Omnis
727 434 844 470 caro
874 416 1065 485 ﬁrmior,
1091 426 1134 470 ct
1163 414 1321 468 onmis
1347 411 1552 466 ciuritas
1581 410 1747 464 carnis
1771 420 1820 462 ut
1849 408 1947 478 ﬂos

349 515 467 584 feni
496 529 515 566 .'
539 516 708 582 fenum
733 511 898 573 aruit,
927 519 972 562 et
1007 509 1104 576 ﬂos
1133 506 1316 559 decidit
1351 503 1499 575 (Isui.
1535 520 1620 564 XL.
1643 502 1782 570 6-8).
1825 500 1952 555 Om-

346 606 446 660 nia
499 619 622 672 ergo
649 608 896 657 arescunt
925 608 979 653 et
1018 599 1308 662 decidunt;
1361 612 1466 651 non
1511 595 1730 650 verbum
1779 592 1946 669 illud:

357 695 584 749 Verbum
621 694 763 750 enim
809 691 1012 745 Domini
1050 699 1214 742 manet
1243 690 1294 741 in
1313 696 1573 742 aeternum.
1606 685 1816 740 Transit
1866 683 1946 737 fe-

348 804 520 851 num,
546 789 735 841 transit
759 785 972 838 claritas
1000 783 1140 847 feni;
1174 780 1268 836 sed
1308 780 1472 834 habes
1503 794 1608 848 quo
1636 787 1686 832 te
1715 787 1897 831 teneas
1928 793 1942 829 :
1996 770 2008 782 ’

357 879 582 933 Verbum
607 876 813 930 Domini
835 884 999 927 manet
1019 875 1072 926 in
1092 882 1352 926 aztcrnum.
1377 869 1470 924 Dic
1490 882 1619 938 ergo
1641 867 1714 920 illi
1736 884 1746 918 :
1776 865 1944 919 Nimis

344 968 629 1039 profunda:
647 967 798 1036 facta:
821 973 937 1017 sunt
957 962 1280 1032 cogitationes
1310 969 1427 1014 tuae.
1456 957 1691 1012 Tenuisti
1721 956 1939 1025 lignum,

345 1062 551 1116 transis
575 1077 667 1129 per
688 1059 838 1112 istam
863 1054 1295 1125 profunditatem.
1320 1052 1480 1106 Vides
1506 1051 1576 1105 ibi
1596 1048 1832 1119 aliquid?
1861 1048 1939 1103 in;

347 1152 552 1222 telligis
575 1152 642 1204 ibi
670 1147 902 1217 aliquid?
933 1145 1190 1215 intelligo,
1218 1143 1372 1198 dicis.
1402 1142 1455 1196 Si
1490 1142 1591 1194 fam
1620 1139 1940 1195 christianus

341 1259 429 1309 es,
476 1251 528 1295 ct
570 1242 703 1294 bene
723 1237 981 1301 eruditus,
1007 1237 1136 1290 dicis
1161 1253 1174 1288 :
1208 1234 1342 1287 Deus
1364 1232 1563 1302 judicio
1583 1245 1680 1284 suo
1703 1236 1939 1284 reservat

342 1336 549 1390 Omnia.
585 1334 713 1387 Boni
737 1332 1000 1395 laborant,
1025 1329 1145 1398 quia
1178 1327 1508 1397 flagellantur
1536 1333 1592 1378 ut
1641 1323 1734 1377 filii
1763 1340 1777 1376 :
1811 1323 1935 1376 mali

340 1428 643 1491 exsultant,
667 1425 787 1494 quia
815 1423 1134 1477 damnantur
1162 1431 1220 1473 ut
1245 1418 1422 1472 alieni.
1451 1418 1589 1470 Duos
1614 1415 1750 1469 filios
1775 1413 1939 1468 habet

339 1518 532 1581 hmtl't);
564 1518 788 1570 alterum
820 1515 1076 1583 castigat,
1109 1511 1332 1565 alterum
1361 1508 1615 1562 dimittit:
1647 1505 1772 1560 facit
1801 1520 1936 1560 unus

340 1610 508 1673 male,
537 1618 589 1662 et
614 1623 718 1660 non
746 1605 1030 1672 corripitur
1057 1617 1086 1656 a
1114 1609 1298 1671 patre;
1330 1599 1464 1652 alter
1497 1611 1618 1651 mox
1651 1604 1707 1649 ut
1734 1611 1792 1650 se
1824 1611 1936 1648 mo-

339 1703 482 1754 verit
506 1741 520 1762 ,
549 1698 788 1767 colaphis
807 1696 1031 1750 czeditur
1050 1735 1062 1757 ,
1097 1691 1412 1761 flagellatur.
1442 1686 1593 1743 Unde
1640 1687 1727 1740 ille
1751 1685 1934 1740 diruit-

339 1795 493 1853 titur.
527 1793 616 1846 ille
639 1789 879 1852 ceditur,
908 1786 1008 1841 nisi
1037 1785 1159 1854 quia
1183 1783 1304 1836 huic
1332 1795 1472 1836 caeso
1496 1777 1780 1833 haereditas
1817 1792 1935 1831 ser-

335 1897 522 1948 vatur,
563 1884 650 1936 ille
693 1893 868 1935 autem
919 1877 1169 1932 dimissus
1209 1871 1580 1928 eshzeredatus
1627 1868 1748 1924 est?
1781 1867 1933 1922 Videt

280 1987 286 2038 ξ
335 1992 462 2030 eum
499 1989 603 2028 non
616 1971 821 2054 habere
847 1984 994 2038 spem
1015 2008 1027 2030 ,
1056 1975 1108 2021 et
1132 1965 1347 2020 dimittit
1371 1978 1490 2018 eum
1523 1971 1580 2016 ut
1607 1960 1764 2014 faciat
1789 1958 1932 2028 quod

333 2067 474 2121 vult.
505 2052 641 2119 Puer
666 2073 840 2117 autem
865 2061 952 2130 qui
982 2057 1295 2128 flagellatur,
1327 2056 1370 2110 si
1397 2070 1489 2109 cor
1531 2069 1636 2108 non
1664 2052 1928 2118 habuerit,

331 2169 392 2212 et
423 2155 732 2226 imprudens
762 2153 919 2208 fuerit
962 2161 1014 2206 et
1063 2150 1254 2204 stultus
1274 2190 1288 2211 ,
1315 2147 1610 2218 gratulatur
1637 2143 1786 2199 fratri
1831 2158 1930 2198 suo

330 2250 426 2316 qui
457 2263 564 2302 non
589 2246 798 2315 vapulat
822 2260 837 2308 ;
865 2253 916 2297 et
935 2243 1096 2313 gemit
1121 2239 1188 2294 dc
1214 2254 1293 2304 se,
1316 2250 1366 2291 et
1385 2237 1511 2291 dicit
1534 2237 1584 2290 in
1603 2235 1764 2290 corde
1790 2250 1924 2289 suo:

331 2340 508 2393 Tanta
538 2339 674 2391 mala
699 2336 819 2390 facit
841 2334 1004 2388 frater
1031 2345 1199 2397 meus,
1231 2327 1480 2399 quidquid
1512 2329 1622 2380 vult
1651 2325 1774 2381 facit
1797 2341 1929 2381 con-

333 2442 415 2484 tm
455 2439 716 2499 pnccepta
757 2427 918 2497 patris
950 2423 1092 2489 mei,
1129 2431 1182 2475 et
1225 2437 1380 2476 nemo
1420 2419 1494 2473 illi
1539 2418 1658 2472 facit
1705 2417 1926 2472 verbum

330 2523 563 2585 durum;
592 2533 710 2588 ego,
742 2533 863 2572 mox
893 2526 947 2568 ut
968 2531 1051 2569 me
1080 2527 1298 2568 movero
1322 2553 1336 2576 ,
1365 2511 1561 2565 caedor.
1591 2509 1796 2564 Stultus
1821 2517 1923 2575 est,

327 2611 647 2680 imprudens
701 2617 817 2674 est;
845 2605 1072 2661 attendit
1116 2603 1240 2674 quid
1281 2601 1516 2673 patitur,
1549 2615 1657 2656 non
1699 2600 1927 2654 attendit

327 2703 460 2770 quid
488 2702 563 2756 illi
588 2710 848 2755 servatur.

405 2794 460 2848 9.
496 2791 654 2865 [vers.
686 2793 736 2855 7,
763 2790 856 2863 8.]
888 2789 1010 2844 Ideo
1025 2804 1146 2843 cum
1175 2787 1430 2854 dixisset,
1466 2785 1634 2840 Nimis
1656 2785 1927 2857 profundis

328 2891 486 2958 facta?
510 2896 622 2941 sunt
666 2886 988 2957 cogitationes
1026 2881 1405 2950 tuw;subjecit
1445 2881 1622 2934 statim
1655 2920 1670 2945 ,
1708 2877 1794 2932 Vir
1822 2879 1921 2931 int-

326 2981 554 3052 prudens
573 2995 674 3032 non
702 2985 983 3048 cognoscet,
1015 2984 1060 3028 et
1085 2974 1263 3027 stultus
1285 2988 1386 3025 non
1410 2969 1652 3040 intelliget
1681 2985 1757 3022 ea.
1791 2967 1919 3036 Qua:

325 3081 457 3126 Sunt
485 3085 603 3140 qua:
650 3085 755 3122 non
786 3067 1044 3136 intelliget
1089 3064 1280 3118 stultus
1303 3105 1318 3129 ,
1349 3070 1405 3117 et
1435 3077 1553 3132 qua:
1583 3075 1690 3114 nou
1716 3074 1915 3130 cogno-

324 3174 448 3218 scet
495 3159 841 3231 imprudens?
869 3160 996 3214 Cum
1029 3158 1326 3212 exoriuntur
1365 3143 1646 3226 peicatores
1675 3154 1797 3208 sicut
1837 3156 1918 3224 [e-

323 3274 475 3311 num.
512 3255 649 3324 Quid
689 3261 800 3318 est,
827 3253 954 3307 sicut
983 3253 1153 3322 fenum
1175 3251 1200 3303 ?
1222 3247 1404 3302 Vircnt
1427 3262 1547 3301 cum
1582 3245 1752 3300 hiems
1798 3253 1913 3310 est;

322 3348 425 3402 sed
451 3356 692 3402 arescent
713 3353 917 3399 :nstate.
950 3340 1191 3397 Attendis
1223 3339 1406 3394 florem
1437 3338 1561 3392 feni.
1601 3336 1735 3405 Quid
1762 3334 1916 3390 citius

323 3440 562 3495 transit?
589 3438 727 3506 Quid
754 3435 1012 3492 lucidius?
1035 3433 1160 3504 quid
1187 3432 1440 3487 Vll‘ldllh?
1467 3431 1578 3484 Non
1609 3439 1660 3484 te
1688 3429 1916 3485 delectet

321 3533 570 3587 viriditas
611 3530 807 3601 ipsius,
835 3528 929 3584 sed
984 3528 1109 3582 time
1153 3524 1449 3579 ariditatem
1493 3523 1677 3592 ipsius.
1707 3521 1913 3576 Audisti

321 3634 612 3696 peccatores
629 3623 757 3676 sicut
783 3625 974 3691 feriunt,
997 3618 1117 3672 audi
1147 3625 1200 3673 et
1219 3617 1393 3686 jusfos
1422 3633 1434 3668 :
1456 3614 1710 3680 Quoniam
1731 3629 1844 3666 ecce
1870 3614 1908 3669 ⁸.

322 3716 544 3771 Interim
570 3714 745 3769 videte
773 3719 1102 3782 peccatores;
1130 3711 1266 3764 sicut
1289 3707 1468 3762 fenum
1499 3705 1712 3770 florent,
1738 3705 1907 3760 bene:

323 3809 422 3864 sed
451 3807 538 3878 qui
568 3815 691 3861 sunt
717 3805 804 3876 qui
837 3819 943 3858 non
964 3801 1324 3872 cognoscunt?
1345 3799 1502 3855 Stulti
1525 3808 1579 3853 et
1605 3796 1910 3867 impruden-

324 3911 411 3954 tes
461 3897 587 3954 Cum
616 3898 913 3952 exoriuntur
941 3903 1224 3965 peccatores
1259 3893 1384 3946 sicut
1408 3894 1599 3962 fenum,
1627 3897 1674 3942 et
1699 3904 1910 3959 prospe-

322 3995 493 4049 a"erint
523 4008 694 4047 omnes
733 3993 818 4061 qui
848 3997 1123 4057 operantur
1145 3987 1480 4057 iniquitatem.
1518 3983 1714 4038 Omnes
1741 3982 1830 4051 qui
1858 3981 1908 4034 in

324 4086 491 4138 corde
519 4099 616 4138 suo
660 4098 763 4137 non
793 4089 937 4135 recta
982 4079 1222 4134 sentiunt
1249 4075 1316 4130 de
1358 4076 1496 4140 Deo,
1524 4081 1911 4146 prospexerunt

221 4195 242 4207 ο
322 4183 635 4246 peccatores
661 4172 961 4226 exorientes
989 4169 1125 4224 sicut
1144 4170 1338 4232 fenum,
1365 4167 1414 4220 id
1440 4175 1541 4231 est,
1571 4165 1824 4220 ﬂorentes
1843 4163 1910 4218 ad

282 4329 284 4332 ι
324 4278 560 4335 tempus.
590 4265 763 4333 Quare
790 4263 910 4316 illos
945 4259 1307 4332 prospiciunt?
1347 4257 1412 4312 Ut
1442 4257 1686 4311 intereant
1730 4257 1781 4310 in
1810 4272 1908 4311 sa:—

324 4357 499 4411 culum
519 4355 707 4410 siccati.
734 4352 1026 4408 Attendunt
1053 4351 1192 4406 enim
1227 4351 1409 4404 florem
1442 4349 1674 4418 ipsorum
1709 4355 1915 4416 tempo-

324 4451 520 4515 ralem,
548 4449 818 4503 imitantur
847 4446 983 4511 illos,
1017 4453 1071 4499 et
1094 4443 1331 4498 volentes
1355 4458 1475 4496 cum
1500 4442 1601 4496 illis
1628 4440 1818 4496 florere
1844 4440 1910 4495 ad

326 4552 571 4610 tempus,
596 4541 863 4594 intereunt
904 4539 956 4591 in
984 4546 1241 4592 azternum
1275 4552 1288 4588 :
1317 4534 1415 4589 hoc
1441 4543 1542 4601 est,
1574 4533 1640 4588 Ut
1665 4535 1911 4588 intereant

323 4637 382 4689 in
414 4634 651 4688 swcuium
683 4631 878 4685 surculi.
1577 4617 1586 4626 ’

405 4725 489 4780 lt).
515 4723 680 4797 [oet-3.
713 4725 746 4779 9
771 4765 785 4788 ,
811 4723 898 4778 10.
921 4721 940 4794 ]
969 4720 1047 4775 Tu
1068 4731 1231 4775 autem
1257 4721 1545 4774 Altissimus
1589 4719 1642 4772 in
1668 4727 1911 4773 internum

323 4835 417 4882 es,
466 4816 700 4871 Domine.
747 4816 1042 4884 Expectans
1091 4814 1319 4881 desuper
1365 4828 1428 4868 ex
1480 4811 1775 4866 aeternitate
1825 4821 1912 4865 tua

323 4908 541 4979 quando
570 4914 806 4962 transeat
832 4915 1035 4974 tempus
1061 4905 1392 4974 iniquorum,
1425 4912 1479 4957 et
1505 4903 1678 4958 veniat
1704 4912 1912 4971 tempus

319 5002 615 5072 iustorum.
671 4998 924 5064 Quoniam
973 5013 1100 5051 ecce.
1135 4995 1428 5059 lntcndite,
1460 4995 1668 5048 fratres.
1717 4994 1834 5049 Jam
1859 5001 1915 5049 et

323 5094 447 5163 ipse
475 5091 565 5162 qui
593 5091 825 5161 loquitur
851 5091 872 5122 ³
903 5089 1166 5160 (loquitur
1195 5087 1334 5142 enim
1362 5103 1425 5141 ex
1453 5101 1678 5156 persona
1709 5096 1909 5151 nostra,

325 5184 566 5254 loquitur
608 5199 675 5238 ex
698 5196 926 5252 persona
964 5180 1204 5249 corporis
1231 5177 1424 5233 Christi
1454 5194 1467 5230 :
1499 5176 1745 5231 Christus
1769 5178 1911 5232 enim

323 5275 566 5344 loquitur
587 5274 637 5328 in
665 5287 889 5342 corpore
913 5285 1032 5336 suo,
1063 5269 1114 5324 id
1137 5276 1239 5330 est,
1273 5269 1324 5322 in
1352 5267 1586 5322 Ecclesia
1617 5267 1771 5337 sua),
1799 5266 1912 5337 jam

316 5364 507 5436 juuxit
530 5379 589 5420 se
635 5362 916 5419 aeternitati
945 5361 1037 5415 Dei
1071 5377 1084 5413 :
1116 5359 1252 5415 sicut
1293 5359 1443 5414 vobis
1480 5358 1639 5428 paulo
1663 5369 1786 5414 ante
1831 5357 1913 5413 di-

319 5457 518 5514 cebam
542 5497 557 5522 ,
579 5455 896 5527 longanimis
936 5461 1020 5509 est
1067 5453 1205 5508 Deus
1229 5460 1283 5508 et
1329 5452 1567 5522 patiens,
1599 5452 1777 5506 omnia
1812 5452 1913 5506 ista

393 5631 411 5662 ι
451 5627 580 5692 Apud
601 5633 674 5678 Er.
691 5637 812 5678 ven.
827 5635 878 5676 et
896 5633 1024 5692 Ipv.,
1039 5625 1276 5686 Quomodo
1292 5623 1315 5692 ξ
1333 5633 1451 5692 Ecce
1466 5624 1674 5692 interim,
1692 5633 1786 5692 etc.
1853 5634 1906 5674 Μ.

391 5694 413 5723 ³
446 5686 522 5742 sic
539 5698 645 5740 uss.
672 5697 852 5752 praeter
888 5686 1096 5752 alterum
1138 5700 1168 5735 ε
1207 5688 1344 5752 Cori).
1368 5688 1451 5752 qui
1476 5688 1641 5748 habet,
1673 5695 1718 5738 ct
1753 5688 1911 5752 ipsum

320 5753 429 5819 qui.
455 5761 513 5806 At
530 5747 733 5813 Edd.,'et
752 5749 857 5816 ipse
880 5748 1118 5813 loquitur;
1141 5749 1331 5810 omisso,
1356 5747 1458 5810 qui.

1467 291 1861 347 EN.\ER.\TIO
1900 291 1964 347 ΙΝ
2006 293 2327 354 PSALMUM
2369 302 2501 358 XCI.

3509 325 3645 381 M73

2064 426 2181 480 qua-
2221 414 2364 468 videt
2417 418 2552 492 mala
2596 434 2624 472 a
2673 423 2825 479 malis
2869 423 2986 482 fieri
3021 428 3229 486 tolerat.
3266 433 3478 499 Quare?
3507 437 3644 503 Quia

2055 514 2288 558 aeternus
2309 517 2392 560 cst
2415 550 2430 572 ,
2459 519 2512 564 et
2535 511 2674 566 videt
2701 515 2825 580 quid
2857 516 2963 570 illis
3000 530 3196 576 servet.
3224 522 3314 578 Vis
3353 535 3404 578 et
3434 534 3488 580 ttt
3519 544 3641 582 esse

2054 594 2372 666 10nganitnis
2410 609 2463 653 et
2491 603 2730 669 patiens?
2757 605 2927 677 longe
2963 618 3013 664 te
3040 613 3322 668 :cternitati
3354 616 3481 681 Dei;
3514 635 3636 672 cum

2052 685 2146 740 illo
2170 701 2418 758 exSpecta
2449 691 2534 745 illa
2561 709 2680 762 qua:
2708 695 2841 751 infra
2868 707 2919 752 te
2944 710 3068 754 sunt
3091 719 3103 754 :
3135 718 3254 757 cum
3282 706 3421 759 enim
3451 708 3627 760 adita:-

2051 781 2180 834 serit
2211 797 2304 835 cor
2331 791 2476 836 tuum
2510 786 2811 850 Altissitno,
2845 789 2980 844 infra
3027 801 3078 846 te
3103 805 3258 849 erunt
3288 799 3465 852 omnia
3493 816 3634 852 mor-

2051 872 2206 936 talia;
2236 882 2286 926 et
2314 874 2400 928 die
2438 876 2577 944 quod
2623 880 2880 948 sequitur,
2916 882 3163 946 Quoniam
3193 904 3302 941 ecce
3344 889 3533 943 inimici
3561 894 3634 945 tui

2047 966 2302 1036 peribunt.
2322 968 2420 1035 Qui
2451 970 2610 1025 modo
2625 971 2837 1039 florent,
2871 986 3050 1043 postea
3081 980 3362 1046 peribunt:
3376 984 3474 1050 Qui
3507 997 3632 1038 sunt

2047 1057 2244 1112 inimici
2269 1060 2396 1113 Dei?
2419 1061 2654 1129 Fratres,
2685 1064 2818 1120 forte
2845 1066 2964 1121 illos
2994 1069 3136 1122 solos
3162 1076 3356 1139 putatis
3385 1075 3629 1130 inimiCos

2046 1147 2140 1202 Dei
2167 1149 2254 1218 qui
2284 1150 2677 1220 blasljihemant?
2702 1154 2836 1208 Sunt
2863 1157 3074 1224 quidem
3105 1169 3155 1213 et
3183 1161 3277 1228 ipsi
3304 1202 3318 1226 ,
3349 1171 3400 1215 et
3420 1173 3630 1218 atroces

2044 1237 2127 1290 isti
2168 1240 2255 1307 qui
2309 1256 2407 1294 nec
2435 1242 2608 1311 lingua
2639 1259 2737 1299 nec
2781 1247 3189 1315 cogitationibus
3225 1252 3378 1305 malis
3407 1267 3632 1322 parcunt.

2043 1328 2250 1396 injuriis
2274 1331 2384 1386 Dei.
2416 1333 2482 1386 Et
2510 1334 2633 1402 quid
2661 1335 2851 1390 faciunt
2891 1338 3000 1390 Deo
3022 1341 3235 1393 excelso
3255 1384 3268 1403 ,
3301 1351 3500 1397 :t'lt'l‘ttt)
3522 1346 3543 1396 ?
3567 1345 3626 1400 Si

2042 1438 2219 1491 pugno
2247 1423 2298 1477 in
2327 1427 2627 1480 eolutnnam
2657 1428 2836 1491 ferias,
2872 1438 2924 1483 tu
2954 1431 3163 1487 hederis
3189 1453 3200 1485 :
3228 1445 3278 1486 et
3313 1445 3462 1501 putas
3502 1439 3624 1505 quia

2041 1511 2368 1583 blasphemia
2420 1517 2582 1571 Deum
2640 1521 2942 1587 percutiens
2989 1538 3094 1576 nou
3139 1533 3190 1576 tu
3237 1524 3624 1594 disrumperis?

2039 1621 2162 1659 nam
2203 1607 2329 1661 nihil
2363 1607 2490 1662 facis
2522 1610 2646 1664 Deo.
2690 1612 2792 1664 Sed
2825 1613 3019 1668 inimici
3051 1615 3138 1668 Dei
3167 1630 3350 1684 aperte
3381 1618 3627 1688 blasphe-

2038 1705 2272 1752 matores
2292 1708 2431 1762 sunt,
2459 1710 2510 1754 et
2529 1702 2762 1770 quotidie
2792 1704 2982 1758 occulti
3029 1706 3384 1762 inveniuntur.
3427 1710 3623 1764 Caveto

2038 1789 2170 1843 tales
2216 1790 2513 1846 inimicitias
2557 1793 2669 1847 Dei.
2701 1793 2964 1858 Quosdam
2993 1796 3134 1851 enim
3173 1799 3408 1853 occultos
3450 1801 3624 1854 inimi-

2035 1892 2128 1933 eos
2158 1879 2252 1933 Dei
2271 1880 2540 1949 Scriptura
2574 1885 2774 1951 aperit;
2801 1888 2995 1954 utquia
3026 1902 3128 1939 non
3153 1887 3268 1942 illos
3295 1898 3446 1957 potes
3465 1905 3624 1945 nosse

2034 1969 2198 2025 corde
2240 1981 2328 2024 tuo
2353 2013 2369 2038 ,
2397 1975 2609 2026 nowris
2640 1974 2756 2027 illos
2800 1975 2850 2028 in
2882 1974 3150 2046 Seriptura
3183 1979 3273 2033 Dei
3301 2019 3314 2042 ,
3342 1989 3396 2033 et
3429 1995 3623 2036 caveas

2033 2060 2257 2117 inveniri
2299 2079 2419 2118 cum
2475 2066 2597 2119 illis.
2630 2069 2828 2136 Aperte
2875 2067 3000 2123 dicit
3028 2069 3254 2124 Jacobus
3298 2071 3349 2124 in
3385 2071 3618 2141 Epistula
3707 2063 3716 2068 ’

2034 2166 2130 2206 sua
2164 2171 2176 2206 :
2207 2152 2427 2224 Nescitis
2454 2158 2574 2226 quia
2612 2158 2803 2211 amicas
2847 2159 2999 2228 hujus
3032 2162 3232 2226 mundi,
3265 2163 3496 2217 inimicus
3522 2162 3620 2216 Dei

2031 2243 2348 2297 constituitur
2377 2245 2577 2313 (Jacobi
2602 2264 2650 2301 tv
2671 2289 2685 2312 ,
2715 2248 2768 2319 4)
2789 2248 2811 2300 ?
2836 2250 3063 2305 Audisti.
3099 2251 3214 2305 Non
3242 2253 3318 2305 vis
3354 2268 3474 2308 esse
3519 2254 3621 2307 ini-

2034 2334 2202 2388 micus
2233 2336 2364 2389 Dei?
2393 2336 2510 2390 Noli
2537 2353 2657 2393 esse
2705 2340 2906 2394 amicus
2949 2341 3107 2411 hujus
3155 2342 3335 2396 mundi
3370 2361 3384 2398 :
3422 2360 3543 2398 nam
3569 2347 3624 2399 si

2031 2427 2233 2480 amicus
2277 2427 2436 2482 fueris
2463 2427 2618 2498 hujus
2647 2431 2863 2495 mundi,
2898 2432 3140 2487 inimicus
3176 2435 3282 2488 eris
3310 2435 3437 2489 Deo.
3465 2436 3614 2502 Quo-

2027 2519 2188 2575 modo
2215 2521 2354 2575 enim
2384 2536 2486 2574 non
2514 2531 2689 2591 potest
2718 2523 2828 2578 fieri
2867 2524 3103 2579 adultera
3135 2527 3326 2595 coniux
3347 2569 3362 2594 ,
3388 2529 3486 2582 nisi
3515 2529 3616 2582 ini-

2029 2613 2165 2665 mica
2196 2611 2265 2665 sit
2307 2612 2422 2665 viro
2446 2627 2583 2666 suo:
2623 2613 2698 2667 sic
2725 2613 2900 2667 anima
2945 2615 3182 2670 adultera
3221 2631 3402 2672 amore
3434 2634 3611 2672 rerum

2028 2701 2383 2768 smcularium,
2410 2718 2511 2756 non
2543 2712 2716 2771 potest
2739 2704 2839 2757 nisi
2871 2703 3082 2759 inimica
3110 2721 3226 2759 esse
3258 2707 3386 2760 Deo.
3415 2707 3617 2774 Timet,

2026 2790 2119 2846 sed
2152 2806 2256 2844 non
2287 2801 2430 2846 amat
2459 2811 2470 2844 :
2498 2808 2708 2862 poenam
2733 2785 2900 2857 timet,
2932 2811 3036 2848 non
3058 2795 3261 2865 justitia
3294 2798 3608 2853 delectatur.

2027 2880 2169 2951 Ergo
2200 2882 2398 2936 inimici
2424 2883 2513 2937 Dei
2543 2899 2731 2938 omnes
2768 2898 3033 2940 amatores
3062 2887 3246 2942 tnuudi
3272 2930 3286 2952 ,
3319 2904 3506 2944 omnes
3532 2892 3612 2944 in-

2024 2971 2308 3042 quisitores
2333 2988 2610 3043 nugarum,
2638 2989 2830 3028 omnes
2854 2977 3188 3032 consultores
3213 2980 3614 3050 sortilegorum,

2021 3061 2515 3118 mathematicorum
2541 3105 2556 3129 ,
2588 3064 2898 3134 pythonum.
2929 3065 3133 3123 lntrent
3159 3069 3174 3099 ¹
3199 3069 3473 3137 ecclesias,
3503 3087 3608 3126 non

2021 3142 2220 3208 intrent
2245 3155 2519 3220 ecclesias;
2551 3154 2749 3210 inimici
2780 3157 2870 3210 Dei
2890 3167 3034 3211 sunt.
3054 3157 3133 3212 Ad
3159 3167 3363 3228 tempus
3386 3173 3608 3229 possunt

2020 3244 2212 3300 florere
2240 3247 2377 3301 sicut
2404 3247 2613 3313 fenum;
2653 3247 2900 3317 peribunt
2929 3257 3104 3303 autem
3130 3289 3144 3314 ,
3169 3264 3292 3304 cum
3319 3251 3408 3305 ille
3438 3252 3605 3321 inspi-

2020 3352 2143 3392 cere
2194 3338 2443 3408 cmperit,
2469 3347 2522 3394 et
2545 3339 2802 3408 judicium
2845 3355 2997 3395 suum
3037 3341 3087 3394 in
3137 3356 3350 3410 omnem
3387 3355 3602 3398 carnem

2018 3427 2316 3484 adduxerit.
2345 3429 2516 3500 Junge
2561 3439 2615 3484 te
2645 3431 2931 3500 Scriptura:
2962 3429 3056 3485 Dei
3077 3472 3093 3499 ,
3127 3441 3180 3486 ct
3208 3431 3293 3486 dic
3324 3432 3451 3486 illud
3481 3449 3604 3488 cmn

2017 3519 2122 3574 isto
2161 3521 2362 3589 psalmo
2393 3539 2405 3574 :
2443 3521 2694 3588 Quoniam
2735 3538 2847 3575 ecce
2884 3522 3076 3575 inimici
3100 3525 3173 3576 tui
3210 3524 3459 3593 peribunt.
3486 3525 3603 3580 NOu

2017 3610 2086 3664 ibi
2138 3611 2454 3674 iuveniaris,
2501 3612 2586 3666 ubi
2616 3613 2882 3682 peribunt.
2923 3613 2992 3668 Et
3033 3614 3383 3685 dispergentur
3431 3633 3602 3670 omnes

2014 3703 2100 3772 qui
2129 3713 2402 3772 aperantur
2427 3703 2757 3772 iniquitatem.

2088 3794 2174 3848 11.
2197 3792 2347 3865 [vers.
2376 3793 2484 3866 ll.]
2505 3794 2642 3862 Quid
2672 3803 2723 3848 tu
2750 3795 2839 3864 qui
2870 3795 3080 3850 laboras
3112 3796 3303 3859 modo,
3327 3797 3371 3849 si
3399 3797 3599 3851 inimici
3687 3805 3694 3813 '

2015 3884 2108 3938 Dei
2142 3885 2406 3954 peribunt,
2455 3896 2508 3942 et
2536 3886 2907 3956 dispergentur
2946 3902 3133 3942 omnes
3187 3889 3272 3955 qui
3313 3899 3601 3958 operantur

2016 3976 2390 4046 iniquitatem?
2417 3985 2469 4031 tu
2501 3977 2587 4046 qui
2616 3977 2752 4030 inter
2793 3979 2892 4031 ista
2919 3978 3199 4044 scandala,
3234 3980 3373 4034 inter
3401 3980 3598 4050 iniqui-

2016 4077 2148 4123 tates
2170 4067 2427 4123 humanas
2447 4069 2635 4138 gemis,
2663 4070 2750 4136 qui
2775 4069 3038 4124 tribularis
3064 4071 3114 4124 in
3134 4087 3315 4136 carne,
3347 4072 3439 4126 sed
3465 4088 3596 4142 gau-

2013 4160 2108 4215 des
2132 4161 2183 4214 iu
2205 4159 2388 4226 corde,
2411 4159 2537 4229 quid
2560 4169 2611 4212 tu
2630 4159 2652 4211 ?
2672 4175 2788 4228 qua:
2822 4161 2913 4214 tibi
2937 4176 3079 4230 spes,
3107 4177 3137 4214 ο
3153 4177 3344 4231 corpus
3365 4163 3598 4216 Christi?

2013 4251 2057 4308 Ο
2079 4253 2304 4315 Christe,
2329 4253 2416 4320 qui
2445 4252 2496 4304 in
2521 4251 2672 4306 caalis
2694 4252 2847 4308 sedes
2875 4252 2940 4306 ad
2960 4253 3234 4307 dexteram
3269 4253 3456 4315 Patris.
3502 4256 3599 4309 sed

2007 4342 2236 4413 pedibus
2263 4343 2364 4396 tuis
2386 4352 2439 4396 et
2463 4341 2714 4396 membris
2744 4342 2846 4397 tuis
2871 4343 3146 4398 laborasiu
3176 4353 3330 4408 terra,
3361 4353 3414 4399 et
3441 4346 3598 4412 dicis,

2016 4436 2195 4499 Sanle,
2221 4433 2397 4500 Saule,
2419 4434 2538 4503 quid
2555 4450 2632 4486 me
2660 4435 2964 4504 persequeris
2991 4434 3124 4504 (Act.
3152 4450 3230 4498 Ix,
3248 4435 3332 4505 4)?
3362 4447 3413 4489 tu
3439 4452 3600 4506 quam

2014 4541 2162 4595 spem
2195 4525 2413 4580 habebis
2438 4566 2453 4590 ,
2485 4525 2529 4579 si
2561 4525 2758 4579 inimici
2791 4526 2880 4580 Dei
2910 4526 3176 4596 peribunt,
3205 4537 3258 4582 et
3287 4527 3600 4598 dispergen-

2009 4629 2100 4672 tur
2125 4633 2310 4672 omnes
2342 4619 2430 4687 qui
2462 4629 2747 4686 operantur
2776 4618 3149 4688 iniquitatem?
3177 4619 3302 4690 quid
3334 4620 3423 4674 tibi
3452 4621 3552 4675 erit
3573 4621 3599 4674 τ

2014 4711 2082 4764 Et
2108 4712 2412 4766 exaltubitur
2441 4713 2567 4766 sicut
2611 4713 2868 4766 unicornis
2895 4728 3054 4767 cornu
3097 4729 3282 4766 meum.
3319 4715 3493 4780 Quare
3517 4715 3600 4770 di-

2014 4803 2122 4866 xit,
2151 4802 2278 4857 sicut
2307 4802 2560 4856 unicornis
2574 4803 2599 4855 ?
2619 4801 2912 4871 Aliquando
2933 4802 3201 4858 unicornis
3229 4804 3490 4874 significat
3510 4821 3600 4860 suo

2016 4894 2276 4964 perbiam,
2299 4893 2580 4965 aliquando
2603 4895 2872 4947 unicornis
2892 4894 3266 4971 exaltationem
3292 4897 3506 4949 unitatis
3523 4895 3598 4949 si-

2013 4987 2228 5057 gnificat
2248 5005 2260 5042 :
2279 4986 2400 5057 quia
2415 4986 2588 5040 unitas
2598 4985 2878 5050 exaltatur,
2894 5001 3080 5042 omnes
3099 4986 3330 5042 haereses
3355 5002 3474 5042 cum
3499 4987 3598 5040 ini-

2017 5077 2168 5131 micis
2197 5077 2286 5130 Dei
2311 5076 2576 5145 peribunt.
2604 5074 2667 5128 Et
2688 5075 2988 5130 exaltabitur
3007 5078 3134 5130 sicut
3160 5077 3414 5130 unicornis
3439 5092 3596 5130 cornu

2017 5183 2199 5220 meum.
2232 5165 2300 5220 Et
2328 5166 2538 5236 quando
2559 5165 2695 5220 erit?
2724 5165 3043 5221 Et-senectus
3069 5182 3179 5221 mea
3223 5168 3278 5220 in
3310 5166 3593 5220 miscricor-

2016 5260 2102 5312 dia
2128 5257 2322 5328 pingui.
2354 5256 2492 5325 Quid
2521 5257 2680 5324 dixit,
2712 5268 2937 5312 senectus
2962 5258 3113 5311 mea?
3132 5256 3425 5311 Novissima
3456 5272 3592 5310 mea.

2015 5349 2291 5418 Quomodo
2315 5349 2368 5403 in
2398 5349 2642 5404 :etatibus
2663 5350 2859 5404 nostris
2884 5349 3166 5404 novissima
3205 5356 3448 5402 senectus
3475 5356 3552 5401 cst
3577 5363 3593 5411 ;

2017 5444 2094 5498 sic
2123 5451 2291 5496 totum
2337 5441 2438 5497 hoc
2465 5440 2608 5510 quod
2650 5427 2810 5497 modo
2853 5441 3053 5512 patitur
3078 5456 3271 5514 corpus
3313 5441 3510 5501 Christi
3539 5443 3594 5499 in

1979 5589 1990 5595 κ
2015 5538 2320 5605 laboribus,
2346 5539 2397 5592 in
2424 5537 2707 5602 arumnis,
2750 5537 2802 5591 in
2831 5535 3056 5606 vigiliis,
3087 5536 3141 5591 in
3166 5535 3306 5592 fama
3326 5578 3341 5605 ,
3389 5538 3441 5592 iu
3467 5538 3593 5607 siti,

2017 5631 2067 5686 in
2115 5629 2380 5685 scandalis
2403 5671 2418 5698 ,
2450 5629 2502 5684 in
2532 5628 2914 5699 iniquitatibus,
2947 5633 2999 5683 in
3041 5627 3324 5700 pressur'u,
3346 5630 3595 5701 juventus

2084 5755 2099 5782 ι
2133 5751 2203 5798 sic
2227 5758 2314 5796 λιιι.
2351 5754 2422 5796 Er.
2446 5755 2496 5796 et
2521 5745 2741 5809 [uterique
2768 5751 2874 5798 ω.
2897 5751 2951 5796 At
2967 5752 3101 5806 Lov.,
3119 5752 3316 5798 nutant.
