4024 6210
447 305 588 363 Ηῖθ

443 418 613 488 ipsius
635 423 720 472 est
748 432 762 471 :
793 422 1042 472 senectus
1083 410 1282 481 ipsius,
1315 406 1473 463 id-est
1497 449 1511 473 ,
1548 406 1837 463 novissima
1867 405 2031 475 ipsius

445 509 502 564 in
523 509 705 565 latitia
732 514 906 564 erunt.
938 505 1006 559 Et
1032 501 1270 558 intendat
1297 498 1540 556 Charitas
1566 507 1739 554 vostra
1762 539 1777 565 ,
1801 498 1922 567 quia
1945 497 2034 551 di-

444 602 524 657 xit
565 608 914 660 senectutem,
945 611 1012 650 ne
1059 594 1254 664 putetis
1281 604 1339 648 et
1378 600 1603 647 mortem
1638 608 1652 645 :
1687 590 1847 643 homo
1889 589 2032 643 enim

450 696 506 750 in
545 708 706 749 carne
748 691 864 745 ideo
891 691 1157 750 senescit,
1191 694 1244 739 ut
1288 683 1567 740 moriatur.
1594 682 1823 738 Senecta
1853 680 2036 761 Eccle-

449 786 543 839 size
569 781 794 838 candida
817 778 918 833 erit
941 787 1085 832 recte
1112 776 1266 833 factis
1289 817 1304 841 ,
1358 783 1532 830 morte
1555 782 1732 827 autem
1763 787 1866 827 non
1914 786 2035 827 cor-

452 883 739 943 rumpatur.
787 870 945 938 Quod
992 879 1075 925 est
1116 879 1276 939 caput
1312 868 1494 934 senis,
1523 866 1626 922 hoc
1670 874 1827 921 emat
1872 880 2035 936 Opera

450 976 648 1020 nostra.
679 962 878 1019 Videtis
903 962 1355 1033 quemadmodum
1383 968 1633 1017 canescat
1654 968 1812 1029 caput
1832 999 1847 1025 ,
1868 969 1921 1013 et
1949 959 2034 1014 in-

447 1058 701 1121 albescat,
725 1063 1212 1125 quantumcumque
1238 1062 1485 1107 senectus
1510 1051 1737 1106 accedit.
1768 1050 1869 1117 Qui
1896 1048 2036 1104 bene

446 1147 679 1202 senescit
706 1146 894 1202 ordine
931 1161 1060 1212 suo,
1088 1140 1283 1215 quzeris
1319 1144 1392 1199 illi
1437 1141 1723 1213 aliquando
1767 1143 1817 1196 in
1860 1141 2036 1210 capite

446 1240 695 1309 capillum
721 1239 954 1308 nigrum,
983 1248 1039 1293 et
1065 1253 1169 1292 non
1198 1235 1403 1291 iuvenis
1432 1253 1447 1290 :
1479 1236 1556 1290 sic
1593 1250 1714 1289 cum
1746 1234 1905 1288 fuerit
1929 1233 2061 1286 vita-

448 1342 629 1386 nostra
658 1332 777 1385 talis
802 1373 815 1396 ,
848 1340 905 1385 ut
945 1340 1212 1401 qua-ratur
1258 1329 1523 1399 nigritudo
1564 1336 1936 1397 peceatorum,
1982 1334 2036 1380 et

446 1438 554 1478 non
588 1425 903 1487 inveniatur;
930 1432 1141 1477 senecta
1169 1422 1266 1476 ista
1289 1421 1541 1489 juvenilis
1569 1429 1673 1486 est,
1696 1429 1909 1475 senecta
1934 1419 2034 1473 ista

449 1513 638 1567 viridis
667 1523 770 1579 est,
792 1527 1005 1583 semper
1030 1510 1241 1567 virebit.
1269 1511 1506 1565 Audistis
1544 1510 1612 1566 de
1649 1511 1769 1565 leno
1790 1518 2036 1579 peccato-

450 1620 592 1669 rum,
620 1605 798 1659 audite
818 1605 886 1659 de
906 1614 1118 1659 sencCIa
1142 1603 1403 1673 jnstorum
1432 1620 1446 1657 :
1472 1601 1714 1658 Senectus
1736 1603 1789 1657 in
1814 1618 1926 1656 mea
1940 1600 2036 1655 nti-

448 1696 724 1750 scricordia
752 1696 945 1767 pingui.

526 1788 615 1843 19..
658 1786 808 1860 [vers.
840 1786 954 1860 ii]
993 1787 1060 1841 Et
1090 1788 1306 1858 respexit
1350 1787 1524 1842 oculus
1554 1802 1694 1841 meus
1732 1786 1786 1839 in
1819 1784 2036 1840 inimicis

456 1880 580 1934 uicis
606 1880 646 1934 ί.
673 1879 820 1947 Quos
840 1873 968 1933 dicit
998 1880 1240 1933 inimicos
1276 1877 1437 1933 suos?
1460 1877 1659 1932 Omnes
1684 1875 1773 1947 qui
1802 1889 2037 1944 aperan-

451 1979 539 2024 tur
567 1969 921 2040 iniquitatem.
955 1969 1065 2025 Noli
1103 1968 1380 2024 attendere
1422 1968 1540 2039 quia
1571 1968 1773 2022 amicus
1804 1975 1927 2021 tuus
1954 1974 2038 2021 est

450 2061 663 2131 iniquus
692 2063 753 2115 ἐ
802 2062 1034 2115 incurrat
1074 2060 1344 2130 negotium
1371 2102 1387 2125 ,
1429 2068 1484 2114 et
1515 2059 1583 2113 ibi
1627 2058 1775 2113 illum
1816 2057 2033 2127 probas.

454 2151 647 2221 Incipis
674 2153 857 2208 venire
876 2162 1059 2206 contra
1084 2152 1413 2221 iniquitatem
1440 2150 1625 2221 ipsius,
1647 2158 1699 2205 et
1724 2149 1794 2205 ibi
1812 2148 2032 2212 videbis,

449 2245 573 2315 quia
625 2244 838 2314 quando
879 2244 971 2298 tibi
1017 2244 1423 2305 blandiebatur,
1471 2244 1718 2298 inimicus
1763 2252 1913 2308 erat;
1941 2242 2035 2298 sed

448 2334 686 2415 nondum
731 2336 1065 2404 pulsaveras,
1100 2352 1205 2389 non
1252 2344 1309 2391 ut
1370 2334 1736 2391 institueretur
1783 2334 1837 2388 in
1876 2334 2038 2390 corde

448 2427 588 2497 quod
618 2444 721 2481 non
751 2437 885 2495 erat,
916 2427 1007 2483 sed
1042 2438 1096 2481 ut
1118 2436 1422 2497 erumperet
1449 2426 1589 2497 quod
1613 2435 1745 2481 erat.
1782 2425 1846 2479 Et
1870 2442 2040 2496 respe-

447 2518 525 2572 xit
552 2516 727 2570 oculus
758 2534 897 2572 meus
925 2519 977 2571 in
997 2518 1212 2572 inimicis
1239 2519 1395 2584 meis;
1420 2528 1467 2571 et
1497 2518 1549 2571 in
1575 2517 1647 2571 eis
1664 2517 1748 2587 qui
1774 2517 2039 2587 insurgunt

448 2609 501 2661 in
524 2624 603 2661 me
626 2608 1032 2677 malignantibus,
1064 2608 1233 2661 audiet
1261 2609 1400 2661 auris
1427 2624 1557 2661 mea.
1575 2607 1838 2675 Quando?
1864 2606 1919 2661 In
1947 2621 2038 2661 se-

452 2711 628 2756 necta.
677 2700 812 2767 Quid
842 2711 957 2766 est,
992 2700 1046 2755 in
1076 2700 1328 2756 senecta?
1353 2700 1409 2755 ln
1444 2700 1755 2755 novissimo.
1800 2699 1868 2753 Et
1912 2686 2039 2768 quid

454 2794 633 2848 audiet
660 2793 806 2847 auris
835 2793 1053 2848 nostra?
1083 2793 1297 2849 Stantes
1339 2791 1404 2847 ad
1453 2791 1729 2847 dexteram
1759 2790 2039 2846 audiemus

453 2886 595 2955 quod
620 2886 828 2941 dicetur
852 2887 930 2942 eis
974 2885 1063 2956 qui
1095 2894 1219 2940 sunt
1247 2884 1311 2939 ad
1340 2884 1609 2941 sinistram
1640 2900 1653 2936 :
1684 2882 1767 2939 Ite
1795 2883 1848 2937 in
1874 2883 2040 2952 ignem

454 2988 719 3045 uernum,
745 2978 831 3049 qui
854 2988 1063 3048 paratus
1082 2985 1155 3031 est
1179 2977 1379 3031 diabolo
1399 2985 1444 3031 et
1467 2976 1661 3046 angelis
1685 2976 1796 3045 ejus
1826 2974 2036 3046 (Matth.

456 3084 587 3133 xxv,
619 3070 733 3141 tl).
780 3069 863 3124 Ab
908 3070 1009 3125 isto
1050 3069 1235 3124 auditu
1269 3053 1408 3123 male
1437 3068 1615 3138 justus
1654 3083 1759 3122 non
1805 3068 2032 3124 timebit.

450 3161 609 3218 Scitis
646 3163 767 3231 quia
794 3161 990 3217 dictum
1032 3170 1113 3215 est
1144 3160 1458 3230 inquodam
1497 3160 1702 3229 psalmo
1731 3178 1744 3213 :
1783 3180 1802 3212 ι
1837 3160 1892 3214 In
1924 3175 2038 3216 me-

454 3253 621 3307 moria
645 3261 842 3306 mtcrna
868 3251 1195 3321 eritjnstus;
1220 3250 1286 3304 ab
1300 3250 1480 3305 auditu
1504 3249 1646 3304 malo
1667 3265 1770 3305 non
1799 3250 2034 3305 timebit»

455 3340 626 3415 (Psat.
658 3357 767 3408 CX],
795 3342 875 3411 7).
910 3341 1027 3409 Quo
1065 3340 1247 3395 auditu
1274 3339 1451 3394 malo?
1479 3338 1557 3395 Ite
1584 3340 1638 3394 in
1670 3340 1842 3410 ignem
1882 3350 2039 3395 teter-

453 3447 581 3488 num
601 3473 616 3496 ,
644 3432 731 3500 qui
773 3439 987 3499 paratus
1015 3439 1097 3485 est
1121 3429 1335 3485 diabolo
1371 3440 1422 3484 et
1449 3428 1654 3500 angelis
1686 3430 1825 3501 ejus.
1869 3430 1934 3483 Et
1984 3429 2037 3485 in

453 3525 532 3580 cis
569 3523 659 3593 qui
688 3524 968 3594 insurgunt
1009 3523 1062 3578 in
1093 3538 1179 3578 me
1204 3521 1644 3593 malignantibus,
1673 3522 1850 3580 audiet
1896 3524 2042 3580 auris

453 3629 595 3670 mea.
631 3634 650 3667 1

532 3705 616 3761 l5.
653 3703 817 3778 [ιιενε.
842 3703 955 3777 15.]
983 3704 1195 3759 Transit
1225 3703 1425 3769 fenum,
1449 3703 1760 3760 transitﬂos
1791 3716 2069 3775 peccato-ﬁ

456 3811 574 3851 rum
610 3815 622 3849 :
647 3795 772 3867 quid
802 3795 870 3851 de
885 3795 1078 3864 justis?
1105 3794 1283 3850 Justus
1323 3804 1380 3849 ut
1409 3795 1581 3866 palma
1604 3796 1821 3866 ﬂorebit.
1851 3795 1929 3851 Illi
1950 3813 2044 3852 cx-

456 3887 701 3941 orinutnr
725 3888 860 3941 sicut
885 3887 1099 3951 fenum;
1115 3887 1289 3955 justus
1317 3895 1370 3940 ut
1400 3887 1572 3957 palma
1598 3887 1815 3957 [ιοηὸἰι.
1847 3888 1904 3942 In
1927 3888 2044 3958 palo
2080 3900 2089 3908 '

458 3995 543 4032 ma
582 3978 917 4033 altitudinem
947 3978 1284 4048 signiﬁcavit.
1313 3977 1474 4033 Forte
1500 3986 1557 4033 et
1584 3978 1686 4033 hoc
1727 3979 2045 4047 signiﬁcavit

458 4069 512 4123 in
536 4069 730 4138 palma,
762 4067 883 4138 quia
910 4068 961 4122 in
996 4068 1305 4123 novissimis
1333 4070 1443 4123 suis
1473 4066 1688 4138 pulchra
1716 4075 1831 4135 est;
1858 4080 1915 4123 ut
1942 4069 2045 4123 ini-

467 4161 597 4214 tium
646 4159 763 4229 ejus
815 4175 845 4213 a
900 4168 1039 4214 terra
1089 4158 1282 4223 ducas,
1331 4158 1489 4211 linem
1551 4158 1717 4225 ipsius
1773 4158 1825 4211 in
1883 4173 2044 4212 cacu-

463 4253 628 4314 mine,
654 4251 741 4305 ubi
771 4250 928 4305 habet
966 4258 1128 4304 totam
1159 4248 1605 4317 pulchritudinem
1637 4264 1650 4300 :
1679 4262 1867 4318 aspera
1894 4249 2046 4303 radix

460 4342 673 4395 videtur
725 4342 776 4394 in
834 4351 971 4395 terra
996 4380 1010 4403 ,
1049 4339 1263 4407 pulchra
1295 4353 1445 4393 coma
1482 4338 1582 4393 sub
1619 4339 1758 4393 caelo
1800 4346 1900 4394 est.
1930 4338 2047 4394 Erit

468 4445 597 4499 ergo
623 4440 675 4484 et
698 4439 783 4484 tua
806 4428 1141 4499 pulchritudo
1162 4430 1212 4481 in
1238 4429 1362 4482 line.
1388 4427 1552 4482 Radix
1578 4439 1664 4483 tua
1692 4428 1800 4484 lixa
1825 4430 1926 4485 sit:
1950 4430 2046 4486 sed

467 4537 677 4577 sursum
721 4538 905 4578 versus
951 4521 1208 4577 habemus
1239 4519 1260 4552 ³
1290 4519 1520 4574 radicem
1566 4530 1825 4575 nostram.
1877 4522 2048 4578 Radix

463 4616 607 4671 enim
662 4625 841 4670 nostra
881 4614 1123 4671 Christus
1162 4621 1278 4680 est,
1310 4612 1399 4681 qui
1443 4612 1684 4667 ascendit
1727 4614 1780 4667 in
1826 4614 2046 4669 cretum.

466 4707 785 4764 llumiliatus
812 4706 1150 4762 exaltabitur.
1193 4705 1340 4759 Velut
1374 4704 1555 4759 cedrus
1582 4704 1636 4757 in
1660 4702 1854 4759 Libano
1874 4746 1887 4770 ,
1912 4706 2048 4760 mulo

466 4801 793 4871 tiplicabitur.
812 4800 998 4855 Videte
1019 4814 1153 4871 quas
1178 4797 1397 4853 arbores
1417 4795 1550 4853 dixit
1566 4816 1580 4852 :
1596 4795 1777 4851 Justus
1801 4806 1855 4851 ut
1876 4797 2050 4867 palma

464 4893 683 4966 ﬂorebit;
708 4895 841 4948 velut
884 4892 1065 4947 cedrus
1091 4892 1141 4946 in
1178 4891 1393 4958 Libano,
1422 4889 1857 4962 multiplicabitur.
1882 4888 2048 4944 Num-

467 4985 594 5057 quid
619 5001 739 5040 cum
762 4984 844 5040 sol
871 4983 1060 5040 exierit
1084 5026 1100 5052 ,
1131 4984 1327 5040 arescit
1353 4983 1550 5054 palma?
1577 4980 1835 5053 numquid
1852 4980 2052 5037 arescit

465 5076 699 5133 cedrus?
718 5077 848 5133 Cum
874 5085 1049 5130 autem
1071 5075 1153 5129 sol
1177 5074 1409 5131 candens
1428 5073 1711 5145 aliquando
1733 5072 1912 5140 fuerit,
1932 5088 2052 5128 are-

468 5172 568 5227 scit
599 5170 798 5226 fenum.
831 5168 1020 5225 Veniet
1046 5183 1175 5238 ergo
1198 5167 1479 5238 judicium,
1512 5175 1569 5222 ut
1595 5176 1837 5222 arescant
1862 5181 2051 5237 pecca-

470 5268 630 5326 tores,
657 5269 710 5316 et
726 5262 989 5316 virescant
1010 5257 1213 5314 lldeles.
1245 5256 1394 5313 Velut
1419 5258 1596 5313 cedrus
1610 5259 1662 5311 in
1683 5255 1898 5325 Libano,
1924 5257 2053 5311 inut-

470 5351 797 5420 tipiicabitur.

544 5441 631 5495 14.
662 5439 812 5512 [vers.
838 5440 1046 5515 14-16.]
1076 5440 1304 5496 Plantati
1329 5440 1382 5494 in
1410 5439 1559 5494 dante
1585 5438 1812 5507 Domini,
1836 5440 1887 5494 in
1911 5439 2055 5493 atriis

536 5550 552 5619 ξ
588 5551 660 5619 δίε
696 5553 925 5605 meliores
954 5562 1059 5604 Mss.
1102 5553 1241 5617 juxta
1280 5558 1408 5601 Lxx.
1442 5558 1499 5602 At
1539 5550 1670 5613 Edd.,
1711 5550 1876 5602 oculus
1922 5562 2057 5602 meus

468 5608 687 5664 inimicos
708 5626 853 5663 meos.

536 5674 557 5737 ξ
589 5679 663 5737 Fr.
690 5681 807 5724 \‘en.
835 5682 887 5723 cl.
909 5681 1039 5734 Lov.,
1083 5675 1198 5735 quia
1218 5674 1409 5737 iniquus
1429 5673 1607 5737 esttibi
1627 5672 1825 5727 muicus.
1874 5680 1929 5723 ιι.

539 5735 558 5767 ³
588 5735 662 5784 δίο
686 5740 782 5783 Am.
807 5740 860 5786 Et
881 5742 986 5785 Mss.
1008 5743 1064 5787 At
1088 5734 1164 5787 Er.
1192 5744 1246 5788 et
1265 5734 1399 5799 me,
1423 5734 1697 5789 habeamu-

1672 293 1730 350 S.
1770 291 2135 350 AUGUSTiNl
2177 290 2475 348 EPISCOPl

3596 296 3734 353 180

2138 403 2317 458 domus
2351 402 2446 459 Dei
2477 405 2638 459 nostri
2663 404 2932 475 ﬂorebunt.
2980 406 3160 460 Adhuc
3185 405 3654 475 ntultiplicabmttur
3679 410 3733 469 in

2137 506 2334 550 senecta
2359 498 2500 551 uberi
2526 514 2548 552 :
2576 506 2622 551 et
2654 498 2914 565 tranquilli
2941 507 3088 554 erunt
3106 538 3122 563 ,
3154 508 3210 555 ut
3248 500 3570 555 annuntiant.
3619 501 3731 560 Hoc

2138 595 2220 639 est
2234 586 2513 642 sabbatum
2530 587 2671 657 quod
2693 588 2849 643 vobis.
2860 587 3016 657 paulo
3038 599 3163 644 ante
3176 589 3568 659 commendavi,
3592 594 3731 651 unde

2139 675 2302 731 habet
2338 678 2549 731 titulum
2577 677 2840 732 Psalmus.
2880 677 3172 750 Tranquilli
3208 691 3385 746 erunt,
3437 691 3490 733 ut
3527 698 3726 737 annun-

2139 768 2279 820 tient.
2314 768 2491 836 Quare
2540 768 2806 839 tranquilli
2836 763 3194 824 annuntiant?
3234 768 3349 824 Non
3394 770 3510 825 illos
3552 789 3733 829 movet

2139 856 2317 912 fenum
2342 868 2676 929 peccatorum
2707 878 2721 913 :
2750 860 2944 916 cedrus
2966 872 3018 916 et
3043 861 3223 932 palma
3250 879 3347 918 nec
3369 863 3419 917 in
3445 871 3732 934 tempesta-

2140 948 2282 1004 tibus
2309 961 2616 1006 curvantur.
2650 951 2789 1022 Ergo
2819 953 3086 1023 tranquilli
3116 953 3243 1018 sint,
3272 964 3324 1009 ut
3354 957 3669 1012 annuntieut
3704 973 3721 1010 :

2138 1049 2194 1094 et
2218 1055 2365 1106 vere,
2393 1042 2518 1111 quia
2539 1041 2697 1096 modo
2721 1042 3140 1098 annuntiandum
3164 1052 3247 1100 est
3273 1053 3329 1099 et
3355 1046 3733 1103 subsannauti-

2140 1128 2239 1184 bus
2284 1130 2606 1186 hominibus.
2637 1133 2683 1187 0
2712 1132 2891 1187 miseri
2931 1132 3174 1191 homines
3214 1143 3482 1191 amatores
3513 1137 3728 1195 mundil

2139 1224 2458 1278 annuntiant
2485 1224 2636 1279 vobis
2664 1225 2752 1295 qui
2794 1226 3012 1294 plantati
3040 1234 3165 1280 sunt
3203 1227 3255 1280 in
3294 1225 3457 1282 domo
3484 1228 3731 1297 Domini;

2140 1313 2229 1381 qui
2256 1314 2582 1369 conﬁtentur
2611 1315 2834 1370 Domino
2862 1317 2912 1369 in
2940 1318 3148 1371 cantico
3167 1326 3220 1372 et
3243 1317 3469 1384 cithara,
3490 1320 3542 1373 in
3566 1320 3731 1375 verbo

2140 1411 2193 1457 et
2235 1418 2436 1474 opere,
2464 1406 2781 1460 annuntiant
2810 1406 2995 1472 vobis,
3042 1416 3097 1462 et
3122 1406 3307 1462 dicunt
3333 1410 3483 1463 vobis
3511 1424 3524 1460 :
3556 1409 3735 1466 Nolite

2140 1493 2322 1548 seduci
2362 1494 2614 1551 felicitate
2648 1497 2979 1566 iniquorum,
3011 1498 3174 1553 nolite
3217 1498 3494 1555 attendere
3538 1499 3727 1557 ﬂorem

2142 1582 2278 1651 feni;
2313 1586 2479 1641 nolite
2510 1587 2789 1643 attendere
2815 1588 2881 1643 ad
2910 1598 3116 1659 tempus
3140 1589 3357 1655 beatos,
3381 1591 3431 1646 in
3462 1602 3725 1667 aeternum

2141 1676 2389 1734 miseros.
2419 1677 2528 1734 Nec
2554 1680 2659 1745 ista
2693 1679 2963 1735 beatitudo
2996 1696 3115 1751 quae
3147 1680 3309 1736 modo
3343 1681 3474 1736 l'oris
3497 1683 3731 1751 videtur,

2143 1781 2271 1822 vera
2314 1776 2433 1834 est;
2485 1783 2583 1824 nec
2611 1769 2665 1824 in
2710 1768 2874 1825 corde
2916 1768 3057 1826 beati
3096 1780 3240 1837 sunt,
3269 1772 3391 1841 quia
3421 1781 3736 1843 torquentur

2146 1858 2284 1912 mala
2314 1860 2663 1917 conscientia.
2696 1860 2774 1916 Tn
2801 1869 2979 1918 autem
3006 1864 3321 1934 tranquillus
3340 1873 3477 1933 esto,
3507 1881 3734 1936 sperans

2143 1945 2212 2003 de
2241 1950 2519 2019 promissis
2559 1951 2767 2006 Domini
2798 1951 2894 2007 Dei
2925 1952 3018 2007 tui.
3050 1952 3185 2021 Quid
3214 1954 3354 2009 cnim
3390 1957 3730 2015 annuntiabis

2143 2037 2197 2094 in
2243 2042 2657 2109 tranquillitate?
2687 2043 2936 2109 Quoniam
2978 2053 3143 2101 rectus
3178 2045 3425 2102 Dominus
3465 2047 3635 2116 Deus,
3681 2059 3731 2106 et

2143 2148 2245 2186 non
2281 2143 2352 2205 est
2379 2134 2619 2205 iniquitas
2653 2134 2704 2190 in
2730 2151 2809 2190 eo.
2844 2135 3142 2204 Attendite,
3176 2136 3401 2206 fratres,
3434 2140 3477 2194 si
3511 2141 3732 2209 planlati

2143 2224 2272 2278 estis
2300 2223 2352 2277 in
2377 2223 2538 2279 domo
2564 2225 2793 2292 Domini,
2825 2226 2869 2280 si
2899 2226 3060 2284 vultis
3082 2226 3272 2284 ﬂorere
3297 2228 3435 2284 sicut
3463 2230 3653 2298 palma,
3680 2239 3734 2287 et

2143 2314 2481 2384 multiplicari
2509 2316 2645 2371 sicut
2666 2316 2857 2372 cedrus
2912 2318 3120 2385 Libani,
3148 2329 3330 2374 etnon
3360 2336 3603 2376 arescere
3626 2324 3734 2377 sic-

2144 2415 2203 2461 ut
2228 2406 2409 2462 l'cnum
2438 2407 2552 2462 sole
2576 2407 2870 2472 candente;
2903 2409 3041 2463 sicut
3068 2410 3124 2465 bi
3149 2412 3240 2482 qui
3269 2412 3515 2468 videntur
3539 2413 3732 2472 ﬂorere

2144 2498 2257 2555 sole
2281 2499 2523 2555 absente.
2555 2500 2612 2555 Si
2646 2514 2775 2570 ergo
2800 2516 2904 2554 non
2935 2502 3090 2556 vultis
3113 2517 3233 2558 esse
3261 2502 3468 2572 lcitum,
3497 2504 3588 2560 sed
3614 2504 3732 2575 pal-

2146 2604 2232 2643 ma
2271 2599 2326 2644 et
2365 2590 2578 2656 cedrus,
2618 2591 2745 2660 quid
2772 2592 3233 2647 annuntiabitis‘?
3274 2593 3527 2660 Quoniam
3570 2606 3734 2652 rectus

2144 2679 2395 2736 Dominus
2425 2681 2592 2749 Deus,
2623 2693 2671 2738 et
2712 2700 2812 2737 non
2851 2696 2922 2738 est
2960 2686 3200 2755 iniquitas
3236 2687 3288 2740 in
3316 2688 3424 2741 illa.
3452 2688 3734 2757 Quomodo

2146 2788 2253 2830 tum
2270 2783 2351 2828 est
2379 2774 2672 2845 iniquitas?
2693 2774 2860 2831 Tanta
2892 2778 3027 2831 mala
3054 2776 3249 2842 iacit’;
3276 2792 3435 2837 sanus
3460 2788 3562 2844 est,
3594 2780 3730 2836 tilios

2147 2862 2327 2931 habet,
2358 2865 2571 2935 plenam
2592 2864 2831 2932 domum,
2864 2868 3099 2925 abundat
3119 2870 3304 2939 gloria,
3336 2873 3598 2927 exaltatur
3624 2873 3726 2927 lto-

2148 2958 2388 3020 noribus,
2431 2956 2497 3013 de
2524 2956 2752 3011 inimicis
2778 2958 3096 3027 vindicatur,
3127 2970 3182 3015 et
3208 2962 3385 3015 omnia
3413 2964 3548 3018 mala
3577 2979 3729 3018 Conl-

2147 3045 2344 3101 mittit:
2377 3046 2512 3102 alius
2538 3047 2795 3103 innocens
2822 3050 2903 3103 sui
2932 3051 3130 3120 negotii
3152 3050 3197 3118 ³,
3232 3067 3336 3106 non
3367 3053 3576 3121 rapiens
3599 3054 3733 3109 alie-

2148 3152 2237 3203 na,
2261 3152 2365 3191 non
2387 3148 2570 3193 contra
2596 3138 2911 3209 quemquam
2943 3141 3158 3207 iaciens,
3184 3142 3386 3199 laborat
3410 3143 3460 3198 in
3485 3145 3730 3211 vinculis,

2148 3226 2201 3284 in
2226 3229 2549 3294 carceribus,
2583 3230 2635 3283 in
2672 3230 2847 3300 inopia
2874 3241 3062 3289 338lqu
3089 3241 3143 3287 et
3171 3234 3421 3304 suspirat.
3454 3235 3735 3302 Quomodo

2147 3333 2250 3371 non
2277 3326 2349 3373 est
2378 3319 2613 3386 iniquitas
2632 3321 2684 3374 in
2708 3336 2765 3374 eo
2782 3321 2808 3373 Ρ
2835 3321 2958 3377 Esto
2989 3321 3322 3393 tranquillus,
3349 3336 3401 3379 et
3430 3325 3730 3396 intelliges;

2147 3424 2271 3464 nam
2305 3410 2663 3477 perturbat-is,
2696 3420 2750 3466 et
2781 3412 2831 3466 in
2858 3412 3101 3468 cubiculo
3129 3424 3219 3469 tuo
3245 3413 3501 3473 obscuras
3532 3417 3622 3470 tibi
3650 3418 3736 3472 lu-

2146 3514 2286 3555 cem.
2315 3500 2544 3557 Radiare
2572 3500 2664 3556 tibi
2696 3502 2807 3557 vult
2837 3512 3071 3557 :etcrnus
3099 3504 3271 3570 Deus;
3301 3506 3407 3560 noli
3437 3505 3528 3560 tibi
3554 3506 3729 3564 facere

2148 3590 2386 3649 nubilum
2414 3590 2482 3647 de
2511 3592 2932 3662 perturbatione.
2976 3595 3104 3650 Esto
3148 3598 3465 3666 tranquillus
3501 3598 3552 3653 in
3586 3608 3655 3665 te,
3679 3608 3737 3656 et

2148 3683 2269 3739 vide
2294 3684 2417 3754 quid
2447 3684 2538 3738 tibi
2561 3684 2755 3740 dicam.
2784 3687 2915 3753 Quia
2941 3687 3079 3743 Deus
3099 3697 3330 3743 aeternus
3351 3699 3454 3755 est,
3476 3689 3596 3760 quia
3619 3705 3739 3744 rno-

2148 3774 2218 3831 do
2248 3774 2417 3844 parcit
2450 3774 2638 3841 malis,
2665 3774 2936 3831 adducens
2965 3777 3084 3831 illos
3109 3777 3176 3833 ad
3203 3780 3602 3851 penitentiam;
3634 3780 3737 3835 ﬂa-

2148 3866 2309 3936 gellat
2330 3868 2517 3934 bonos,
2544 3867 2790 3923 erudiens
2821 3859 2940 3923 illus
2965 3868 3031 3923 ad
3057 3885 3277 3939 regnum
3304 3872 3560 3927 cmlurum
3584 3890 3599 3938 ;
3630 3890 3736 3927 non

2148 3966 2222 4011 est
2262 3957 2499 4023 iniquitas
2535 3958 2587 4010 in
2627 3973 2684 4011 eo
2711 3973 2728 4012 :
2758 3958 2865 4013 noli
2910 3959 3115 4013 timere.
3155 3959 3291 4015 Ecce
3318 3976 3417 4032 ego
3446 3961 3740 4033 ﬂagellatus

2150 4061 2267 4100 sum
2294 4057 2519 4114 tantum,
2548 4047 2885 4103 manifestum
2908 4057 3019 4116 est,
3041 4049 3323 4117 conﬁteor,
3349 4052 3558 4121 peccavi
3591 4070 3605 4105 :
3630 4069 3738 4108 non

2150 4138 2291 4191 enim
2338 4138 2458 4193 dico
2500 4154 2586 4194 me
2627 4138 2850 4209 justum.
2900 4139 3011 4194 Hoc
3057 4141 3199 4195 enim
3247 4141 3433 4199 dicunt
3473 4143 3739 4213 plerique.

2153 4227 2377 4295 Quando
2400 4238 2483 4286 est
2506 4230 2639 4285 forte
2666 4232 2945 4303 quisquam
2969 4232 3020 4285 in
3046 4233 3219 4302 aliqua
3242 4236 3478 4302 miseria,
3507 4236 3559 4290 in
3588 4235 3748 4291 dolo~

2153 4322 2322 4388 ribus,
2354 4322 2519 4377 intras
2542 4324 2809 4379 consolari
2836 4324 2982 4378 illum
3017 4341 3030 4377 :
3064 4333 3118 4379 et
3142 4325 3249 4389 ille,
3281 4326 3524 4394 Peccavi,
3549 4328 3742 4394 lateor,

2153 4422 2276 4467 sunt
2322 4423 2536 4482 peccata
2567 4429 2683 4469 mea
2706 4456 2722 4482 ,
2750 4429 2981 4485 agnosco
3008 4414 3128 4481 illa;
3170 4415 3262 4471 sed
3306 4418 3563 4487 numquid
3598 4429 3744 4474 tanta

2156 4503 2404 4572 peccavi,
2435 4513 2629 4573 quanta
2656 4505 2787 4559 ille?
2818 4505 2930 4575 Ego
2957 4506 3076 4560 novi
3118 4514 3309 4575 quanta
3342 4505 3468 4562 fecit
3495 4507 3605 4573 ille,
3637 4526 3744 4578 ego

2155 4594 2279 4648 novi
2306 4602 2499 4663 quanta
2529 4595 2797 4650 commisit
2829 4612 2842 4647 :
2886 4604 3101 4665 peccata
3130 4611 3246 4651 mea
3278 4605 3421 4662 sunt,
3449 4597 3618 4652 fateor
3648 4599 3744 4653 illa

2155 4684 2286 4749 Deo,
2328 4684 2422 4740 sed
2451 4684 2657 4739 minora
2685 4694 2808 4739 sunt
2843 4701 3001 4755 quam
3030 4686 3208 4751 illius;
3241 4695 3295 4741 et
3330 4701 3457 4742 ecce
3483 4687 3570 4741 ille
3608 4686 3746 4743 nihil

2154 4776 2278 4830 mali
2307 4776 2521 4846 patitur.
2565 4774 2683 4830 Noli
2726 4776 2950 4843 turbari,
2982 4778 3303 4847 tranquillus
3329 4786 3444 4833 esto
3465 4819 3480 4843 ,
3520 4788 3575 4832 ut
3604 4779 3750 4833 scias

2155 4867 2393 4937 quoniam
2437 4875 2601 4921 rectus
2643 4865 2924 4929 Dominus.
2962 4875 3009 4922 et
3055 4884 3156 4929 non
3192 4877 3267 4923 est
3310 4868 3546 4939 iniquitas
3578 4868 3632 4922 in
3661 4884 3748 4923 co.

2156 4958 2292 5023 Quid
2313 5000 2328 5025 ,
2361 4958 2404 5012 si
2436 4966 2487 5012 te
2532 4966 2813 5027 propterea
2860 4956 3091 5026 ﬂagellat
3119 4958 3305 5023 modo,
3356 4960 3481 5027 quia
3516 4974 3619 5012 non
3650 4959 3751 5014 tibi

2157 5060 2332 5106 servat
2358 5050 2531 5121 ignem
2574 5048 2993 5118 sempiternum?
3016 5048 3173 5116 Quid,
3202 5050 3244 5104 si
3276 5049 3424 5104 illum
3462 5058 3752 5119 propterea

2157 5140 2376 5195 dimittit
2415 5138 2593 5206 modo,
2629 5139 2748 5208 quia
2779 5137 3055 5193 auditurus
3080 5150 3181 5201 est,
3218 5137 3299 5193 lle
3325 5139 3377 5192 in
3407 5139 3571 5210 ignem
3594 5147 3783 5192 πεῖσμ’

2159 5232 2321 5288 nam?
2353 5230 2459 5287 Sed
2495 5231 2750 5302 quando?
2774 5229 2905 5286 Cum
2936 5241 2989 5287 tu
3016 5231 3222 5302 positus
3255 5232 3417 5288 lueris
3458 5233 3523 5287 ad
3554 5232 3755 5289 dexte-

2159 5340 2273 5380 ram
2293 5364 2308 5388 ,
2341 5332 2465 5378 tunc
2503 5322 2712 5378 dicetur
2738 5322 2924 5391 positis
2952 5321 3016 5379 ad
3046 5322 3314 5377 sinistram
3350 5342 3362 5378 :
3396 5323 3476 5378 Ite
3502 5325 3556 5380 in
3581 5324 3757 5395 ignem

2160 5424 2437 5485 azternum,
2476 5413 2562 5485 qui
2604 5423 2811 5486 paratus
2840 5423 2911 5469 est
2949 5414 3150 5471 diabolo
3176 5424 3221 5470 et
3248 5414 3440 5487 angelis
3464 5417 3591 5487 ejus.
3622 5413 3745 5473 Non

2227 5551 2243 5581 ³
2282 5548 2467 5622 aliquot
2488 5557 2615 5622 uss,
2646 5547 2899 5622 etcedrus
3056 5548 3363 5603 annuntietis.
3388 5553 3565 5615 Regius
3597 5551 3755 5616 liber,

2108 5658 2115 5665 .
2164 5615 2210 5662 et
2232 5608 2427 5669 cedrus,
2452 5610 2605 5660 videte
2626 5608 2744 5673 quid
2764 5608 3069 5673 mmgmtietis.

2229 5675 2253 5742 ξ
2284 5677 2357 5742 l-‘.r.
2375 5679 2503 5742 yen.
2529 5680 2581 5742 et
2623 5670 2758 5742 Eam,
2918 5671 3042 5734 quis.
3112 5680 3187 5742 at.”
3330 5735 3339 5742 .

2234 5733 2254 5765 ³
2288 5733 2449 5783 Proba:
2473 5740 2601 5785 nota:
2622 5738 2755 5796 uss,
2774 5733 2995 5786 umorem
3014 5733 3218 5799 negotii,
3243 5735 3449 5802 omisso,
3469 5735 3563 5790 sui.
