4024 6210
263 331 397 390 ἱεἰεί

265 457 319 501 te
350 459 480 515 ergo
525 444 623 498 ista
651 448 906 498 moveant
933 459 947 495 :
980 432 1295 511 tranquillus
1316 450 1453 509 esto,
1486 440 1776 502 sabbatiza,
1805 445 1861 494 et

265 537 521 593 annuntia
550 537 792 607 quoniam
817 543 979 590 rectus
1005 533 1253 589 Dominus
1277 531 1435 600 Deus,
1463 542 1634 589 etnon
1659 541 1729 587 est
1757 531 1858 585 ini-

260 630 432 699 quitus
458 629 508 681 in
535 643 615 682 eo.

712 838 793 898 IN
840 834 1222 898 PSALMUM
1265 834 1437 896 XCII

842 954 1257 1012 ENAthATlO.

799 1085 970 1126 εειιιιο
1009 1085 1077 1125 Αἰ)
1124 1084 1347 1124 ηειιεὶι.

340 1184 389 1237 1.
424 1180 625 1236 Psalmi
650 1180 812 1248 hujus
836 1180 1065 1245 titulum,
1087 1194 1208 1234 cum
1238 1177 1690 1247 pronuntiaretur,
1713 1174 1863 1229 audi-

271 1277 484 1339 vimus;
518 1282 575 1327 et
604 1272 731 1343 quid
771 1272 872 1328 sibi
912 1272 1070 1336 velit,
1097 1270 1164 1324 de
1190 1269 1460 1339 Scriptura
1494 1268 1608 1333 Dei,
1640 1268 1740 1323 hoc
1781 1272 1865 1321 est

272 1383 332 1423 ex
360 1368 502 1422 libro
530 1364 759 1421 Genesis
779 1407 794 1427 ,
826 1381 930 1418 non
961 1372 1043 1418 est
1079 1361 1293 1417 difficile
1320 1376 1643 1432 cognoscere
1674 1378 1688 1414 :
1721 1361 1773 1413 in
1797 1359 1864 1413 ti-

273 1462 379 1513 tulo
401 1456 552 1512 enim
585 1465 836 1525 tanquam
866 1455 1217 1509 admonemur
1244 1454 1297 1507 iu
1328 1452 1512 1507 limine
1549 1449 1675 1521 Quid
1720 1452 1864 1504 intus

270 1564 598 1621 qumramus.
640 1546 929 1617 Inscriptus
957 1562 1083 1617 ergo
1110 1553 1193 1601 est
1217 1546 1286 1599 ita
1316 1563 1329 1597 :
1364 1543 1502 1598 Laus
1526 1542 1709 1597 cantici
1730 1541 1827 1614 ipsi
1844 1541 1862 1573 ί

272 1641 456 1708 David,
477 1642 534 1695 in
559 1640 694 1694 diem
712 1649 829 1694 ante
853 1638 1131 1706 sabbatum,
1154 1637 1357 1706 quando
1377 1636 1589 1708 fundata
1613 1644 1685 1689 est
1706 1645 1862 1687 terra.

272 1732 643 1788 Recordantes
671 1746 798 1801 ergo
842 1745 937 1800 per
962 1744 1150 1784 omnes
1185 1728 1303 1783 dies
1329 1727 1454 1798 quid
1487 1726 1670 1781 fecerit
1701 1726 1862 1792 Deus,

273 1822 488 1894 quando
513 1822 717 1877 creavit
744 1829 799 1876 et
824 1819 1089 1874 ordinavit
1112 1818 1358 1874 universa
1388 1832 1417 1872 a
1452 1817 1629 1888 primo
1657 1816 1744 1871 die
1768 1829 1865 1869 us-

272 1930 375 1985 que
412 1914 481 1968 ad
523 1922 733 1968 sextum
773 1911 913 1966 diem
945 1911 1249 1983 (septimum
1287 1909 1427 1964 enim
1476 1907 1864 1972 sanctilicavit,

245 2004 393 2082 lquia
422 2004 479 2057 in
505 2003 598 2058 illo
625 1994 885 2073 requievit
913 2012 1030 2071 post
1050 2001 1228 2057 omnia
1254 2014 1436 2070 opera,
1468 2015 1587 2069 qua:
1617 1998 1739 2054 fecit
1766 1997 1866 2051 bo-

273 2106 341 2148 na
370 2091 600 2165 valde).
642 2102 697 2148 et
739 2092 1043 2148 invenimus
1078 2106 1199 2148 eum
1242 2100 1395 2146 sexto
1422 2089 1509 2145 die
1536 2088 1725 2144 fecisse
1752 2087 1867 2158 (qui

274 2185 390 2240 dies
420 2184 508 2239 hic
534 2192 1004 2249 commemoratur,
1039 2184 1160 2253 quia
1204 2183 1365 2250 dicit,
1411 2191 1528 2235 ante
1566 2178 1866 2250 sabbatum)

279 2274 463 2330 omuia
490 2273 744 2329 animalia
771 2274 822 2328 in
851 2283 992 2329 terra
1021 2292 1036 2327 :
1068 2272 1263 2329 deinde
1292 2273 1408 2342 ipso
1437 2272 1524 2326 die
1554 2270 1677 2325 fecit
1699 2269 1870 2325 homi-

278 2382 402 2422 nem
430 2365 497 2421 ad
524 2365 810 2436 imaginem
839 2374 892 2421 et
919 2362 1319 2420 similitudinem
1345 2377 1517 2418 suam.
1547 2361 1660 2415 Non
1692 2368 1867 2415 autem

278 2461 394 2514 sine
421 2473 588 2513 causa
615 2458 690 2513 illi
716 2457 829 2513 dies
868 2458 946 2513 sic
974 2465 1098 2512 sunt
1116 2454 1365 2521 ordinati,
1404 2454 1506 2510 nisi
1536 2454 1655 2524 quia
1686 2462 1741 2509 et
1763 2468 1870 2508 sa:-

279 2550 397 2603 cula
451 2549 535 2602 Sic
583 2561 802 2602 cursura
846 2555 1017 2613 erant,
1067 2554 1349 2617 antequam
1378 2545 1775 2615 requiescamus
1816 2544 1870 2596 in

282 2640 415 2694 Deo.
447 2639 601 2693 Tunc
624 2645 801 2692 autem
830 2636 1234 2706 requiescimus,
1264 2635 1308 2691 si
1334 2634 1555 2690 facimus
1583 2648 1744 2702 Opera
1772 2632 1871 2687 bo—

285 2748 370 2785 na.
398 2730 483 2785 Ad
510 2730 614 2784 hoc
644 2729 944 2800 exemplum
973 2729 1229 2799 scriptum
1258 2736 1341 2782 est
1365 2725 1433 2783 de
1461 2727 1588 2792 Deo,
1618 2726 1873 2797 Requievit

286 2820 425 2875 Deus
454 2819 667 2891 septimo
688 2820 790 2885 die,
821 2835 939 2874 cum
969 2819 1181 2875 fecisset
1209 2818 1388 2874 omnia
1410 2832 1571 2888 opera
1599 2816 1735 2870 bona
1760 2816 1874 2870 val-

284 2913 354 2968 de
383 2912 537 2983 (Gen.
571 2928 611 2978 ι,
641 2920 688 2967 et
723 2928 778 2979 ιι,
813 2912 942 2982 1-5).
979 2911 1093 2966 Non
1121 2911 1264 2966 enim
1295 2909 1543 2980 fatigatus
1569 2918 1672 2975 est,
1697 2915 1756 2962 ut
1783 2921 1872 2962 re-

284 3005 622 3073 quiesceret,
661 3013 751 3058 aut
777 3002 939 3058 modo
965 3017 1068 3057 non
1096 3009 1381 3072 operatur;
1404 3015 1526 3055 cum
1560 3008 1744 3068 aperte
1772 2997 1878 3052 Do-

286 3097 466 3150 minus
491 3094 738 3150 Christus
766 3094 944 3150 dicat:
970 3092 1127 3148 Pater
1151 3107 1464 3161 mensusque
1487 3105 1620 3143 nunc
1639 3098 1879 3158 operatur

288 3189 469 3257 (Joan.
506 3204 559 3256 v,
593 3187 704 3259 17).
732 3187 869 3243 Dicit
898 3186 1027 3242 illud
1059 3187 1198 3243 enim
1230 3185 1451 3252 Judtcis,
1477 3184 1565 3255 qui
1592 3183 1879 3239 carnaliter

288 3282 594 3337 sentiebant
622 3282 690 3336 de
726 3281 870 3346 Deo,
903 3295 1003 3335 nec
1040 3278 1404 3349 iutelligebant
1432 3276 1552 3347 quia
1586 3274 1726 3331 Deus
1754 3288 1878 3329 cum

288 3375 469 3444 quiete
498 3381 771 3443 aperatur.
802 3379 859 3426 et
878 3385 1090 3440 semper
1110 3376 1382 3439 operatur,
1405 3376 1459 3423 et
1483 3381 1697 3436 semper
1721 3364 1877 3436 quie-

290 3472 379 3518 tus
403 3459 505 3519 est.
529 3463 672 3534 Ergo
693 3471 747 3518 et
771 3476 889 3525 nos,
920 3476 1056 3531 quos
1082 3461 1216 3516 inse
1237 3459 1402 3514 voluit
1422 3458 1563 3514 Deus
1593 3464 1720 3512 tunc
1741 3454 1878 3526 figu-

288 3571 435 3618 rare,
467 3564 587 3624 post
610 3553 790 3608 omnia
825 3567 987 3623 Opera
1016 3553 1153 3607 bona
1180 3550 1492 3607 habebimus
1518 3551 1779 3619 requiem.
1812 3547 1881 3602 Et

276 3646 507 3715 .quidem
530 3659 694 3715 opera
719 3643 858 3698 bona
881 3653 1086 3709 nostra,
1116 3641 1467 3713 tratres,quae
1489 3641 1576 3696 hic
1595 3653 1881 3710 operamur

289 3739 343 3793 in
385 3738 583 3792 smculo
613 3745 738 3791 ante
764 3737 1004 3805 requiem
1027 3777 1041 3801 ,
1082 3736 1233 3805 quasi
1260 3751 1380 3790 cum
1419 3734 1599 3789 labore
1642 3741 1797 3796 sunt;
1825 3740 1882 3786 et

290 3828 509 3899 requies
536 3828 624 3883 illa
651 3828 703 3882 in
725 3842 820 3898 spe
850 3836 951 3893 est,
981 3827 1214 3882 nondum
1244 3834 1452 3882 tenetur
1480 3827 1532 3881 in
1566 3841 1625 3881 re
1653 3843 1668 3881 :
1696 3833 1750 3881 et
1777 3824 1881 3879 nisi

291 3930 437 3975 esset
477 3921 529 3973 in
574 3935 693 3989 spe,
737 3917 1089 3974 deiiceremus
1134 3919 1187 3972 in
1220 3918 1434 3983 labore;
1469 3915 1562 3972 sed
1606 3923 1883 3971 transeunt

290 4026 454 4080 opera
485 4010 751 4064 laboriosa
771 4018 825 4064 et
848 4009 1006 4063 bona.
1026 4008 1164 4077 Quid
1186 4009 1326 4064 enim
1346 4017 1450 4062 tam
1482 4009 1702 4073 bonum,
1720 4023 1879 4077 quam

293 4093 570 4173 porrigere
600 4116 790 4171 panem
820 4101 1110 4157 esurienti?
1141 4108 1194 4156 et
1227 4099 1367 4172 quod
1392 4099 1736 4176 audiebamus
1761 4114 1881 4154 mo-

294 4192 388 4258 do,
426 4208 548 4247 cum
598 4191 945 4261 Evangelium
993 4192 1281 4261 legeretur,
1309 4190 1432 4261 quid
1484 4199 1589 4245 tam
1644 4190 1878 4258 bonum,

294 4301 455 4354 quam
483 4283 535 4339 id
558 4283 699 4354 quod
722 4283 1044 4339 admonebat
1067 4282 1403 4353 generaliter,
1436 4281 1613 4337 Omnis
1632 4283 1717 4353 qui
1736 4282 1885 4337 habet

293 4377 427 4429 duas
452 4376 669 4442 tunicas,
691 4376 774 4429 det
797 4392 896 4431 non
927 4376 1163 4443 habenti;
1188 4384 1235 4430 et
1257 4377 1341 4446 qui
1367 4375 1510 4430 habet
1528 4392 1685 4443 escas,
1713 4385 1885 4448 pascat

295 4466 593 4521 esurientem
616 4465 765 4537 (Luc.
793 4481 872 4532 ιιι,
893 4467 1024 4536 tt)?
1049 4465 1261 4522 Nudum
1287 4464 1502 4533 vestire,
1530 4466 1728 4522 bonum
1749 4481 1885 4537 opus

294 4566 384 4613 est
411 4574 426 4609 :
456 4557 708 4627 numquid
747 4559 963 4629 semper
1000 4558 1102 4613 erit
1142 4560 1245 4629 hoc
1276 4571 1413 4628 Opus
1456 4557 1686 4613 bonum?
1714 4557 1888 4613 Habet

296 4649 685 4719 aliquantulum
714 4649 976 4715 laborem,
1006 4648 1099 4704 sed
1130 4648 1290 4704 habet
1314 4647 1564 4703 solatium
1591 4648 1645 4702 in
1676 4663 1773 4718 spe
1797 4646 1885 4703 fu-

297 4732 433 4793 turae
454 4739 669 4808 quietis.
692 4739 958 4806 Quantum
984 4746 1161 4793 autem
1188 4739 1426 4794 laborem
1446 4737 1610 4793 habet
1627 4737 1769 4809 quod
1794 4752 1887 4794 ve-

296 4832 398 4885 stis
421 4829 666 4885 nudum?
693 4830 896 4884 Bonum
923 4842 1057 4900 opus
1084 4844 1189 4883 non
1227 4829 1452 4885 multum
1484 4827 1692 4885 laborat
1722 4844 1736 4883 :
1768 4842 1886 4883 ma-

296 4922 410 4976 lum
436 4936 575 4991 opus
604 4921 766 4976 habet
799 4922 1054 4976 laborem.
1086 4919 1187 4990 Qui
1217 4921 1360 4977 enim
1406 4924 1564 4978 vestit
1590 4920 1812 4988 nudum,
1839 4920 1888 4976 si

297 5012 463 5067 habet
486 5011 627 5067 unde
650 5010 829 5079 faciat,
852 5026 956 5067 non
987 5011 1194 5067 laborat
1222 5028 1235 5065 :
1263 5011 1309 5066 si
1336 5028 1443 5067 non
1464 5011 1627 5068 habet
1645 5010 1787 5067 unde
1810 5009 1889 5065 fa-

293 5103 426 5167 ciat,
456 5099 634 5157 Gloria
661 5102 715 5155 in
739 5101 943 5174 excetsis
981 5100 1109 5165 Deo,
1141 5110 1187 5156 et
1220 5102 1273 5155 in
1310 5109 1442 5156 terra
1478 5118 1582 5174 paa:
1609 5101 1891 5156 hominibus

290 5192 446 5246 bona!
472 5191 745 5245 uoluntatis
769 5187 894 5264 (Id.
927 5206 962 5246 ιι
987 5232 1003 5258 ,
1036 5190 1103 5246 14
1119 5187 1160 5262 ).
1193 5189 1292 5257 Qui
1318 5199 1497 5246 autem
1523 5191 1636 5246 vult
1658 5190 1891 5261 Spoliare

290 5284 577 5353 vestitum,
607 5293 863 5355 quantum
890 5285 1116 5352 laboret,
1152 5284 1272 5356 quis
1299 5283 1585 5340 numerat?
1613 5284 1683 5340 Et
1709 5294 1888 5340 tamen

292 5389 357 5435 et
394 5380 495 5434 ista
542 5378 830 5433 transitura
856 5386 1002 5445 sunt,
1033 5392 1154 5433 cum
1185 5377 1488 5433 venerimus
1515 5375 1582 5433 ad
1621 5376 1764 5430 illam
1797 5390 1890 5432 re-

290 5470 513 5542 quiem,
545 5469 637 5525 ubi
666 5484 826 5525 nemo
854 5468 1021 5526 esurit
1063 5470 1152 5539 qui
1201 5476 1479 5540 pascatur,
1524 5482 1689 5524 nemo
1717 5465 1889 5524 nudus

291 5571 383 5617 est
404 5562 497 5632 qui
512 5562 787 5618 vestiatur.
807 5561 932 5618 ldeo
954 5563 1077 5633 quia
1094 5571 1148 5617 et
1169 5562 1267 5617 ista
1287 5562 1567 5617 transitura
1583 5569 1706 5618 sunt
1727 5575 1890 5632 opera

288 5655 467 5718 horia.
500 5662 556 5709 et
597 5663 780 5711 sextus
808 5653 909 5710 iste
935 5654 1050 5710 dies
1070 5695 1086 5720 ,
1116 5654 1331 5725 quando
1358 5652 1701 5725 perficiuntur
1727 5668 1889 5726 opera

364 5769 384 5802 ⁸
417 5768 493 5819 sic
517 5773 625 5819 uss.
650 5767 763 5819 ald.
782 5780 923 5830 vero,
941 5766 1108 5831 ipsius.

1370 309 1768 383 εΝΑιιιιιτιο
1809 321 1873 377 IN
1902 322 2236 383 rssLuun
2282 327 2439 385 xcn.

3416 347 3439 404 Ι
3455 347 3551 406 132

1968 438 2105 496 bona
2133 440 2319 507 valde,
2352 441 2513 498 habet
2554 460 2852 517 vesperam.
2887 447 2942 506 fa
2978 452 3201 510 sabbato
3237 466 3412 513 autem
3440 475 3551 523 anu

1966 531 2266 589 invenimus
2292 549 2412 590 esse
2437 550 2714 606 vestieram
2738 581 2752 604 ,
2795 543 2916 611 quia
2968 547 3184 615 requies
3232 558 3414 604 nostra
3443 566 3550 606 non
3642 541 3645 544 ’

1966 622 2180 680 habebit
2209 625 2368 682 finem
2408 645 2423 682 :
2454 644 2674 698 vespera
2704 633 2846 687 enim
2884 649 2978 703 pro
3008 636 3112 691 illic
3139 639 3373 706 ponitur.
3402 640 3553 696 Sicut

1966 732 2094 787 ergo
2149 727 2300 773 sexto
2339 718 2426 774 die
2476 719 2602 776 fecit
2640 722 2783 778 Deus
2831 724 3212 783 hominem.ad
3264 729 3547 801 imaginem

1966 822 2147 874 suam;
2179 809 2255 863 sic
2286 810 2585 867 invenimus
2613 823 2766 867 sexto
2793 817 2987 870 saeculo
3014 818 3222 872 venisse
3261 816 3548 877 Dominum

1966 898 2147 954 Jesum
2176 900 2466 969 Christum,
2495 911 2551 957 ut
2578 903 2956 960 reformaretur
2979 907 3137 963 homo
3164 909 3229 964 ad
3262 910 3547 983 imaginem

1969 991 2083 1046 Dei.
2117 984 2350 1048 Primum
2381 995 2522 1050 enim
2555 1007 2783 1069 tempus,
2816 1010 3063 1069 tanquam
3093 1003 3293 1069 primus
3317 1004 3451 1069 dies,
3480 1005 3548 1059 ab

1967 1083 2135 1139 Adam
2168 1099 2334 1155 usque
2379 1085 2444 1140 ad
2486 1086 2597 1142 Noe
2636 1106 2648 1141 :
2690 1089 2977 1143 secundum
3023 1100 3249 1159 tempus,
3282 1076 3536 1161 tanquam

1967 1175 2237 1231 secundus
2266 1177 2380 1232 dies
2402 1218 2417 1242 ,
2448 1195 2476 1233 a
2509 1179 2621 1234 Noe
2660 1197 2830 1251 usque
2859 1182 2934 1235 ad
2969 1182 3237 1238 Abraham
3274 1203 3288 1238 :
3335 1188 3547 1241 tertium

1969 1277 2200 1337 tempus,
2230 1277 2479 1339 tanquam
2511 1272 2698 1326 tertius
2725 1272 2855 1338 dies,
2900 1273 2968 1328 ab
2993 1274 3260 1329 Abraham
3293 1292 3457 1347 usque
3481 1279 3549 1335 ad

1968 1361 2174 1417 David:
2206 1370 2451 1433 quartum
2504 1374 2748 1434 tempus,
2794 1375 3042 1436 tanquam
3084 1377 3303 1437 quartus
3339 1369 3487 1438 dies,
3519 1386 3547 1424 a

1969 1453 2132 1509 David
2160 1469 2328 1525 usque
2353 1455 2420 1511 ad
2455 1457 2973 1527 transmigrationem
3007 1459 3308 1532 Babylonia!
3345 1479 3358 1515 :
3390 1463 3552 1533 quin-

1969 1554 2079 1601 tum
2110 1556 2336 1619 tempus,
2364 1557 2610 1620 tanquam
2633 1550 2847 1619 quintus
2872 1550 3007 1617 dies,
3031 1567 3059 1606 a
3088 1555 3552 1625 transmigratione

1968 1640 2273 1711 Babyloniae
2300 1656 2468 1712 usque
2504 1641 2572 1695 ad
2615 1641 3041 1712 praedicationem
3080 1643 3321 1699 Joannis.
3359 1628 3554 1702 Sextus

1970 1729 2085 1785 dies
2109 1733 2218 1799 jam
2252 1747 2282 1786 a
2313 1732 2689 1802 praedicatione
2727 1732 2948 1788 Joannis
2982 1734 3157 1804 agitur
3184 1751 3353 1806 usque
3389 1737 3456 1791 ad
3486 1737 3550 1792 ﬁ-

1971 1839 2116 1891 nem,
2139 1832 2193 1879 et
2216 1834 2338 1894 post
2361 1824 2518 1881 finem
2540 1826 2677 1881 sexti
2706 1825 2808 1882 diei
2831 1826 3174 1896 pervenimus
3201 1827 3267 1883 ad
3288 1829 3550 1898 requiem.

1971 1915 2127 1971 Modo
2155 1932 2282 1986 ergo
2310 1926 2494 1973 sextus
2519 1916 2635 1974 dies
2662 1919 2852 1989 agitur.
2894 1918 2949 1974 Si
2977 1926 3160 1975 sextus
3200 1919 3317 1975 dies
3353 1920 3550 1991 agitur,

1971 2007 2147 2062 videte
2173 2007 2297 2078 quid
2345 2009 2536 2064 habeat
2563 2009 2746 2066 titulus
2779 2026 2792 2063 :
2824 2009 2891 2064 In
2932 2010 3065 2065 diem
3103 2019 3219 2066 ante
3256 2009 3551 2079 sabbatum,

1970 2097 2173 2170 quando
2199 2098 2415 2170 fundata
2439 2110 2511 2155 est
2539 2110 2689 2155 terra.
2720 2100 2837 2157 Jam
2872 2101 3148 2158 audiamus
3167 2103 3184 2134 ί
3213 2104 3383 2174 ipsum
3407 2104 3558 2159 Psal-

1972 2205 2162 2255 mum;
2216 2190 2390 2260 ipsum
2444 2179 2831 2263 interrogemus
2879 2194 3147 2265 quomodo
3202 2194 3419 2250 fundata
3473 2202 3558 2251 est
3614 2260 3631 2273 κ

1974 2287 2140 2348 terra,
2169 2296 2237 2336 ne
2266 2280 2401 2337 forte
2423 2292 2546 2337 tunc
2575 2283 2711 2338 facta
2734 2291 2817 2338 est
2842 2294 2981 2338 terra
3007 2303 3019 2337 :
3054 2300 3153 2340 nec
3179 2291 3230 2340 In
3259 2285 3454 2342 Genesi
3480 2286 3559 2339 sic

1974 2371 2220 2441 legimus.
2244 2372 2468 2440 Quando
2490 2389 2617 2444 ergo
2638 2372 2853 2428 fundata
2880 2383 2962 2429 est
2984 2375 3163 2429 terra?
3181 2375 3425 2442 Quando,
3449 2377 3555 2430 nisi

1894 2530 1895 2533 η
1973 2477 2094 2518 cum
2126 2462 2189 2518 ﬁt
2214 2462 2353 2533 quod
2374 2462 2568 2518 lectum
2598 2470 2680 2518 est
2707 2464 2866 2519 modo
2894 2464 2946 2518 in
2976 2466 3229 2534 Apostolo
3256 2481 3270 2518 :
3302 2466 3365 2520 Si
3394 2475 3559 2519 tamen

1973 2555 2121 2611 statis
2142 2555 2195 2609 in
2221 2554 2345 2625 ﬁde,
2366 2554 2459 2619 ait,
2484 2554 2684 2610 stabiles
2710 2564 2755 2608 et
2788 2556 3066 2611 immobiles
3094 2555 3137 2628 (Ι
3160 2554 3279 2612 Cor.
3305 2573 3393 2623 xv,
3424 2556 3559 2625 58)?

1976 2647 2108 2701 Cum
2134 2658 2323 2702 omnes
2342 2645 2432 2715 qui
2458 2644 2683 2702 credunt
2703 2660 2799 2715 per
2822 2647 3123 2702 universam
3149 2656 3342 2702 terram
3370 2646 3561 2701 immo-

1974 2738 2110 2797 biles
2134 2749 2259 2795 sunt
2286 2739 2341 2794 in
2366 2736 2490 2804 fide,
2514 2736 2733 2794 fundata
2761 2746 2843 2792 est
2863 2746 3003 2794 terra
3030 2756 3042 2792 :
3079 2749 3203 2793 tunc
3226 2738 3284 2792 fit
3312 2736 3472 2791 homo
3495 2737 3563 2793 ad

1976 2829 2265 2902 imaginem
2297 2829 2416 2886 Dei.
2440 2828 2591 2896 Quod
2613 2827 2876 2898 significat
2898 2837 3078 2883 sextus
3108 2828 3195 2883 ille
3220 2828 3335 2883 dies
3359 2828 3427 2883 de
3451 2827 3563 2884 Gem

1978 2922 2116 2977 nesi.
2157 2920 2265 2978 Sed
2304 2920 2572 2991 quomodo
2610 2920 2737 2974 illud
2776 2919 2901 2974 fecit
2932 2921 3109 2974 Deus?
3134 2920 3401 2990 quomodo
3439 2920 3563 2975 fun-

1979 3011 2101 3067 data
2137 3018 2220 3066 est
2248 3010 2429 3087 terra?
2456 3009 2700 3064 Christus
2741 3010 2919 3071 venit,
2962 3019 3019 3063 ut
3048 3009 3294 3066 fundaret
3332 3019 3556 3066 terram.

1979 3103 2394 3159 Fundamentum
2427 3104 2558 3157 enim
2586 3119 2729 3157 nemo
2751 3111 2907 3172 potest
2935 3120 3117 3173 ponere
3146 3113 3325 3173 prater
3348 3106 3402 3159 id
3431 3107 3563 3176 quod

1982 3199 2199 3269 positum
2221 3204 2328 3264 est,
2356 3196 2493 3265 quod
2515 3206 2587 3250 est
2614 3194 2840 3251 Christus
2876 3195 3024 3251 Jrsus
3057 3195 3077 3268 (
3100 3195 3183 3250 Id.
3216 3212 3303 3266 ιιι,
3331 3198 3388 3252 Η
3415 3196 3459 3269 ).
3488 3198 3565 3255 De

1982 3291 2074 3347 illo
2101 3304 2228 3359 ergo
2253 3295 2434 3344 cantat
2461 3287 2700 3343 Psalmus
2734 3303 2751 3343 :

2051 3381 2106 3436 2’.
2151 3380 2300 3454 [ears
2330 3378 2406 3451 1.]
2439 3379 2689 3435 Dominus
2719 3377 2964 3451 regnavit,
2992 3380 3221 3435 decorem
3246 3381 3447 3446 induit;
3484 3382 3565 3436 iu-

1983 3472 2091 3526 duit
2119 3470 2366 3525 Dominus
2393 3470 2770 3538 fortitudinem,
2798 3482 2845 3525 et
2875 3471 3172 3541 prtecinctns
3196 3483 3289 3526 est.
3314 3471 3573 3530 Videmus

1983 3563 2104 3634 quia
2143 3562 2276 3617 duas
2311 3575 2401 3616 res
2442 3560 2633 3627 induit,
2687 3561 2937 3617 decorem
2980 3570 3035 3616 et
3061 3561 3443 3637 fortitudinem.
3470 3562 3579 3619 Ut--

1980 3652 2109 3723 quid
2157 3651 2373 3706 autem?
2409 3650 2479 3706 Ut
2518 3650 2764 3705 fundaret
2806 3658 3025 3705 terram.
3072 3650 3323 3721 Sequitur
3365 3653 3508 3706 enim
3545 3670 3561 3707 :

1985 3744 2184 3798 Etenim
2209 3743 2523 3812 conﬁrmavit
2540 3743 2708 3796 orbem
2736 3752 2900 3808 teme,
2928 3742 3014 3813 qui
3035 3758 3137 3795 non
3159 3744 3565 3801 commovebitur.

1987 3835 2138 3890 Unde
2166 3834 2536 3890 conﬁrmavit?
2561 3833 2695 3901 Quia
2726 3832 2975 3888 decorem
3005 3831 3196 3888 induit.
3227 3832 3341 3888 Non
3370 3837 3577 3891 confir-

1984 3931 2157 3980 maret
2179 3966 2194 3991 ,
2224 3924 2270 3978 si
2295 3923 2465 3978 solum
2493 3922 2740 3977 decorem
2768 3921 3044 3987 indueret,
3075 3938 3179 3977 non
3209 3933 3263 3978 et
3296 3922 3567 3981 fortitudi-

1986 4029 2131 4069 nem.
2188 4012 2363 4079 Quare
2410 4026 2538 4081 ergo
2592 4012 2886 4066 decorem?
2934 4026 3097 4081 quare
3163 4012 3581 4091 fortitudinem?

1986 4104 2284 4173 Utrumque
2310 4102 2452 4157 enim
2480 4100 2650 4160 dixit:
2680 4099 2930 4156 Dominus
2954 4103 3197 4173 regnavit,
3227 4105 3456 4159 decorem
3483 4107 3579 4160 in-

1987 4197 2126 4263 duit;
2166 4195 2327 4251 induit
2370 4192 2614 4267 Dominus
2652 4193 3027 4265 fortitudinem;
3061 4203 3109 4249 et
3139 4195 3440 4267 praecinctus
3474 4208 3577 4253 est.

1986 4289 2185 4356 Nostis,
2215 4286 2426 4351 fratres,
2450 4284 2572 4355 quia
2604 4285 2860 4340 Dominus
2903 4292 3085 4341 noster
3103 4301 3223 4341 cum
3250 4287 3485 4343 venisset
3513 4288 3578 4343 iu

1987 4395 2184 4447 carne,
2226 4379 2310 4433 his
2352 4379 2585 4449 quibus‘
2627 4378 2950 4448 praedicabat
2999 4378 3341 4451 Evangelium
3381 4382 3577 4451 regni,

1987 4472 2109 4527 aliis
2145 4470 2408 4542 placebat,
2441 4471 2560 4526 aliis
2582 4468 2917 4539 displicebat.
2957 4469 3089 4524 Nam
3119 4471 3303 4526 divisa:
3330 4481 3454 4527 sunt
3476 4471 3580 4528 ad-

1989 4580 2178 4621 versus
2204 4580 2262 4620 se
2290 4564 2482 4634 lingua:
2508 4561 2814 4619 Iudaeorum
2847 4578 2860 4617 :
2893 4561 2997 4617 Alii
3021 4562 3280 4628 dicebant,
3311 4563 3443 4629 Quia
3479 4564 3577 4618 bo-

1989 4674 2086 4713 nus
2110 4667 2221 4724 est;
2245 4657 2335 4710 atii
2365 4656 2628 4721 dicebant,
2668 4653 2790 4709 Non
2808 4696 2823 4718 ,
2859 4655 2948 4709 sed
2976 4654 3169 4709 seducit
3194 4654 3366 4710 turbas
3393 4655 3571 4723 (Joan.

1991 4765 2065 4817 vt,
2095 4749 2208 4821 12).
2236 4749 2340 4804 Alii
2365 4763 2493 4822 ergo
2512 4748 2650 4803 bene
2671 4746 3055 4817 loquebantur;
3083 4746 3168 4801 alii
3197 4746 3577 4815 detrahebant,

1991 4841 2352 4906 lacerabant',
2376 4838 2713 4906 mordebant,
2745 4838 3196 4894 conviciabantur.
3228 4837 3307 4897 Ad
3331 4853 3426 4894 eos
3444 4853 3576 4907 ergo

1992 4935 2184 5007 quibus
2210 4920 2472 5006 placebat,
2500 4932 2728 4987 decorem
2772 4932 2974 4987 induit:
3003 4931 3069 4986 ad
3111 4945 3205 4986 eos
3242 4930 3438 5000 quibus
3463 4929 3575 4985 dis-

1994 5027 2252 5098 plicebat,
2306 5023 2655 5096 fortitudinem
2678 5024 2860 5078 induit.
2889 5022 3103 5078 Imitare
3129 5035 3257 5091 ergo
3282 5030 3336 5075 et
3379 5028 3434 5074 tu
3466 5019 3573 5073 Do-

1993 5118 2193 5175 minum
2222 5126 2400 5184 tuum,
2431 5125 2491 5173 ut
2530 5116 2705 5186 possis
2730 5131 2849 5174 esse
2876 5117 3038 5189 vestis
3065 5114 3231 5186 ipsius
3261 5129 3276 5167 :
3309 5121 3424 5169 esto
3453 5126 3577 5167 cum

1994 5210 2189 5266 decore
2214 5207 2283 5263 ad
2327 5223 2423 5265 eos
2448 5208 2641 5279 quibus
2686 5210 2899 5279 placent
2928 5207 3062 5261 bona
3092 5219 3253 5276 opera
3301 5213 3423 5268 tua;
3459 5213 3579 5259 esto

1993 5299 2146 5356 fortis
2176 5298 2432 5354 adversus
2456 5299 2807 5355 detracturos.
2838 5296 2972 5352 Audi
3011 5294 3308 5364 apostolum
3353 5292 3577 5349 Paulum

1995 5393 2289 5448 imitantem
2331 5391 2613 5447 Dominum
2643 5404 2796 5445 suum
2820 5430 2835 5455 ,
2862 5384 3131 5458 quomodo
3155 5392 3209 5439 et
3249 5385 3364 5455 ipse
3393 5383 3575 5440 habuit

1994 5483 2244 5540 decorem
2265 5524 2281 5549 ,
2309 5480 2496 5537 habuit
2522 5478 2902 5537 fortitudinem.
2929 5475 3117 5532 Christi
3149 5474 3308 5532 bonus
3333 5476 3461 5531 odor
3484 5486 3597 5530 su-‘

2061 5642 2077 5672 ³
2113 5635 2402 5687 Vetusliber
2423 5633 2579 5692 σοι-δη
2603 5630 2888 5682 αιιάὶιὺιιιιε.

2059 5703 2079 5734 ¹
2113 5699 2335 5759 Plerique
2357 5704 2482 5756 Mss,
2506 5695 2557 5746 in
2579 5706 2789 5759 carnem,
2810 5693 2993 5754 quibus.

2064 5765 2082 5796 ε
2120 5763 2200 5811 uie
2222 5754 2401 5811 addunt
2425 5754 2557 5823 add,
2589 5754 2858 5819 intrabant;
2880 5754 3005 5819 quod
3029 5754 3170 5807 abest
3192 5765 3221 5805 ει
3244 5760 3350 5806 Mss.
