4024 6210
428 248 569 304 illiti

428 383 576 443 mu.
599 362 770 434 inquit
795 404 812 431 ,
842 362 894 417 in
923 358 1063 416 omni
1086 358 1227 423 loco,
1257 364 1301 409 et
1331 353 1382 408 in
1413 353 1491 407 his
1517 354 1599 423 qui
1626 352 1754 407 salvi
1779 353 2007 443 ﬁunt,et

428 459 483 510 in
516 442 596 511 his
619 456 706 527 qui
740 460 965 524 pereunt.
1002 448 1205 518 Quibus
1242 446 1383 502 enim
1411 445 1584 515 placet
1610 445 1804 498 bonum
1826 485 1841 509 ,
1872 442 2009 499 salvi

430 546 595 613 fiunt;
624 546 713 617 qui
733 542 1015 617 detrahunt
1039 540 1201 603 bono,
1229 546 1471 607 pereunt.
1502 535 1654 603 Quod
1675 550 1829 590 suum
1852 543 1969 591 erat
1990 574 2007 601 ,

433 641 521 694 ille
555 616 1033 700 odorem‘habebat
1071 632 1304 694 bonum;
1344 629 1451 684 imo
1482 628 1656 684 bonus
1693 627 1826 683 odor
1854 636 2006 683 erat:

431 730 525 785 sed
554 745 632 783 va:
662 727 870 783 miseris
907 724 995 795 qui
1041 734 1094 779 et
1132 724 1274 779 bono
1316 721 1482 776 odore
1523 722 1842 776 moriuntur.
1892 720 2008 776 Non

433 821 573 874 enim
594 819 688 884 ait,
716 816 824 871 Illis
852 816 1023 871 bonus
1046 813 1179 870 odor
1206 826 1411 877 sumus,
1439 812 1541 867 illis
1568 812 1737 867 malus
1765 812 1898 868 odor
1921 826 2012 867 su-

434 922 582 976 mus;
613 909 728 975 sed,
760 908 946 964 Christi
971 909 1128 961 bonus
1150 906 1275 961 odor
1292 922 1487 971 sumus,
1514 905 1606 972 ait,
1635 906 1854 959 in'omni
1876 906 2007 970 loco,

433 1012 480 1056 et
505 1002 559 1055 in
587 1000 666 1054 his
691 999 777 1069 qui
808 999 935 1053 salvi
964 998 1124 1068 ﬁunt,
1153 1005 1198 1051 et
1221 996 1276 1050 in
1301 996 1379 1051 his
1403 995 1490 1066 qui
1518 1003 1744 1064 pereunt.
1774 994 2013 1064 Subjocit

431 1091 607 1146 statim
629 1131 643 1155 ,
672 1090 800 1145 Aliis
831 1088 1033 1159 quidem
1064 1103 1239 1141 sumus
1279 1088 1404 1140 odor
1449 1087 1565 1141 vita:
1591 1087 1644 1140 in
1683 1087 1856 1152 vitam,
1896 1086 2011 1140 aliis

431 1182 558 1235 odor
584 1182 755 1236 mortis
785 1182 838 1234 in
865 1189 1072 1233 mortem
1099 1178 1166 1248 (ll
1198 1179 1315 1233 Cor.
1350 1194 1405 1243 tt,
1436 1177 1628 1250 ιιι-ιδ).
1666 1179 1866 1246 Quibus
1897 1187 2012 1234 erat

433 1271 568 1325 odor
594 1270 716 1325 vitae
754 1270 806 1323 in
834 1269 993 1323 vitam
1015 1309 1031 1334 ,
1071 1267 1320 1324 decorem
1352 1267 1596 1323 induerat
1624 1284 1637 1321 :
1671 1268 1864 1339 quibus
1894 1278 2012 1324 erat

432 1367 567 1451 Olli)?
588 1364 774 1420 mortis
799 1365 851 1418 in
873 1372 1120 1428 mortem,
1153 1362 1514 1417 fortitudinem
1542 1361 1802 1419 induerat.
1829 1361 1884 1417 Si
1910 1377 2010 1417 au-

435 1466 541 1512 tem
572 1465 695 1510 tunc
715 1455 934 1526 gaudes,
963 1454 1175 1525 quando
1204 1463 1255 1508 te
1282 1451 1497 1508 laudant
1519 1453 1784 1519 homines,
1814 1462 1867 1508 et
1894 1454 2008 1522 pla-

431 1554 559 1602 cent
585 1547 687 1600 illis
706 1546 842 1600 bona
871 1560 1031 1615 Opera
1059 1554 1181 1610 tua;
1212 1560 1333 1599 cum
1361 1553 1538 1599 autem
1567 1544 2009 1614 vituperaverint,

434 1637 619 1693 deficis
649 1639 699 1692 in
726 1638 881 1693 bonis
908 1636 1157 1707 operibus
1176 1677 1192 1704 ,
1220 1645 1273 1692 et
1302 1636 1453 1707 quasi
1484 1636 1710 1692 fructum
1749 1637 2010 1694 bonorum

433 1740 486 1785 te
520 1728 813 1800 perdidisse
843 1729 1136 1795 arbitraris,
1165 1728 1285 1799 quia
1316 1728 1522 1784 invenis
1547 1728 1961 1799 reprehensores
1993 1747 2007 1783 :

433 1835 539 1875 non
569 1819 758 1876 stetisti
798 1819 1120 1885 immobilis;
1164 1834 1270 1874 non
1299 1820 1534 1889 pertiries
1568 1820 1633 1876 ad
1661 1822 1827 1875 orbem
1853 1829 2013 1874 terra-

433 1926 568 1976 rum,
599 1910 684 1979 qui
710 1925 809 1963 non
833 1909 1237 1963 commovebitur.
1276 1908 1453 1963 Induit
1478 1908 1728 1964 Dominus
1754 1911 2012 1982 fortitudi-

431 2015 563 2064 nem,
604 2007 652 2053 et
697 1999 993 2066 prtecinctus
1028 2007 1120 2053 est.
1155 1999 1227 2054 De
1266 1998 1381 2070 ipso
1409 1998 1603 2056 decore
1626 2010 1681 2055 et
1705 2001 2010 2059 fortitudine

430 2086 593 2143 habet
620 2087 779 2142 alium
809 2088 981 2143 locum
1013 2088 1287 2158 apostolus
1312 2089 1505 2145 Paulus
1533 2108 1547 2147 :
1572 2090 1679 2146 Per
1700 2109 1843 2146 arma
1852 2094 2012 2164 justi-

428 2178 513 2232 tia:
535 2178 713 2232 dextra
741 2186 789 2233 et
811 2180 1032 2233 sinistra.
1068 2178 1197 2236 Vide
1225 2181 1312 2236 ubi
1335 2181 1718 2248 decorem,‘ubi
1748 2183 2012 2241 fortitudi-

428 2285 552 2324 nem
575 2287 589 2323 :
623 2269 726 2323 Per
744 2269 980 2341 gloriam,
1006 2280 1053 2327 et
1075 2272 1459 2343 ignobilitatem.
1487 2273 1545 2328 In
1571 2274 1739 2345 gloria
1759 2274 2008 2346 decorus,

427 2361 478 2415 in
504 2360 829 2432 ignobilitate
859 2363 1030 2418 fortis.
1066 2363 1217 2435 Apud
1242 2364 1375 2420 alios
1397 2367 1660 2436 gloriosus
1685 2369 2011 2437 prmdicabm

427 2460 541 2516 tur;
569 2451 707 2520 apud
737 2452 870 2508 alios
890 2453 1134 2524 ignobilis
1164 2455 1619 2511 contemnebatur.
1648 2458 1905 2514 Decorem
1931 2461 2016 2517 af-

426 2541 628 2597 ferebat
647 2543 725 2597 eis
744 2543 937 2612 quibus
962 2545 1222 2614 placebat,
1248 2545 1609 2603 fortitudinem
1637 2548 1894 2605 adversus
1914 2566 2009 2608 eos

426 2632 618 2702 quibus
656 2634 985 2704 displicebat.
1028 2635 1096 2690 Et
1134 2636 1212 2692 sic
1240 2648 1515 2693 enumerat
1543 2640 1719 2695 omnia
1750 2657 1915 2713 usque
1955 2643 2008 2699 in

433 2724 612 2791 linem,
644 2724 733 2779 ubi
758 2725 887 2780 dicit
915 2744 929 2780 :
965 2726 1124 2795 Quasi
1145 2728 1275 2782 nihil
1292 2728 1543 2795 habentes,
1584 2740 1631 2787 et
1656 2733 1824 2787 omnia
1846 2735 2010 2803 possi-

428 2815 597 2870 dentes
623 2814 733 2885 (ld.
754 2832 828 2881 vr,
856 2816 908 2883 7,
932 2817 986 2884 8,
1016 2816 1126 2891 l0).
1149 2818 1277 2874 Cum
1305 2820 1480 2874 omnia
1506 2822 1760 2891 possidet,
1784 2820 2008 2881 dccorbs

427 2914 543 2972 cst;
571 2921 691 2960 cum
722 2905 850 2960 nihil
885 2906 1076 2973 habet,
1107 2908 1256 2963 fortis
1283 2918 1383 2963 est.
1412 2909 1525 2964 Non
1551 2925 1678 2981 ergo
1716 2913 1928 2977 mirmn,
1960 2915 2007 2969 si

425 2994 685 3064 sequitur,
715 2992 916 3049 Etenim
936 2997 1250 3061 conﬁrmavit
1272 2998 1438 3052 orbem
1456 3010 1622 3067 terrae,
1649 3002 1735 3070 qui
1754 3019 1854 3055 non
1871 3020 2010 3058 cont-

428 3086 719 3141 movebitur.
761 3087 1040 3154 Quomodo
1070 3088 1211 3143 enim
1254 3105 1358 3143 non
1402 3092 1823 3146 commovebitur
1861 3094 2007 3151 orbis

428 3178 733 3234 terrarum?
761 3179 889 3235 Cum
917 3178 1141 3235 credunt
1185 3179 1236 3233 in
1275 3177 1543 3235 Christum
1572 3197 1760 3238 omnes
1786 3184 2003 3254 fideles,

428 3281 476 3323 et
501 3271 669 3340 parati
693 3279 812 3325 sunt
830 3270 895 3325 ad
919 3281 1231 3343 utrumque;
1255 3272 1487 3342 gaudere
1507 3289 1625 3331 cum
1645 3276 2001 3347 laudantibus,

428 3360 593 3417 fortes
643 3376 762 3417 esse
799 3362 1053 3418 adversus
1099 3364 1494 3433 vituperantes;
1548 3382 1653 3421 non
1693 3368 2006 3426 mollescere

426 3452 618 3522 linguis
646 3453 996 3522 laudantium,
1026 3469 1125 3509 nec
1149 3453 1318 3526 frangi
1344 3455 1536 3526 linguis
1567 3456 2001 3528 vituperantium.

496 3544 550 3600 ὅ.
591 3542 752 3600 Forte
776 3559 1075 3614 qumramus
1100 3552 1154 3600 et
1185 3542 1253 3599 de
1283 3544 1383 3600 boc
1423 3545 1605 3614 verbo,
1634 3562 1799 3616 quare
1843 3548 2000 3618 dixit,

384 3652 389 3656 ·
427 3633 726 3705 prtecinctus
753 3643 846 3689 est.
876 3633 1079 3690 Cinctio
1103 3650 1264 3705 opera
1292 3635 1588 3707 significat:
1618 3647 1743 3693 tunc
1772 3639 1912 3694 enim
1943 3655 2003 3696 se

424 3725 651 3796 quisque
690 3725 873 3797 cingit,
900 3740 1020 3781 cum
1063 3734 1379 3798 operaturus
1423 3736 1525 3783 est.
1558 3728 1663 3784 Sed
1703 3745 1868 3800 quare
1895 3748 2002 3788 non

424 3815 577 3883 dixit,
604 3816 818 3871 Cinctus
847 3826 957 3881 est;
989 3816 1105 3882 sed,
1138 3819 1436 3889 prwcinctus
1474 3820 1584 3875 est?
1616 3822 1751 3877 Dicit
1778 3823 1919 3879 enim
1934 3825 2001 3887 in

422 3904 526 3959 alio
548 3907 750 3974 psalmo
769 3908 1067 3979 :Acciugere
1083 3908 1310 3979 gladium
1324 3920 1463 3965 tuum
1482 3912 1614 3967 circa
1634 3913 1816 3983 femur,
1838 3925 2004 3986 polen-

423 3996 638 4059 tissime;
664 3998 838 4070 populi
855 4000 946 4054 sub
972 4009 1016 4055 te
1035 4005 1213 4055 cadent
1243 4000 1412 4075 (Psal.
1444 4019 1585 4072 xuv,
1614 4005 1666 4072 4,
1701 4006 1775 4079 6).
1804 4007 2001 4065 Necibi

421 4086 574 4154 dixit,
596 4087 840 4161 Cingere,
863 4105 1054 4161 neque,
1085 4091 1426 4162 pratcingere,
1454 4093 1572 4159 sed,
1598 4096 1889 4166 accingere:
1908 4113 2001 4153 ac-

421 4183 650 4253 cingeris
678 4185 818 4239 enim
862 4184 1073 4253 quando
1099 4184 1297 4254 aliquid
1322 4184 1562 4255 adjungis
1592 4185 1742 4241 lateri
1788 4196 1878 4242 tuo
1906 4205 2000 4258 per

421 4273 770 4336 cinctionem;
814 4272 955 4339 ideo,
997 4274 1268 4344 Accingere
1310 4274 1538 4346 gladium
1578 4286 1741 4333 tuum.
1782 4278 1998 4336 Gladius

421 4360 631 4414 Domini
661 4361 800 4415 unde
835 4361 1117 4417 debellavit
1159 4361 1342 4418 orbem
1385 4372 1663 4434 terrarum,
1707 4367 1998 4426 occidendo

418 4451 729 4521 nequitiam,
761 4452 989 4522 Spiritus
1020 4452 1114 4510 Dei
1138 4463 1221 4509 est
1238 4454 1254 4486 ¹
1277 4455 1330 4509 in
1352 4455 1574 4512 veritate
1600 4461 1861 4514 sermonis
1878 4461 1993 4517 Dei.

418 4544 592 4613 Quare
630 4543 770 4600 circa
799 4542 972 4601 femur
997 4547 1273 4617 accingam
1315 4546 1510 4603 dicitur
1543 4549 1811 4620 gladium?
1839 4552 1995 4608 Aliud

416 4637 632 4709 quidem
659 4654 724 4694 ex
754 4639 894 4694 alio'
918 4639 986 4696 de
1013 4640 1119 4694 alio
1150 4641 1353 4711 psalmo
1395 4641 1461 4696 ad
1492 4643 1809 4699 cinctionem
1853 4644 1993 4700 dixi-

415 4742 563 4792 mus;
596 4727 687 4781 sed
732 4736 906 4783 tamen
936 4729 1058 4799 quia
1096 4739 1587 4785 commemoratum
1618 4740 1719 4797 est,
1770 4748 1873 4788 non
1913 4742 1995 4789 est

418 4816 951 4886 praetermittendum.
991 4819 1126 4887 Quid
1153 4826 1234 4874 est
1271 4820 1531 4876 accinctio
1556 4822 1714 4892 gladii
1743 4824 1881 4879 circa
1909 4823 1993 4879 fe-

414 4908 567 4963 mur?
596 4908 698 4963 Pcr
723 4900 892 4965 femur
920 4925 1135 4965 carnem
1165 4912 1444 4983 significat.
1486 4913 1601 4969 Non
1649 4920 1789 4969 enim
1834 4917 1991 4974 aliter

410 5000 703 5056 debellaret
740 5001 989 5057 Dominus
1011 5003 1196 5059 orbem
1226 5012 1506 5072 terrarum,
1552 5006 1653 5061 nisi
1692 5006 1743 5063 in
1772 5023 1988 5066 carnem

409 5094 617 5148 veniret
639 5094 845 5165 gladius
874 5095 1129 5151 veritatis.
1175 5095 1273 5152 Hic
1313 5112 1442 5167 ergo
1480 5113 1644 5168 quare
1691 5101 1988 5170 prtecinctus

407 5183 518 5236 est?
542 5183 643 5251 Qui
669 5199 729 5240 se
752 5185 1042 5257 praecingit,
1062 5195 1185 5242 ante
1215 5201 1273 5242 se
1302 5187 1450 5257 ponit
1485 5187 1681 5259 aliquid
1718 5205 1822 5261 quo
1846 5207 1986 5263 prte-

470 5338 486 5368 ί
522 5343 628 5387 Mss.
645 5341 896 5403 omittunt,
926 5353 996 5403 est
1071 5346 1123 5391 et
1146 5348 1254 5403 post
1276 5354 1462 5402 vocem,
1486 5342 1733 5403 sermonis,
1773 5357 1870 5395 non
1903 5345 1987 5395 ad-

402 5395 552 5476 dunt,
567 5399 763 5476 Dei._at
784 5395 1107 5476 negiusdibsr
1139 5395 1392 5476 habetsic
1414 5418 1427 5453 :
1447 5395 1873 5476 debellavit
1902 5421 1984 5458 or-

407 5454 807 5528 bemque-rarum?
826 5454 1101 5515 decidenda
1129 5464 1361 5529 nequitias
1381 5454 1577 5529 spiritus
1597 5454 1649 5517 in
1663 5454 1865 5520 veritate
1883 5454 1984 5520 ser-

643 5582 835 5658 ontittlt,
852 5584 1032 5658 exalia
1057 5600 1071 5635 :
1096 5586 1183 5658 sed
1207 5594 1284 5658 est
1306 5589 1355 5637 in
1374 5596 1476 5658 Mss.
1504 5588 1735 5658 aquibus
1766 5591 1985 5643 nonnulli

403 5640 522 5691 inira
545 5640 741 5703 lubeat,
758 5640 1094 5697 accinctionan
1113 5645 1346 5713 diximus,
1368 5648 1468 5712 vel,
1492 5640 1714 5702 dicimus.

1630 234 1685 291 S.
1728 232 2091 290 ACGlFSTlNl
2132 234 2438 297 El’iSCCPl

3562 258 3695 312 “Si

2114 353 2373 425 cingitur:
2400 355 2539 413 unde
2563 356 2761 413 dictum
2789 367 2888 425 cst,
2921 355 3231 419 Pra‘cmctus
3252 376 3322 422 est
3348 367 3521 435 linteo,
3548 381 3594 423 et
3614 375 3696 426 tu-

2113 445 2184 498 vit
2206 446 2356 516 pedes
2374 446 2736 519 discipulorum
2753 466 2978 505 suorum.
3001 453 3133 522 Quia
3161 457 3301 511 enim
3332 467 3457 514 tunc
3484 458 3697 518 humilis

2116 533 2236 602 fuit,
2263 537 2475 607 quando
2503 539 2669 595 linteo
2708 542 3029 611 pratcinctus
3053 556 3155 612 est,
3191 547 3317 603 lavit
3345 550 3506 619 pedes
3531 552 3697 610 disci--

2116 626 2361 695 polorum
2386 644 2627 685 suorum.
2658 632 2845 688 Omnis
2885 644 3062 691 autem
3111 636 3369 694 fortitudo
3396 642 3447 696 in
3479 641 3694 700 humili.

2117 726 2258 783 tate;
2290 719 2412 788 quia
2442 719 2643 791 fragilis
2686 732 2768 778 est
2808 726 2982 780 omnis
3027 729 3306 797 superbia:
3337 730 3455 787 ideo
3483 750 3601 789 cum
3629 736 3698 792 de

2116 807 2427 865 fortitudine
2451 810 2673 877 diceret,
2705 813 2929 881 addidit,
2957 820 3257 886 prterincms
3273 831 3378 887 est;
3407 832 3464 878 ut
3491 827 3698 881 recolas

2119 899 2283 954 Deum
2311 902 2650 970 pratcinctum
2678 903 2954 975 humilem,
2986 911 3198 979 quando
3224 913 3387 982 pedes
3406 914 3697 986 discipulo.

2117 1005 2234 1045 rum
2255 991 2400 1047 lavit.
2428 994 2494 1049 Et
2511 994 2785 1051 exhorruit
2812 997 2996 1055 Petrus
3024 1000 3302 1058 Dominum
3329 1021 3503 1067 suum.
3531 1010 3699 1081 magi-

2117 1087 2284 1135 strum
2313 1097 2465 1138 suum
2494 1084 2691 1155 (minus
2717 1087 2824 1143 dixi
2855 1090 3164 1161 magistrum
3190 1108 3361 1162 suum,
3395 1090 3515 1153 cum
3535 1100 3699 1154 dixis-

2116 1185 2228 1224 sem
2260 1172 2540 1229 Dominum
2585 1175 2764 1250 suum)
2808 1190 3116 1237 curvantem
3164 1198 3223 1239 se
3261 1186 3329 1240 ad
3362 1188 3521 1257 pedes
3550 1206 3695 1257 suos,

2116 1271 2169 1315 et
2197 1263 2456 1320 lavantem
2486 1266 2586 1322 sibi
2615 1270 2799 1337 pedes,
2819 1275 3051 1343 expavit,
3079 1277 3312 1332 etdixit:
3336 1278 3572 1348 Domine,
3594 1301 3698 1338 non

2118 1353 2307 1409 lavabis
2345 1359 2468 1412 mihi
2495 1363 2664 1431 pedes.
2698 1363 2765 1418 Et
2806 1365 2925 1420 ille:
2958 1367 3108 1432 Quod
3143 1387 3234 1443 ego
3274 1374 3429 1444 facio,
3460 1386 3513 1430 tu
3537 1381 3698 1434 nescis

2116 1449 2298 1514 modo;
2322 1450 2449 1504 scies
2485 1463 2651 1507 autent
2695 1465 2887 1525 postea.
2932 1459 2998 1514 Et
3040 1460 3164 1517 ille:
3192 1462 3315 1519 Non
3357 1468 3548 1524 lavabis
3575 1472 3697 1526 mihi

2118 1538 2267 1606 pedes
2290 1539 2341 1592 in
2366 1550 2631 1597 wteruum.
2661 1544 2731 1599 Et
2760 1546 2883 1602 ille:
2920 1549 2980 1604 Si
3004 1568 3105 1605 non
3136 1552 3302 1609 lavero
3326 1565 3393 1625 te,
3422 1575 3521 1614 non
3547 1561 3699 1616 habe-

2118 1628 2191 1681 bis
2216 1640 2407 1699 portent
2437 1648 2648 1688 mecunt.
2680 1636 2778 1703 Qui
2805 1639 2977 1707 primo
3003 1641 3190 1699 Petrus
3215 1661 3500 1717 expaverat
3521 1652 3699 1708 Domi-

2117 1733 2242 1773 num
2286 1720 2548 1777 lavantem
2577 1724 2676 1780 sibi
2706 1728 2885 1796 pedes,
2919 1732 3036 1801 plus
3078 1738 3310 1805 expavit,
3344 1738 3465 1795 Non
3496 1742 3697 1800 habebis

2118 1819 2309 1877 partem
2344 1829 2566 1879 mecum;
2592 1824 2646 1870 et
2674 1819 2900 1875 credidit
2925 1838 3029 1878 non
3059 1827 3175 1881 sine
3206 1842 3362 1885 causa
3393 1832 3496 1889 hoc
3521 1834 3697 1892 facere

2118 1900 2420 1968 Dominum,
2450 1905 2551 1958 nisi
2574 1909 2694 1975 quia
2721 1909 2934 1981 aliquod
2954 1917 3212 1972 eratillud
3238 1919 3374 1977 forte
3395 1936 3696 1983 sacramento

2118 1999 2249 2058 tum,
2265 1995 2420 2048 ctait:
2440 1994 2669 2062 Domine,
2692 2016 2791 2054 non
2810 2003 2958 2070 pedes
2974 2014 3188 2076 tantum,
3207 2011 3295 2064 sed
3308 2022 3354 2066 et
3369 2026 3541 2086 caput,
3556 2028 3602 2071 et
3621 2028 3694 2072 too

2115 2091 2238 2138 tum.
2273 2085 2340 2139 Et
2366 2086 2488 2143 ille:
2515 2088 2614 2156 Qui
2634 2091 2765 2147 lotus
2784 2105 2855 2148 est
2876 2099 3046 2166 semel,
3071 2116 3171 2155 non
3191 2103 3337 2160 habet
3359 2111 3697 2166 necessitatem

2113 2174 2294 2228 iterum
2325 2176 2550 2247 lavandi,
2573 2180 2662 2234 sed
2689 2192 2762 2236 est
2788 2187 3005 2242 mundus
3032 2199 3185 2245 totus.
3214 2192 3329 2248 Non
3359 2211 3486 2267 ergo
3509 2199 3575 2254 ad
3604 2215 3696 2256 sa-

2114 2277 2441 2324 cramentum
2473 2280 2722 2344 tanquam
2742 2277 2758 2308 ¹
2790 2279 3149 2340 mundationis
3192 2288 3508 2358 pertinebat,
3552 2296 3694 2364 quod

2113 2355 2238 2413 lavit
2277 2360 2356 2415 eis
2402 2363 2581 2432 pedes,
2633 2367 2725 2423 sed
2769 2370 2837 2425 ad
2885 2355 3694 2444 exemplum,humilitatisz-boe

2114 2447 2257 2503 cnim
2279 2449 2505 2520 dixerat,
2538 2455 2688 2521 Quod
2708 2461 2840 2514 enim
2865 2479 2957 2533 ego
2976 2465 3129 2535 facio,
3159 2471 3349 2537 nescis;
3375 2475 3501 2529 scies
3527 2488 3694 2533 autem

2113 2550 2305 2615 postea.
2335 2543 2620 2602 Videamus
2645 2551 2689 2605 si
2710 2552 2945 2610 scierunt
2972 2567 3173 2627 postea,
3203 2562 3478 2622 videamus
3502 2569 3546 2622 si
3567 2586 3693 2641 ape-

2113 2631 2352 2689 rnit'illis
2379 2637 2522 2706 quod
2554 2639 2798 2711 faciebat,
2830 2656 2889 2700 ut
2915 2649 3186 2706 videamus
3225 2654 3505 2713 Dominum
3555 2631 3692 2731 prm-

2111 2721 2340 2778 cinctum
2370 2726 2704 2797 fortitudine;
2732 2736 2853 2805 quia
2883 2736 2934 2792 in
2971 2739 3269 2800 humilitate
3292 2757 3375 2802 est
3396 2757 3504 2805 tota
3541 2721 3691 2809 forti-

2113 2814 2259 2870 tudo.
2282 2819 2414 2874 Cum
2443 2823 2658 2887 lavisset
2680 2828 2758 2882 eis
2784 2828 2968 2897 pedes,
3001 2848 3183 2891 rursus
3223 2838 3508 2908 discubuit,
3536 2858 3590 2900 et
3618 2847 3692 2903 ait

2112 2903 2249 2960 illis:
2276 2905 2453 2964 Dicitis
2477 2929 2556 2967 me
2580 2913 2903 2986 Magistrum,
2927 2932 2972 2976 et
2992 2938 3163 2980 verum
3182 2928 3382 2996 dicitis;
3398 2949 3508 2986 sum
3527 2935 3655 2988 enim
3671 2954 3691 2991 :

2108 2995 2276 3052 dicitis
2302 3016 2379 3053 me
2408 3000 2703 3072 Dominunt,
2743 3018 2793 3062 et
2836 3026 3006 3067 verum
3034 3014 3235 3084 dicitis;
3275 3037 3392 3075 sunt
3433 3026 3562 3078 enim
3598 3043 3618 3079 :
3646 3028 3691 3082 si

2108 3101 2228 3157 ergo
2256 3104 2345 3159 ego
2376 3089 2621 3162 Magister
2648 3107 2694 3151 et
2724 3097 2972 3156 Dominus
3016 3117 3173 3160 vester
3216 3110 3318 3165 lavi
3345 3113 3480 3168 vobis
3517 3117 3686 3186 pedes,

2107 3179 2356 3245 quomodo
2402 3194 2598 3250 oportet
2649 3189 2785 3243 vobis
2833 3192 3041 3248 invicem
3087 3200 3285 3268 faciatis
3336 3179 3527 3274 (Joan;
3571 3179 3686 3278 xm,

2108 3267 2294 3337 4.15)?
2333 3269 2389 3325 Si
2429 3286 2558 3343 ergo
2602 3276 2654 3330 in
2699 3279 2993 3338 humilitate
3021 3297 3102 3342 est
3129 3267 3401 3361 fortitudo,
3435 3299 3596 3354 nolite
3624 3267 3688 3355 ul

2109 3372 2256 3414 tuere
2282 3362 2560 3432 superbos.
2592 3366 2830 3427 Humiles
2878 3385 3123 3447 tanquam
3171 3391 3317 3452 petra
3350 3396 3509 3443 sunt:
3538 3399 3684 3458 petra

2106 3446 2353 3506 deorsum
2380 3454 2608 3525 videtur,
2638 3460 2736 3515 sed
2764 3463 2932 3519 Solida
2957 3477 3057 3522 est.
3090 3446 3313 3541 Superbi
3336 3478 3502 3546 quid?
3525 3446 3686 3547 Quasi

2107 3540 2313 3598 fumus:
2340 3547 2438 3601 etsi
2462 3549 2553 3603 alti
2581 3560 2725 3619 sunt,
2758 3569 3097 3615 evanescunt.
3144 3564 3282 3635 Ergo
3309 3567 3376 3638 ad
3420 3569 3687 3626 humilita-

2109 3641 2213 3687 lem
2263 3633 2469 3691 Domini
2517 3639 2719 3698 referre
2764 3644 3021 3705 debemus
3068 3633 3554 3725 quodvprzccinctus
3580 3671 3682 3731 cst,

2105 3726 2398 3782 secundum
2428 3738 2989 3795 commemorationem
3042 3744 3333 3817 Evangelii,
3375 3754 3515 3822 quod
3547 3772 3687 3826 pra:—

2104 3814 2308 3872 cinctus
2334 3827 2436 3886 est,
2470 3831 2527 3876 ut
2551 3823 2752 3881 lavat-et
2782 3829 2943 3896 pedes
2972 3814 3243 3905 discipulis
3269 3814 3398 3895 suis;

2181 3909 2230 3964 Δ.
2264 3911 2355 3965 Est
2380 3912 2522 3968 aliud
2545 3916 2685 4007 quod
2706 3919 2757 3972 in
2778 3919 2877 3976 hoc
2897 3924 3062 3980 verbo
3084 3928 3348 3997 possimus
3369 3934 3679 4007 intelligere.

2106 3995 2343 4055 Diximus
2363 4003 2483 4072 quia
2509 4006 2595 4075 qui
2623 4022 2682 4062 se
2704 4011 2993 4082 prtecingit,
3024 3995 3147 4072 ante
3171 4034 3229 4074 se
3252 3995 3564 4093 ponitquod
3579 4029 3680 4084 sibi

2102 4086 2356 4159 adiungit,
2389 4100 2445 4146 nt
2469 4108 2529 4148 se
2556 4095 2751 4166 cingat.
2775 4098 2906 4166 Quia
2931 4117 3061 4173 ergo
3082 4105 3155 4160 illi
3177 4086 3267 4178 qui
3287 4086 3569 4169 detrahunt
3587 4133 3683 4171 uo-

2102 4177 2204 4245 bis,
2236 4181 2518 4251 aliquando
2539 4186 2692 4243 nobis
2712 4189 3019 4249 absentibus
3043 4177 3258 4264 faciunt,
3284 4210 3530 4274 tanquam
3564 4218 3681 4277 post

2101 4269 2352 4339 dorsum;
2399 4275 2684 4346 aliquando
2726 4296 2904 4337 coram
2938 4286 2989 4339 in
3025 4286 3230 4356 faciem,
3273 4269 3412 4348 sicut
3453 4269 3681 4357 Πηιίἰιιο

2101 4358 2364 4416 faciebant
2394 4365 2640 4433 pendenti
2668 4371 2719 4424 in
2746 4386 2925 4440 cruce,
2957 4374 3020 4429 Si
3059 4377 3196 4446 [ilius
3233 4379 3333 4435 Dei
3354 4392 3445 4452 est,
3474 4386 3681 4443 descen-

2101 4449 2186 4503 dat
2212 4452 2276 4505 de
2302 4469 2449 4509 cruce
2469 4455 2683 4527 (Matth.
2713 4478 2874 4530 xxvn,
2902 4464 3027 4537 40):
3052 4484 3158 4524 non
3184 4486 3316 4540 opus
3342 4449 3506 4533 babes
3531 4479 3679 4535 forti-

2100 4540 2279 4597 tudine
2299 4546 2513 4614 quando
2552 4540 2642 4605 tibi
2679 4551 2870 4622 aliquis
2893 4554 3121 4613 detrahit
3146 4562 3371 4630 absenti,
3413 4567 3534 4636 quia
3571 4585 3677 4626 non

2097 4630 2265 4696 audis,
2292 4648 2390 4690 nec
2415 4638 2614 4705 sentis;
2645 4640 2690 4694 si
2714 4650 2889 4698 autem
2925 4645 2976 4699 in
3014 4645 3203 4704 faciem
3227 4652 3317 4708 tibi
3343 4630 3504 4724 dicat,
3534 4674 3671 4728 opus

2098 4731 2261 4778 estut
2289 4722 2440 4781 fortis
2467 4729 2560 4782 sis.
2602 4730 2737 4798 Quid
2764 4742 2868 4799 est,
2920 4736 3099 4794 Fortis
3141 4741 3251 4797 sis?
3294 4743 3362 4800 Ut
3405 4722 3545 4802 feras
3563 4722 3585 4801 ε’
3610 4766 3677 4805 ne

2097 4809 2234 4866 forte
2265 4812 2384 4869 ideo
2410 4826 2461 4870 te
2491 4828 2642 4886 putes
2670 4819 2885 4891 fortem,
2907 4840 3027 4880 cum
3054 4829 3307 4900 audieris,
3333 4835 3452 4905 quia
3480 4820 3674 4907 peicu-

2098 4901 2163 4954 tis
2194 4917 2368 4973 pugno
2412 4907 2584 4962 vietus
2621 4912 2880 4968 convicio.
2928 4914 3043 4969 Non
3074 4927 3157 4973 est
3186 4920 3287 4981 ista
3325 4901 3599 4993 fortitudo,
3629 4932 3674 4983 si

2093 4992 2419 5051 conviciatus
2461 5001 2743 5069 percutias,
2774 5005 3024 5073 quoniam
3054 5008 3124 5063 ab
3154 5010 3231 5065 ira
3273 5013 3442 5070 victus
3468 5021 3563 5071 es'
3621 5029 3673 5076 et

2092 5083 2247 5139 valde
2288 5087 2505 5143 stultum
2553 5101 2656 5158 est,
2705 5092 2975 5153 hominem
3006 5099 3204 5157 victum
3253 5104 3442 5163 fortem
3470 5078 3702 5180 dicere,‘

2092 5189 2211 5229 cum
2237 5175 2379 5232 dicat
2417 5178 2708 5253 Scriptura,
2750 5183 2935 5241 Melior
2965 5199 3038 5243 est
3065 5192 3150 5259 qui
3175 5193 3325 5249 vincit
3345 5198 3493 5265 iram,
3521 5175 3672 5270 quant

2090 5267 2175 5336 qui
2199 5269 2334 5338 capit
2351 5271 2599 5327 civitatem
2620 5273 2799 5343 (Prov.
2839 5295 2947 5343 xvt,
2978 5281 3089 5351 59.).
3113 5283 3385 5344 Meliorem
3418 5267 3550 5346 dixit
3579 5295 3670 5350 ira:

2090 5356 2363 5428 victorem,
2413 5377 2572 5434 quam
2616 5366 2843 5423 civitatis
2887 5372 3289 5442 captivatorem.
3336 5379 3513 5437 llabes
3540 5398 3669 5454 ergo

2145 5533 2170 5609 ξ
2201 5535 2274 5609 sic
2294 5544 2394 5609 Am.
2419 5545 2470 5588 et
2491 5546 2599 5609 Mss.
2625 5549 2677 5592 At
2698 5549 2770 5593 l~‘.r.
2798 5553 2849 5596 et
2871 5554 2998 5609 lov.,
3024 5558 3225 5603 (mttunt.

2088 5595 2172 5707 in:
2184 5604 2402 5711 gemd‘e;
2403 5603 2553 5653 nostri
2574 5616 2746 5657 omnes
2763 5595 2887 5672 uss,
2908 5595 3435 5681 Vsi'victtismpcrcuttas,
3462 5632 3566 5671 cum
3604 5621 3665 5673 ab
