4024 6210
277 345 421 399 IIS-‘3

272 453 651 508 adversarium
677 465 926 521 magnum
972 452 1024 510 in
1057 455 1248 526 teipso.
1269 456 1402 511 Cum
1433 458 1610 514 audito
1631 459 1874 514 convicio

276 546 361 600 ira
395 544 620 613 emperit
649 558 896 621 surgere,
930 557 986 600 ιιι
1013 546 1205 601 reddas
1234 547 1428 600 malum
1464 563 1558 616 pro
1588 548 1749 614 malo,
1790 563 1878 603 re-

273 636 514 695 cordari:
561 641 724 694 verba
769 639 1010 708 Apostoli
1039 657 1052 691 :
1082 637 1202 691 Non
1246 639 1508 691 recidentes
1549 638 1738 692 malum
1787 656 1880 709 pro

276 733 442 795 malo,
491 746 650 798 neque
688 730 1010 783 maledictum
1039 746 1130 798 pro
1156 729 1419 782 maledicto
1451 728 1493 798 (Ι
1522 728 1662 782 Petr.
1691 745 1768 792 ιιι,
1801 728 1880 801 9).

282 826 380 878 llis
406 824 588 878 verbis
609 821 903 877 recordatis
925 821 1122 891 frangis
1144 821 1299 883 iram,
1320 830 1467 874 tenes
1493 819 1878 887 fortitudinem;

281 931 334 972 et
371 918 495 988 quia
525 931 706 971 coram
735 924 785 968 te
813 915 903 968 ille
933 913 1025 967 tibi
1051 913 1342 979 maledixit,
1374 926 1478 966 non
1509 923 1627 982 post
1656 911 1880 966 dorsum

285 1019 462 1072 tuum,
494 1009 814 1077 przecinclns
842 1023 898 1061 es
927 1007 1036 1060 illa.

358 1102 412 1155 5.
455 1099 574 1154 Jam
605 1108 797 1153 cetera
827 1097 1137 1152 audiamus:
1167 1095 1345 1150 brevis
1376 1105 1458 1150 est
1487 1095 1748 1161 Psalmus,
1799 1095 1882 1149 Et-

281 1190 418 1243 enim
465 1190 786 1257 conﬁrmavit
816 1190 982 1243 orbem
1007 1197 1171 1252 terrm,
1215 1187 1301 1257 qui
1342 1203 1442 1240 non
1473 1187 1878 1240 commovebitur.

283 1282 516 1348 Videtis,
558 1281 773 1347 fratres,
819 1279 969 1334 multi
1000 1278 1225 1333 credunt
1268 1277 1322 1331 in
1367 1277 1658 1341 Christum,
1692 1291 1881 1347 magna

284 1375 440 1428 turba
473 1383 558 1428 est
581 1391 594 1426 :
615 1382 668 1426 et
695 1383 869 1426 tamen
898 1371 950 1424 in
981 1369 1080 1424 hac
1104 1384 1291 1439 magna
1322 1369 1491 1434 turba,
1523 1367 1744 1424 audistis
1760 1385 1878 1422 mo-

283 1466 356 1519 do
399 1481 526 1518 cum
575 1463 921 1531 Evangelium
946 1462 1233 1531 legeretur,
1274 1459 1396 1529 quia
1424 1459 1603 1513 veniet
1629 1460 1882 1514 Dominus

285 1557 470 1609 ferens
498 1555 675 1624 [niam
707 1554 758 1608 in
790 1568 947 1606 manu
971 1567 1086 1618 sua,
1121 1562 1175 1605 et
1204 1551 1480 1605 mundabit
1499 1566 1677 1604 aream
1706 1566 1876 1618 suam;

285 1646 619 1700 fiumcntum
658 1643 910 1698 recondet
935 1643 986 1695 in
1015 1641 1230 1706 horreo,
1261 1641 1440 1710 paleas
1469 1641 1744 1695 comburat
1772 1641 1879 1711 igni

285 1735 702 1806 incxstingnibili
749 1733 959 1805 (Matth.
1006 1749 1082 1797 ιιι,
1119 1730 1227 1802 12).
1262 1730 1399 1785 Sunt
1427 1746 1552 1802 ergo
1580 1746 1674 1800 per
1716 1739 1880 1786 totam

285 1839 486 1883 tenam
533 1837 587 1880 et
616 1826 739 1880 boni
769 1833 822 1878 et
850 1824 1010 1878 mali:
1037 1824 1158 1878 boni
1189 1838 1351 1893 grana
1383 1833 1525 1888 sunt,
1556 1824 1676 1876 mali
1708 1825 1876 1892 palea.

283 1930 341 1982 lu
362 1935 544 1981 aream
572 1920 729 1974 intrat
752 1917 971 1989 tribula;
1002 1916 1206 1994 paleato
1226 1913 1478 1986 concidit,
1505 1914 1734 1972 triticum
1755 1930 1880 1990 pur-

283 2031 392 2090 gat.
417 2019 553 2084 Quis
583 2026 664 2070 est
694 2029 820 2086 ergo
845 2015 989 2068 orbis
1015 2022 1274 2067 terrarum
1303 2012 1391 2082 qui
1420 2028 1521 2064 non
1549 2013 1878 2064 connuovebi-

285 2110 405 2161 tur?
433 2107 589 2174 Quod
618 2107 799 2175 utique
828 2120 932 2158 non
959 2104 1181 2164 diceret.
1213 2103 1313 2156 nisi
1350 2111 1568 2157 essetet
1595 2101 1741 2157 orbis
1770 2112 1878 2157 ter-

281 2216 465 2256 rarum
495 2199 588 2269 qui
616 2197 1058 2253 commovebitur.
1087 2196 1179 2248 Est
1198 2194 1345 2248 orbis
1372 2203 1631 2248 terrarum
1653 2192 1742 2262 qui
1773 2209 1876 2248 non
1910 2223 1914 2226 ~

282 2292 733 2352 00ll1m0\'el)illlr,
760 2301 839 2344 est
865 2288 1012 2343 orbis
1036 2298 1295 2342 terrarum
1325 2287 1411 2357 qni
1429 2286 1874 2349 commovebitur.

286 2385 422 2450 Quia
453 2395 510 2437 et
539 2383 659 2436 boni
692 2382 778 2452 qui
807 2381 1023 2435 stabiles
1051 2389 1176 2434 sunt
1206 2380 1256 2433 in
1289 2379 1412 2446 fide,
1437 2379 1582 2433 orbis
1611 2388 1872 2434 terrarum

285 2488 394 2539 est;
430 2491 498 2528 ne
530 2476 650 2543 quis
678 2473 900 2537 diceret,
934 2472 990 2526 In
1023 2480 1171 2541 parte
1201 2480 1359 2525 sunt:
1389 2479 1444 2525 et
1473 2470 1617 2535 mali,
1645 2470 1734 2539 qui
1764 2485 1872 2525 non

282 2577 429 2620 Stant
450 2567 501 2618 in
533 2565 636 2619 fide
659 2579 778 2618 cum
801 2563 1066 2617 senserint
1090 2562 1322 2631 aliquam
1348 2561 1764 2627 tribulationem,
1785 2577 1878 2630 per

285 2661 472 2714 urbem
501 2671 762 2713 terrarum
790 2666 933 2710 sunt.
975 2655 1070 2710 Est
1092 2669 1220 2724 ergo
1248 2653 1393 2708 orbis
1422 2660 1682 2707 terrarum
1709 2651 1879 2706 mobi-

289 2753 372 2818 lis,
403 2761 487 2805 est
516 2751 665 2804 orbis
693 2757 952 2804 terrarum
984 2745 1269 2801 immobilis
1292 2743 1390 2799 :de
1403 2759 1508 2814 quo
1539 2745 1554 2774 ί
1576 2742 1702 2796 dicit
1733 2745 1877 2812 Apo-

288 2845 478 2896 stolns.
531 2841 663 2895 Vide
704 2840 887 2894 orbem
930 2847 1189 2892 terrarum
1218 2831 1492 2890 mobilem.
1529 2833 1679 2903 Rogo
1711 2841 1780 2898 te,
1810 2831 1878 2888 de

287 2934 481 3002 quibus
501 2931 714 2986 dicebat
744 2929 1049 2999 Apostolus,
1081 2946 1098 2979 ι
1124 2927 1202 2981 Ex
1234 2926 1426 2998 quibus
1450 2937 1531 2980 est
1559 2925 1879 2996 llymenzeus

288 3035 341 3078 et
370 3025 634 3087 Philetus,
663 3022 751 3091 qui
779 3011 1226 3075 circa-veritatem
1256 3019 1661 3083 aberravernnt,
1694 3017 1878 3072 dicen-

289 3124 368 3169 tes
398 3113 847 3168 resurrectionem
891 3109 996 3180 iam
1038 3107 1231 3164 factam
1276 3124 1418 3169 esse,
1460 3118 1514 3162 et
1559 3108 1713 3163 fidem
1746 3123 1879 3178 quo-

289 3204 534 3259 rumdam
567 3201 920 3256 subvertant?
945 3219 963 3252 ι
993 3199 1256 3268 Numquid
1285 3198 1370 3254 isti
1397 3197 1463 3251 ad
1485 3198 1670 3253 orbem
1705 3206 1878 3252 terra-

291 3312 408 3350 rum
443 3295 798 3364 pertinebant,
837 3292 928 3362 qui
958 3306 1061 3345 non
1106 3289 1566 3346 commovebitur?
1603 3289 1696 3343 sed
1728 3289 1880 3358 palea

291 3396 476 3443 erant:
501 3385 571 3439 Et
598 3387 772 3455 ﬁdem,
814 3384 1005 3453 inquit,
1052 3382 1397 3452 quorumdam.
1429 3380 1735 3435 subvertant.
1765 3380 1878 3435 Non

293 3479 445 3544 dixit,
483 3476 765 3541 Omnium;
791 3483 844 3529 et
869 3475 914 3528 si
940 3472 1179 3528 omnium
1206 3470 1433 3534 diceret,
1465 3484 1653 3526 omnes
1681 3470 1878 3524 intelli-

292 3583 420 3637 gere
443 3565 761 3619 deberemus
784 3562 1111 3632 pertinentes
1131 3560 1196 3614 ad
1225 3560 1489 3624 civitatem
1513 3559 1877 3630 Babyloniam,

291 3672 410 3726 qua:
435 3655 597 3709 habet
626 3653 864 3708 damnari
886 3667 1005 3717 eum
1024 3652 1234 3706 diabolo
1255 3669 1268 3705 :
1293 3659 1468 3705 tamen
1487 3650 1883 3721 ﬁdemquorum-

293 3751 414 3800 dam
438 3748 590 3801 dixit.
615 3747 682 3800 Et
699 3745 848 3815 quasi
879 3745 1144 3798 diceretur
1173 3743 1242 3808 ei,
1272 3741 1339 3796 Et
1361 3742 1479 3811 quis
1499 3742 1576 3796 eis
1599 3749 1772 3810 potest
1799 3755 1885 3796 re-

293 3839 520 3894 sistere?
548 3839 775 3907 subjecit
801 3836 979 3891 statim
1001 3853 1014 3888 :
1051 3834 1282 3888 Firmum
1303 3843 1469 3887 autent
1494 3833 1882 3904 fundamentum

299 3931 392 3985 Dei
420 3941 536 3984 stat.
568 3931 706 3985 Ecce
731 3929 896 3983 babes
918 3928 1102 3982 orbem
1127 3935 1383 3980 terrarum
1406 3923 1494 3993 qui
1517 3937 1621 3976 non
1647 3935 1884 3978 commo-

295 4022 524 4076 vebitur.
578 4019 784 4074 [labens
830 4017 1148 4088 signaculum
1193 4017 1308 4069 hoc.
1362 4013 1512 4078 Quod
1555 4012 1881 4082 signaculum

296 4114 456 4168 habet
489 4113 699 4166 firmum
727 4109 1168 4165 fundamentum?
1201 4106 1355 4161 Novit
1383 4105 1631 4160 Dominus
1662 4105 1747 4176 qui
1770 4113 1885 4159 sunt

295 4207 427 4274 ejus.
458 4203 564 4258 lste
595 4211 675 4256 est
699 4202 844 4256 orbis
875 4211 1134 4255 terrarum
1163 4198 1250 4268 qui
1279 4213 1384 4252 non
1424 4195 1880 4250 commovebitur:

298 4294 458 4349 Nouit
489 4294 734 4347 Dominus
759 4293 844 4362 qui
867 4301 981 4344 sunt
1008 4292 1137 4360 ejus.
1166 4290 1230 4344 Et
1259 4287 1400 4359 quod
1424 4287 1752 4358 signaculum
1786 4285 1884 4340 ha-

297 4385 425 4439 bet?
451 4383 520 4437 Et
547 4383 744 4436 recedat
772 4383 832 4435 ab
863 4381 1110 4452 injustitia
1141 4380 1302 4433 omnis
1331 4379 1416 4449 qui
1442 4380 1665 4432 nominat
1706 4393 1886 4438 nomen

298 4473 513 4528 Domini
544 4472 613 4545 (ll
636 4471 765 4525 Tim.
795 4488 852 4538 ιι,
888 4470 1101 4541 17-19).
1131 4468 1288 4523 Modo
1325 4469 1394 4522 ab
1432 4467 1706 4537 iniquitate
1733 4481 1884 4522 rece-

297 4565 516 4620 datzab
536 4565 732 4634 iniquis
757 4563 900 4618 enim
928 4579 1032 4616 non
1064 4567 1239 4633 potest
1270 4559 1540 4624 recedere,
1571 4559 1692 4629 quia
1724 4559 1886 4613 mixta

298 4664 387 4708 est
407 4655 559 4724 palea
589 4653 765 4706 tritico
792 4668 962 4722 usque
986 4651 1112 4706 dum
1135 4649 1439 4704 ventiletur.
1471 4647 1606 4713 Quid
1637 4647 1884 4713 dicimus,

300 4747 527 4803 h-atres?
554 4746 619 4800 Et
646 4746 697 4800 in
724 4747 836 4816 ipsa
865 4759 1012 4810 area,
1041 4743 1177 4796 mira
1206 4757 1292 4797 res
1320 4749 1402 4796 est
1427 4739 1493 4794 de
1520 4739 1724 4794 tritico:
1748 4753 1889 4795 τεεεα

299 4842 382 4896 dit
408 4856 437 4894 a
464 4841 640 4911 palea,
669 4853 790 4893 cum
820 4836 1179 4906 ex5poliatur;
1208 4841 1388 4888 etnon
1419 4831 1622 4888 recedit
1646 4831 1714 4885 ab
1738 4845 1886 4897 area,

301 4949 422 4988 cum
450 4932 752 4986 trituratur.
784 4928 1007 4996 Quando
1042 4935 1220 4980 autem
1265 4925 1484 4978 omnino
1525 4923 1890 4993 separabitur?

303 5027 438 5079 Cum
472 5025 681 5078 venerit
711 5022 1011 5076 ventilator.
1036 5019 1176 5088 Ergo
1205 5017 1364 5070 modo
1390 5031 1510 5071 area
1542 5017 1593 5069 in
1623 5016 1752 5070 orbe
1781 5024 1891 5070 ter-

303 5129 484 5168 rarum
513 5121 628 5167 est:
660 5125 879 5165 necesse
906 5119 988 5164 est
1028 5117 1104 5172 ut,
1150 5107 1196 5162 si
1240 5106 1476 5176 proficis,
1511 5106 1645 5159 inter
1683 5105 1891 5175 iniquos

303 5204 476 5257 vivas.
508 5203 592 5256 Ab
638 5200 837 5269 iniquis
877 5197 1130 5253 recedere
1159 5211 1263 5251 non
1292 5204 1475 5266 potes;
1523 5195 1588 5250 ab
1618 5195 1892 5265 iniquitate

302 5291 520 5348 recede.
555 5289 776 5344 Recedet
802 5289 864 5342 ab
889 5288 1150 5356 iniquitate
1196 5287 1358 5340 omnis
1402 5286 1488 5357 qui
1529 5285 1752 5338 nominat
1797 5302 1892 5339 no-

302 5398 422 5434 men
447 5380 692 5445 Domini;
723 5389 775 5434 et
799 5380 901 5435 erit
931 5379 981 5433 in
1009 5377 1137 5433 orbe
1165 5385 1425 5432 terrarum
1471 5377 1561 5446 qui
1599 5390 1703 5432 non
1743 5390 1892 5432 com-

303 5471 629 5527 movebitur.

379 5564 432 5618 6.
459 5561 477 5635 [
506 5579 636 5616 vers.
656 5560 736 5634 2.]
763 5561 956 5614 Parata
978 5569 1048 5616 est
1075 5561 1214 5615 sedes
1235 5569 1339 5624 tua,
1375 5558 1532 5625 Deus,
1554 5576 1616 5615 ea:
1633 5558 1722 5616 illo
1741 5561 1784 5614 ³.
1810 5558 1896 5615 Ex

373 5667 391 5697 ι
426 5671 587 5724 Forte,
609 5662 671 5712 de
692 5669 910 5724 utroque.

373 5727 394 5758 ’
429 5733 476 5774 tn
501 5720 750 5786 plerisque
773 5720 919 5786 διεδ,
943 5729 1119 5786 Parata
1140 5730 1208 5772 est
1242 5722 1380 5774 sedes
1412 5728 1495 5772 tua
1531 5735 1595 5774 ea:
1631 5720 1732 5784 illo,
1757 5721 1894 5774 sedes

305 5793 392 5846 (ut;
425 5782 546 5837 Deus
563 5799 628 5836 ex
644 5782 744 5835 illo.
771 5793 844 5835 Εω
865 5782 949 5834 illo
969 5783 1086 5845 quid
1108 5790 1196 5835 est.

1371 346 1770 406 ENARRATIO
1809 348 1875 406 IN
1916 349 2239 409 PSALMUM
2280 353 2441 418 XC".

3435 375 3566 430 HSG

1990 463 2100 527 illo,
2133 464 2256 533 quid
2285 465 2403 518 est?
2431 467 2506 520 Ex
2540 475 2686 522 tunc.
2712 469 2982 542 Tanquam
3011 476 3054 530 si
3081 477 3304 549 diceret,
3331 482 3461 550 Qua:
3488 497 3569 541 est

1986 555 2142 607 sedes
2173 555 2297 608 Dei?
2323 556 2409 610 ubi
2439 557 2590 613 sedet
2624 561 2801 615 Dens?
2841 563 2896 617 ln
2925 568 3124 622 sanctis
3152 571 3284 626 suis.
3331 573 3420 629 Vis
3449 590 3570 631 esse

1986 643 2140 698 sedes
2165 645 2290 699 Dei?
2319 647 2451 702 Para
2495 649 2667 705 lucum
2710 653 2762 708 in
2788 655 2948 712 corde
2972 666 3060 712 tuo
3088 661 3176 715 ubi
3206 664 3409 720 sedeat.
3439 667 3568 734 Qua:

1985 734 2238 787 estsedes
2265 736 2378 803 Dei,
2412 737 2510 792 nisi
2542 740 2629 794 ubi
2652 740 3043 800 habitatDeus?
3073 749 3168 804 Ubi
3187 751 3386 810 habitat
3405 756 3566 818 Deus,

1987 825 2086 878 nisi
2119 841 2169 878 ιιι
2199 834 2394 896 tempto
2425 830 2554 884 suo?
2581 831 2732 898 Quod
2771 845 2852 889 est
2892 840 3144 908 templum
3170 843 3319 913 ejus?
3343 847 3571 904 Parieti-

1986 915 2086 1006 bus
2130 916 2439 972 instruitur?
2465 920 2637 976 Absit.
2669 924 2894 980 Mundus
2923 928 3022 984 iste
3051 939 3132 986 est
3156 933 3290 990 torte
3313 939 3567 1006 templum

1985 1005 2181 1099 ipsius,
2201 1009 2321 1077 quia
2343 1011 2497 1066 valde
2521 1027 2744 1082 magnus
2768 1024 2869 1079 est,
2895 1028 2946 1071 et
2970 1019 3124 1088 digna
3151 1039 3238 1078 res
3261 1042 3378 1096 qua:
3396 1005 3569 1099 capiat

1986 1097 2188 1189 Deum?
2214 1099 2320 1154 Nec
2355 1104 2496 1170 capit
2537 1119 2658 1158 eum
2685 1121 2716 1159 a
2745 1121 2850 1175 quo
2876 1107 3045 1163 factus
3074 1121 3172 1166 est.
3208 1115 3274 1168 Et
3302 1117 3389 1171 ubi
3418 1097 3564 1189 capi-

1988 1187 2107 1239 tur?
2139 1189 2194 1242 ln
2221 1191 2394 1244 anima
2425 1193 2621 1262 quieta,
2653 1195 2705 1249 in
2735 1197 2910 1252 anima
2937 1199 3078 1268 justa
3102 1221 3114 1255 :
3141 1203 3250 1276 ipsa
3276 1206 3420 1261 illum
3445 1187 3568 1276 por-

1987 1284 2080 1329 lat.
2109 1278 2292 1348 illagna
2323 1297 2426 1347 res,
2461 1284 2684 1339 fratres:
2707 1298 2853 1342 certe
2885 1305 3104 1359 magnus
3130 1275 3213 1347 est
3256 1275 3570 1364 Deus;ifor-

1987 1366 2125 1420 tibus
2167 1370 2361 1437 gravis,
2391 1371 2614 1428 inlirmis
2642 1375 2771 1430 levis
2801 1386 2899 1431 est.
2927 1379 3069 1446 Quos
3097 1382 3204 1435 dixi
3238 1384 3435 1440 fortes?
3462 1390 3564 1444 Su-

1984 1457 2212 1525 perbos,
2265 1462 2354 1528 qui
2401 1465 2549 1529 quasi
2607 1465 2803 1519 habent
2861 1472 3325 1541 prmsumptioncm
3380 1477 3566 1534 virium

1983 1563 2217 1601 suarum.
2249 1550 2378 1604 Nam
2411 1553 2688 1609 inﬁrmitas
2718 1555 2806 1610 illa
2833 1557 2883 1610 in
2905 1558 3200 1616 humilitate
3226 1566 3396 1634 major
3416 1566 3569 1623 forti-

1986 1639 2114 1693 tudo
2141 1652 2240 1694 νει.
2265 1642 2403 1696 Audi
2429 1646 2740 1714 Apostolum
2768 1646 3053 1715 dicentem,
3081 1652 3296 1719 Quando
3317 1657 3567 1726 inﬁt-mor,

1985 1739 2102 1784 tunc
2127 1742 2303 1800 potens
2329 1751 2441 1786 sum
2472 1735 2538 1804 (ll
2561 1735 2678 1789 Cor.
2706 1754 2800 1804 xu,
2834 1739 2944 1810 10).
2975 1742 3084 1797 [Ioc
3123 1752 3204 1798 est
3241 1747 3384 1815 quod
3426 1764 3569 1804 com-

1983 1823 2285 1891 mendavi‘,
2317 1826 2436 1894 quia
2468 1828 2726 1883 Dominus
2769 1836 3083 1901 prtecinctus
3111 1847 3192 1890 est
3235 1837 3565 1902 fortitudine,

1985 1914 2198 1987 quando
2227 1915 2577 1976 humilitatem
2608 1919 2852 1979 docebat.
2883 1924 3022 1996 Ergo
3051 1926 3160 1998 ipsa
3179 1929 3431 1985 estsedes
3452 1932 3564 1997 Dei,

1983 2027 2100 2080 qua:
2130 2022 2311 2080 aperte
2338 2014 2442 2068 alio
2473 2016 2589 2069 loco
2615 2016 2666 2070 in
2687 2017 2953 2087 ’prOpheta
2991 2020 3203 2086 dicitur,
3235 2021 3402 2093 Super
3422 2042 3570 2093 quem

1983 2103 2254 2171 requiescet
2282 2104 2506 2174 Spiritus
2535 2109 2711 2161 meus?
2741 2109 2791 2163 id
2824 2119 2924 2175 est,
2960 2111 3047 2165 ubi
3077 2114 3374 2183 requiescet
3403 2115 3571 2186 Spiri-

1985 2200 2068 2246 tus
2097 2193 2210 2259 Dei,
2242 2194 2342 2248 nisi
2372 2196 2424 2248 in
2467 2195 2594 2251 sede
2639 2197 2769 2252 Dei?
2813 2200 2952 2255 Audi
3000 2203 3266 2272 quomodo
3303 2205 3572 2262 describat

1983 2283 2150 2353 ipsam
2174 2285 2378 2340 sedem.
2418 2287 2577 2343 Forte
2604 2291 2879 2347 auditurus
2903 2309 3023 2352 eras
3065 2311 3441 2352 marmoratam
3468 2301 3538 2355 do
3554 2331 3570 2342 ο

1983 2391 2150 2442 mum,
2176 2377 2346 2445 ampla
2377 2379 2547 2448 spatia
2589 2381 2866 2449 atriorum,
2910 2384 2961 2438 in
2993 2402 3182 2456 magna
3211 2388 3487 2446 altitudine
3512 2401 3568 2445 et

1981 2465 2185 2536 fulgore
2214 2477 2470 2524 tectorum
2492 2473 2531 2523 '.
2566 2472 2703 2526 Audi
2733 2473 2858 2543 quid
2889 2475 2988 2530 sibi
3021 2489 3168 2546 paret
3200 2479 3370 2535 Deus:
3401 2481 3570 2552 Super

1981 2573 2126 2626 quem
2161 2560 2427 2630 requiescet
2467 2560 2693 2632 Spiritus
2714 2566 2891 2619 meus?
2918 2566 3085 2637 Super
3111 2569 3348 2624 humilem
3369 2582 3412 2624 et
3433 2574 3571 2641 quie-

1984 2656 2110 2714 tum,
2138 2659 2185 2701 et
2213 2660 2500 2705 trementem
2523 2655 2670 2706 verba
2696 2671 2806 2708 mea
2837 2654 2986 2726 (Isai.
3010 2673 3148 2727 LXVI,
3173 2661 3250 2730 2).
3291 2661 3430 2717 Ecce
3468 2665 3573 2718 hu-

1983 2739 2124 2794 milis
2151 2756 2207 2794 cs
2233 2750 2286 2795 ct
2310 2742 2542 2811 quietus,
2575 2753 2631 2799 et
2663 2744 2714 2799 in
2748 2754 2798 2801 te
2836 2745 3040 2803 habitat
3084 2750 3224 2805 Deus
3241 2751 3281 2805 ⁸.
3309 2753 3463 2809 Altus
3488 2766 3572 2811 est

1983 2828 2143 2894 Deus,
2177 2846 2280 2884 non
2307 2832 2360 2885 in
2394 2842 2444 2886 te
2474 2832 2697 2901 habitat,
2729 2837 2773 2890 si
2805 2838 2942 2892 altus
2971 2854 3091 2896 esse
3128 2841 3377 2898 volucris.
3413 2846 3570 2901 Certe

1983 2921 2122 2975 altus
2151 2922 2228 2977 vis
2263 2938 2402 2990 esse,
2432 2933 2491 2978 ut
2528 2925 2732 2982 habitet
2770 2929 2824 2982 in
2865 2937 2948 2986 te:
2979 2929 3196 2988 humilis
3228 2945 3342 2990 esto
3370 2945 3424 2991 ει
3463 2947 3573 2992 tre-

1985 3026 2141 3066 mens
2169 3013 2327 3068 verba
2355 3014 2491 3083 ejus,
2525 3025 2578 3070 ct
2607 3017 2680 3070 ibi
2707 3017 2930 3074 habitat.
2949 3021 3062 3075 Non
3088 3023 3236 3079 timet
3259 3034 3569 3095 trementem

1982 3103 2220 3171 domum,
2249 3107 2369 3174 quia
2421 3107 2534 3176 ipse
2563 3108 2706 3163 illam
2729 3109 2927 3168 firmat.
2955 3097 3149 3168 Partito
3174 3126 3246 3169 est
3272 3118 3415 3172 sedes
3461 3129 3569 3184 tua,

1982 3193 2142 3262 Deus,
2188 3211 2251 3249 ea:
2291 3195 2402 3249 illo.
2444 3196 2529 3250 Ea:
2569 3199 2678 3266 illo,
2724 3199 2775 3255 id
2801 3211 2901 3267 est,
2930 3215 3181 3276 ex‘tunc;
3210 3207 3260 3260 id
3289 3217 3390 3274 est,
3419 3213 3571 3280 quasi

1984 3285 2248 3354 quoddam
2285 3295 2492 3355 tempus
2521 3287 2801 3357 signiﬁcat.
2836 3292 2913 3346 Ex
2960 3303 3106 3362 tunc,
3137 3312 3201 3352 ex
3237 3313 3343 3368 quo
3358 3299 3381 3350 ’ἐ
3411 3300 3573 3358 Forte

1984 3389 2047 3428 ex
2066 3375 2153 3429 die
2173 3385 2290 3429 ante
2315 3376 2597 3432 sabbatum.
2622 3379 2708 3434 Ex
2725 3381 2837 3448 illo,
2859 3383 2982 3454 quia
3013 3385 3194 3443 titulus
3221 3389 3417 3444 Psalmi
3438 3407 3574 3460 pra--

1985 3469 2170 3522 scribit
2193 3469 2344 3524 nohis
2374 3485 2438 3525 ex
2471 3486 2602 3560 quo.’
2631 3472 2794 3530 Sexto
2821 3477 2964 3531 enim
2995 3477 3100 3546 die,
3131 3479 3182 3535 id
3202 3489 3304 3547 est,
3331 3494 3573 3553 tempore

1986 3560 2146 3632 hujus
2175 3563 2358 3618 mundi
2397 3575 2571 3632 sexto,
2605 3568 2747 3622 venit
2777 3569 3032 3625 Dominus
3069 3571 3121 3626 in
3165 3588 3343 3628 carne.
3377 3575 3450 3628 Ex
3482 3575 3572 3630 illo

1986 3666 2134 3721 ergo,
2169 3653 2324 3721 plane
2353 3669 2417 3708 ex
2451 3655 2540 3709 illo
2579 3656 2871 3711 secundum
2914 3659 3204 3727 hominem,
3249 3678 3312 3716 ex
3359 3664 3450 3717 illo
3498 3680 3570 3717 ex

1988 3750 2158 3796 utero.
2217 3743 2353 3810 Quid
2385 3745 2524 3799 enim
2556 3747 2685 3801 dicit
2733 3748 2868 3802 alius
2909 3750 3178 3818 psalmus?
3207 3751 3273 3805 In
3304 3755 3572 3822 splendore
3623 3742 3625 3748 1

1986 3842 2275 3885 sanctorum
2301 3851 2363 3888 ea:
2388 3845 2549 3889 utero.
2575 3835 2641 3889 In
2672 3837 2940 3905 splendore
2968 3851 3274 3908 sanctorum,
3302 3843 3353 3897 id
3381 3854 3482 3912 cst,
3515 3854 3575 3901 ut

1987 3921 2352 3976 illuminentur
2377 3925 2565 3990 sancti,
2585 3935 2641 3979 ut
2661 3926 2876 3982 videant
2899 3927 3066 3983 Deum
3096 3930 3147 3986 in
3169 3946 3326 3987 carne
3344 3951 3358 4000 ;
3376 3944 3429 3990 et
3444 3951 3574 4005 pur-

1987 4020 2139 4081 getur
2162 4025 2274 4074 cor,
2325 4011 2465 4068 unde
2494 4014 2736 4070 videatur
2766 4018 2817 4070 in
2848 4017 3145 4075 divinitate.
3194 4021 3259 4076 In
3302 4025 3571 4093 splendore

1988 4114 2276 4158 sanctorum
2321 4122 2382 4160 ea:
2420 4116 2582 4161 utero.
2612 4108 2717 4164 Sed
2751 4110 2877 4178 quid
2904 4112 2976 4166 ibi
3006 4115 3280 4183 sequitur?
3313 4116 3390 4171 Ne
3435 4118 3574 4174 forte

1990 4211 2051 4250 ex
2084 4205 2234 4250 utcro
2264 4196 2387 4251 inde
2428 4196 2660 4268 incipere
2703 4212 2919 4269 putares
2959 4218 3089 4268 esse
3107 4203 3373 4262 Christum
3399 4226 3412 4262 :
3443 4210 3575 4264 Ante

1990 4285 2254 4356 luciferum
2302 4287 2452 4356 genui
2495 4299 2542 4342 te
2585 4289 2754 4363 (Psal.
2797 4307 2902 4359 CIX,
2937 4294 3018 4364 5).
3071 4294 3205 4350 Cum
3233 4298 3474 4366 dixisset,
3508 4300 3574 4354 In

1989 4377 2254 4448 splendore
2276 4390 2566 4435 sanctorum
2605 4399 2666 4436 ea:
2706 4393 2867 4450 utero,
2900 4387 3125 4456 subjecit
3150 4390 3345 4457 statim,
3377 4409 3443 4447 ne
3475 4411 3573 4463 pn-

1991 4475 2132 4523 tares
2159 4469 2429 4525 Christum
2451 4488 2480 4525 a
2512 4480 2752 4544 tempore
2779 4491 2899 4532 esse
2925 4481 3153 4548 cmpisse
3183 4496 3246 4535 ex
3275 4499 3380 4552 quo
3419 4495 3576 4539 natus

1993 4569 2094 4622 est,
2127 4560 2264 4615 sicut
2305 4563 2466 4631 erepit
2494 4563 2687 4632 Adam,
2720 4567 2856 4620 sicut
2885 4567 3174 4635 Abraham,
3216 4571 3353 4626 sicut
3382 4575 3572 4642 David,

1991 4648 2120 4703 Ante
2148 4650 2412 4722 luciferum
2432 4655 2581 4722 genui
2606 4664 2686 4708 te:
2709 4666 2832 4710 ante
2851 4671 3010 4714 omne
3032 4660 3172 4729 quod
3194 4661 3518 4719 illuminatur
3534 4667 3571 4719 ³.

1993 4741 2095 4796 Ρει·
2123 4741 2396 4798 luciferum
2435 4746 2597 4811 enim,
2646 4756 2736 4800 aut
2769 4748 2958 4803 ‘stcllas
2997 4766 3181 4807 omnes
3209 4755 3490 4824 significat,
3522 4770 3575 4813 et

1993 4847 2089 4904 per
2121 4835 2301 4890 stellas
2351 4845 2612 4906 tempora,
2662 4837 2785 4907 quia
2815 4839 2937 4894 fecit
2965 4842 3100 4898 Deus
3129 4845 3312 4901 stellas
3342 4847 3394 4901 in
3425 4851 3574 4918 signa

1994 4935 2291 4997 temporum
2318 4927 2466 4998 (Gen.
2496 4945 2534 4992 t,
2567 4929 2675 5000 Η),
2707 4938 2764 4984 ιιι
2787 4940 2912 4987 ante
2940 4942 3175 5004 tempora
3202 4937 3444 4994 invenias
3474 4957 3571 4994 na-

1994 5024 2105 5071 tum
2132 5032 2250 5072 esse
2278 5017 2578 5072 Christum:
2609 5028 2662 5073 et
2688 5022 2869 5090 utique
2896 5025 2983 5092 qui
3011 5034 3166 5080 natus
3190 5037 3270 5080 est
3288 5038 3412 5084 ante
3435 5037 3570 5084 tem-

1993 5123 2146 5178 pora,
2195 5124 2298 5162 non
2331 5117 2506 5178 potest
2550 5110 2716 5165 videri
2760 5122 2914 5169 natus
2954 5129 3022 5170 ex
3059 5125 3324 5185 tempore;
3375 5121 3495 5188 quia
3524 5127 3578 5176 et

1997 5207 2234 5269 tempora
2261 5209 2502 5256 creatura
2532 5201 2624 5257 Dei
2655 5213 2801 5258 sunt.
2833 5205 2898 5259 Et
2943 5207 3120 5276 utique
3163 5208 3210 5262 si
3257 5211 3432 5264 omnia
3479 5229 3576 5283 per

2059 5355 2076 5386 ι
2110 5351 2610 5420 ξδᾲθεοηιιιιεηίξςιυίι
2633 5353 2953 5418 Evartqeltum.
2993 5362 3048 5403 At
3084 5363 3184 5420 ιιεεΣ
3209 5359 3418 5420 quidam,
3455 5375 3579 5413 cam~

1995 5413 2246 5478 mendavi;
2266 5421 2318 5463 et
2339 5414 2554 5478 nonnulli
2583 5428 2692 5465 cum
2714 5413 2834 5478 Arn,
2858 5416 3202 5467 commtmdat'it
3226 5413 3242 5468 ζ
3269 5421 3352 5471 sed
3375 5413 3471 5473 non
3495 5427 3574 5474 ad-

1994 5476 2132 5533 dunt,
2155 5475 2475 5537 Evangelium.

2057 5538 2182 5608 '“stc
2202 5536 2306 5608 iussi
2320 5537 2450 5608 ,εδει
2464 5549 2598 5608 vero,
2615 5536 2842 5602 amplam,
2861 5536 3131 5601 spatiosum,
3148 5539 3381 5593 atriorum
3395 5539 3582 5608 magni-

1995 5595 2161 5660 tudine
2183 5603 2229 5646 ει
2257 5594 2444 5660 fulgore
2461 5594 2710 5660 tectorum;
2829 5594 2836 5596 “
2884 5594 2894 5600 ’
3017 5659 3028 5660 ί
3118 5594 3130 5601 ’
3475 5599 3484 5609 “

2061 5659 2082 5726 ἓ
2115 5665 2187 5706 Er.
2208 5658 2419 5726 veniet.
2446 5665 2564 5726 l.ov._
2589 5660 2659 5708 sic
2681 5658 2852 5726 legunt
2868 5660 2996 5710 hunc
3016 5659 3174 5712 locum
3199 5677 3212 5714 :
3251 5672 3367 5718 Ecce
3390 5667 3583 5720 humilis

1996 5725 2095 5773 esto
2116 5726 2161 5770 et
2184 5717 2388 5782 quietus,
2418 5726 2467 5768 ut
2488 5719 2595 5771 etin
2619 5727 2664 5769 te
2678 5717 2853 5782 habitet
2882 5729 3022 5771 netis.
3093 5730 3148 5774 tu.

2062 5784 2083 5814 δ
2119 5781 2296 5846 tit-gius
2316 5789 2394 5833 ius.
2410 5816 2428 5847 ,
2443 5787 2550 5833 ante
2572 5781 2732 5834 omnia
2754 5796 2862 5847 qua:
2882 5783 3174 5840 illumirumt.
