4024 6210
453 374 591 433 1187

454 491 630 561 ipsum
684 486 818 542 facta
861 490 983 538 sunt
1024 478 1200 550 (Joan.
1240 492 1276 545 ι,
1302 477 1358 548 5)
1386 483 1438 531 ct
1479 482 1714 544 tempora
1740 488 1835 543 per
1858 471 2031 541 ipsum

456 584 590 637 facta
623 587 763 635 sunt.
787 579 887 630 Aut
911 582 1057 630 certe
1082 579 1205 625 ante
1233 583 1446 624 omnem
1464 569 1704 638 spiritum
1727 566 1814 636 qui
1843 564 2036 619 illumi-

456 681 631 735 natur,
682 669 750 724 de
799 663 1069 734 Sapientia
1112 663 1262 724 dixit.
1318 661 1448 714 Ante
1493 660 1757 730 luciferum
1791 654 1940 729 genui
1954 665 2032 710 te.

450 760 698 816 intendat
729 757 973 812 Charitas
1016 763 1213 809 vestra.
1256 749 1535 818 Quomodo
1572 764 1699 818 ergo
1719 762 1838 802 cum
1866 746 2036 807 dixis-

445 862 557 917 set,
591 849 675 903 Es:
697 859 857 913 utero,
890 848 1050 901 veluti
1083 858 1391 915 prmcavens
1416 841 1537 897 fidei
1569 851 1786 904 nostrae.
1821 855 1888 893 ne
1911 839 2034 893 inde

364 954 375 967 ‘
447 950 763 1010 putaremus
786 939 1017 1008 coepisse
1043 937 1315 991 Christum
1344 951 1408 989 ex
1430 950 1537 1003 quo
1557 951 1622 988 ex
1646 931 2034 1001 utcro'virginis

454 1043 612 1088 natus
635 1041 748 1097 est;
782 1031 1008 1100 subjecit
1036 1030 1237 1091 statim,
1271 1027 1399 1081 Ante
1439 1025 1704 1096 luciferum
1751 1023 1902 1095 genui
1941 1034 1987 1076 te
2013 1039 2034 1078 :

451 1124 530 1179 sic
555 1133 609 1178 et
639 1122 726 1176 hic
754 1136 873 1176 cum
903 1119 1145 1183 dixisset,
1177 1117 1263 1171 Ea:
1297 1117 1409 1179 illo,
1460 1116 1514 1170 id
1553 1124 1653 1180 est,
1695 1129 1760 1170 ex
1802 1113 2034 1184 quodam

451 1224 710 1284 tempore,
748 1227 813 1266 ex
834 1211 922 1266 die
944 1220 1068 1264 ante
1094 1208 1392 1274 sabbatum,
1435 1222 1499 1261 ex
1547 1206 1637 1260 illa
1680 1212 1835 1261 sexta
1876 1213 2035 1260 tutata

450 1305 657 1372 mundi,
699 1303 913 1374 quando
940 1302 1087 1356 venit
1116 1299 1372 1354 Dominus
1400 1296 1666 1362 Christus,
1710 1304 1763 1350 et
1790 1295 1842 1349 in
1872 1308 2035 1349 carne

450 1404 608 1452 natus
635 1405 735 1459 est,
764 1394 882 1465 quia
908 1393 1155 1463 dignatus
1172 1399 1274 1458 est,
1295 1390 1456 1444 hoino
1484 1389 1656 1443 factus
1676 1395 1891 1458 propter
1913 1400 2030 1452 nos,

452 1489 629 1544 Deus'
667 1502 772 1542 non
801 1486 971 1540 solum
1003 1494 1128 1539 ante
1155 1481 1446 1547 Abraham,
1479 1478 1572 1535 sed
1605 1486 1729 1534 ante
1754 1477 1951 1533 caelum
1981 1486 2035 1532 et

435 1589 669 1642 terram,
696 1577 786 1647 qui
813 1576 965 1639 dixit,
995 1574 1123 1627 Ante
1152 1571 1407 1627 Abraham
1421 1586 1512 1642 ego
1528 1567 1762 1639 sum(1d.
1780 1584 1895 1635 Vill,
1916 1567 2030 1636 58):

453 1684 558 1723 non
589 1668 758 1721 solum
786 1673 912 1720 ante
939 1664 1226 1729 Abraham,
1250 1661 1342 1717 sed
1360 1672 1483 1715 ante
1509 1660 1708 1725 Adam;
1734 1673 1840 1713 non
1861 1659 2032 1713 solum

434 1767 575 1812 :ante
601 1756 792 1822 Adam,
824 1753 917 1809 sed
945 1761 1071 1807 ante
1104 1766 1293 1806 omnes
1317 1750 1573 1820 Angelos,
1608 1758 1733 1803 ante
1756 1748 1950 1803 caelum
1980 1754 2033 1803 et

434 1862 672 1913 terram,
698 1849 820 1919 quia
846 1847 1025 1901 omnia
1047 1861 1142 1916 per
1167 1847 1340 1915 ipsum
1369 1845 1502 1899 facta
1525 1852 1680 1898 sunt:
1704 1840 1950 1911 subjecit,
1968 1853 2035 1895 ne

434 1952 510 1997 tu
540 1942 820 1996 intendens
849 1939 988 1993 diem
1033 1937 1323 1992 nativitatis
1369 1934 1577 1991 Domini
1621 1948 1690 1988 ex
1731 1947 1838 2004 quo
1880 1940 2035 1986 natus

450 2045 553 2097 est,
585 2042 802 2103 putares
831 2047 897 2086 ex
926 2031 1016 2084 illo
1036 2044 1158 2085 esse
1181 2026 1433 2097 ctepisse,
1459 2024 1651 2079 Parata
1672 2034 1743 2079 est
1765 2023 1907 2078 sedes
1923 2032 2032 2091 tua,

448 2124 608 2179 Deus.
641 2122 745 2179 Sed
774 2122 894 2193 quis
921 2119 1095 2175 Deus?
1121 2120 1165 2173 A
1192 2119 1376 2174 siccato
1406 2126 1459 2171 tu
1484 2133 1535 2171 es
1555 2132 1573 2169 :
1591 2116 1659 2170 ab
1682 2124 1884 2170 ueterno
1902 2113 2036 2168 dixit

442 2222 544 2271 ἀπὸ
569 2227 760 2281 αῖῶνοςς
789 2215 867 2269 sic
891 2212 1052 2268 habet
1069 2226 1308 2283 graecus:
1334 2218 1449 2263 αἰὼν
1472 2205 1755 2278 aliquando
1778 2204 2034 2260 sa‘culum

447 2310 685 2379 ponitur,
703 2305 988 2378 aliquando
1012 2308 1272 2359 :eternum
1288 2301 1524 2371 ponitur.
1545 2298 1708 2369 Ergo,
1732 2312 1765 2351 o
1788 2306 1839 2351 tu
1857 2296 1944 2367 qui
1967 2310 2032 2351 ex

436 2402 542 2456 illo
568 2400 767 2455 videris
792 2407 969 2465 natus,
1003 2411 1068 2451 ex
1100 2405 1305 2450 teterno
1329 2407 1409 2448 es.
1438 2391 1554 2447 Non
1585 2399 1763 2445 autem
1786 2387 2034 2444 nativitas

447 2494 677 2548 humana
699 2494 979 2561 cogitetur,
1000 2488 1092 2545 sed
1107 2487 1368 2559 cogitetur
1390 2485 1660 2540 :etcrnitas
1676 2482 2033 2553 ditium-Ergo

432 2585 612 2653 'cmpit
632 2598 699 2638 ex
732 2597 839 2652 quo
863 2590 1019 2635 natus
1051 2588 1154 2643 est,
1182 2578 1381 2633 crevit:
1404 2575 1632 2631 audistis
1660 2573 2029 2644 Evangelium.

452 2675 624 2744 Elegit
646 2674 959 2743 discipulos,
995 2671 1236 2743 implevit
1264 2668 1405 2734 illos,
1444 2674 1723 2734 creperum
1742 2665 2033 2735 praedicare

434 2764 715 2832 discipuli.
745 2762 904 2818 Forte
930 2762 1031 2816 hoc
1055 2769 1138 2817 est
1164 2757 1307 2830 quod
1338 2764 1727 2829 consequenter
1756 2755 1903 2810 dicit.

521 2857 574 2910 7.
600 2854 749 2928 [vers.
778 2851 921 2926 5-4.]
950 2852 1274 2906 Elevaverunt
1301 2849 1517 2921 ﬂuuiina
1554 2863 1697 2902 voces
1736 2863 1875 2901 suos.
1902 2843 2031 2915 Quae

448 2954 576 3003 sunt
618 2947 718 3001 ista
746 2945 960 2999 ﬂumina
998 2959 1116 3014 quae
1141 2942 1482 2998 elavavérunt
1522 2953 1681 2995 voces
1727 2938 1885 2994 suas?
1913 2938 2029 2994 Non

446 3039 747 3095 audivimus
775 3055 787 3090 :
817 3051 990 3107 neque
1014 3034 1226 3107 quando
1254 3042 1409 3088 natus
1446 3040 1529 3087 est
1556 3032 1809 3087 Dominus
1831 3071 1848 3097 ,
1876 3031 2028 3086 audi-

436 3130 621 3184 vimus
647 3128 819 3182 locuta
846 3125 1093 3190 ﬂumina,
1141 3139 1315 3194 neque
1343 3121 1557 3192 quando
1580 3122 1876 3191 baptizatus
1900 3130 1983 3176 est
2009 3162 2026 3189 ,

436 3235 624 3291 neque
650 3217 862 3288 quando
884 3230 1073 3285 passus
1101 3222 1215 3279 est;
1249 3228 1354 3268 non
1376 3202 1673 3266 audivimus
1702 3209 1918 3265 ﬂumina
1946 3208 2029 3265 lo-

434 3319 592 3365 cuta.
624 3309 807 3379 Legite
833 3308 1172 3377 Evangelium
1198 3347 1213 3372 ,
1245 3320 1352 3359 non
1403 3302 1652 3358 invenitis
1675 3303 1797 3374 quia
1854 3302 2029 3385 locuta

444 3409 574 3456 sunt
600 3399 835 3454 ﬂumina.
866 3398 1059 3453 Parum
1086 3404 1170 3452 est
1202 3397 1322 3466 quia
1346 3396 1524 3451 locuta
1549 3402 1690 3458 sunt,
1720 3397 2031 3450 elevaverunt

439 3509 596 3550 more:
613 3507 732 3547 suas
758 3505 777 3547 :
800 3503 906 3545 non
936 3489 1109 3544 solum
1137 3487 1311 3542 locuta
1339 3494 1497 3552 sunt,
1523 3484 1618 3540 sed
1644 3483 1852 3540 fortiter
1869 3526 1884 3552 ,
1915 3499 2031 3541 ma-

448 3599 574 3655 gne,
604 3582 833 3638 excelse.
855 3579 986 3648 Quae
1011 3586 1135 3633 sunt
1164 3577 1263 3632 ista
1291 3575 1507 3631 ﬂumina
1527 3590 1648 3647 qua:
1672 3574 1846 3631 locuta
1870 3575 2031 3632 sunt?

449 3676 694 3733 Diximus
718 3672 856 3744 quod
888 3673 940 3727 in
967 3670 1257 3740 Evangelio
1278 3684 1384 3725 non
1430 3668 1695 3739 legimus;
1727 3677 1904 3724 tamen
1956 3667 2031 3724 ibi

442 3779 772 3838 qumranitts.
797 3763 929 3819 Nam
955 3763 999 3819 si
1047 3763 1119 3819 ibi
1158 3777 1265 3817 non
1305 3762 1638 3825 invenimus,
1669 3760 1759 3815 ubi
1791 3760 2029 3817 invenie-

439 3860 607 3916 mus?
639 3860 748 3929 ligo
765 3858 916 3914 vobis
936 3858 1133 3928 lingere
1155 3865 1371 3927 potero:
1394 3864 1450 3912 et
1470 3856 1644 3912 subito
1664 3870 1755 3910 ero
1782 3870 1887 3910 non
1912 3870 2033 3911 cer-

436 3962 537 4006 rtus
565 3951 896 4022 diapensator
921 3951 965 4015 ί,
991 3948 1085 4003 sed
1116 3948 1324 4018 ineptus
1352 3945 1634 4002 fabulator.
1664 3944 1720 4001 In
1744 3945 2031 4016 Evangelio

450 4055 779 4112 quaeramus,
818 4039 976 4095 simul
1005 4052 1307 4109 quaeramus
1349 4051 1468 4108 quae
1511 4044 1638 4091 sunt
1666 4035 1883 4090 ﬂumina
1914 4050 2031 4105 qum

440 4135 795 4189 «levaverunt
814 4144 973 4185 voces
1014 4144 1157 4185 suas.
1205 4128 1387 4183 Stabat
1430 4124 1615 4192 Iesus,
1666 4135 1713 4179 et
1739 4125 2031 4193 clamabat,

437 4224 651 4281 Alictum
673 4230 755 4277 est
787 4224 837 4275 in
876 4217 1187 4289 ‘Evangelio.
1228 4216 1363 4284 Quid
1407 4214 1706 4270 clamabat?
1744 4215 1879 4268 Ecce
1921 4215 2031 4284 jam

436 4316 628 4382 ipsum
667 4319 832 4378 caput
873 4307 1151 4361 nurninum
1180 4305 1407 4368 clamat;
1455 4298 1571 4372 ipse
1600 4302 1717 4358 fons
1743 4304 1866 4357 vitae
1892 4303 2032 4360 unde

433 4412 578 4457 «sum
613 4400 827 4455 ﬂumina
857 4412 1076 4452 cursura
1102 4436 1117 4460 ,
1167 4395 1358 4449 levavit
1386 4394 1533 4463 prior
1558 4409 1744 4450 vocem
1765 4410 1934 4450 suam.
1969 4395 2035 4450 Et

445 4491 591 4562 quid
618 4499 764 4544 stans
792 4487 946 4542 Jesus
970 4484 1233 4540 clamabat
1256 4483 1315 4538 ³⁸1
1343 4501 1364 4536 t
1394 4483 1493 4550 Qui
1524 4484 1695 4539 credit
1720 4485 1773 4540 in
1800 4501 1908 4552 me,
1931 4487 2034 4540 sic-

437 4592 517 4636 mt
558 4578 828 4647 Scriptum
867 4575 1016 4641 dicit,
1045 4573 1260 4659 flumina
1282 4589 1442 4644 aqua:
1462 4573 1594 4629 viva:
1616 4573 1683 4630 de
1707 4584 1894 4631 ventre
1920 4576 2036 4646 ejus

439 4671 643 4728 ﬂuent.
674 4688 691 4722 ι
733 4666 1070 4737 Evangelista
1094 4665 1335 4735 sequitur
1358 4664 1537 4720 statim
1571 4682 1587 4720 :
1638 4681 1660 4716 ι
1708 4664 1820 4721 Hoc
1856 4676 2033 4721 autem

437 4762 669 4819 «licebat
693 4760 758 4816 de
780 4760 985 4829 Spiritu
1007 4800 1023 4825 ,
1054 4772 1212 4828 quem
1234 4746 1520 4827 accepturi
1549 4764 1703 4811 erant
1752 4755 1807 4810 bi
1853 4757 1942 4827 qui
1982 4758 2032 4811 in

437 4871 583 4912 «eum
610 4860 763 4909 erant
787 4848 1061 4906 credituri.
1086 4847 1313 4917 Spiritus
1339 4855 1516 4901 autem
1542 4845 1778 4900 nondum
1810 4848 2036 4903 eratda-

442 4960 547 5004 stus
572 4988 587 5011 ,
614 4946 736 5018 quia
762 4943 917 4999 Iesus
945 4940 1176 4997 nondum
1203 4948 1318 4995 erat
1356 4938 1680 5010 gloriiicatus
1718 4935 1895 5006 (Joan.
1924 4954 2032 5006 vn,

442 5038 667 5108 εἵη-59).
693 5035 826 5091 Cum
844 5043 1029 5088 autem
1058 5029 1379 5101 gloriﬁcatus
1404 5036 1547 5085 esset
1572 5028 1725 5084 Jesus
1751 5028 1802 5082 in
1851 5044 2035 5084 resur-

442 5130 700 5187 rrectione
722 5135 775 5182 et
788 5124 1099 5180 ascensione
1128 5122 1179 5177 in
1202 5123 1400 5189 etuias,
1428 5121 1563 5177 sicut
1583 5122 1767 5188 nostis,
1800 5120 1986 5183 fratres
2017 5138 2033 5185 ;

444 5221 692 5292 simpletis
744 5217 818 5275 ibi
842 5216 1030 5271 decem
1075 5213 1262 5283 diebus
1308 5219 1524 5285 propter
1546 5211 1810 5283 quoddam
1863 5227 2038 5268 sacra-

450 5323 738 5379 mentum,
791 5309 936 5367 misit
984 5305 1240 5377 Spiritum
1293 5319 1447 5360 suum
1479 5313 1754 5372 sanctum,
1802 5303 2038 5373 implevit
2090 5362 2093 5367 _

448 5404 753 5474 «discipulos
778 5403 910 5476 (Act.
946 5417 1004 5465 lt.
1032 5398 1113 5471 4).
1140 5397 1259 5470 ipse
1284 5395 1514 5468 Spiritus
1540 5410 1788 5466 magnum
1816 5395 2033 5461 ﬂutnen,

526 5559 543 5587 ¹
578 5555 653 5612 ste
671 5551 900 5603 meliores
920 5560 1026 5604 Mss.
1062 5557 1221 5603 At-Er.
1248 5557 1301 5602 et
1321 5556 1452 5610 Lov.,
1477 5552 1533 5600 Et
1565 5546 1684 5612 quia
1714 5546 1941 5611 dignatus
1970 5552 2040 5597 est

463 5615 603 5665 honm
622 5611 732 5677 ﬁeri
753 5622 945 5676 propter
967 5626 1052 5665 nos
1073 5621 1224 5675 Deus,
1242 5625 1337 5665 non
1358 5613 1529 5674 solum,
1554 5620 1649 5661 etc.

529 5677 551 5710 ⁸
577 5676 788 5725 Onamor
807 5680 937 5725 “3..
963 5673 1250 5725 disputator.
1401 5713 1404 5717 .

531 5677 552 5770 ἒ
577 5676 1490 5849 ᾓιῗιῗέεαὶῖῗίᾶἓυῗξὲἒαοῗίῖιαῡαιζεπ.
1525 5740 1644 5786 ven.
1672 5739 1724 5787 et
1746 5737 1852 5784 Lor.
1884 5728 2040 5783 secuti

531 5810 640 5849 litus.
1990 5839 1993 5842 ,

456 5810 640 5852 smmis.
709 5810 765 5849 IL
1990 5839 1993 5842 .

1679 358 1752 416 'S.
1796 352 2160 414 AUGUSTINI
2199 353 2497 414 EPISCOPI

3581 361 3729 419 1188

2153 471 2292 526 unde
2312 471 2524 542 impleta
2552 476 2675 527 sun‘t
2695 473 2857 528 multa
2887 473 3121 529 ﬂumina.
3153 474 3229 530 De
3250 474 3365 545 ipso
3391 475 3609 534 iluniine
3642 478 3731 534 di-

2146 562 2218 615 cit
2247 562 2484 632 psalmus
2511 563 2618 618 alio
2645 564 2761 619 loco
2787 582 2806 619 :
2849 564 3102 620 Fluminis
3130 566 3346 636 impetus
3386 567 3610 636 lwtiﬁcat
3648 570 3725 623 ci-

2147 652 2351 706 vitatem
2378 653 2471 708 Dei
2492 654 2665 725 (Psal.
2694 672 2831 724 XLV,
2865 657 2941 727 5).
2973 656 3112 727 Ergo
3153 656 3289 712 facta
3342 669 3466 714 sunt
3508 658 3729 718 ﬂumina

2143 745 2411 799 canentia
2437 746 2505 801 de
2530 756 2716 802 ventre
2758 747 3139 818 discipulorum
3160 789 3176 814 ,
3231 763 3351 803 cum
3402 761 3729 820 acceperunt

2145 828 2404 905 Spiritum
2448 848 2690 893 sanctum
2740 856 2755 894 :
2810 840 2925 909 ipsa
2976 838 3192 894 ﬂumina
3247 851 3467 911 accepto
3515 840 3725 912 Spiritu

2143 929 2518 986 sanctoqude
2547 930 2761 986 ﬂumina
2786 933 2803 963 ί
2824 932 3167 988 elevaverunt
3186 948 3347 989 voces
3370 935 3533 990 suas?
3558 951 3730 1006 quare

2143 1020 2523 1077 elevaverunt‘?
2548 1024 2678 1089 Quia
2704 1025 2876 1093 primo
2902 1025 3212 1081 timuerunt.
3257 1027 3445 1083 Petrus
3491 1030 3724 1086 nondum

2147 1111 2241 1165 fuit
2262 1111 2482 1180 ﬂumen,
2513 1114 2724 1183 quando
2752 1116 3162 1187 interrogatione
3187 1118 3397 1173 ancilla:
3432 1128 3516 1175 ter
3563 1121 3724 1176 Chri-

2134 1212 2285 1257 stum
2313 1203 2521 1274 negavit
2550 1221 2563 1259 :
2595 1203 2779 1261 Nescio
2806 1207 3058 1262 hominem
3081 1207 3291 1280 (Matth.
3316 1226 3441 1266 xxvi
3464 1252 3481 1279 ,
3512 1211 3724 1282 69-71).

2145 1291 2241 1347 llic
2260 1294 2281 1325 ³
2307 1296 2498 1348 timens
2522 1296 2776 1351 mentitur
2800 1313 2816 1361 ;
2862 1297 3094 1353 nondum
3124 1298 3300 1354 elevat
3318 1315 3502 1356 vocem
3523 1344 3537 1365 ,
3583 1317 3724 1358 non-

2143 1382 2269 1439 dum
2295 1395 2377 1439 est
2396 1384 2619 1440 ﬂumen.
2634 1385 2737 1443 Ubi
2765 1396 2943 1443 autem
2971 1388 3173 1460 impleti
3201 1399 3324 1445 sunt
3350 1391 3547 1461 Spiritu
3592 1408 3724 1449 san-

2142 1484 2230 1530 cto
2251 1517 2265 1541 ,
2296 1476 2660 1534 accersierunt
2687 1493 2781 1534 eos
2806 1478 2975 1534 Judaei
2996 1521 3010 1545 ,
3058 1488 3112 1534 et
3156 1492 3519 1553 przeeeperunt
3544 1483 3620 1539 eis
3654 1499 3727 1541 ne

2143 1567 2364 1623 omnino
2414 1569 2763 1639 loquerentur
2802 1612 2818 1638 ,
2865 1585 3052 1641 neque
3093 1571 3347 1629 docerent
3397 1575 3451 1628 in
3506 1575 3725 1632 nomine

2143 1655 2290 1712 Jesu.
2316 1657 2504 1714 Petrus
2533 1671 2709 1715 autem
2734 1669 2790 1716 et
2807 1660 3041 1717 Joannes
3069 1662 3319 1718 dixerunt
3347 1663 3412 1719 ad
3439 1679 3534 1721 eos
3561 1684 3574 1718 :
3609 1684 3630 1718 ι
3665 1666 3721 1723 Si

2139 1745 2339 1816 justum
2387 1756 2470 1803 est
2504 1763 2685 1805 coram
2737 1750 2879 1818 Deo,
2928 1760 2987 1807 ut
3013 1750 3163 1806 vobis
3191 1752 3500 1810 obediamus
3553 1756 3723 1826 magis

2136 1848 2300 1904 quam
2330 1835 2468 1902 Deo,
2494 1837 2765 1907 iudicate:
2797 1855 2903 1895 non
2931 1840 3072 1894 enim
3118 1857 3401 1912 possumus
3418 1861 3543 1914 quin
3585 1847 3723 1903 vidi-

2142 1938 2263 1980 mus
2283 1934 2338 1981 et
2361 1927 2659 1984 audivimus
2686 1945 2793 1985 non
2822 1930 3353 2001 loqui.Elevavcrunt
3381 1954 3398 1988 ι
3428 1951 3554 2006 ergo
3574 1954 3592 1987 ι
3618 1937 3725 1992 ilu-

2143 2015 2287 2070 miua
2312 2031 2497 2073 vocem
2522 2033 2707 2086 suam,
2752 2035 2785 2076 a
2810 2022 3028 2077 vocibus
3055 2038 3312 2094 aquarum
3350 2026 3655 2081 multarum.
3695 2044 3716 2080 ι

2143 2107 2226 2162 Ad
2256 2107 2424 2178 ipsam
2450 2109 2805 2167 elevationem
2840 2113 2996 2168 vocis
3042 2115 3272 2183 pertinet
3296 2115 3437 2186 quod
3469 2116 3536 2170 ibi
3591 2119 3725 2173 scri-

2140 2205 2293 2267 ptum
2319 2207 2400 2254 est
2423 2238 2440 2268 ,
2484 2217 2508 2252 ε
2561 2200 2720 2256 Stetit
2761 2209 2938 2258 autem
2970 2203 3160 2259 Petrus
3198 2220 3320 2260 cum
3349 2204 3590 2262 undecim
3615 2248 3632 2274 ,
3670 2216 3727 2263 ct

2139 2287 2347 2342 elevata
2374 2303 2505 2344 voce
2523 2288 2658 2345 dixit
2680 2290 2746 2347 ad
2767 2307 2861 2347 eos
2881 2333 2897 2359 ,
2928 2293 3037 2348 Viri
3066 2294 3232 2350 Judaei
3271 2315 3290 2348 ι
3325 2297 3461 2366 (Act.
3486 2313 3556 2363 ιι,
3588 2298 3720 2370 14)ς

2140 2385 2198 2432 et
2222 2387 2414 2437 canere
2444 2381 2637 2450 quibus
2676 2383 2956 2439 annuntiat
3001 2384 3179 2440 Jesum
3220 2385 3337 2442 sine
3381 2391 3571 2444 timore
3586 2404 3721 2445 .cum

2141 2481 2331 2537 magna
2353 2467 2564 2524 ﬁducia.
2593 2470 2927 2528 Eleraomtnt
2951 2476 3091 2530 enim
3119 2476 3334 2545 ﬂumina
3358 2493 3527 2531 uocem
3551 2496 3720 2548 suum,

2141 2574 2175 2610 a
2199 2558 2400 2614 vocibus
2437 2576 2686 2630 aquarum
2735 2565 3030 2619 multarum.
3085 2565 3218 2621 Nam
3248 2576 3303 2622 et
3343 2582 3463 2625 cum
3516 2569 3722 2627 dimissi

2136 2658 2319 2705 essent
2345 2651 2587 2721 Apostoli
2614 2653 2681 2710 de
2701 2657 2927 2711 concilio
2968 2656 3272 2714 indecorum
3297 2700 3313 2726 ,
3351 2671 3612 2717 venerunt
3651 2664 3721 2720 ad

2136 2752 2266 2795 suos
2284 2781 2300 2803 ,
2331 2748 2386 2794 et
2410 2740 2778 2799 indicaverunt
2802 2755 2997 2816 quanta
3016 2748 3097 2803 cis
3122 2749 3429 2806 sacerdotes
3448 2760 3502 2806 et
3540 2754 3723 2809 senio-

2136 2842 2227 2882 res
2253 2827 2537 2887 dixerunt:
2569 2842 2624 2886 at
2648 2833 2720 2887 illi
2740 2835 3021 2891 audientes
3046 2837 3352 2894 levaverunt
3377 2856 3561 2897 vocem
3590 2859 3721 2899 una-

2138 2917 2310 2974 nimes
2338 2935 2523 2976 omnes
2551 2923 2619 2977 ad
2649 2910 2961 2995 Dominum,
2991 2936 3045 2984 et
3072 2928 3358 3000 dixerunt,
3390 2930 3635 3004 Domine,
3662 2946 3720 2991 tu

2135 3025 2191 3062 es
2208 3010 2295 3079 qui
2332 3012 2496 3081 fecisti
2518 3012 2702 3069 coelum
2722 3026 2770 3070 et
2796 3027 2980 3071 terram
2998 3058 3014 3084 ,
3060 3004 3105 3074 et
3133 3035 3302 3089 mare,
3332 3032 3381 3075 et
3406 3025 3576 3078 omnia
3606 3040 3721 3096 que

2134 3099 2191 3153 in
2213 3101 2283 3154 eis
2302 3111 2419 3156 sunt
2449 3102 2559 3174 (Id.
2589 3120 2643 3160 IV
2665 3147 2681 3173 ,
2716 3107 2901 3179 its-24)
2926 3124 2941 3173 ;
2968 3118 3024 3164 et
3049 3118 3241 3168 cratera
3265 3128 3385 3183 quas
3405 3115 3585 3172 dicere
3619 3133 3719 3187 po.

2136 3199 2355 3247 inerunt
2377 3192 2592 3250 numina
2620 3196 2880 3253 elevantia
2905 3215 3090 3256 vocem
3118 3215 3291 3257 suam.
3322 3202 3581 3261 Hirabiles
3605 3224 3719 3264 sus-

2135 3298 2370 3352 pensurar
2391 3286 2566 3339 maris.
2618 3285 2751 3342 Cum
2777 3290 2920 3344 enim
2949 3291 3022 3345 illi
3049 3289 3347 3349 elevassent
3393 3310 3551 3353 voces
3592 3312 3719 3354 suas

2134 3372 2426 3443 discipuli,
2472 3376 2819 3434 crediderunt
2864 3380 3055 3448 multi,
3107 3391 3163 3437 et
3216 3396 3537 3454 acceperunt
3564 3389 3718 3444 multi

2138 3462 2397 3535 Spiritum
2425 3476 2698 3535 sanctum,
2731 3477 2786 3525 et
2829 3481 3106 3540 eruperunt
3153 3474 3315 3527 multa
3366 3474 3581 3531 ﬂumina
3608 3478 3722 3534 cla-

2135 3569 2285 3611 mare
2309 3555 2377 3613 de
2419 3558 2621 3627 paucis.
2680 3559 2805 3616 ideo
2849 3563 3087 3632 sequitur
3108 3604 3124 3631 ,
3176 3563 3222 3619 Δ
3246 3567 3444 3622 vocibus
3472 3583 3718 3638 aquarum

2132 3644 2414 3703 multarum
2441 3648 2695 3705 mirabiles
2729 3666 3048 3722 suspensuras
3083 3654 3239 3708 maris
3266 3670 3286 3709 :
3313 3655 3363 3710 id
3406 3665 3518 3723 est,
3561 3655 3719 3727 hujus

2136 3738 2339 3793 εωωιί.
2361 3737 2494 3794 Cum
2523 3741 2774 3811 coepisset
2815 3741 3059 3797 Christus
3084 3734 3244 3800 tantis
3281 3745 3497 3801 vocibus
3521 3746 3719 3818 prardi-

2136 3832 2282 3897 cari,
2309 3833 2471 3900 carpit
2498 3832 2652 3889 irasci
2674 3847 2822 3888 mare
2839 3874 2855 3900 ,
2880 3843 3160 3904 coeperunt
3180 3834 3518 3893 crebrescere
3538 3853 3720 3909 perse-

2136 3922 2402 3977 cutiones.
2425 3920 2556 3977 Cum
2581 3923 2880 3979 elevassent
2903 3939 3029 3995 ergo
3054 3925 3268 3995 ﬂumina
3294 3941 3459 3981 vocem
3475 3945 3617 3982 suam
3635 3970 3651 3992 ,
3681 3946 3716 3983 a

2134 4014 2338 4068 uocibus
2360 4030 2606 4085 aquarum
2635 4015 2906 4069 multarum
2931 4016 3181 4073 mirabiles
3200 4033 3519 4095 suspensum
3540 4021 3716 4073 maris.

2134 4101 2524 4174 Suspensurae,
2556 4103 2905 4160 exaltationes
2944 4115 3103 4172 sunt;
3140 4106 3263 4176 quia
3292 4108 3505 4177 quando
3533 4109 3720 4164 irasci-

2134 4205 2228 4248 tur
2251 4210 2418 4261 mare,
2441 4197 2838 4266 suspenduntur
2860 4196 3070 4251 ﬂuctus.
3097 4196 3499 4268 Suspendantur
3524 4198 3718 4255 ﬂuetus

2139 4294 2393 4353 quantum
2420 4285 2639 4351 volunt,
2672 4284 2863 4340 fremat
2886 4301 3031 4341 mare
3054 4296 3310 4357 quantum
3338 4288 3485 4354 vult;
3512 4287 3722 4342 mirabi—

2141 4378 2212 4433 les
2240 4378 2451 4448 quidem
2476 4394 2799 4448 suspensum:
2818 4380 2972 4433 maris
2995 4420 3011 4446 ,
3042 4379 3310 4435 mirabiles
3333 4381 3491 4434 mina:
3512 4421 3528 4447 ,
3558 4380 3720 4435 mira-

2134 4470 2275 4525 biles
2300 4469 2693 4540 persecutiones
2712 4511 2730 4536 ,
2755 4469 2854 4525 sed
2879 4469 2999 4526 vide
3022 4471 3149 4541 quid
3175 4470 3413 4542 sequitur
3441 4488 3454 4525 :
3498 4471 3723 4526 Hii-abi.

2142 4560 2521 4636 (hiemaris
2547 4559 2811 4615 Dominus.
2839 4559 3155 4631 Compescat
3181 4576 3241 4616 se
3267 4576 3396 4632 ergo
3435 4578 3582 4617 mare
3599 4603 3615 4628 ,
3664 4574 3723 4618 ct.

2141 4650 2425 4720 aliquando
2453 4649 2820 4720 tranquilletur
2843 4691 2858 4716 ,
2887 4649 3044 4705 detur
3070 4666 3168 4720 pas
3214 4650 3547 4707 Christianis.
3583 4652 3722 4708 Tur-

2143 4740 2366 4796 babutur
2390 4756 2568 4808 mare,
2601 4739 2888 4795 ﬂuctuabat
2913 4742 3172 4796 navicula.
3205 4741 3453 4801 Navicula
3480 4742 3722 4798 Ecclesia

2143 4842 2226 4889 est
2248 4875 2264 4899 ,
2315 4849 2464 4889 mare
2490 4832 2740 4888 sacculum
2782 4842 2884 4888 est.
2913 4833 3067 4887 Venit
3117 4833 3406 4898 Dominus,
3432 4835 3725 4890 ambulavit

2144 4940 2304 4995 super
2328 4939 2476 4980 mare
2494 4966 2508 4989 ,
2535 4932 2592 4979 et
2617 4923 2810 4994 pressit
2836 4922 3268 4993 ﬂuctusultattli.
3304 4939 3397 4979 xlv
3418 4964 3433 4989 ,
3465 4924 3568 4992 24,
3599 4925 3721 4996 25).

2136 5015 2419 5085 Quomodo
2434 5013 2719 5069 ambulavit
2732 5013 2985 5068 Dominus
3002 5028 3164 5084 super
3175 5012 3431 5071 mareTSu
3437 5029 3528 5084 per
3547 5014 3725 5083 capita

2134 5108 2365 5163 istorum
2384 5106 2635 5162 ﬂuctuum
2661 5120 2967 5177 magnorum
2989 5105 3366 5175 spumantium.
3400 5105 3724 5173 Potestates,

2144 5208 2199 5256 et
2218 5208 2371 5271 reges
2393 5198 2750 5267 crediderunt,
2768 5197 3029 5269 subjugati
3057 5197 3427 5252 suutCliristo.
3452 5198 3593 5267 Ergo
3615 5214 3729 5253 non

2144 5299 2441 5347 terreamur
2459 5330 2472 5354 ,
2505 5288 2624 5360 quia
2651 5289 2904 5343 mirabiles
2927 5303 3248 5358 suspensum
3278 5290 3431 5343 maris
3458 5303 3478 5342 :
3510 5286 3727 5369 Mirabif

2147 5381 2211 5436 iis
2226 5381 2284 5434 in
2305 5380 2513 5436 ἐπειδὴ
2528 5379 2799 5433 Dominus.

2219 5473 2271 5528 8.
2301 5470 2452 5544 [vers.
2478 5469 2557 5544 5.]
2588 5466 2890 5526 Testimonia
2915 5479 3004 5525 tua
3031 5470 3220 5524 credita
3248 5472 3387 5542 facta
3410 5478 3524 5523 sunt
3554 5468 3725 5523 nimis.

2212 5606 2230 5675 ξ
2263 5586 2335 5675 sic
2357 5609 2533 5675 Am._et
2552 5609 2658 5675 Mss.
2701 5607 2759 5675 A_t
2794 5607 2869 5651 Er.
2903 5609 2956 5653 et
2982 5608 3120 5675 _Lov.,
3160 5609 3268 5666 Ipsa
3300 5599 3499 5665 ﬂre-nino
3535 5606 3729 5664 accept:

2148 5664 2325 5728 Spiritu
2344 5670 2523 5724 sancto,
2547 5663 2676 5714 tarde
2696 5662 3012 5721 elememnt,
3039 5675 3133 5713 etc.
3182 5662 3191 5666 ⁷
3300 5662 3310 5665 ⁷
3650 5662 3657 5664 ”

2215 5729 2236 5759 ι
2265 5725 2462 5783 Quidam
2481 5731 2609 5783 Mss,
2641 5724 2809 5775 nescio
2838 5723 3075 5775 hominem
3111 5724 3257 5774 hunc.
3308 5723 3506 5785 Timent,
3539 5731 3633 5775 etc.
3674 5727 3728 5771 ει

2154 5786 2388 5846 nonnulli,
2415 5795 2511 5838 Hoc
2534 5785 2703 5837 timens
2722 5786 2965 5838 mentitur.
3684 5810 3693 5821 ι
