4024 6210
307 388 445 446 1189

303 505 472 574 Magis
499 517 663 573 quam
714 503 728 534 ¹
762 499 1031 555 mirabiles
1061 507 1213 554 crant
1242 512 1582 568 suspensurm
1611 495 1774 550 maris
1799 538 1813 559 ,
1845 502 1899 548 ct

304 595 566 652 mirabilis
592 597 645 650 in
671 595 898 650 excelSis
925 593 1201 647 Dominus.
1237 610 1255 644 ι
1285 591 1326 645 Τ
1331 589 1612 646 esﬁmonia
1644 597 1730 642 tua
1779 601 1898 640 cre-

301 691 413 745 dita
441 689 578 744 facta
606 697 731 743 sunt
758 688 936 741 nimis.
961 685 1290 740 Testimouia
1324 692 1412 738 tua
1433 724 1449 749 ,
1501 701 1520 734 ι
1553 682 1673 752 quia
1695 680 1904 735 dixerat

303 783 432 838 illud
463 795 594 836 ante
629 798 642 834 :
681 797 700 831 ι
739 779 862 833 llaec
889 777 1010 833 dico
1063 775 1250 840 vobis,
1294 774 1434 828 utin
1464 786 1551 827 me
1589 786 1773 842 pacem
1804 770 1899 824 ha-

305 876 520 940 beatis,
575 873 628 928 in
676 871 883 926 mundo
922 879 1098 924 autem
1145 882 1466 937 pressuram.
1519 884 1538 918 ι
1590 866 1729 934 Ergo
1777 862 1900 933 quia

304 966 543 1021 mundus
589 978 897 1034 pressuram
945 962 1097 1016 vobis
1136 961 1370 1013 facturus
1414 966 1530 1022 est,
1575 957 1697 1011 dico
1727 953 1898 1007 vobis.

303 1057 602 1123 (Imperant
627 1054 755 1124 pati,
797 1062 852 1106 et
880 1052 1267 1106 conﬁrmarunt
1287 1049 1336 1102 in
1364 1062 1422 1103 se
1450 1046 1592 1117 quod
1624 1046 1728 1100 illis
1760 1059 1898 1113 prmo

302 1149 519 1203 dixerat
549 1145 840 1209 Dominus,
895 1151 951 1198 et
980 1142 1145 1212 magis
1189 1140 1356 1194 fortes
1398 1148 1522 1192 sunt
1572 1137 1714 1191 iacti.
1765 1135 1899 1189 Cum

303 1242 448 1295 enim
492 1238 744 1291 videbant
788 1233 994 1303 impleri
1042 1232 1094 1286 in
1143 1247 1201 1286 se
1257 1229 1566 1300 passiones,
1618 1226 1902 1296 sperabant

303 1331 572 1400 compleri
600 1330 654 1383 in
683 1344 741 1383 se
762 1336 818 1382 et
842 1340 1070 1380 coronas
1101 1342 1113 1378 :
1167 1334 1221 1378 et
1251 1323 1369 1376 ideo
1402 1340 1421 1373 ι
1460 1321 1732 1375 mirabiles
1779 1334 1901 1372 sus-

305 1438 563 1493 pensura:
589 1420 786 1483 maris;
817 1417 1076 1473 mirabilis
1117 1415 1170 1468 in
1197 1413 1423 1470 excelsis
1451 1411 1728 1466 Dominus.
1757 1409 1821 1465 Ut
1847 1409 1900 1463 in

309 1533 392 1572 me
416 1556 438 1573 ς
471 1534 490 1568 ι
528 1513 738 1584 inquit,
778 1529 796 1562 ι
834 1524 1018 1580 pacem
1051 1507 1322 1571 habeatis,
1370 1505 1422 1557 in
1473 1501 1672 1556 mundo
1723 1508 1900 1554 autem

305 1621 645 1678 prcssuram.
683 1622 701 1655 ι
737 1602 880 1672 Ergo
926 1599 1050 1670 quid
1097 1596 1359 1652 facimus?
1388 1594 1552 1650 Saevit
1590 1607 1771 1656 mare,
1807 1606 1903 1646 ex-

307 1700 571 1753 tolluntur
598 1696 789 1750 ﬂuctus
809 1734 824 1757 ,
854 1702 904 1748 et
937 1690 1104 1746 rabidi
1148 1688 1412 1749 fremunt;
1453 1699 1730 1755 pressuras
1755 1683 1899 1752 pati-

307 1807 428 1845 mur
460 1808 476 1843 :
507 1802 688 1843 nonne
709 1786 846 1840 forte
864 1781 1177 1838 deﬁcimus?
1203 1779 1374 1834 Absit.
1409 1796 1426 1829 ι
1464 1776 1714 1831 Mirabilis
1735 1777 1788 1828 in
1809 1789 1899 1829 ett-

307 1883 471 1937 celsis
497 1879 777 1934 Dominus.
812 1893 832 1927 »
863 1874 1009 1930 Adeo
1039 1883 1090 1928 et
1117 1872 1188 1927 ibi
1215 1886 1333 1930 cum
1359 1869 1580 1933 diceret,
1609 1887 1630 1918 ‹
1659 1874 1716 1920 ιιι
1742 1858 1794 1920 in
1817 1881 1902 1920 me

309 1988 498 2042 pacem
528 1970 791 2032 habeatis,
824 1968 874 2021 in
899 1965 1096 2020 mundo
1126 1972 1302 2017 autem
1327 1975 1626 2032 pressurum
1652 1975 1666 2023 ;
1704 1978 1725 2011 ο
1752 1958 1902 2028 quasi

307 2062 557 2116 dicerent
578 2102 592 2127 ,
625 2059 786 2113 Putas
817 2071 924 2110 non
947 2063 1153 2125 premet
1174 2067 1272 2108 nos
1300 2050 1561 2116 mundus,
1601 2058 1656 2104 et
1695 2050 1895 2103 exstin.

307 2161 435 2222 guet
462 2165 567 2205 nos
588 2151 614 2203 ?
639 2148 818 2204 statim
850 2146 1076 2216 subjecit
1100 2186 1114 2208 ,
1145 2144 1250 2200 Sed
1266 2143 1508 2214 gaudete,
1539 2143 1659 2211 quia
1684 2156 1774 2210 ego
1809 2140 1902 2193 vici

307 2246 554 2298 ea'culum
579 2240 760 2313 (Joan.
791 2254 904 2302 xvi,
927 2238 1039 2309 55).
1072 2237 1125 2292 Si
1149 2250 1276 2306 ergo
1299 2236 1389 2300 ait,
1411 2249 1501 2306 ego
1522 2235 1617 2288 vici
1637 2233 1897 2298 swculum,

307 2336 588 2390 adhaerete
620 2333 698 2387 illi
728 2332 816 2402 qui
840 2329 968 2386 vicit
995 2328 1270 2390 smculum,
1302 2327 1390 2397 qui
1421 2326 1548 2379 vicit
1569 2340 1735 2378 mare.
1763 2321 1905 2378 Gau-

306 2428 430 2484 dete
452 2427 522 2482 ad
551 2441 674 2482 eum
701 2467 717 2491 ,
748 2424 870 2494 quia
899 2425 920 2455 ¹
947 2421 1203 2502 mirabilis
1222 2427 1305 2475 est
1352 2419 1404 2474 in
1449 2419 1679 2474 excelsis
1718 2418 1901 2472 Domi-

307 2539 410 2577 nus
432 2564 448 2589 ,
477 2531 534 2577 et
561 2519 844 2575 testimonia
868 2527 953 2572 tua
973 2516 1160 2570 credita
1185 2519 1320 2585 facta
1345 2523 1461 2567 sunt
1487 2512 1654 2566 nimis.
1685 2513 1748 2565 Et
1777 2511 1901 2580 quid

309 2615 506 2672 factum
536 2621 622 2669 est
649 2611 716 2668 de
742 2611 825 2664 his
844 2607 1138 2664 omnibus?
1167 2605 1384 2660 Domum
1423 2614 1562 2657 luant
1599 2603 1736 2656 decet
1778 2618 1900 2656 san?

307 2707 590 2776 ctiﬁcatio,
652 2702 890 2756 Domine.
942 2700 1166 2754 Domum
1226 2704 1409 2760 tuam,
1469 2704 1631 2748 totam
1685 2693 1901 2747 domum

309 2807 453 2852 tuam
485 2814 498 2850 :
528 2810 633 2850 non
663 2793 748 2848 hic
768 2835 782 2857 ,
814 2800 903 2845 aut
925 2790 1040 2856 hic,
1065 2797 1154 2843 aut
1203 2787 1272 2842 ibi
1299 2803 1312 2851 ;
1365 2786 1458 2840 sed
1499 2786 1713 2838 domum
1760 2793 1902 2837 tuam

309 2901 475 2945 tutam
503 2931 518 2955 ,
555 2902 648 2957 per
675 2895 842 2940 totum
872 2883 1055 2938 orbem
1080 2891 1361 2936 terrarum.
1411 2877 1586 2942 Quare
1618 2890 1710 2944 per
1735 2883 1900 2928 totum

308 2982 497 3036 Orbem
528 2976 962 3042 terrarum?Quia
977 2974 1213 3030 correxit
1233 2972 1417 3026 orbem
1453 2979 1607 3024 terrm
1630 3011 1642 3032 ,
1673 2969 1761 3038 qui
1794 2983 1900 3022 non

307 3073 737 3130 commovebitur
762 3070 930 3140 (Psat.
961 3083 1064 3122 xcv
1083 3107 1098 3132 ,
1129 3065 1240 3137 10).
1279 3065 1476 3118 Domus
1501 3062 1709 3116 Domini
1751 3060 1901 3114 fortis

308 3175 447 3235 erit;
475 3187 571 3241 per
596 3179 760 3224 totum
787 3166 968 3220 orbem
993 3173 1255 3218 terrarum
1301 3161 1400 3215 erit
1431 3177 1442 3212 :
1477 3158 1624 3212 multi
1672 3155 1898 3220 cadent,

309 3265 405 3319 sed
432 3265 624 3318 domus
647 3261 732 3315 illa
787 3267 921 3322 stat;
960 3255 1108 3310 multi
1155 3252 1540 3314 turbabuntur,
1565 3249 1657 3304 sed
1711 3247 1902 3301 domus

309 3355 400 3409 illa
432 3371 535 3408 non
568 3350 885 3406 movebitur.
918 3347 1134 3400 Domum
1190 3353 1327 3397 tuam
1382 3341 1517 3395 decet
1545 3338 1895 3407 sanctiﬁcatio,

312 3447 549 3501 Domine.
577 3441 842 3512 Numquid
877 3454 1038 3510 parvo
1090 3435 1365 3505 tempore?
1395 3431 1566 3487 Absit.
1597 3429 1660 3483 In
1683 3428 1903 3499 longitu-

313 3538 479 3591 dinem
497 3536 715 3589 dierum.

343 3629 1877 3658 ______________________—————

738 3695 817 3756 IN
865 3690 1240 3754 PSALMUM
1285 3687 1486 3750 XCIII

908 3788 1328 3846 ENAIHIATIO.

961 3896 1131 3937 εειιιιο
1161 3880 1234 3951 (a)
1246 3919 1260 3932 .

391 3983 443 4035 1.
484 3980 631 4036 Sicut
656 3973 1010 4030 intentissime
1032 3970 1352 4033 audivimus,
1383 3981 1503 4020 cum
1533 3964 1770 4036 psalmus
1804 3963 1904 4018 iste

316 4071 614 4141 legeretur;
644 4067 713 4121 ita
741 4066 942 4118 intente
962 4061 1254 4122 audiamus,
1279 4072 1402 4112 cum
1422 4056 1622 4110 revelat
1646 4053 1904 4108 Dominus

312 4179 436 4235 quae
468 4161 554 4215 hic
579 4159 824 4228 dignatus
851 4165 932 4210 est
958 4166 1186 4223 opacare
1217 4148 1489 4220 mysteria.
1520 4145 1603 4201 Ad
1635 4145 1734 4200 hoc
1759 4144 1901 4198 enim

322 4253 644 4310 clauduntur
681 4247 926 4318 quaadam
964 4253 1294 4299 sacramenta
1332 4240 1720 4309 Scripturarum
1746 4278 1761 4302 ,
1798 4251 1904 4290 non

323 4357 382 4400 ut
413 4346 764 4414 denegentur,
792 4337 885 4393 sed
912 4345 967 4390 ut
993 4333 1323 4406 pulsantibus
1346 4331 1668 4400 aperiantur.
1697 4327 1751 4382 Si
1779 4341 1905 4396 ergo

319 4437 509 4491 affectu
553 4435 644 4504 pio
681 4441 735 4486 et
771 4431 976 4485 sincera
1015 4425 1192 4481 cordis
1230 4423 1490 4480 cliaritate
1528 4420 1768 4490 pulsetis,
1816 4418 1906 4472 ille

321 4530 526 4598 aperiet
550 4524 764 4598 (Matth.
790 4537 886 4588 vn,
916 4519 969 4590 7)
997 4520 1086 4588 qui
1113 4516 1255 4571 videt
1277 4515 1428 4570 unde
1445 4512 1685 4582 pulsetis.
1711 4509 1904 4563 Notum

329 4629 406 4677 est
443 4618 690 4672 omnibus
718 4614 876 4668 nobis
905 4610 1104 4684 (atque
1133 4609 1332 4663 utinam
1359 4604 1427 4658 de
1461 4617 1684 4658 numero
1721 4613 1906 4655 eorum

319 4726 430 4766 non
459 4710 677 4776 simus),
705 4701 906 4759 multos
936 4713 1270 4755 murmurare
1294 4695 1550 4751 adversus
1583 4692 1674 4746 Dei
1701 4690 1906 4761 patien-

321 4804 474 4869 tiam,
507 4810 562 4855 et
589 4797 774 4852 dolere
803 4795 1012 4865 iniquos
1054 4790 1298 4846 homines
1327 4786 1596 4861 et,impios
1621 4784 1705 4840 vel
1732 4784 1909 4838 vivere

321 4896 377 4950 in
410 4895 510 4948 hac
541 4903 683 4946 terra
709 4931 724 4951 .
755 4887 840 4944 vel
865 4887 1024 4942 etiam
1051 4882 1334 4954 plurimum
1363 4894 1556 4950 posse;
1585 4887 1636 4932 et
1660 4876 1800 4947 quod
1827 4883 1911 4931 est

322 4985 555 5055 amplius
582 5025 598 5049 ,
629 4981 943 5052 plcrumque
971 4975 1251 5046 plurimum
1275 4986 1435 5042 posse
1461 4971 1630 5026 malos
1655 4969 1910 5024 adversus

325 5079 496 5130 honos
520 5117 535 5141 ,
567 5083 621 5128 et
661 5085 805 5138 smpe
837 5067 1004 5122 malos
1029 5078 1272 5136 premere
1302 5063 1507 5125 bonos;
1537 5059 1703 5114 malos
1729 5059 1909 5113 exsul-

321 5178 441 5221 tare
462 5207 477 5232 ,
505 5165 678 5219 bonos
708 5162 992 5222 laborare;
1023 5156 1190 5210 malos
1216 5152 1512 5222 superbire,
1538 5151 1706 5205 bonos
1734 5148 1912 5202 bunu-

327 5259 469 5315 liari.
503 5255 855 5312 Attendentes
881 5251 1003 5305 talia
1036 5250 1085 5302 in
1116 5262 1310 5318 genere
1339 5246 1570 5300 humano
1599 5241 1913 5311 (abundant

331 5351 499 5419 enim)
526 5386 544 5414 ,
585 5351 967 5416 pervertuntur
1006 5339 1340 5408 impatientes
1377 5345 1431 5390 et
1470 5332 1665 5388 infirmi
1703 5331 1908 5398 animi,

330 5439 480 5512 quasi
507 5439 700 5494 frustra
727 5436 835 5491 sint
858 5433 982 5489 boni
1005 5443 1021 5498 ;
1046 5431 1168 5502 quia
1193 5430 1330 5485 Deus
1354 5426 1545 5483 avertit
1567 5425 1651 5481 vel
1674 5432 1913 5479 avertere

325 5531 538 5586 videtur
566 5527 749 5583 oculos
777 5541 902 5581 suos
931 5540 962 5579 a
990 5524 1146 5579 bonis
1177 5520 1426 5591 operibus
1458 5519 1664 5589 piorum
1695 5525 1749 5572 et
1777 5513 1910 5570 ﬁde-

394 5665 411 5696 ί
449 5661 791 5725 Aliquo_t__stss.,_
811 5655 940 5722 quia.

393 5728 414 5758 ³
450 5721 688 5785 Nonnulli.
711 5721 809 5785 vrsi-

393 5786 470 5847 (n)
495 5793 542 5833 tn
564 5773 941 5847 aliena'diqgcesi
965 5779 1174 5841 habitus,
1189 5781 1394 5841 rogante
1415 5774 1748 5837 episcoporum
1765 5773 1912 5829 coetu,

337 5840 481 5899 simili
499 5861 560 5896 ex
585 5845 682 5895 ﬁne
709 5840 1015 5904 intelligitur.

1377 377 1774 440 ENARR.\TIO
1815 374 1878 433 LV
1913 373 2239 432 PSALMUM
2277 371 2462 430 XCIII.

3454 376 3592 432 “90

2013 489 2140 542 lium
2163 531 2178 556 ,
2222 496 2275 543 et
2304 502 2498 558 augere
2527 487 2692 542 malos
2724 489 2773 542 in
2807 487 2889 542 bis
2915 503 3034 559 quae
3063 488 3306 560 diligunt.
3339 489 3590 548 Putantes

2008 594 2135 650 ergo
2162 579 2355 634 inﬁrmi
2385 580 2573 633 frustra
2604 595 2662 634 se
2692 581 2828 635 bene
2858 580 3053 647 vivere,
3086 590 3177 636 aut
3205 582 3493 638 invitantur
3521 585 3591 642 ad

2007 670 2314 724 imitandam
2342 669 2596 724 malitiam
2623 685 2806 724 eorum
2834 686 2964 740 quos
2989 672 3137 740 quasi
3160 670 3353 726 ﬂorere
3373 674 3588 742 conspi-

2007 762 2155 816 ciunt
2174 780 2188 816 :
2207 771 2296 825 aut
2317 760 2362 816 si
2386 777 2478 831 per
2503 759 2862 815 inﬁrmitatem
2884 762 2966 816 vel
2990 777 3226 829 personae
3246 778 3357 827 suae
3383 765 3462 818 vel
3485 769 3594 818 aui-

2009 853 2104 918 mi,
2127 853 2312 907 timent
2333 853 2469 907 male
2492 851 2686 917 facere,
2703 867 2769 905 ne
2789 851 2985 920 aliquid
3009 852 3115 906 illis
3129 853 3416 908 secundum
3441 854 3590 923 leges

2005 945 2188 1000 s:rculi
2220 945 2344 1000 mali
2369 946 2607 1011 accidat;
2640 961 2747 999 non
2777 946 2896 1014 quia
2921 946 3172 1016 justitnm
3203 948 3444 1018 diligunt,
3471 951 3584 1013 sed,

2008 1047 2063 1090 ut
2089 1036 2261 1090 dicam
2287 1037 2540 1105 apertius,
2568 1037 2816 1091 timentes
2837 1037 3074 1092 damnari
3099 1047 3233 1092 mter
3254 1039 3498 1095 homines
3520 1041 3584 1095 ab

2007 1128 2312 1182 hominibus
2332 1168 2347 1193 ,
2379 1127 2646 1181 abstinent
2674 1143 2732 1182 se
2763 1127 2978 1197 quidem
3015 1143 3044 1176 ιδ
3083 1128 3230 1183 factis
3269 1130 3423 1184 malis
3445 1171 3459 1196 ,
3493 1131 3588 1185 sed

2005 1233 2111 1271 non
2151 1232 2208 1271 se
2246 1218 2511 1271 abstinent
2535 1232 2561 1270 a
2596 1218 3002 1287 cegitationibus
3029 1220 3200 1272 malis.
3237 1221 3299 1273 Et
3325 1222 3460 1276 inter
3487 1237 3586 1277 co-

2003 1309 2284 1378 gitationes
2311 1323 2496 1362 eorum
2531 1309 2736 1377 iniquas
2763 1348 2776 1372 ,
2803 1310 3068 1378 praecipue
3104 1321 3261 1378 caput
3300 1312 3588 1380 iniquitatis

2006 1401 2093 1453 illa
2121 1410 2263 1455 tenet
2291 1401 2534 1469 impietas
2553 1442 2568 1467 ,
2598 1416 2697 1470 qua
2729 1401 2938 1454 videtur
2963 1402 3040 1455 eis
3074 1403 3208 1456 Deus
3238 1405 3506 1474 negligere
3534 1413 3588 1460 et

2005 1508 2110 1546 non
2137 1508 2326 1547 curare
2353 1509 2438 1548 res
2466 1493 2752 1557 humanas;
2783 1502 2837 1548 et
2861 1499 2946 1547 aut
2975 1495 3250 1564 tequaliter
3274 1496 3468 1551 habere
3488 1498 3588 1551 bo-

2006 1602 2104 1641 nos
2134 1597 2184 1641 et
2213 1587 2415 1650 malos;
2449 1595 2539 1640 aut
2561 1587 2720 1641 etiam
2744 1628 2760 1648 ,
2787 1587 2924 1655 quod
2955 1596 3036 1642 est
3064 1588 3416 1656 perniciosius
3441 1591 3588 1660 cogi-

2005 1687 2137 1743 tare,
2168 1679 2414 1733 insectari
2443 1678 2609 1732 bonos
2634 1689 2687 1733 et
2711 1679 2862 1733 malis
2884 1678 3080 1734 favere.
3104 1679 3203 1747 Qui
3229 1681 3347 1735 talia
3369 1682 3589 1752 cogitat,

2004 1770 2104 1824 etsi
2137 1769 2265 1822 nihil
2291 1769 2414 1823 mali
2443 1769 2600 1823 alicui
2629 1768 2812 1834 faciat,
2847 1769 2966 1823 facit
3000 1771 3282 1838 plurimum
3309 1772 3430 1838 sibi,
3460 1780 3512 1826 et
3538 1773 3588 1826 iu

2003 1862 2238 1928 seipsum
2265 1862 2455 1931 impius
2476 1871 2558 1916 est
2577 1871 2676 1927 ;,et
2698 1862 2972 1932 iniquitate
2992 1878 3086 1916 sua
3107 1879 3213 1918 non
3234 1864 3378 1923 laedit
3402 1865 3587 1932 Deum,

2000 1952 2098 2004 sed
2129 1951 2376 2006 interﬁcit
2400 1967 2478 2007 se.
2510 1952 2692 2022 Neque
2721 1961 2915 2007 nocent
2943 1953 3266 2019 hominibus,
3300 1956 3421 2025 quia
3449 1957 3592 2009 “IIII!-

2004 2044 2057 2098 di
2077 2045 2308 2115 suntqui
2332 2045 2452 2100 talia
2473 2047 2734 2115 cogitant;
2758 2046 2851 2100 sed
2877 2055 3050 2100 tamen
3075 2046 3353 2101 homicidia
3376 2063 3589 2114 eorum,

2004 2136 2263 2191 adulteria
2285 2151 2489 2201 eorum,
2515 2137 2727 2191 fraudes
2747 2146 2800 2192 et
2823 2137 3033 2206 rapinas
3054 2153 3238 2192 eorum
3261 2137 3403 2193 videt
3428 2139 3587 2208 Deus,

2005 2236 2059 2282 et
2101 2230 2250 2298 punit
2289 2229 2340 2282 in
2378 2229 2785 2300 cogitationibus
2822 2244 3028 2284 eorum.
3059 2230 3195 2297 Quid
3217 2231 3586 2304 enimyelint,

2007 2320 2095 2375 ille
2117 2321 2362 2385 attendit,
2389 2321 2542 2389 cujus
2566 2321 2754 2374 oculus
2775 2335 2880 2375 non
2905 2321 3182 2389 repellitur
3199 2336 3380 2383 carne,
3406 2330 3463 2374 ut
3482 2336 3589 2374 non

2001 2413 2182 2468 videat
2204 2413 2552 2467 voluntatem.
2581 2411 2739 2466 Tales
2764 2413 2806 2466 si
2832 2413 3140 2466 occasiones
3167 2412 3456 2476 inveniant,
3479 2427 3584 2466 non

2001 2505 2131 2558 mali
2160 2505 2291 2558 ﬁunt
2313 2545 2328 2570 ,
2358 2503 2449 2558 sed
2478 2504 2877 2558 manifestantur
2904 2520 2917 2555 :
2949 2519 3054 2556 non
3086 2511 3142 2557 ut
3171 2502 3369 2557 sentias
3397 2503 3541 2573 quod
3569 2504 3589 2534 ί

2003 2604 2186 2648 natum
2218 2594 2288 2647 sit
2315 2592 2649 2648 manifestum
2677 2635 2693 2658 ,
2725 2593 2817 2646 sed
2849 2602 2906 2646 ut
2939 2591 3202 2661 intelligas
3227 2593 3366 2661 quod
3394 2593 3592 2646 latebat

2004 2683 2293 2739 inclusum.
2325 2684 2516 2739 Paucis
2544 2685 2625 2738 his
2652 2684 2827 2750 annis,
2857 2694 2911 2737 et
2934 2693 3099 2752 prope
3129 2683 3375 2738 hesterno
3399 2683 3487 2738 die
3513 2685 3590 2738 vi-

2005 2779 2198 2832 derunt
2229 2783 2343 2832 haec
2371 2779 2611 2833 homines
2632 2819 2646 2840 ,
2675 2787 2727 2832 et
2753 2778 3110 2847 probaverunt
3136 2777 3294 2831 etiam
3325 2778 3412 2846 qui
3442 2776 3592 2832 tarde

2007 2869 2328 2938 intelligunt.
2359 2870 2488 2924 Erat
2511 2871 2653 2923 enim
2684 2869 2769 2923 hic
2795 2885 2895 2922 una
2920 2869 3111 2922 domus
3136 2869 3498 2936 potentissima
3523 2867 3591 2923 ad

2005 2973 2238 3031 tempus,
2261 2961 2329 3016 de
2350 2977 2451 3032 qua
2474 2961 2736 3030 ﬂagellum
2761 2959 2960 3023 fecerat
2978 2961 3117 3013 Deus
3135 2960 3314 3028 generi
3334 2960 3588 3024 humano,

2005 3064 2058 3108 et
2084 3053 2396 3122 castigatum
2425 3064 2506 3107 est
2537 3051 2658 3105 inde
2683 3065 2851 3120 genus
2879 3049 3166 3104 humanum
3190 3068 3203 3112 ;
3233 3051 3278 3104 si
3303 3059 3592 3119 cognoscat

2006 3145 2274 3215 ﬂagellum
2320 3144 2484 3214 patris
2505 3182 2522 3209 ,
2554 3151 2609 3197 et
2648 3143 2833 3196 timeat
2865 3142 3181 3196 sententiam
3209 3139 3423 3209 judicis.
3455 3139 3588 3194 Cum

2003 3251 2132 3305 ergo
2166 3243 2310 3290 esset
2347 3233 2434 3287 hic
2471 3233 2656 3287 eadem
2696 3231 2888 3287 domus
2925 3246 3113 3301 magna
3142 3273 3157 3296 ,
3198 3231 3346 3285 multi
3376 3232 3476 3285 sub
3503 3231 3592 3287 illa

2006 3327 2328 3397 gemebant,
2360 3325 2760 3380 murmurabant
2779 3365 2792 3388 ,
2824 3323 3288 3393 reprehendebant
3309 3363 3324 3386 ,
3354 3323 3591 3378 detesta—

2010 3420 2221 3484 bantur,
2247 3417 2705 3487 blaSphemabant.
2729 3414 3006 3483 Quomodo
3026 3429 3084 3477 se
3099 3422 3307 3469 arctant
3327 3413 3588 3479 homines,

2004 3519 2060 3566 et
2101 3509 2295 3566 dantur
2321 3508 2504 3562 divino
2534 3507 2622 3561 illo
2645 3505 2845 3574 judicio
2872 3505 3021 3560 multi
3055 3506 3105 3558 in
3134 3504 3592 3574 concupiscentias

2005 3603 2184 3658 cordis
2208 3602 2288 3656 sui
2317 3600 2490 3672 (Rom.
2521 3616 2558 3665 ι,
2586 3600 2716 3669 94γέ
2741 3599 2927 3654 Subito
2956 3599 3150 3652 ﬁebant
3177 3599 3338 3666 ipsius
3362 3597 3590 3652 domus'

2007 3696 2092 3751 illi
2123 3694 2212 3764 qni
2252 3691 2657 3746 murmurabant
2694 3689 2761 3743 de
2799 3689 2910 3757 ipsa
2951 3687 3146 3750 domo;
3179 3696 3232 3741 et
3262 3687 3330 3740 ab
3355 3688 3435 3741 eis
3466 3687 3592 3741 talia

2007 3785 2250 3840 homines
2279 3785 2637 3854 patiebantur,
2667 3780 2838 3849 qualia
2865 3795 2922 3834 se
2950 3780 3052 3849 pati
3078 3779 3175 3848 ipsi
3198 3793 3228 3831 a
3251 3777 3439 3832 talibus
3460 3792 3591 3846 pau-

2007 3877 2058 3931 lo
2074 3885 2199 3931 ante
2218 3875 2596 3944 querebantur.
2622 3872 2801 3926 Bonus
2823 3885 2949 3938 ergo
2971 3870 3057 3923 ille
3073 3876 3174 3932 est,
3193 3869 3282 3937 qui
3303 3876 3358 3924 et
3376 3867 3594 3942 quando

2005 3978 2183 4039 potest
2212 3967 2348 4020 male
2378 3965 2552 4019 facere
2575 4005 2590 4030 ,
2621 3979 2724 4016 non
2755 3961 2878 4016 facit
2901 3961 3012 4032 ;,de
3039 3975 3145 4031 quo
3171 3961 3425 4030 scriptum
3457 3969 3541 4016 est
3571 3977 3586 4016 :

2010 4059 2108 4124 Qui
2135 4058 2295 4129 potuit
2322 4053 2622 4124 transgredi,
2655 4061 2700 4106 et
2727 4069 2827 4105 non
2852 4062 2924 4106 est
2950 4064 3324 4121 transgressus;
3351 4060 3396 4105 et
3424 4054 3591 4120 facere

2007 4152 2166 4218 mala,
2195 4159 2361 4203 etnon
2385 4146 2519 4218 fecit.
2551 4144 2676 4212 Quis
2695 4154 2768 4198 est
2787 4143 2886 4208 hic,
2913 4152 2958 4196 et
2980 4142 3298 4196 laudabimus
3317 4141 3471 4195 eum?
3491 4139 3594 4196 Fc.-

2009 4245 2074 4297 cit
2103 4243 2234 4296 enint
2260 4237 2511 4292 mirabilia
2535 4239 2586 4290 in
2615 4236 2716 4289 vita
2743 4250 2836 4289 sua
2864 4231 3048 4306 (Each.
3077 4248 3229 4297 xxxx,
3259 4232 3345 4299 I0,
3379 4231 3457 4304 9).
3485 4231 3591 4287 L0-

2009 4335 2268 4407 qucbatur
2291 4318 2563 4401 Scriptura
2591 4328 2656 4382 de
2682 4327 2984 4397 potentibus
3010 4325 3394 4381 innocentibus.
3425 4325 3490 4380 Et
3510 4325 3593 4380 lu-

2011 4441 2108 4496 pus
2135 4425 2276 4480 enim
2305 4431 2506 4477 tantum
2539 4420 2649 4474 vult
2675 4434 2890 4480 nocere,
2920 4427 3174 4487 quantum
3201 4417 3286 4471 leo
3313 4434 3328 4470 :
3357 4416 3594 4472 dissimi-

2010 4517 2129 4572 liter
2158 4523 2350 4570 nocent
2374 4556 2389 4580 ,
2427 4511 2521 4568 sed
2553 4526 2657 4566 non
2684 4509 3013 4564 dissimiliter
3036 4509 3278 4578 cupiunt.
3311 4507 3422 4563 Leo
3450 4508 3594 4563 enim

2011 4624 2116 4663 non
2144 4608 2314 4662 solum
2339 4602 2633 4659 contemnit
2654 4616 2844 4656 canem
2874 4601 3190 4665 latrantem;
3218 4600 3310 4654 sed
3335 4600 3499 4654 etiam
3517 4603 3598 4654 fu-

2010 4706 2136 4769 gat,
2179 4705 2234 4753 et
2271 4696 2416 4751 venit
2459 4693 2526 4748 ad
2563 4692 2737 4759 ovile,
2768 4701 2822 4746 et
2847 4689 3338 4746 obmutescentibus
3373 4689 3598 4745 canibus

2011 4794 2150 4863 rapit
2175 4791 2316 4863 quod
2345 4797 2520 4859 potest
2547 4806 2561 4841 :
2593 4788 2748 4856 lupus
2779 4796 2882 4840 non
2911 4785 3071 4840 audet
3097 4785 3233 4839 inter
3257 4784 3478 4838 latratus
3504 4797 3596 4836 ca-

2012 4899 2161 4938 num.
2206 4879 2470 4950 Numquid
2509 4887 2790 4948 propterea
2831 4877 2952 4946 quia
2992 4891 3097 4929 non
3131 4875 3298 4945 potuit
3327 4871 3536 4928 auferre
3565 4888 3597 4928 a

2013 4974 2232 5029 canibus
2273 4970 2519 5036 territus,
2563 4967 2898 5023 innocentior
2937 4966 3230 5021 remeavit?
3269 4965 3431 5018 Docet
3469 4978 3600 5032 ergo

2015 5065 2156 5120 Deus
2183 5063 2559 5126 innocentiam,
2577 5069 2633 5114 ut
2657 5060 2878 5130 quisque
2903 5058 3158 5112 innocens
3182 5059 3250 5110 sit
3274 5071 3377 5109 non
3407 5055 3600 5110 timore

2015 5171 2204 5227 pmnm,
2232 5153 2326 5208 sed
2356 5166 2536 5207 amore
2557 5150 2796 5220 iustitiae.
2828 5150 2977 5204 Tunc
3005 5148 3144 5202 enim
3177 5145 3311 5200 liber
3337 5153 3419 5199 est
3444 5145 3600 5198 iuno!-

2015 5261 2142 5302 cens
2162 5287 2176 5313 ,
2207 5254 2261 5300 et
2287 5259 2444 5298 verus
2483 5249 2565 5297 est
2595 5242 2870 5296 innocens.
2900 5238 3000 5305 Qui
3025 5246 3201 5291 autem
3229 5235 3418 5290 timore
3442 5235 3600 5290 iuno.-

2015 5351 2144 5394 rens
2187 5336 2283 5401 ﬁt,
2313 5349 2420 5388 non
2453 5343 2534 5386 est
2562 5316 2816 5386 innocens
2839 5371 2855 5395 ,
2886 5326 3127 5398 quamvis
3155 5340 3261 5379 non
3293 5332 3482 5379 noceat
3509 5325 3600 5382 cui

2017 5425 2130 5479 vult
2150 5437 2363 5479 nocere.
2388 5421 2502 5486 Non
2525 5424 2664 5477 enim
2691 5429 2846 5475 nocet
2865 5419 3016 5474 alteri
3038 5432 3136 5487 per
3156 5417 3352 5470 factum
3374 5417 3600 5485 malum,

2018 5515 2111 5572 sed
2140 5516 2236 5571 sibi
2269 5515 2549 5584 plurimum
2581 5529 2677 5582 per
2701 5509 3044 5580 cupiditatem
3072 5508 3286 5562 malam.
3313 5507 3446 5563 Nam
3471 5521 3604 5579 quo-

2017 5608 2179 5664 modo
2205 5607 2308 5661 sibi
2339 5614 2560 5671 noceat,
2589 5603 2710 5659 audi
2739 5601 3067 5671 Scripturam
3103 5618 3117 5655 :
3150 5600 3247 5669 Qui
3273 5609 3440 5656 autem
3469 5607 3608 5654 ama

2083 5702 2098 5734 ι
2135 5706 2210 5749 Fr.
2230 5707 2347 5751 ven.
2365 5707 2493 5757 Lov.,
2517 5696 2652 5761 quid.
2721 5705 2774 5745 Μ.

2023 5764 2391 5876 αυὶιῗιξιοιινοὶρω
2415 5753 2541 5812 notae
2579 5766 2680 5811 MSS.
2724 5766 2779 5812 Αι
2800 5757 2934 5822 Fdd.,
2957 5755 3115 5810 Subito
3150 5755 3420 5812 euertebaat
3450 5753 3605 5823 ipsum
