4024 6210
419 387 551 445 1191

419 497 752 572 iniquitatem,
780 495 884 550 odit
907 493 1126 547 animant
1151 504 1294 543 suam
1320 484 1491 559 (Paul.
1524 501 1581 551 ι,
1609 483 1689 552 6).
1720 483 1786 538 Et
1812 495 1996 538 revera

420 593 648 648 multum
692 596 872 646 errant
912 583 1156 639 homines
1180 582 1267 651 qui
1300 587 1484 650 putant
1512 577 1821 646 injustitiam
1849 588 1997 660 suam

422 685 540 740 aliis
565 696 779 745 nocere,
804 688 858 732 et
884 676 985 732 sibi
1013 689 1116 729 non
1145 686 1356 728 nocere.
1383 669 1463 725 Ad
1486 668 1620 725 alios
1643 666 1880 739 procedit
1900 665 2000 719 ini-

387 786 398 795 ‘
423 776 599 843 quitas
646 767 962 838 cujuslibet,
994 774 1051 819 ut
1075 763 1283 833 corpori
1314 770 1519 827 noceat,
1542 768 1605 813 ut
1631 772 1745 814 rem
1768 755 2000 811 familia-

418 879 532 918 rem
561 862 732 924 ltedat,
767 868 825 913 ut
852 859 1031 912 villam
1058 854 1288 918 invadat,
1321 862 1377 907 ut
1404 850 1724 921 mancipium
1749 848 1997 914 abducat,

420 959 479 1006 ut
521 964 705 1004 aurum
750 946 984 1011 auferat,
1025 953 1117 998 aut
1156 951 1455 1013 argentum,
1497 940 1582 993 vel
1613 939 1658 993 si
1700 936 1826 1008 quid
1858 936 2000 991 aliud

424 1041 659 1112 possidet
679 1042 719 1092 ¹.
742 1038 819 1093 Ad
835 1037 938 1092 hoc
969 1035 1233 1106 profertur
1259 1032 1325 1087 ad
1355 1032 1578 1086 alterum
1610 1030 1696 1084 illa
1726 1028 1997 1098 iniquitas.

413 1135 565 1201 Ergo
605 1132 851 1200 iniquitas
893 1136 979 1181 tua
1009 1127 1183 1181 alieno
1220 1123 1430 1195 corpori
1469 1130 1657 1186 nocet,
1698 1129 1790 1175 tuo
1822 1118 2000 1173 animo

418 1238 524 1277 non
553 1221 743 1275 nocet?
1589 1207 1595 1211 “
1897 1286 1905 1293 .

486 1313 547 1366 2.
574 1302 772 1366 Contra
801 1310 953 1363 istam
982 1306 1280 1376 simplicem
1305 1317 1654 1372 veracemque
1678 1302 1997 1369 doctrinam,

413 1418 520 1472 qua
549 1402 847 1456 insinuatur
886 1398 1190 1453 hominibus
1218 1396 1373 1451 bonis
1399 1436 1414 1461 ,
1450 1404 1508 1449 ut
1547 1395 1711 1464 ipsam
1738 1393 1997 1463 justitiam

419 1494 669 1560 diligant,
696 1500 751 1546 et
772 1506 838 1545 ex
863 1505 925 1544 ea
952 1490 1162 1558 placere
1189 1488 1299 1542 Deo
1324 1487 1520 1551 velint;
1550 1486 1618 1540 ah
1647 1485 1737 1539 illo
1756 1485 1779 1516 θ
1800 1482 1999 1539 intelli-

416 1592 547 1653 gant
570 1585 687 1637 luce
713 1582 937 1651 quadam
965 1577 1279 1649 intelligibili
1305 1574 1548 1648 perfundi
1571 1574 1801 1629 animam
1822 1587 1995 1638 suam,

410 1685 479 1728 ut
510 1674 700 1728 faciant
723 1673 864 1743 jnsta
897 1685 1079 1740 opera,
1110 1678 1165 1725 et
1202 1668 1345 1722 illam
1377 1667 1549 1721 lucem
1579 1665 1853 1734 sapientia:
1876 1677 1997 1719 om-

417 1767 574 1820 nibus
613 1780 730 1834 quae
769 1763 820 1817 in
861 1761 1058 1816 smculo
1096 1759 1387 1831 diliguntur
1423 1762 1739 1829 praeponam
1769 1771 1782 1807 :
1813 1762 1998 1810 contra

411 1857 572 1911 istam
603 1856 895 1909 doctrinam
924 1853 1044 1907 talia
1076 1866 1345 1906 murmura
1372 1857 1497 1905 sunt
1525 1846 1799 1901 hominum
1824 1862 1839 1910 ;
1868 1853 1922 1900 et
1950 1846 1997 1900 si

406 1963 523 2000 non
557 1946 848 2015 procedunt
874 1946 924 1998 in
957 1957 1110 2008 voce,
1140 1941 1402 1996 roduntur
1425 1941 1477 1992 in
1503 1938 1684 1995 corde.
1711 1937 1847 2006 Quid
1871 1951 1998 2008 ergo

411 2039 640 2091 dicunt?
685 2036 824 2090 Vere
861 2034 1148 2105 placiturus
1176 2047 1291 2086 sum
1322 2031 1432 2085 Deo
1461 2044 1554 2099 per
1577 2028 1883 2099 justitiam?
1907 2034 2001 2081 aut

414 2130 541 2198 justi
587 2128 660 2182 illi
704 2128 947 2198 placent,
992 2125 1092 2180 sub
1137 2123 1288 2194 cujus
1334 2121 1558 2191 imperio
1601 2119 1727 2174 mali
1767 2117 1998 2174 ﬂorent?

417 2221 586 2276 Tanta
604 2218 746 2287 mala
774 2217 1131 2279 committunt,
1161 2225 1217 2269 et
1243 2213 1371 2268 nihil
1400 2211 1505 2266 illis
1528 2210 1704 2266 evenit
1724 2208 1868 2263 mali.
1890 2208 1998 2264 Aut

409 2311 460 2363 si
492 2308 627 2363 forte
651 2307 829 2363 evenit
851 2306 1047 2377 aliquid
1074 2305 1233 2370 mali;
1263 2302 1389 2374 quid
1421 2302 1512 2356 tibi
1543 2301 1727 2357 dicunt
1752 2300 1848 2366 illi,
1873 2313 1996 2354 cum

410 2401 491 2455 eis
516 2397 743 2469 coeperis
765 2397 943 2452 dicere
971 2414 985 2448 :
1012 2396 1150 2451 Ecce
1175 2402 1371 2465 quanta
1399 2391 1520 2448 fecit
1541 2392 1700 2456 mala,
1726 2388 1997 2461 quomodo

408 2490 491 2545 illi
529 2489 793 2545 redditum
836 2488 960 2543 est?
996 2487 1205 2558 qualem
1243 2485 1444 2540 exitum
1483 2481 1688 2538 habui?
1733 2481 1997 2552 incipiunt

406 2580 489 2636 illi
526 2580 760 2649 cogitare
795 2579 969 2648 justos
996 2578 1186 2648 quibus
1217 2576 1355 2630 mala
1386 2581 1715 2639 evenerunt,
1743 2582 1796 2629 et
1822 2588 1995 2644 oppo-

406 2680 545 2725 nunt
573 2670 725 2724 nobis
747 2709 764 2734 ,
795 2676 850 2723 ct
883 2668 1064 2723 dicunt
1092 2682 1107 2719 :
1139 2666 1195 2721 Si
1226 2666 1302 2720 illi
1332 2674 1614 2735 propterea
1644 2663 1767 2718 mali
1793 2662 1994 2734 aliquid

408 2759 602 2813 accidit
623 2800 637 2825 ,
665 2759 789 2827 quia
818 2758 1031 2827 iniquus
1062 2756 1188 2821 fuit;
1217 2755 1294 2810 illi
1322 2770 1485 2826 quare
1509 2752 1734 2820 accidit,
1761 2754 1851 2823 qui
1886 2762 1993 2808 tam

402 2852 548 2922 iuste
594 2850 765 2904 vixit?
812 2850 912 2916 Qui
953 2849 1321 2919 eleemosynas
1364 2856 1535 2900 lautas
1571 2845 1716 2911 fecit,
1755 2845 1846 2916 qui
1885 2854 1992 2899 tam

407 2945 578 2999 multa
626 2943 764 2997 bona
808 2952 1060 3010 operatus
1105 2949 1188 2996 est
1234 2940 1286 2994 in
1329 2938 1609 3005 Ecclesia,
1639 2952 1805 3008 quare
1834 2938 1992 2993 talem

402 3047 609 3093 sortem
640 3036 877 3091 invenit?
904 3050 1068 3106 quare
1105 3035 1266 3090 talem
1296 3034 1495 3088 exitum
1529 3032 1753 3098 habuit,
1779 3032 1991 3102 qualem

404 3131 496 3185 ille
526 3130 686 3185 homo
721 3129 809 3199 qui
839 3128 1002 3182 multa
1041 3128 1218 3197 iniqua
1245 3125 1547 3181 commisit?
1572 3124 1651 3178 Ad
1682 3124 1783 3179 hoc
1811 3133 1989 3179 autem

403 3220 505 3273 ista
533 3219 737 3283 dicunt,
769 3226 826 3272 ut
850 3216 1133 3272 ostendant
1159 3230 1219 3271 se
1245 3225 1523 3284 propterea
1549 3229 1654 3268 non
1684 3213 1859 3269 facere
1880 3228 1993 3267 ma-

406 3310 477 3372 lc,
505 3309 627 3378 quia
657 3322 763 3361 non
792 3314 1033 3375 possunt,
1061 3314 1152 3360 aut
1177 3306 1300 3375 quia
1324 3320 1430 3359 non
1457 3303 1675 3359 audent.
1703 3303 1834 3358 Nam
1862 3304 1988 3374 quid

405 3398 533 3452 velit
560 3413 655 3451 cor
679 3437 695 3463 ,
728 3397 902 3467 lingua
934 3405 1157 3450 testatur
1184 3415 1197 3450 :
1223 3404 1278 3450 ct
1301 3394 1515 3465 quidem
1536 3435 1552 3460 ,
1579 3395 1786 3450 etiamsi
1813 3394 1986 3464 lingua

399 3489 881 3564 obmutesceretpt
911 3487 1022 3558 ipsa
1052 3487 1241 3541 timore
1265 3501 1588 3556 compressa,
1615 3486 1753 3541 Deus
1782 3486 1989 3541 videret

404 3581 546 3636 intus
585 3579 710 3650 quid
749 3579 1005 3650 cogitaret
1041 3578 1233 3642 homo,
1269 3579 1477 3634 etiamsi
1514 3578 1675 3633 alium
1716 3576 1985 3632 hominem

403 3669 613 3727 lateret.
643 3669 854 3741 Tacitas
883 3685 1010 3739 ergo
1040 3668 1387 3738 cogitationes
1416 3668 1686 3722 hominum
1716 3667 1870 3732 tales,
1896 3676 1987 3721 aut

336 3811 351 3817 -
402 3763 562 3818 etiam
595 3768 939 3830 erumpentes
964 3761 1015 3815 in
1045 3759 1203 3815 verba
1230 3759 1315 3813 vel
1342 3759 1476 3813 facta
1497 3800 1511 3823 ,
1542 3767 1693 3812 curat
1721 3758 1820 3812 iste
1842 3756 1985 3826 psal-

398 3871 554 3922 mus,
597 3858 641 3910 si
670 3854 857 3921 curari
896 3852 1081 3908 velint.
1125 3851 1405 3906 intendant
1433 3865 1591 3921 ergo,
1626 3857 1680 3904 et
1707 3858 1981 3905 curentur.

402 3949 577 4018 Atque
618 3947 816 4001 utinam
846 3946 899 4000 in
941 3944 1041 3999 hac
1081 3941 1417 3998 multitudine
1455 3950 1561 3996 tota
1589 3957 1707 4011 quae
1736 3954 1877 3994 nunc
1903 3947 1987 3995 est

399 4043 542 4098 inter
571 4042 698 4096 istos
727 4040 977 4111 parietes,
1003 4045 1059 4093 et
1087 4036 1233 4092 audit
1261 4050 1355 4105 per
1380 4049 1478 4089 nos
1501 4034 1723 4089 verbum
1750 4032 1980 4100 Domini,

399 4133 545 4188 nulla
587 4133 693 4186 sint
735 4130 859 4185 talia
887 4128 1103 4184 vulnera
1142 4142 1261 4197 qum
1282 4133 1538 4180 curentur
1564 4140 1578 4189 ;
1610 4124 1809 4176 utinam
1841 4122 1983 4176 nulla

399 4224 527 4279 sint.
560 4222 674 4277 Non
717 4232 892 4276 tamen
924 4234 1035 4273 rem
1066 4216 1386 4287 superﬂuam
1425 4213 1647 4269 facimus
1682 4213 1864 4267 dicere
1886 4253 1900 4277 ,
1938 4212 1981 4267 si

397 4314 545 4366 nulla
575 4312 645 4366 ibi
672 4310 1047 4365 suntvuluera.
1079 4308 1412 4361 instruantur
1435 4302 1593 4358 corda
1621 4302 1686 4359 ad
1718 4303 1982 4358 sanandos

401 4405 569 4468 alios,
610 4417 727 4457 cum
767 4392 952 4454 aitdirc
991 4399 1112 4452 talia
1152 4398 1429 4466 coeperint.
1472 4395 1641 4451 Credo
1680 4396 1820 4450 enim
1859 4388 1980 4465 quia

396 4492 765 4561 uttttsquisque
794 4489 1116 4545 christianos
1138 4529 1155 4553 ,
1196 4503 1313 4543 cum
1346 4487 1571 4542 audierit
1597 4487 1826 4556 aliquem
1858 4486 1978 4541 talia

393 4587 662 4642 dicentem
685 4625 700 4649 ,
728 4584 771 4638 si
802 4583 973 4638 bonus
999 4581 1170 4637 ﬁdelis
1196 4590 1297 4644 est,
1325 4589 1380 4635 et
1402 4580 1538 4634 bene
1562 4579 1729 4634 credit
1759 4579 1895 4643 Deo,
1924 4587 1980 4634 et

391 4691 524 4745 spes
551 4675 665 4746 ejus
693 4684 776 4730 est
804 4675 855 4729 in
886 4674 1064 4729 futuro
1093 4671 1311 4738 saeculo,
1340 4685 1443 4725 non
1472 4671 1523 4725 in
1554 4672 1652 4725 hac
1677 4679 1837 4736 terra,
1869 4684 1975 4723 non

393 4769 453 4824 in
496 4768 596 4823 hac
633 4769 738 4822 vita
773 4777 886 4833 est,
929 4774 983 4822 et
1021 4780 1125 4821 non
1156 4764 1349 4820 frustra
1382 4762 1535 4817 audit
1564 4771 1620 4817 ut
1648 4777 1855 4815 sursum
1885 4775 1978 4815 cor

391 4860 629 4925 habeat;
672 4858 856 4913 irridet
898 4865 951 4912 et
983 4855 1128 4912 dolet
1155 4854 1278 4909 talia
1314 4860 1704 4908 murmurantes
1726 4892 1741 4915 ,
1773 4858 1827 4904 ct
1850 4849 1977 4904 dicit

391 4950 497 5006 sibi
530 4948 714 5004 :Beus
747 4946 891 5003 novit
917 4945 1041 5017 quid
1069 4953 1222 5016 agat,
1252 4960 1350 4999 nos
1375 4959 1478 4997 non
1510 4955 1791 5013 possumus
1818 4953 1975 4995 nosse

388 5043 674 5097 consilium
715 5040 879 5110 ipsius
902 5081 915 5103 ,
944 5053 1108 5108 quare
1135 5036 1305 5107 parcit
1333 5035 1484 5090 malis
1510 5033 1580 5089 ad
1612 5041 1819 5102 tempus
1844 5072 1858 5093 ,
1888 5030 1974 5086 vel

387 5149 560 5203 quare
598 5133 839 5188 laborant
875 5131 997 5185 boni
1037 5128 1103 5182 ad
1136 5136 1385 5198 tempus;
1419 5124 1613 5181 sufficit
1637 5124 1765 5181 mihi
1797 5133 1972 5179 tamen

391 5225 492 5277 hoc
520 5224 679 5287 scire,
705 5222 825 5291 quia
851 5228 905 5275 et
927 5219 992 5274 ad
1020 5228 1225 5287 tempus
1246 5218 1446 5272 laborat
1466 5216 1651 5281 bonus,
1677 5223 1731 5269 et
1753 5214 1817 5269 ad
1842 5223 1974 5271 tem-

389 5311 687 5380 quIS'ﬂoret
723 5310 913 5365 malus.
948 5308 1046 5376 Qui
1072 5321 1200 5377 ergo
1227 5305 1349 5361 talis
1376 5317 1457 5361 εει
1478 5346 1494 5371 ,
1525 5318 1743 5361 securus
1771 5314 1889 5371 est;
1922 5314 1975 5361 et

389 5404 661 5474 patienter
699 5405 799 5460 fert
825 5418 1012 5459 omnes
1040 5401 1319 5457 felicitates
1355 5402 1612 5457 malorum
1637 5443 1654 5468 ,
1685 5410 1739 5457 et
1764 5400 1972 5456 labores

390 5495 658 5551 honorum
702 5496 961 5567 patienter
999 5494 1136 5561 fert,
1181 5494 1407 5559 tolerati,
1438 5493 1608 5548 donec
1633 5492 1846 5548 finiatur
1872 5492 1972 5548 hoc

385 5587 647 5642 osa‘culum
672 5627 689 5653 ,
727 5586 898 5642 donec
934 5597 1167 5642 transeat
1196 5584 1461 5656 iniquitas.
1493 5583 1611 5639 Jam
1641 5584 1759 5639 talis
1786 5583 1971 5638 beatus

462 5679 479 5710 ι
512 5685 651 5744 μη..
684 5675 730 5729 si
764 5677 882 5740 quid
914 5676 1049 5730 aliud
1093 5677 1262 5744 possit.
1283 5679 1454 5730 Ceteri
1488 5675 1814 5741 lihri,siqm‘d
1835 5675 1971 5729 aliud

386 5739 635 5867 "3313',
655 5799 718 5853 ab
728 5798 834 5852 illa.

1538 370 1616 427 'S.
1659 366 2024 428 AUGUSTINI
2068 366 2404 425 Ειηεςῡιη-

3552 380 3690 437 1292

2108 492 2191 538 est
2211 526 2227 550 ,
2268 493 2322 541 et
2348 484 2577 542 erudivit
2616 502 2735 542 eum
2772 490 2913 546 Deus
2939 490 3007 547 de
3032 492 3147 562 lege
3176 507 3268 546 sua
3296 532 3310 559 ,
3349 501 3403 548 et
3434 495 3693 564 mitigavit

2106 589 2228 630 eum
2250 593 2279 630 a
2301 577 2487 634 diebus
2510 579 2772 651 malignis,
2796 581 2967 637 donec
2988 583 3212 637 fodiattnr
3230 587 3492 654 peccaturi
3514 587 3689 644 fovea.

2106 668 2206 733 Qui
2236 684 2364 723 vero
2391 670 2623 725 nondum
2649 681 2731 726 cst
2752 673 2890 737 talis,
2912 674 3091 728 audiat
3111 690 3204 745 per
3231 691 3326 730 nos
3348 679 3487 747 quod
3512 678 3693 734 Domi-

2110 774 2181 813 no
2207 760 2400 829 placet.
2429 762 2589 817 Plura
2612 773 2788 818 autem
2818 764 2930 834 ipsc
2955 765 3096 821 dicat
3116 766 3165 821 in
3186 767 3367 832 corde,
3391 769 3478 838 qui
3500 770 3692 825 melius

2104 851 2249 908 videt
2275 854 2465 910 vulnus
2494 856 2634 924 quod
2671 866 2841 911 curet.

2177 943 2230 998 3.
2272 943 2513 999 Psalmus
2544 945 2684 1001 hunc
2710 946 2919 1001 titulum
2947 946 3125 1013 habet,
3154 947 3205 1001 id
3232 959 3309 1004 est
3338 950 3475 1007 hanc
3501 952 3688 1006 inscri-

2103 1036 2338 1105 ptionem
2372 1055 2384 1090 :
2418 1035 2656 1093 Psalmus
2696 1040 2795 1111 ipsi
2838 1039 3001 1093 Dauid
3023 1082 3039 1107 ,
3079 1053 3262 1111 quarta
3298 1042 3618 1099 sabbatorum
3646 1048 3687 1099 ⁸.

2101 1124 2364 1179 Doetnrus
2398 1130 2485 1181 est
2505 1128 2740 1197 psalmus
2765 1128 2864 1183 iste
2895 1131 3197 1197 patientiam
3221 1130 3277 1185 in
3307 1132 3576 1189 laboribus
3598 1136 3689 1204 jn-

2103 1224 2306 1271 storum
2329 1236 2342 1272 :
2362 1227 2546 1273 contra
2565 1219 2863 1290 iniquorum
2888 1220 3164 1277 felicitates
3185 1223 3489 1292 patientiam
3507 1226 3686 1294 docet,

2096 1307 2410 1377 «patientiam
2436 1308 2676 1365 aedificat.
2702 1310 2815 1365 Hoc
2842 1310 3002 1367 habet
3026 1320 3165 1367 totus
3189 1327 3218 1367 a
3240 1316 3417 1384 capite
3438 1331 3607 1386 usque
3634 1319 3689 1373 in

2100 1397 2283 1453 ﬁnem.
2313 1400 2489 1467 Quare
2515 1417 2643 1472 ergo
2667 1402 2825 1457 talem
2846 1402 3009 1458 habet
3034 1404 3261 1471 titulum,
3290 1408 3343 1460 in
3369 1417 3549 1477 quarta
3573 1411 3692 1463 sab-

2103 1490 2207 1545 bati
2224 1492 2250 1546 ?
2280 1491 2394 1549 Una
2420 1494 2656 1562 sabbati,
2685 1495 2801 1551 dies
2829 1495 3126 1551 dominicus
3155 1506 3271 1563 est;
3303 1499 3533 1555 secunda
3566 1502 3690 1558 sab-

2100 1582 2209 1637 hati
2228 1623 2243 1648 ,
2270 1585 2504 1639 secunda
2541 1585 2668 1639 feria
2692 1625 2708 1652 ,
2740 1601 2898 1655 quem
2924 1587 3209 1643 saeculares
3233 1588 3372 1644 diem
3404 1589 3567 1645 Luam
3594 1606 3691 1646 vo-

2102 1682 2260 1739 cant;
2287 1675 2442 1730 tertia
2465 1676 2689 1742 sabbati,
2714 1678 2870 1733 tertia
2891 1676 3045 1746 feria,
3069 1694 3224 1749 quem
3247 1681 3387 1736 diem
3410 1682 3480 1736 illi
3502 1682 3688 1743 Martis

2104 1772 2318 1818 vocant.
2365 1764 2561 1832 Quarta
2598 1780 2725 1837 ergo
2764 1764 3103 1823 Sahbatorum
3125 1810 3140 1834 ,
3171 1778 3356 1839 quarta
3387 1770 3514 1827 feria
3539 1813 3555 1837 ,
3595 1774 3686 1842 qui

2104 1852 2351 1909 Mercurii
2378 1855 2494 1911 dies
2517 1856 2711 1911 dicitur
2735 1872 2765 1912 a
2794 1857 3018 1928 Paganis
3042 1900 3058 1922 ,
3090 1869 3142 1915 et
3169 1875 3199 1914 a
3226 1861 3404 1916 multis
3424 1861 3685 1919 Christia-

2101 1943 2186 1999 nis
2226 1962 2240 1997 :
2279 1944 2372 1999 sed
2402 1946 2700 2011 nollemus;
2735 1956 2892 2017 atque
2930 1948 3131 2005 utinam
3157 1951 3425 2020 corrigant
3449 1993 3462 2016 ,
3491 1962 3544 2007 et
3572 1969 3680 2009 non

2102 2033 2280 2089 dicant
2317 2035 2413 2090 sic.
2452 2034 2661 2091 Habent
2703 2037 2845 2093 enim
2876 2038 3107 2107 linguam
3135 2054 3285 2095 suam
3314 2058 3415 2114 qua
3442 2052 3682 2099 utantur.

2110 2125 2225 2182 Non
2247 2126 2388 2182 enim
2409 2128 2535 2183 etin
2556 2127 2803 2184 omnibus
2823 2130 3067 2199 gentibus
3087 2131 3186 2187 ism
3206 2130 3486 2189 dicuntur:
3507 2135 3685 2190 multae

2100 2227 2286 2289 gentes
2314 2218 2431 2274 aliae
2467 2230 2624 2291 atque
2651 2220 2768 2275 alim
2794 2221 2949 2277 aliter
2976 2230 3133 2293 atque
3161 2223 3313 2282 aliter
3337 2234 3544 2280 vocant.
3573 2225 3684 2281 Me-

2101 2312 2204 2369 lius
2245 2327 2375 2384 ergo
2407 2311 2474 2367 de
2510 2327 2605 2368 ore
2646 2312 2936 2369 christiano
2978 2313 3112 2370 ritus
3152 2315 3401 2387 loquendi
3428 2317 3684 2373 ecclesia-

2100 2404 2265 2459 sticus
2312 2403 2569 2474 procedit.
2621 2404 2820 2460 Tamen
2878 2406 2924 2460 si
2966 2420 3126 2477 quem
3174 2407 3312 2463 forte
3352 2408 3683 2465 consuetudo

2100 2495 2357 2564 traxerit,
2387 2506 2444 2550 ut
2472 2494 2599 2551 illud
2627 2506 2783 2552 exeat
2809 2512 2876 2552 ex
2904 2513 2997 2554 ore
3010 2478 3163 2569 .quod
3189 2498 3640 2569 improbatcorde
3662 2542 3680 2566 ,

2099 2586 2361 2658 intelligat
2380 2587 2502 2642 illos
2524 2602 2730 2655 omnes,
2754 2587 2820 2643 de
2844 2604 3070 2659 quorum
3097 2590 3399 2646 nominibus
3417 2591 3680 2661 appellata

2096 2687 2223 2734 sunt
2248 2679 2424 2735 sidera
2447 2721 2463 2746 ,
2492 2679 2735 2735 homines
2762 2680 2924 2736 fuisse
2946 2722 2962 2750 ,
2991 2695 3093 2737 nec
3116 2697 3180 2736 ex
3220 2696 3286 2738 eo
3312 2697 3432 2738 esse
3450 2683 3684 2753 erupisse

2097 2768 2196 2824 ista
2224 2769 2400 2824 sidera
2447 2770 2500 2824 in
2545 2770 2684 2825 coelo
2707 2812 2722 2837 ,
2752 2785 2817 2826 ex
2866 2786 2971 2841 quo
3014 2772 3088 2827 illi
3127 2782 3402 2842 cteperunt
3433 2790 3448 2828 :
3479 2782 3532 2830 et
3558 2783 3683 2831 ante

2095 2859 2170 2915 ibi
2209 2858 2454 2925 fuerunt;
2507 2860 2599 2915 sed
2646 2876 2744 2932 per
2791 2860 3046 2917 beneficia
3092 2863 3331 2933 quatdam
3382 2849 3717 2920 mortalium‘

2095 2951 2340 3006 mortalia
2364 2992 2381 3019 ,
2414 2951 2490 3006 illi
2517 2934 2760 3007 homines
2789 2966 2885 3021 pro
2928 2960 3169 3022 tempore
3196 2967 3295 3009 suo
3317 2992 3335 3019 ,
3364 2954 3485 3023 quia
3514 2954 3682 3024 pluri-

2094 3058 2240 3098 mum
2279 3052 2564 3114 potuerunt
2592 3053 2646 3099 et
2674 3042 3016 3099 eminuerunt
3059 3045 3113 3099 in
3156 3045 3258 3101 hoc
3300 3047 3528 3113 sarculo,
3559 3062 3679 3103 cum

2093 3134 2240 3190 chari
2270 3144 2452 3190 essent
2484 3132 2804 3199 hominibus,
2837 3150 2941 3190 non
2972 3144 3187 3206 propter
3214 3137 3375 3192 vitam
3404 3146 3678 3206 aeternam,

2093 3224 2188 3281 sed
2215 3235 2432 3295 propter
2464 3223 2803 3280 commodum
2837 3225 3165 3295 temporale,
3199 3225 3572 3281 deferebantur
3598 3228 3679 3285 eis

2093 3313 2257 3368 divini
2289 3314 2541 3368 honores.
2573 3313 2791 3368 Veteres
2814 3314 2956 3368 enim
2986 3315 3166 3369 smculi
3196 3314 3402 3386 decepti
3430 3319 3472 3380 ⁸,
3500 3325 3555 3372 et
3579 3317 3678 3373 de-

2092 3407 2271 3477 cipere
2294 3406 2532 3461 volentes
2556 3446 2570 3470 ,
2600 3406 2652 3459 in
2700 3420 2885 3461 eorum
2932 3405 3290 3461 adulationem
3334 3409 3422 3478 qui
3452 3408 3550 3464 sibi
3576 3410 3677 3464 ali-

2091 3499 2219 3570 quid
2243 3498 2535 3555 secuudum
2564 3512 2803 3553 amorem
2835 3498 3016 3553 smculi
3059 3501 3435 3569 prmstitisscnt
3458 3542 3473 3567 ,
3503 3500 3676 3556 sidera

2092 3590 2447 3646 ostendebant
2475 3589 2527 3644 in
2553 3589 2693 3644 caelo
2713 3632 2727 3653 ,
2760 3588 3000 3645 dicentes
3029 3590 3169 3660 quod
3210 3590 3348 3645 illius
3374 3603 3514 3647 esset
3551 3592 3676 3647 illud

2090 3680 2258 3747 sidus,
2291 3689 2343 3734 ct
2372 3680 2497 3735 illud
2530 3681 2669 3734 illius
2698 3696 2712 3734 :
2745 3679 2991 3735 homines
3032 3688 3209 3735 autem
3252 3682 3343 3751 qui
3386 3692 3537 3737 antea
3570 3698 3674 3738 non

2089 3780 2451 3842 aspexerant,
2481 3779 2538 3825 ut
2563 3770 2807 3827 viderent
2843 3771 2966 3842 quia
3009 3771 3080 3826 ibi
3124 3781 3275 3827 erant
3303 3783 3358 3827 et
3388 3774 3472 3828 illa
3502 3774 3674 3831 sidera

2089 3873 2370 3933 antequam
2401 3873 2746 3918 nascerentur
2765 3903 2783 3929 ,
2812 3862 3021 3933 decepti
3049 3862 3418 3928 crediderunt;
3449 3872 3503 3920 et
3542 3880 3676 3919 con-

2088 3963 2238 4025 cepta
2283 3961 2366 4009 est
2401 3954 2581 4024 opinio
2623 3953 2893 4008 vanitatis.
2943 3952 3093 4009 Hanc
3132 3953 3433 4022 opinionem
3472 3956 3676 4011 erroris

2088 4043 2334 4098 diabolus
2374 4043 2704 4101 confirmavit
2726 4084 2741 4109 ,
2775 4042 3013 4097 Christus
3043 4042 3252 4098 evertit.
3282 4043 3388 4097 Nos
3417 4058 3542 4114 ergo
3584 4059 3676 4099 se-

2088 4134 2319 4190 cundum
2351 4134 2493 4205 quod
2543 4135 2843 4203 loquimur,
2871 4144 3057 4205 quarta
3104 4134 3421 4188 sabbatorum
3457 4145 3676 4206 quartus

2086 4223 2203 4279 dies
2232 4223 2538 4294 intelligitur
2564 4239 2593 4278 a
2621 4224 2706 4279 die
2735 4223 3021 4279 dominico.
3055 4224 3306 4280 Attendat
3337 4226 3511 4295 itaque
3532 4226 3675 4282 Cha.

2086 4315 2215 4371 ritas
2244 4325 2418 4371 vestra
2461 4315 2582 4385 quid
2625 4316 2725 4370 sibi
2768 4316 2892 4371 velit
2934 4316 3035 4372 iste
3080 4316 3308 4370 titulus:
3342 4317 3428 4371 hic
3469 4318 3672 4387 grande

2085 4408 2393 4477 mysterium
2419 4449 2435 4474 ,
2461 4417 2512 4461 et
2539 4423 2724 4463 revera
2747 4409 3034 4463 occultum.
3065 4408 3196 4463 Nam
3229 4410 3477 4479 pleraque
3498 4409 3670 4478 ipsius

2084 4496 2282 4551 Psalmi
2308 4496 2585 4551 manifeste
2608 4506 2820 4561 sonant,
2852 4506 2906 4552 et
2926 4497 3202 4553 manifeste
3229 4508 3464 4561 movent,
3488 4508 3545 4554 et
3562 4500 3669 4554 cito

2084 4593 2482 4671 intelliguntur;
2515 4592 2601 4646 hic
2628 4602 2804 4646 autem
2840 4594 3047 4659 titulus,
3081 4593 3218 4663 quod
3247 4592 3515 4647 fatendum
3543 4604 3627 4649 est
3648 4635 3665 4662 ,

2083 4684 2244 4740 habet
2272 4699 2375 4739 non
2406 4699 2591 4754 parum
2632 4683 2970 4739 obscuritatis
3002 4703 3014 4738 :
3043 4685 3137 4740 sed
3179 4684 3348 4739 aderit
3370 4685 3625 4740 Dominus
3644 4726 3664 4752 ,

2082 4776 2349 4832 serenabit
2376 4776 2636 4842 nubilum,
2660 4784 2714 4829 et
2739 4775 2981 4831 videbitis
3008 4776 3297 4841 Psalmum,
3320 4786 3374 4831 ct
3401 4791 3464 4832 es
3494 4776 3667 4833 fronte

2081 4866 2278 4922 Psalmi
2300 4866 2631 4936 cognoscetis
2652 4879 2796 4920 eum.
2821 4864 2875 4918 In
2897 4863 3069 4919 fronte
3090 4866 3231 4920 enim
3255 4865 3411 4920 habet
3430 4866 3666 4934 psalmus

2081 4958 2200 5020 istc,
2229 4956 2465 5011 Psalmus
2488 4956 2587 5027 ipsi
2620 4955 2804 5016 David,
2823 4965 3004 5023 quarta
3028 4956 3364 5010 sabbatorum.
3395 4956 3451 5011 In
3482 4956 3667 5013 limine

2078 5057 2162 5104 est
2182 5048 2383 5112 titulus,
2413 5047 2464 5125 in
2497 5047 2734 5115 postibus
2758 5045 2892 5100 fixus
2913 5054 3013 5099 est.
3048 5045 3243 5100 Volunt
3271 5046 3514 5100 homines
3542 5046 3665 5099 titu-

2074 5139 2188 5194 lum
2228 5151 2587 5209 cognoscere,
2615 5145 2669 5191 et
2713 5136 2791 5191 sic
2834 5136 3050 5191 domum
3095 5136 3317 5191 intrare.
3348 5136 3663 5190 Rccolamus

2077 5247 2205 5301 ergo
2235 5231 2561 5300 Scripturam
2605 5237 2840 5283 sanctam
2883 5230 2935 5283 in
2963 5227 3193 5295 Genesi,
3221 5228 3394 5299 primo
3421 5227 3506 5282 die
3536 5227 3661 5295 quid

2075 5323 2138 5376 sit
2199 5322 2424 5386 factum;
2485 5308 2781 5374 invenimus
2832 5318 3004 5374 lucem
3053 5337 3067 5372 :
3110 5316 3346 5373 secundo
3397 5317 3483 5372 die
3533 5316 3660 5386 quid

2075 5410 2144 5464 sit
2166 5411 2359 5465 factum
2387 5427 2402 5476 ;
2438 5409 2744 5467 invenimus
2778 5408 3186 5472 firmamentum,
3218 5406 3354 5478 quod
3377 5408 3661 5476 appellavit

2078 5500 2217 5556 Deus
2244 5501 2476 5556 etclam:
2510 5500 2666 5554 tertio
2701 5498 2789 5555 die
2810 5499 2950 5570 quid
2991 5500 3062 5554 sit
3102 5499 3331 5563 factum;
3364 5498 3660 5555 inveninms

2141 5617 2158 5645 ι
2193 5613 2266 5662 sic
2283 5619 2391 5662 Mss.
2416 5620 2472 5662 At
2488 5611 2599 5661 Edd.
2623 5612 2720 5673 hic,
2741 5611 2922 5664 sabbati
2946 5626 2964 5664 :
2981 5613 3214 5676 deinceps
3227 5626 3351 5663 vero
3366 5614 3660 5663 conveniunt

2076 5680 2466 5805 tim._et
2487 5741 2616 5805 uss,
2649 5737 2814 5805 paucis
2837 5736 3057 5805 exceptis
3077 5737 3160 5805 qui
3191 5734 3454 5805 habentne
3482 5733 3658 5785 amenta

2080 5796 2286 5863 (ccepti.
2312 5803 2364 5847 At
2387 5803 2460 5845 Er.
2489 5804 2540 5848 et
2562 5794 2690 5856 Lavi,
2719 5803 2905 5850 retere:
2926 5794 3052 5848 enim
3070 5794 3196 5847 vates
3216 5794 3423 5860 decepti.
