4024 6210
255 322 394 378 1193

250 435 481 504 speciem
516 444 672 490 terrm
702 446 752 492 et
786 437 947 491 maris
969 479 984 504 ,
1017 449 1070 493 et
1101 447 1545 512 segt'egationetn,
1578 459 1632 502 ut
1661 449 1835 501 munis

249 530 590 597 congregatio
619 544 874 599 aquarum
902 543 1178 586 vocaretur
1210 550 1381 597 mare,
1411 548 1461 590 te
1502 537 1648 592 arida
1676 554 1833 593 voca-

249 629 394 672 retur
420 629 580 674 terra.
612 620 815 689 Quarto
843 623 945 687 die,
981 623 1258 681 luminaria
1292 628 1413 682 fecit
1449 630 1586 685 Deus
1619 631 1668 685 in
1699 632 1834 686 caelo

246 709 400 777 (Cen.
430 725 470 772 ι,
497 710 698 782 5-19);
745 713 910 766 solem
955 713 1006 767 in
1051 726 1363 783 potestatem
1394 719 1495 773 dici
1523 758 1536 782 ,
1567 720 1760 774 lunam.
1782 732 1835 776 ct

242 801 427 856 stellas
468 802 518 856 in
566 812 882 870 potestatem
931 807 1099 861 noctis
1148 807 1323 877 (Psal.
1378 825 1586 881 cxxxv,
1619 810 1672 877 8,
1716 811 1827 881 9):

242 893 342 946 hoc
362 902 555 963 quarto
576 894 662 948 die
681 893 823 950 fecit.
847 896 981 963 Quid
1001 897 1247 968 sibi’ergo
1268 900 1377 953 vult
1398 880 1536 968 quod
1558 901 1622 954 de
1643 880 1831 973 quarto

239 984 323 1036 die.
350 986 563 1054 accepit
591 985 831 1039 Psalmus
861 987 1105 1050 titulum;
1140 988 1190 1040 in
1237 1004 1342 1058 quo
1373 991 1576 1057 psalmo
1611 991 1831 1046 (Ιοεριιιτ

238 1074 491 1142 patientia
517 1073 773 1130 adversus
804 1073 1082 1131 felicitates
1108 1077 1387 1139 malorum,
1421 1089 1473 1132 et
1501 1079 1708 1134 labores
1737 1076 1828 1135 bo-

239 1162 682 1218 norumiilahes
727 1164 946 1219 Paulum
999 1167 1294 1234 apostolum
1337 1167 1599 1222 dicentem
1631 1171 1827 1225 sanctis

238 1250 485 1304 fidelibus
527 1253 792 1308 roboratis
841 1255 892 1308 in
938 1254 1151 1309 Christo
1185 1273 1196 1305 :
1235 1275 1252 1306 ι
1288 1257 1474 1310 Omnia
1526 1258 1679 1312 facile
1709 1259 1827 1314 sine

235 1343 661 1397 murmuratione
690 1352 744 1397 et
787 1343 1169 1413 disceptatione
1194 1361 1208 1408 ;
1259 1355 1315 1399 ut
1342 1347 1458 1401 sitis
1487 1347 1824 1417 irrcpreben-

235 1431 413 1485 sibiles
440 1474 454 1495 ,
486 1441 541 1486 et
571 1433 806 1488 sinceres
836 1434 852 1464 ¹
874 1475 888 1497 ,
925 1435 1241 1490 immaculati
1292 1437 1380 1490 filii
1428 1437 1523 1492 Dei
1567 1439 1617 1492 in
1649 1440 1823 1494 medio

235 1523 463 1576 nationis
503 1530 756 1576 tortuose
799 1532 854 1577 et
893 1538 1158 1592 perversae
1183 1565 1196 1588 ,
1236 1525 1287 1579 iu
1331 1527 1520 1596 quibus
1559 1530 1821 1598 apparatis

234 1611 364 1666 sicut
394 1611 679 1666 luminaria
723 1613 776 1666 in
825 1615 1021 1668 mundo
1045 1657 1058 1675 ,
1092 1617 1312 1670 verbum
1356 1617 1476 1671 vita:
1507 1618 1761 1676 habentes
1796 1640 1813 1674 ι

234 1701 489 1773 (Philipp.
520 1718 579 1768 ιι,
605 1701 833 1775 14-16).
867 1703 1169 1760 Similitudo
1202 1706 1270 1762 de
1309 1709 1658 1765 luminaribus
1698 1711 1817 1766 data

231 1803 304 1847 est
333 1793 403 1848 ad
433 1805 648 1849 sanctos
670 1837 684 1860 ,
711 1804 766 1849 ut
792 1796 907 1852 sine
949 1801 1366 1855 murmuratione
1391 1801 1497 1855 sint
1528 1803 1577 1856 in
1606 1805 1819 1860 natione

233 1891 466 1937 101⁵111053
489 1894 542 1938 et
561 1900 831 1954 perversa.
1404 1941 1410 1946 .

294 1975 348 2028 4.
391 1973 500 2029 Sed
532 1991 598 2030 ne
629 1977 905 2045 quisquam
937 1988 1218 2048 propterea
1269 1990 1414 2050 putet
1451 1981 1668 2038 colenda
1699 1999 1817 2041 esse

229 2064 561 2119 etadoranda
585 2066 857 2121 luminaria
882 2069 1023 2131 cmii,
1043 2071 1160 2139 quia
1185 2070 1303 2124 inde
1335 2071 1504 2142 aliqua
1529 2073 1816 2131 similitudo

227 2155 377 2209 ducta
401 2165 485 2210 est
509 2155 576 2210 ad
599 2157 1033 2226 significationem
1064 2171 1364 2216 sanctorum
1389 2181 1400 2228 ;
1427 2165 1571 2232 prius
1600 2165 1696 2220 hoc
1724 2183 1813 2221 ex-

226 2246 485 2314 plicemus
508 2246 560 2300 in
590 2247 804 2303 nomine
824 2248 1037 2316 Christi,
1057 2266 1211 2319 quam
1244 2268 1347 2308 non
1371 2254 1438 2308 sit
1458 2269 1811 2327 consequens,

226 2345 278 2388 ut
303 2345 584 2406 propterea
616 2338 706 2392 tibi
730 2340 968 2395 videatur
988 2342 1288 2398 adorandus
1313 2346 1412 2412 sol,
1440 2355 1529 2401 aut
1555 2349 1697 2413 luna,
1722 2361 1812 2405 aut

225 2426 410 2491 stelim,
439 2436 534 2481 aut
561 2428 754 2484 celum
783 2471 796 2494 ,
825 2431 945 2500 quia
977 2432 1146 2502 aliqua
1173 2433 1237 2487 de
1266 2425 1366 2489 illis
1395 2437 1682 2494 similitudo
1710 2441 1808 2494 du-

225 2528 301 2568 cta
327 2527 447 2583 est,
480 2534 582 2587 qua
624 2521 1045 2590 significarentur
1074 2525 1273 2590 sancti;
1324 2527 1449 2596 quia
1496 2529 1655 2583 multa
1687 2540 1811 2586 sunt

221 2607 285 2661 de
305 2609 500 2677 quibus
519 2609 670 2664 ducta
690 2621 770 2664 est
791 2608 1078 2668 similitudo
1102 2615 1165 2667 ad
1186 2616 1554 2684 significandos
1575 2631 1805 2686 sanctos,

221 2713 334 2766 quze
367 2714 472 2757 non
502 2699 808 2754 adorantur.
839 2700 893 2757 Si
920 2704 1058 2757 enim
1082 2705 1332 2775 quidquid
1356 2716 1436 2762 est
1462 2708 1599 2762 unde
1625 2711 1806 2765 simili-

221 2788 342 2843 tudo
365 2788 580 2843 ducitur
599 2790 664 2842 ad
691 2800 922 2856 sanctos,
947 2792 1271 2849 adorandum
1303 2796 1393 2850 tibi
1425 2808 1609 2866 putas;
1645 2800 1803 2854 adora

219 2889 431 2934 montes
470 2887 524 2934 et
549 2882 712 2935 colles
731 2922 747 2948 ,
781 2883 899 2951 quia
926 2883 1120 2937 dictum
1153 2893 1233 2940 est
1258 2904 1268 2938 :
1297 2885 1494 2941 Montes
1523 2889 1803 2943 exsultave-

217 2983 329 3023 runt
354 2969 484 3024 velut
510 2973 706 3037 arietes,
731 2984 776 3025 et
803 2973 951 3027 colles
974 2975 1102 3028 velut
1124 2977 1244 3044 agni
1269 2978 1434 3031 ovium
1457 2977 1623 3047 (Psal.
1643 2967 1802 3044 CIIII,

215 3062 300 3131 ι).
335 3063 417 3116 Tu
459 3063 525 3116 de
567 3067 764 3119 sanctis
811 3065 942 3120 dicis
968 3108 981 3130 ,
1013 3083 1112 3138 ego
1159 3067 1226 3122 de
1272 3069 1386 3139 ipso
1425 3071 1634 3126 Christo
1660 3073 1801 3128 dico.

215 3153 390 3205 Adora
420 3153 648 3218 leonem,
677 3155 796 3224 quia
820 3155 1016 3212 dictum
1040 3168 1140 3227 est,
1178 3157 1306 3212 Vicit
1328 3161 1405 3215 leo
1427 3162 1488 3215 de
1509 3163 1637 3216 tribu
1662 3163 1804 3221 Iuda

213 3241 398 3309 (Apoc.
430 3259 481 3308 v,
509 3242 575 3314 5)
606 3263 618 3296 :
650 3245 810 3298 adora
840 3258 1040 3312 petram
1067 3287 1082 3314 ,
1112 3248 1233 3318 quia
1277 3249 1475 3305 dictum
1502 3265 1582 3308 est
1605 3294 1618 3316 ,
1651 3253 1802 3309 Petra

211 3346 377 3386 alitem
406 3346 512 3386 erat
538 3333 765 3390 Christus
797 3338 813 3407 (
836 3336 855 3391 I
882 3338 994 3390 Cor.
1040 3355 1068 3392 ιι
1093 3380 1106 3404 ,
1137 3339 1168 3393 4
1187 3341 1225 3409 ).
1254 3341 1308 3396 Si
1334 3353 1508 3397 autem
1539 3359 1640 3400 non
1669 3346 1798 3400 ado-

212 3441 296 3478 ras
325 3427 376 3478 in
403 3425 616 3482 Christo
652 3428 749 3482 ista
779 3435 1011 3495 terrena,
1035 3433 1272 3499 quamvis
1299 3433 1364 3488 de
1387 3434 1488 3488 illis
1513 3436 1800 3492 similitudo

212 3516 456 3583 quartlam
490 3517 609 3571 data
640 3528 754 3582 est;
801 3520 867 3574 ad
911 3521 1281 3591 significandos
1321 3536 1531 3582 sanctos
1575 3528 1640 3583 de
1666 3545 1797 3599 qua-

209 3616 439 3674 cumque
464 3615 704 3660 creatura
733 3608 888 3664 ducta
919 3610 1078 3666 luerit
1125 3614 1413 3670 similitudo
1437 3658 1451 3684 ,
1483 3626 1536 3671 tu
1567 3618 1798 3690 intellige

209 3696 608 3751 similitudinem
640 3707 918 3764 creaturae,
949 3709 1003 3755 et
1039 3701 1199 3756 adora
1230 3703 1486 3760 artiﬁcem
1517 3717 1794 3766 crcatnrze.

211 3789 393 3842 Dictus
420 3799 504 3842 est
529 3791 608 3843 sol
656 3789 908 3846 Dominus
953 3801 1135 3848 noster
1160 3794 1314 3851 Jesus
1355 3795 1596 3853 Christus
1624 3799 1793 3869 (Sap.

207 3895 261 3942 ν,
287 3879 360 3947 6)
387 3898 398 3933 :
424 3881 674 3950 numquid
699 3882 798 3936 iste
819 3882 897 3936 sol
926 3899 1080 3953 quem
1104 3895 1157 3939 et
1178 3886 1524 3942 minutissima
1549 3890 1793 3946 animalia

207 3969 486 4024 nobiscum
510 3971 727 4025 vident?
753 3971 856 4026 Sed
883 3972 949 4027 de
971 3990 1075 4043 quo
1099 3975 1295 4030 dictum
1323 3987 1404 4031 est
1432 3995 1444 4030 :
1476 3977 1603 4030 Erat
1627 3979 1795 4034 lumen

205 4077 410 4126 verum,
442 4064 579 4134 quod
615 4063 870 4118 illuminat
913 4077 1106 4120 omnem
1152 4069 1402 4121 hominem
1430 4071 1704 4124 venientem
1742 4073 1793 4126 in

206 4155 340 4208 hunc
378 4157 620 4209 mundum
662 4157 852 4228 (Joan.
883 4175 922 4224 ι,
956 4159 1045 4230 9).
1074 4161 1324 4215 ΝἷὶΠΓῘΙΙΧ
1357 4166 1453 4216 ista
1485 4179 1588 4218 non
1616 4164 1791 4220 homi-

205 4260 326 4298 nem
371 4246 542 4299 solum
588 4247 882 4313 illuminat,
927 4250 1017 4304 sed
1062 4260 1116 4304 et
1160 4252 1395 4321 jumenta
1436 4266 1484 4308 et
1530 4271 1714 4324 pecora
1741 4268 1795 4311 et

202 4337 383 4388 munia
425 4336 671 4391 animalia
703 4356 714 4390 :
746 4339 886 4407 quod
930 4351 1103 4396 autem
1147 4342 1409 4397 illuminat
1447 4361 1658 4400 onniem
1699 4347 1792 4401 ho-

202 4427 447 4489 minem,
477 4429 526 4480 in
570 4429 732 4484 corde
775 4429 1072 4497 illuminat,
1119 4430 1206 4486 ubi
1249 4433 1573 4490 intellectum
1619 4437 1789 4492 solum

202 4517 389 4570 habet.

269 4609 327 4661 5.
366 4607 620 4676 lntciligat
645 4624 771 4680 ergo
795 4609 1034 4666 Charitas
1054 4611 1261 4676 Vestra,
1281 4614 1472 4680 quibus
1497 4616 1629 4671 dixit
1651 4620 1791 4687 Apo-

197 4699 370 4750 stolus
391 4740 406 4762 ,
445 4696 503 4750 1η
531 4700 732 4752 natione
773 4707 994 4754 tortuosa
1036 4711 1081 4755 et
1121 4717 1350 4771 perversa
1373 4747 1387 4768 ,
1421 4705 1470 4759 id
1504 4718 1578 4760 cst
1607 4747 1622 4769 ,
1654 4709 1790 4763 inter

198 4791 433 4858 iniquos,
463 4789 512 4843 in
538 4791 715 4861 quibus
744 4794 999 4862 apparatis
1027 4795 1154 4848 sicut
1184 4795 1454 4851 luminaria
1482 4799 1533 4851 in
1567 4801 1751 4853 mundo
1773 4842 1786 4864 ,

194 4883 402 4935 uerbum
429 4883 542 4936 vita:
574 4882 808 4936 habentes
834 4899 851 4937 :
876 4885 1102 4953 quodam
1129 4885 1286 4941 modo
1313 4889 1586 4943 admonuit
1613 4906 1708 4944 nos
1736 4902 1790 4947 et

115 4969 118 4973 ’
195 4971 360 5026 istum
404 4973 668 5041 psalmum
719 4973 1030 5043 intelligere,
1081 4985 1134 5030 et
1179 4993 1513 5046 pra'uoccere
1569 4983 1785 5038 titulum

193 5065 384 5132 ipsius.
414 5064 568 5120 Tales
594 5067 735 5120 enim
779 5069 946 5122 sancti
977 5069 1026 5122 in
1057 5071 1248 5138 quibus
1272 5082 1352 5126 est
1381 5075 1598 5128 verbum
1629 5087 1749 5129 Vita:
1769 5119 1783 5140 ,

187 5156 257 5209 de
294 5159 706 5211 conversatione
748 5174 906 5227 quam
954 5159 1148 5215 habent
1194 5163 1243 5215 in
1283 5165 1456 5227 carlo,
1490 5167 1787 5236 despiciunt

181 5245 374 5299 omnia
402 5245 579 5316 iniqua
620 5262 739 5316 qua:
787 5248 918 5302 fiunt
961 5249 1012 5302 in
1047 5259 1185 5303 terra
1218 5268 1229 5302 :
1259 5261 1311 5306 et
1337 5255 1603 5322 quomodo
1635 5257 1786 5310 lumi-

186 5338 343 5391 naria
366 5339 417 5392 in
443 5339 580 5394 caelo
608 5355 702 5410 per
721 5339 861 5394 diem
892 5349 948 5394 et
975 5353 1069 5409 per
1092 5350 1295 5398 noctem
1324 5347 1635 5414 procedunt,
1667 5365 1784 5418 per-

181 5437 357 5498 agunt
383 5429 572 5483 itinera
601 5446 718 5497 sua,
744 5446 930 5486 cursus
958 5447 1082 5486 suos
1109 5444 1282 5490 certos
1312 5436 1527 5505 habent,
1561 5450 1614 5494 et
1637 5456 1784 5495 com-

181 5522 477 5576 mittuntur
504 5531 644 5576 tanta
673 5525 830 5589 mala,
861 5541 958 5580 nec
982 5525 1194 5581 deviant
1219 5527 1446 5599 desuper
1471 5532 1638 5586 stella:
1666 5533 1782 5588 lixa:

181 5613 239 5669 in
270 5612 439 5676 uelo.
470 5625 687 5684 agentes
719 5632 811 5684 prr
840 5626 1032 5673 tractus
1059 5620 1305 5675 caelestes
1327 5663 1340 5686 ,
1367 5638 1486 5692 qua:
1516 5625 1622 5679 illis
1650 5643 1783 5695 prte-

261 5742 280 5779 ¹
309 5747 384 5796 sic
409 5754 508 5795 Am.
530 5753 602 5795 Er.
631 5755 680 5796 et
704 5750 850 5797 nostri
873 5756 1043 5799 omnes
1066 5757 1172 5801 Mss.
1211 5761 1264 5803 Αι
1288 5758 1419 5814 t.ov.,
1442 5757 1634 5808 sulcari.

485 5827 756 5893 PATROL.
803 5832 1090 5892 XXXVII.
1128 5829 1146 5834 ”

1219 331 1612 390 ENARRATIO
1650 335 1713 390 ΙΝ
1780 336 2102 394 ΡΞΜΜΙΙΜ
2143 339 2322 396 XCIII.

3389 357 3522 415 1194

1947 449 2113 503 stituit
2136 460 2185 505 et
2204 453 2477 508 constituit
2497 454 2959 524 Creatoripsarttm
2982 477 2996 523 ;
3019 461 3096 516 sic
3113 460 3306 522 debent
3332 476 3520 535 sancti.

1943 542 2036 595 sed
2066 545 2108 596 si
2141 545 2190 596 lu
2221 545 2356 599 cosio
2402 546 2624 616 figantur
2651 551 2808 605 corda
2858 567 3040 608 eorum
3067 597 3082 620 ,
3115 557 3158 611 si
3193 576 3294 615 non
3327 561 3521 621 frustra

1940 632 2152 686 audiant
2183 645 2231 688 et
2263 637 2619 705 respondeant
2645 655 2850 695 sursum
2880 659 2938 699 se
2970 645 3166 703 habere
3191 667 3301 717 cor,
3333 654 3375 707 si
3404 655 3520 708 imi-

1943 732 2120 777 tentur
2148 741 2266 779 eum
2295 728 2382 796 qui
2411 728 2505 796 ait,
2538 728 2727 784 Nostra
2764 745 2927 788 autem
2956 743 3260 795 conversatio
3288 745 3338 798 in
3383 751 3520 803 cwlls

1938 824 2008 867 est
2033 813 2288 886 (Philipp.
2323 834 2397 883 Ill,
2421 818 2533 889 20).
2559 820 2686 886 Quia
2714 836 2838 892 ergo
2859 836 2981 880 sunt
3011 830 3059 882 in
3089 836 3349 902 supernis,
3379 841 3518 895 etde

1937 906 2178 972 supernis
2205 908 2436 976 cogitant
2458 950 2472 973 ,
2504 911 2642 964 sicut
2667 912 2861 967 dictum
2893 927 2972 970 est
2993 959 3006 981 ,
3038 919 3132 974 Ubi
3159 934 3228 976 est
3255 929 3524 988 thesaurus

1936 1002 2067 1061 tuus,
2098 997 2165 1050 ibi
2193 1009 2264 1051 est
2305 1009 2348 1051 et
2377 1016 2462 1052 cor
2488 1009 2623 1052 tuum
2651 1001 2869 1072 (Matth.
2901 1022 2972 1070 vr,
2999 1008 3061 1061 ‘2!
3091 1012 3140 1078 );
3172 1012 3238 1067 de
3267 993 3512 1084 ipsis‘cn-

1929 1359 2048 1414 εαξη
2069 1402 2084 1426 ,
2109 1360 2208 1416 nisi
2237 1365 2503 1432 quomodo
2529 1379 2811 1424 exerceant
2834 1371 2948 1426 dies
2977 1384 3247 1445 etnoctes,
3271 1385 3512 1449 quamvis
3569 1443 3572 1446 ,

1930 1454 2070 1503 tanta
2095 1452 2233 1505 mala
2275 1453 2486 1510 videant
2529 1456 2642 1512 ﬁeri
2685 1475 2844 1530 super
2872 1473 3087 1520 terram.
3122 1467 3225 1522 Sed
3256 1471 3405 1528 facile
3430 1486 3512 1530 est

1927 1536 2083 1605 forte,
2113 1551 2169 1595 ut
2197 1541 2511 1614 lerantjusti
2538 1547 2838 1618 iniquitates
2867 1554 3147 1620 malorum,
3180 1576 3296 1628 quae
3322 1578 3425 1617 non
3459 1565 3508 1618 in

1927 1629 2069 1698 ipsos
2097 1632 2227 1688 fiunt
2256 1651 2270 1689 :
2303 1636 2396 1690 sed
2426 1637 2562 1693 sicut
2599 1638 2775 1696 ferunt
2819 1659 2936 1713 quae
2984 1647 3034 1700 in
3080 1649 3211 1704 alios
3239 1652 3368 1707 liunt
3390 1697 3404 1720 ,
3435 1658 3508 1712 sic

1924 1718 2093 1776 ferant
2121 1734 2172 1778 et
2197 1741 2313 1794 qua:
2339 1727 2389 1780 in
2434 1729 2574 1797 ipsos
2605 1732 2755 1787 liunt.
2799 1734 2914 1790 Non
2942 1737 3081 1791 enim
3116 1718 3399 1812 propterea
3418 1748 3508 1804 de-

1925 1809 2051 1865 bent
2081 1812 2219 1869 ferre
2254 1825 2306 1869 et
2335 1819 2583 1885 tolerare,
2617 1823 2738 1892 quia
2771 1824 2823 1878 in
2849 1826 2984 1882 alios
3015 1828 3146 1884 fiunt
3174 1847 3188 1884 ι
3215 1809 3273 1888 et
3299 1836 3340 1889 si
3372 1837 3420 1890 in
3447 1855 3507 1895 se

1923 1901 2072 1968 ﬁant,
2108 1920 2212 1959 non
2242 1905 2438 1963 debent
2477 1912 2700 1979 perdere
2730 1916 3085 1974 tolerantiam.
3117 1922 3244 1978 Nam
3275 1929 3361 1996 qui
3387 1946 3504 1997 per-

1921 1992 2114 2048 didcrit
2142 1998 2495 2067 tolerantiam,
2525 2005 2718 2060 cecidit
2743 2007 2810 2062 de
2833 2009 2970 2065 (telo
2997 2013 3117 2081 :qui
3145 1992 3316 2071 autem
3343 1992 3502 2078 litum

1924 2084 2079 2141 habet
2125 2103 2217 2144 cor
2256 2092 2306 2144 in
2353 2095 2531 2159 etelo,
2584 2106 2719 2151 terra
2769 2099 2934 2168 ipsius
2983 2104 3184 2162 laborat
3239 2111 3289 2164 in
3341 2105 3500 2170 terra.

1920 2174 2123 2242 Quanta
2148 2182 2292 2234 etde
2334 2182 2462 2251 ipsis
2507 2185 2851 2244 luminaribus
2895 2191 3097 2263 lingunt
3131 2197 3408 2269 homines,
3452 2216 3504 2260 et

1921 2266 2180 2331 patienter
2221 2269 2433 2329 ferum?
2475 2275 2590 2342 Quo
2635 2279 2793 2335 modo
2834 2281 2960 2350 justi
3011 2287 3271 2353 patienter
3307 2266 3502 2350 debent

1919 2353 2057 2411 ferre
2098 2375 2284 2415 omnes
2323 2365 2479 2418 etiam
2527 2366 2594 2420 de
2631 2383 2690 2423 se
2736 2369 2895 2427 falsas
2940 2375 3355 2436 criminationes.
3390 2385 3500 2441 lioc

1917 2447 2086 2518 ipsum
2113 2453 2253 2521 quod
2288 2456 2397 2522 jam
2427 2459 2624 2514 dudum
2651 2461 2756 2516 dixi
2776 2505 2789 2528 ,
2817 2468 2936 2534 quia
2969 2468 3054 2522 illa
3078 2470 3227 2526 stella
3256 2473 3497 2532 Mercurii

1915 2551 1995 2595 est
2017 2582 2032 2606 ,
2064 2554 2116 2596 et
2145 2543 2230 2599 illa
2258 2547 2406 2602 stella
2444 2549 2656 2606 Saturni
2681 2559 2764 2607 est
2790 2595 2804 2618 ,
2834 2565 2886 2610 et
2914 2557 2999 2612 illa
3027 2560 3178 2615 stella
3218 2563 3362 2619 Jovis
3383 2580 3493 2636 est,

1913 2635 2151 2688 convicia
2181 2634 2311 2692 liunt
2339 2640 2527 2695 stellis.
2580 2644 2757 2710 Quid?
2804 2647 2907 2702 illa:
2949 2664 3068 2706 cum
3099 2654 3319 2711 audiunt
3357 2634 3496 2714 tanta

1912 2723 2169 2790 convicia,
2194 2729 2444 2798 numquid
2475 2743 2780 2802 moventur,
2803 2747 2891 2792 aut
2915 2755 3020 2794 non
3039 2755 3290 2800 exercent
3309 2766 3498 2806 cursus

1911 2815 2080 2868 Suos?
2105 2815 2191 2872 Sic
2212 2827 2265 2874 et
2290 2819 2450 2876 homo
2475 2824 2564 2893 qui
2593 2825 2644 2879 in
2677 2831 2891 2885 natione
2922 2847 3166 2901 perversa
3189 2848 3242 2892 et
3264 2850 3496 2900 tortuosa

1911 2901 2070 2959 habet
2112 2909 2330 2964 verbum
2383 2912 2514 2979 Dei,
2568 2917 2703 2971 sicut
2745 2919 3006 2979 luminare
3055 2937 3138 2980 est
3190 2928 3393 3002 fulgens
3444 2937 3495 2990 in

1908 2994 2046 3050 cmlo
2077 2997 2115 3049 ¹.
2147 2997 2340 3065 Quanti
2383 3003 2469 3070 qui
2496 3005 2594 3059 sibi
2626 3007 2872 3063 videntur
2900 3011 3163 3071 honorare
3191 2994 3355 3075 solem
3376 3066 3391 3088 ,
3425 3027 3492 3081 de

1909 3083 1999 3136 illo
2021 3088 2378 3143 mentiuntur?
2405 3091 2503 3159 Qui
2521 3093 2720 3162 dicunt,
2744 3097 2986 3156 Christus
3006 3115 3083 3159 est
3101 3109 3200 3174 sol,
3225 3083 3491 3170 mentiun-

1907 3183 1994 3228 tur
2022 3175 2088 3231 de
2115 3178 2245 3232 sole.
2278 3179 2433 3236 Novit
2459 3184 2542 3238 soi
2570 3186 2849 3244 Dominmu
2896 3207 3049 3248 suum
3079 3214 3197 3253 esse
3223 3199 3490 3260 Cill‘iallilil

1906 3275 1961 3320 et.
1989 3266 2293 3324 Creatorem
2324 3287 2498 3328 suum.
2531 3275 2596 3331 Et
2627 3279 2670 3332 si
2719 3281 2980 3351 indignari
3012 3297 3183 3355 potest
3209 3334 3223 3358 ,
3253 3296 3493 3353 acerbius

1907 3355 2208 3427 indignatur
2251 3373 2431 3416 contra
2485 3366 2620 3422 l'also
2672 3371 3054 3445 honorantem,
3104 3355 3260 3450 quam
3309 3398 3492 3442 centra

1906 3451 2370 3506 contumeliosum.
2402 3454 2569 3509 Servo
2599 3461 2739 3515 enim
2790 3464 2929 3518 bono
2975 3469 3143 3537 major
3169 3479 3492 3532 contumelia

1904 3547 1986 3592 est
2013 3539 2200 3609 injuria
2234 3542 2463 3601 Domini.
2493 3548 2699 3615 Quanta
2731 3553 2861 3609 falsa
2893 3557 2959 3612 de
2991 3558 3116 3629 ipsis
3149 3563 3494 3624 luminaribus

1905 3631 2115 3698 quidam
2142 3632 2360 3690 dicunt?
2388 3638 2452 3692 Et
2476 3640 2669 3708 ferunt,
2704 3646 2950 3712 tolerant,
2979 3661 3030 3704 et
3057 3668 3159 3708 non
3192 3670 3489 3716 morentur.

1902 3720 2118 3787 Quare?
2174 3725 2303 3791 Quia
2367 3729 2416 3783 in
2476 3733 2611 3785 cmlo
2675 3745 2817 3789 sunt.
2870 3737 3074 3794 Caelum
3129 3755 3303 3800 autem
3362 3753 3485 3818 quid

1903 3815 2020 3868 est?
2058 3815 2163 3872 Nec
2203 3819 2302 3874 hoc
2351 3826 2818 3889 przrtermittamus
2863 3847 2875 3881 :
2924 3843 3116 3900 quanta
3163 3815 3492 3896 mentiuntur

1903 3905 2165 3974 homines,
2197 3913 2408 3979 quando
2438 3914 2618 3968 vident
2650 3918 2921 3973 obscurari
2957 3924 3151 3990 lunam,
3188 3938 3240 3981 et
3270 3931 3446 3986 dicunt
3473 3976 3485 3996 ,

1902 3999 2119 4053 Malefici
2155 4003 2294 4054 illam
2323 4003 2633 4073 deponunt?
2662 4023 2781 4063 eum
2811 4015 2968 4066 certis
2998 4020 3320 4085 temporibus
3346 4023 3488 4079 defe-

1900 4101 2041 4146 ctum
2068 4109 2220 4146 suum
2253 4094 2443 4150 habeat
2472 4101 2762 4156 secundum
2795 4104 2883 4159 Dei
2916 4106 3339 4176 dispositionem.
3371 4116 3485 4172 Non

1899 4194 2047 4237 curat
2077 4193 2250 4239 tamen
2302 4187 2398 4241 ista
2430 4190 2584 4244 verba
2643 4190 2915 4249 hominum
2967 4197 3055 4252 illa
3093 4216 3211 4270 qua:
3257 4203 3309 4258 in
3349 4208 3485 4264 coelo

1899 4281 2000 4326 est.
2029 4272 2132 4330 Sed
2160 4276 2282 4344 quid
2313 4288 2422 4341 est,
2462 4278 2514 4332 lu
2545 4282 2717 4336 coelo?
2761 4284 2814 4337 lu
2859 4286 3192 4347 firmamento
3219 4297 3339 4350 casli
3380 4308 3481 4354 est.

1897 4363 2059 4431 Cujus
2081 4380 2206 4434 ergo
2231 4382 2323 4421 cor
2355 4369 2404 4421 in
2437 4371 2774 4430 ﬁrmamento
2815 4377 2931 4432 libri
2966 4380 3058 4435 Dei
3099 4394 3181 4439 est
3205 4427 3219 4452 ,
3252 4387 3345 4443 ista
3375 4407 3482 4447 non

1897 4466 2064 4506 Clll’ﬂl.

1968 4546 2021 4600 6.
2061 4546 2193 4603 Nam
2221 4551 2415 4606 malum
2442 4594 2456 4614 .
2491 4555 2539 4608 id
2570 4567 2651 4610 est
2676 4601 2690 4624 ,
2721 4559 3112 4621 firmamentum
3133 4611 3148 4636 ,
3179 4571 3485 4644 intelligitur

1894 4652 1991 4706 per
2032 4637 2249 4708 figuram
2283 4642 2440 4699 Liber
2468 4645 2641 4716 Legis.
2687 4650 2807 4705 Ideo
2835 4657 3062 4724 quodam
3106 4661 3222 4714 loco
3250 4637 3442 4725 dicitur
3462 4712 3478 4737 ,

1899 4729 2138 4786 Extendit
2162 4736 2343 4788 caelum
2367 4738 2494 4791 sicut
2522 4741 2700 4808 pellem
2735 4745 2915 4812 (I’sal.
2946 4765 3058 4818 cut,
3089 4754 3176 4825 2).
3206 4757 3260 4812 Si
3290 4729 3479 4818 exteri:

1895 4822 2180 4879 ditursicut
2197 4828 2362 4896 pellis,
2389 4839 2633 4900 tanquam
2653 4834 2788 4889 liber
2800 4849 2880 4892 est
2897 4822 3163 4912 extentus,
3185 4862 3233 4905 ut
3254 4853 3474 4924 legatur.

1895 4914 2183 4973 Transacto
2219 4931 2394 4975 autem
2438 4933 2674 4995 tempore
2724 4944 2827 4984 non
2874 4931 3066 5004 legitur
3101 4941 3141 4993 ².
3191 4914 3474 5015 Propterea

1893 5008 2037 5062 enim
2068 5010 2256 5080 legitur
2283 5013 2413 5075 Lex.
2442 5017 2563 5086 quia
2596 5020 2830 5077 nondum
2859 5028 3100 5085 venimus
3125 5034 3190 5087 ad
3218 5008 3358 5090 illam
3386 5038 3483 5094 Sa-

1893 5098 2145 5168 pientiam
2174 5120 2290 5172 quae
2322 5107 2502 5178 implet
2532 5111 2690 5167 corda
2728 5123 2781 5170 et
2813 5128 3014 5174 mentes
3045 5123 3357 5181 intuentium
3390 5147 3402 5182 :
3428 5145 3477 5186 et

1894 5207 1998 5247 non
2029 5210 2160 5264 opus
2186 5195 2286 5250 erit
2314 5207 2369 5253 ut
2393 5201 2589 5273 aliquid
2623 5206 2689 5260 ibi
2721 5209 2874 5265 nobis
2915 5212 3137 5282 legatur.
3170 5217 3298 5284 Quia
3333 5221 3382 5274 in
3414 5239 3480 5277 eo

1891 5283 2031 5350 quod
2063 5284 2212 5341 nobis
2240 5287 2435 5359 legitur
2454 5334 2468 5358 ,
2501 5296 2718 5365 syllaba:
2746 5309 2940 5355 sonant
2968 5315 3020 5357 et
3053 5283 3326 5363 transeunt
3355 5329 3368 5366 :
3394 5315 3478 5367 illa

1892 5373 1980 5428 lux
2012 5375 2246 5431 veritatis
2279 5395 2381 5433 non
2413 5387 2681 5454 praeterit,
2721 5389 2814 5444 sed
2861 5390 2960 5448 fixa
3010 5408 3325 5460 permanens
3368 5402 3479 5456 inc-

1891 5464 2031 5519 briat
2059 5468 2220 5523 corda
2248 5471 2567 5540 videntium;
2598 5479 2864 5546 quomodo
2889 5482 3085 5536 dictum
3113 5495 3212 5550 est,
3241 5489 3478 5547 Inebria-

1891 5556 2076 5610 buntur
2107 5560 2170 5612 ab
2209 5561 2647 5643 ubertatedonms
2686 5578 2816 5634 tute,
2851 5579 2897 5624 et
2926 5582 3143 5629 torrente
3183 5579 3478 5640 deliciarum

1955 5698 1970 5760 l
2006 5698 2078 5746 sic
2096 5696 2192 5747 duo
2208 5704 2312 5747 Mss.
2340 5698 2425 5748 Alii
2448 5713 2558 5750 cum
2582 5699 2714 5760 Edd.,
2743 5700 2793 5752 in
2810 5705 3002 5757 alecula.

1957 5759 1976 5789 ³
2011 5765 2083 5807 Er.
2112 5768 2229 5809 Ven.
2253 5769 2303 5810 et
2322 5762 2455 5825 Lor,
2480 5759 2801 5827 temporaque
2824 5765 3093 5831 tegitnrlex
3116 5780 3385 5840 mepterea.
3419 5784 3469 5824 at.

2698 5847 3142 5933 (Trentc-hnil)
