4012 6202
458 341 593 399 H95

455 469 656 510 tuarum
683 453 873 525 potabis
902 467 1015 515 eos;
1044 448 1279 520 quoniam
1306 447 1447 516 apud
1473 450 1632 515 te'est,
1664 445 1895 511 Domine,
1925 450 2037 515 [ous

455 553 590 603 vine.
626 549 689 603 Et
715 546 835 601 vltle
865 545 1033 614 ipsum
1079 541 1276 598 fontem
1312 558 1325 593 :
1354 539 1421 594 In
1466 539 1655 593 lumine
1677 580 1692 604 ,
1723 538 1923 608 inquit,
1954 546 2040 589 tuo

455 642 727 696 uidebimus
770 639 933 691 lumen
966 632 1145 706 (Psul.
1177 647 1343 695 xxxv,
1370 630 1404 686 9
1423 673 1438 698 ,
1469 631 1593 699 10).
1626 628 1780 684 Modo
1805 642 1931 698 ergo
1959 626 2039 682 le-

452 733 559 786 ctio
589 726 886 784 necessaria
917 735 1019 789 est,
1052 722 1302 794 quamdiu
1339 737 1401 775 ea:
1431 731 1572 789 parte
1600 719 1963 789 cognoscimus,
1994 726 2040 771 et

452 840 514 878 ea:
539 830 678 891 parte
703 818 1062 889 prophetamus
1082 857 1097 882 ,
1128 815 1259 869 sicut
1292 813 1421 868 dicit
1450 811 1731 881 Apostolus
1763 828 1776 864 :
1806 826 1918 864 cum
1944 826 2038 863 au-

454 925 547 966 tem
579 913 763 966 venerit
786 909 921 982 quod
950 910 1223 979 perfectum
1247 918 1337 971 est,
1369 908 1628 977 auferetur
1651 904 1787 974 quod
1812 919 1876 958 ea:
1899 912 2042 973 parte

450 1014 521 1056 est
553 1002 611 1074 (Ι
644 1000 762 1057 Cor.
795 1016 887 1055 xm
915 1042 926 1065 ,
960 1000 993 1054 9
1017 1040 1029 1062 ,
1068 998 1187 1067 l0).
1227 996 1344 1051 Non
1385 996 1526 1051 enim
1558 996 1574 1026 ¹
1604 995 1657 1049 in
1699 995 1785 1048 illa
1830 994 2041 1048 civitate

451 1094 747 1150 Jerusalem
771 1134 785 1156 ,
816 1092 903 1146 ubi
931 1090 1117 1161 Augeli
1152 1090 1374 1154 vivunt,
1405 1087 1547 1143 unde
1578 1103 1674 1141 nos
1699 1085 1858 1140 modo
1883 1099 2041 1155 perc-

451 1188 743 1258 grinamur,
768 1194 821 1239 et
844 1183 1200 1255 peregrinatio
1223 1190 1402 1235 nostra
1427 1180 1622 1251 gemit;
1652 1179 1814 1250 gemit
1838 1184 2037 1240 autem,

450 1280 497 1333 si
517 1278 724 1335 scimus
738 1278 859 1348 quia
882 1276 1315 1346 peregrinamur;
1340 1288 1460 1328 nam
1484 1272 1597 1328 odit
1618 1271 1771 1327 valde
1791 1270 2038 1341 patriam,

452 1371 545 1442 qui
573 1379 719 1440 putat
750 1369 850 1424 sibi
877 1368 1013 1424 bene
1053 1381 1171 1422 esse
1198 1380 1321 1421 cum
1351 1352 1717 1435 peregrinatur
1743 1380 1756 1417 :
1784 1360 2040 1431 numquid

453 1462 509 1515 in
548 1461 636 1515 illa
665 1458 875 1515 civitate
907 1457 994 1513 ubi
1032 1465 1156 1511 sunt
1191 1454 1399 1525 Angeli,
1429 1453 1775 1524 Evangelium
1808 1452 1999 1523 legitur
2021 1492 2036 1516 ,

455 1564 546 1609 aut
571 1551 889 1624 Apostolus?
927 1548 1106 1606 Verbo
1145 1548 1237 1604 Dei
1276 1554 1604 1618 pascuntur:
1635 1544 1776 1616 quod
1790 1542 2041 1600 «Verbum

456 1645 573 1709 Dei,
598 1654 655 1700 ut
674 1651 887 1698 sonaret
912 1643 1062 1697 nobis
1088 1640 1153 1695 ad
1182 1648 1412 1710 tempus,
1444 1636 1675 1693 Verbum
1697 1650 1824 1692 caro
1844 1633 2042 1691 factum

456 1748 571 1804 est,
596 1748 650 1793 et
678 1736 932 1791 habitavit
970 1735 1022 1789 in
1068 1733 1220 1789 nobis
1253 1730 1444 1805 (Joan.
1476 1746 1529 1796 ι,
1577 1729 1700 1800 Η).
1731 1726 1838 1783 Sed
1867 1736 2041 1781 tamen

457 1831 569 1899 ipsa
598 1829 705 1884 Lex
733 1869 747 1891 ,
780 1842 897 1898 quas
942 1826 1137 1897 scripta
1163 1832 1286 1890 est,
1315 1823 1706 1877 firmamentum
1734 1819 1887 1875 nobis
1915 1827 1999 1874 est
2025 1834 2040 1873 :

456 1923 527 1977 ibi
556 1923 598 1977 si
628 1922 698 1977 sit
724 1935 818 1975 cor
842 1928 1078 1974 nostrum
1103 1958 1119 1983 ,
1150 1912 1267 1971 non
1285 1913 1602 1971 convellitur
1633 1913 1653 1944 ²
1683 1909 2044 1980 iniquitatibus

458 2012 754 2067 hominum.
791 2010 997 2063 Dictum
1027 2015 1109 2062 est
1133 2018 1282 2077 ergo,
1314 2002 1552 2058 Extendit
1578 2001 1757 2056 cretum
1782 2000 1911 2055 sicut
1938 1998 2046 2070 pel-

460 2104 579 2156 lem.
607 2101 741 2155 Cum
764 2108 940 2153 autem
966 2102 1244 2151 transeunt
1268 2103 1505 2164 tempora
1530 2089 1861 2147 necessitatis
1879 2088 2044 2144 libro-

461 2208 599 2256 rum,
628 2188 753 2261 quid
773 2189 973 2244 dictum
1001 2186 1121 2242 est?
1144 2183 1337 2241 Caelum
1365 2182 1633 2253 plicabitur
1657 2189 1712 2235 ut
1737 2179 1859 2234 liber
1879 2181 1896 2250 (
1915 2176 2045 2233 1εαί.

464 2297 637 2337 xxxw
659 2323 674 2346 ,
702 2278 797 2351 4).
824 2279 924 2344 Qui
955 2292 1083 2346 ergo
1131 2289 1347 2330 sursum
1396 2273 1556 2329 habet
1597 2286 1713 2339 cor,
1740 2271 1912 2341 ipsum
1954 2284 2049 2325 cor

461 2375 627 2446 ipsius
657 2373 917 2428 luminare
952 2379 1034 2425 est
1068 2388 1081 2423 :
1111 2368 1162 2423 in
1203 2367 1339 2423 caelo
1367 2364 1564 2437 fulget,
1594 2379 1694 2419 nec
1718 2362 1945 2418 vincitur
1971 2370 2050 2416 te-

461 2467 662 2522 uehi-is.
696 2463 837 2518 lnl‘ra
862 2463 1004 2517 enim
1034 2467 1159 2516 sunt
1185 2457 1417 2513 tcnehra:
1444 2472 1458 2509 :
1489 2454 1721 2511 tenebrae
1745 2463 1921 2509 autem
1950 2452 2049 2507 ini-

459 2557 670 2630 quitas;
696 2571 799 2611 non
820 2550 1283 2609 incommutabiles
1303 2547 1558 2603 tenebrm.
1580 2546 1700 2602 Jam
1724 2554 1776 2600 et
1799 2545 2050 2601 hesterno

463 2650 551 2703 die
576 2644 1137 2703 commemoravimus.
1170 2639 1277 2696 Sed
1317 2639 1406 2709 qui
1437 2636 1595 2692 hodie
1624 2635 1859 2692 tenebrae
1887 2644 2048 2701 sunt,

466 2742 509 2795 si
541 2740 743 2804 velint,
774 2750 896 2792 cras
941 2736 1027 2790 lus
1074 2741 1232 2789 erunt
1261 2747 1276 2785 :
1307 2729 1398 2800 qui
1440 2729 1672 2785 tenebrre
1700 2727 1804 2783 huc
1828 2726 2051 2799 ingressi

467 2840 630 2896 sunt,
694 2829 740 2885 si
807 2826 1009 2891 velint,
1057 2825 1166 2895 jam
1219 2824 1308 2878 lux
1365 2836 1487 2876 esse
1548 2827 1787 2889 possunt.
1855 2821 2052 2889 Aperte

467 2923 609 2978 enim
647 2918 951 2991 Apostolus,
997 2931 1064 2971 ne
1091 2915 1211 2986 quis
1240 2920 1447 2982 putaret
1491 2911 1757 2965 naturales
1785 2922 1905 2965 esse
1947 2908 2050 2963 ini-

469 3025 729 3084 quzlates,
778 3028 898 3082 qua:
944 3008 1136 3064 mutari
1189 3024 1293 3062 non
1342 3014 1605 3076 possunt:
1646 3002 1836 3057 Fuislis
1881 3002 2048 3065 enim,

471 3104 659 3174 inquit,
683 3100 954 3173 aliquando
981 3098 1224 3159 tenebrat;
1255 3112 1387 3150 nunc
1409 3104 1577 3148 autem
1599 3095 1689 3147 tua:
1712 3094 1765 3147 in
1794 3092 2011 3147 Domino
2032 3108 2051 3145 :

464 3199 598 3263 sicut
639 3195 737 3265 ﬁlii
768 3194 896 3247 lucis
921 3191 1175 3246 ambulate
1212 3185 1435 3257 (Eplies.
1464 3200 1515 3248 v,
1545 3184 1629 3251 8).
1661 3183 1776 3239 Lux
1798 3226 1813 3251 ,
1842 3182 2049 3254 inquit,

470 3290 523 3341 in
554 3285 769 3339 Domino
792 3299 811 3337 :
834 3298 937 3338 non
971 3282 1021 3335 in
1048 3280 1215 3334 vobis.
1245 3277 1349 3331 Cor
1377 3288 1504 3347 ergo
1534 3275 1585 3328 in
1615 3274 1780 3328 libro:
1811 3275 1854 3328 si
1880 3287 1974 3327 eor
1999 3274 2052 3328 in

471 3378 627 3441 libro,
656 3389 749 3429 cor
779 3374 829 3427 in
861 3372 1195 3426 ﬁrmamento
1224 3366 1367 3422 coeli.
1395 3365 1449 3421 Si
1481 3364 1550 3419 ibi
1577 3370 1658 3419 est
1680 3379 1794 3430 cor,
1827 3362 1947 3418 inde
1974 3363 2055 3417 lu-

471 3477 590 3523 ceat
614 3507 629 3533 ,
659 3476 713 3522 et
743 3479 847 3519 non
891 3462 1193 3517 movebitur
1231 3458 1593 3528 iniquitatibus
1638 3456 2049 3526 subterpositis:

475 3572 579 3614 ιιοιι
611 3557 734 3627 quia
761 3554 829 3610 ibi
860 3561 943 3609 est
970 3552 1022 3606 in
1053 3551 1190 3605 coelo
1219 3565 1312 3618 per
1335 3563 1571 3609 carnem,
1603 3546 1694 3602 sed
1723 3547 1844 3616 quia
1875 3545 1941 3600 ibi
1972 3555 2055 3601 est

472 3648 570 3721 per
616 3645 1116 3708 conversationem,
1163 3638 1453 3721 secundum
1502 3637 1641 3707 quod
1684 3635 1881 3691 dictum
1930 3647 2051 3703 est,

477 3718 670 3795 Nostra
694 3747 859 3792 autem
898 3718 1203 3789 conversatio
1232 3733 1286 3787 in
1314 3732 1449 3785 caelis
1474 3740 1564 3784 est.
1592 3728 1704 3783 Non
1733 3740 1881 3799 potes
1907 3728 2054 3799 cogi-

477 3846 590 3887 tare
619 3833 758 3886 illam
785 3829 1075 3893 civitatem,
1102 3824 1223 3896 quia
1256 3821 1491 3885 nondum
1520 3821 1688 3876 vides.
1714 3819 1803 3875 Vis
1821 3820 2056 3891 cegitare

473 3923 701 3979 ctelmn?
746 3921 959 3975 Librum
1004 3918 1096 3972 Dei
1141 3915 1334 3986 cogita.
1381 3913 1514 3968 Audi
1557 3914 1817 3983 psalmum
1849 3931 1862 3967 :
1895 3909 1961 3966 Et
2003 3912 2057 3966 in

475 4017 582 4086 lege
618 4014 726 4085 ejus
754 4009 1071 4064 meditabitur
1095 4007 1177 4060 die
1201 4023 1260 4058 ac
1289 4014 1447 4059 nocte.
1483 4002 1551 4059 Et
1592 4002 1661 4057 ibi
1691 4002 1859 4057 beatus
1885 4000 2056 4056 dietus

386 4170 397 4175 ,
474 4117 556 4162 est
583 4106 665 4177 qui
694 4120 792 4158 non
819 4101 937 4155 abiit
958 4100 1009 4153 in
1028 4096 1239 4152 consilio
1266 4096 1554 4166 impiorum,
1583 4104 1629 4147 et
1652 4094 1705 4147 in
1731 4092 1810 4146 via
1839 4102 2059 4162 peccato-

473 4215 587 4253 rum
616 4213 716 4251 non
745 4196 896 4260 stetit,
921 4203 965 4247 et
996 4193 1047 4245 in
1073 4189 1313 4244 cathedra
1344 4186 1639 4256 pestilentia:
1658 4202 1758 4239 non
1783 4184 1945 4249 sedit;
1969 4184 2057 4239 sed

474 4292 527 4343 in
553 4290 659 4358 lege
691 4286 891 4339 Domini
919 4283 1015 4351 {nit
1040 4282 1268 4334 voluntas
1297 4279 1405 4345 ejus
1436 4278 1454 4346 (
1479 4275 1620 4330 Psal.
1649 4291 1685 4337 ι,
1719 4276 1770 4337 1,
1801 4274 1894 4345 2).
1928 4274 2058 4330 Vide

478 4380 737 4434 luminare
772 4377 821 4428 in
858 4374 997 4429 ctelo
1026 4388 1040 4425 :
1078 4370 1141 4425 Et
1184 4371 1236 4423 in
1283 4369 1390 4439 lege
1418 4368 1525 4438 ejus
1550 4365 1868 4420 meditabitur
1894 4366 1975 4435 die
1997 4381 2059 4420 ac

478 4479 638 4523 nocte.
693 4466 814 4521 Vult
876 4464 1137 4536 patienter
1179 4459 1317 4516 ferre
1364 4457 1577 4513 omnia?
1606 4457 1719 4513 Non
1772 4456 2060 4513 descendat

477 4561 544 4613 tle
570 4556 729 4622 coelo,
757 4566 810 4609 et
835 4556 886 4608 in
918 4555 1029 4624 lege
1054 4552 1169 4622 ejus
1207 4549 1492 4605 meditetur
1515 4548 1601 4605 die
1628 4563 1690 4603 ac
1714 4557 1888 4604 nocte.
1921 4549 2060 4620 Ergo

480 4651 532 4705 in
558 4649 695 4704 cmlo
723 4662 815 4701 cor
837 4646 952 4716 ejus
980 4660 994 4697 :
1023 4644 1067 4698 si
1110 4643 1160 4697 in
1198 4641 1337 4698 cosio
1360 4655 1455 4695 cor
1478 4641 1626 4710 ejus,
1659 4654 1846 4695 omnes
1869 4640 2061 4710 iniqui-

479 4749 614 4796 tates
638 4754 755 4810 quae
784 4738 913 4798 ﬁunt
944 4738 995 4790 in
1024 4745 1161 4790 terra
1200 4734 1266 4789 ad
1298 4743 1506 4804 tempus
1529 4774 1544 4799 ,
1571 4747 1757 4787 omnes
1782 4732 2060 4789 felicitates

481 4832 738 4887 malorum
759 4811 1049 4889 hominum,
1076 4841 1262 4881 omnes
1288 4824 1498 4880 labores
1503 4823 1768 4894 justorum
1785 4823 2060 4879 meditanti

477 4923 564 4978 die
592 4934 655 4975 ac
683 4929 840 4975 nocte
879 4918 1045 4988 legem
1092 4916 1224 4981 Dei,
1255 4916 1382 4971 nulli
1422 4925 1580 4981 sunt;
1611 4923 1666 4969 et
1692 4913 1952 4983 patienter
1977 4922 2059 4969 to-

476 5017 614 5073 lerat
653 5011 829 5068 omnia
851 5052 865 5077 ,
894 5021 949 5066 et
988 5010 1090 5065 erit
1125 5009 1308 5065 beatus
1345 5008 1581 5063 eruditus
1605 5023 1635 5063 a
1666 5006 1799 5064 Deo.
1838 5006 1905 5063 Et
1931 5022 2065 5079 quo-

475 5107 637 5163 modo
687 5104 739 5159 in
790 5105 1121 5158 ﬁrmamento
1163 5100 1323 5157 cteli?
1364 5099 1493 5168 Quia
1543 5101 1626 5155 lex
1666 5099 2060 5157 ﬁrmamentum

476 5212 577 5256 e~t.
606 5199 790 5254 Beatus
820 5199 893 5251 vir
935 5211 1082 5266 quem
1110 5204 1165 5248 tu
1191 5194 1431 5248 erudieris
1454 5233 1469 5259 ,
1501 5191 1713 5246 Domine
1733 5203 1827 5259 ,‘et
1867 5209 1931 5247 ea:
1957 5194 2064 5264 lege

477 5302 564 5345 tua
605 5290 831 5345 docueris
860 5302 973 5341 eum
994 5302 1014 5341 :
1040 5294 1091 5341 ut
1132 5284 1328 5355 mitiges
1366 5298 1476 5336 eum
1516 5298 1548 5336 a
1576 5282 1749 5337 diebus
1786 5282 2020 5354 malignis
2042 5322 2060 5349 ,

480 5385 634 5437 donec
674 5382 901 5453 fodiatur
946 5376 1196 5450 peccaturi
1240 5376 1402 5445 fovea.
1435 5370 1704 5428 Attendite
1745 5386 1873 5442 ergo
1902 5372 2060 5427 lumi-

478 5471 624 5525 naria
653 5472 920 5541 quomodo
952 5468 1273 5540 procedunt,
1318 5475 1372 5523 et
1409 5463 1693 5534 occidunt,
1735 5475 1790 5520 et
1819 5465 2056 5532 redeunt,

542 5583 559 5613 ι
596 5582 678 5630 uie
698 5581 907 5632 additum
929 5583 1016 5645 fuit
1032 5581 1158 5645 apud
1182 5590 1280 5645 Am.
1311 5578 1554 5643 tegemus;
1576 5585 1628 5645 et
1653 5578 1701 5627 in
1720 5575 1828 5627 aliis
1850 5579 2062 5645 excusis,

475 5640 596 5711 iiber
617 5642 1043 5711 twcessariiisieiit,
1064 5638 1221 5711 neque
1240 5638 1466 5705 (egenum,
1494 5639 1673 5711 quod_a
1696 5645 1801 5688 uss.
1827 5638 1984 5711 abest.

541 5706 562 5735 ι
598 5703 671 5772 sic
690 5706 901 5772 potiores
915 5698 1127 5754 htsleii
1143 5698 1268 5753 vero
1283 5698 1402 5752 'cum
1424 5698 1526 5751 itm:
1551 5708 1603 5752 et
1625 5706 1722 5762 En,
1743 5698 2044 5763 compellitur
2055 5732 2069 5766 ι

481 5773 611 5827 Lov.,
633 5762 910 5827 impellitur.

1686 330 1743 386 S.
1786 325 2152 386 AUGUST-INI
2192 326 2489 388 EPISCOPI

3590 337 3731 398 “98

2147 456 2307 515 agunt
2334 462 2521 503 cursus
2546 461 2692 515 suos,
2723 446 3053 520 distinguunt
3090 451 3231 507 diem
3257 461 3311 507 et
3336 463 3544 509 noctem
3571 496 3587 519 ,
3613 458 3729 510 vnl-

2144 548 2272 592 vunt
2298 554 2465 595 annos
2489 550 2544 595 et
2574 551 2811 611 tempora
2836 559 2851 607 ;
2896 552 2948 598 et
2973 553 3114 598 tanta
3145 544 3279 600 mala
3313 543 3453 621 fiunt.
3472 546 3525 601 in
3557 556 3733 612 terra,

2144 628 2246 685 illis
2270 633 2500 702 quietem
2540 634 2592 689 in
2622 636 2759 691 coelo
2788 635 3125 692 habentibus.
3164 637 3300 707 Quid
3327 646 3563 711 estergo
3590 640 3734 711 quod

2143 736 2242 777 nos
2265 722 2422 778 docet
2446 724 2629 779 Deus?
2649 725 2765 781 Jam
2796 725 3129 783 attendamus
3154 727 3444 784 Psalmum.

2213 813 2268 868 7.
2296 811 2444 886 [verm
2477 813 2552 887 1.]
2574 815 2711 872 Deus
2737 819 2984 872 ultionum
3019 817 3284 885 Dominus,
3315 816 3451 874 Deus
3479 816 3731 877 ultionunt

2143 901 2356 971 ﬁdenter
2400 907 2517 976 egit.
2563 906 2643 961 Tu
2668 917 2822 977 putas
2863 908 2985 978 quia
3034 923 3140 964 non
3185 909 3453 964 vindicat?
3483 910 3735 969 Vindicat

2147 994 2286 1049 Dcus
2308 994 2569 1049 ultionum.
2598 996 2735 1064 Quid
2761 1006 2861 1062 est,
2899 995 3038 1052 Deus
3064 998 3360 1054 ultionum?
3389 1000 3528 1057 Deus
3552 1002 3733 1056 vindi-

2143 1096 2369 1140 ctarum.
2394 1084 2448 1140 In
2481 1102 2547 1141 eo
2589 1096 2736 1143 certe
2775 1103 3093 1155 murmuras,
3124 1090 3245 1160 quia
3286 1103 3392 1145 nun
3438 1090 3738 1148 vindicatur

2144 1174 2196 1229 in
2225 1176 2413 1232 malos.
2444 1176 2559 1231 Noli
2610 1194 2961 1245 murmurare,
2995 1194 3063 1235 ne
3092 1177 3230 1235 inter
3255 1179 3374 1236 illos
3411 1181 3487 1237 sis
3516 1182 3567 1236 in
3594 1195 3736 1253 quos

2144 1265 2461 1321 vindicatur.
2511 1267 2655 1324 Facit
2710 1269 2798 1325 ille
2835 1269 3067 1336 furtum,
3123 1281 3176 1327 et
3230 1271 3363 1327 vivit
3404 1290 3419 1327 :
3471 1281 3527 1329 tu
3580 1288 3735 1329 nutr-

2144 1372 2324 1414 inuras
2371 1358 2625 1415 adversus
2668 1360 2874 1431 Deum,
2919 1363 3039 1432 quia
3089 1379 3192 1417 non
3245 1364 3470 1419 moritur
3502 1367 3591 1435 qui
3637 1367 3737 1422 tibi

2145 1448 2342 1506 furtum
2401 1449 2545 1507 fecit.
2595 1452 2650 1507 Si
2691 1452 2804 1523 jam
2852 1468 2959 1508 non
3003 1452 3133 1508 lacis
3190 1453 3416 1521 furtum,
3477 1455 3645 1512 vide:
3679 1459 3730 1514 si

2144 1542 2288 1596 enim
2329 1541 2440 1611 jam
2482 1557 2588 1597 non
2625 1541 2789 1611 facis,
2826 1544 2948 1600 vide
2992 1559 3059 1600 ne
3099 1544 3385 1617 aliquando
3427 1547 3619 1603 fecisti.
3672 1549 3737 1606 Si

2140 1630 2250 1701 jam
2278 1631 2393 1687 dies
2434 1647 2513 1699 es,
2564 1634 2742 1690 recole
2789 1643 2999 1691 noctem
3033 1643 3175 1690 tuam
3210 1636 3291 1691 :si
3330 1636 3439 1707 jam
3479 1637 3621 1694 lixus
3675 1640 3735 1696 in

2146 1721 2284 1777 caelo
2302 1736 2382 1789 es,
2419 1722 2595 1778 recole
2621 1732 2815 1779 terram
2853 1735 3018 1779 tuam.
3051 1724 3263 1791 invenis
3294 1735 3347 1781 te
3393 1725 3562 1782 furem
3595 1727 3738 1786 forte

2147 1812 2314 1870 fuisse
2338 1814 2658 1885 aliquando;
2713 1824 2767 1872 et
2814 1816 3046 1887 aliquem
3074 1816 3237 1873 alium
3265 1816 3400 1874 forte
3425 1821 3737 1877 stomacha-

2149 1913 2258 1961 tqu
2279 1947 2294 1972 ,
2317 1906 2437 1977 quia
2461 1915 2513 1961 et
2534 1916 2594 1961 tu
2614 1904 2810 1962 furtum
2834 1906 3033 1963 faciens
3062 1908 3259 1976 vixisti,
3287 1917 3342 1964 et
3369 1924 3473 1964 nou
3510 1925 3569 1966 es
3588 1926 3738 1967 mor-

2149 2004 2272 2052 tuus
2301 2015 2315 2051 :
2337 1997 2604 2067 quomodo
2622 2008 2800 2054 autem
2829 2006 2884 2054 tu
2904 1998 3116 2070 quando
3138 1999 3388 2070 faciebas,
3411 2001 3531 2058 ideo
3556 2003 3737 2060 vixisti

2148 2096 2207 2143 ut
2248 2098 2429 2158 postea
2457 2104 2564 2145 non
2596 2088 2829 2156 laceres;
2859 2090 2969 2145 noli
3012 2092 3134 2162 quia
3179 2100 3234 2148 tu
3282 2094 3547 2162 transisti,
3593 2097 3738 2152 velle

2149 2178 2528 2235 misericordiae
2577 2180 2669 2236 Dei
2716 2189 2934 2251 pontem
2994 2181 3323 2238 subvertere.
3380 2183 3564 2241 Nescis
3610 2186 3739 2243 illac

2150 2269 2346 2325 multos
2374 2270 2712 2338 transituros,
2754 2285 2858 2342 qua
2886 2280 2943 2327 et
2987 2281 3042 2326 tu
3069 2273 3341 2328 transisti?
3382 2273 3543 2330 Esses
3573 2276 3738 2332 modo

2151 2361 2239 2431 qui
2270 2375 2650 2427 murmurares,
2701 2361 2746 2416 si
2776 2361 3033 2418 adversus
3068 2371 3121 2418 te
3147 2362 3423 2419 audiretur
3463 2365 3550 2435 qui
3591 2366 3740 2435 prior

2150 2451 2219 2508 de
2246 2462 2296 2507 te
2321 2451 2708 2508 murmuravit?
2730 2453 2797 2509 Et
2824 2463 3000 2509 tamen
3018 2462 3073 2509 et
3102 2469 3243 2509 nunc
3271 2463 3426 2525 Optas
3448 2456 3738 2513 vindictam

2153 2543 2248 2599 Dei
2277 2544 2330 2599 in
2357 2544 2547 2613 malos,
2570 2552 2629 2600 ut
2657 2544 2742 2600 fur
2767 2546 3041 2612 moriatur,
3073 2555 3128 2602 et
3149 2562 3452 2604 murmuras
3478 2548 3740 2606 adversus

2155 2636 2344 2703 Deum,
2377 2637 2500 2707 quia
2549 2635 2634 2693 l‘ur
2683 2653 2789 2695 non
2841 2639 3085 2694 moritur.
3130 2639 3385 2710 Appende
3436 2641 3490 2696 iu
3537 2649 3741 2700 statera

2153 2728 2415 2799 mquitatis
2440 2728 2610 2785 furem
2659 2737 2713 2784 et
2744 2728 3108 2800 hlasphemum
3140 2748 3153 2784 :
3176 2730 3286 2801 jam
3312 2731 3444 2787 dicis
3484 2734 3604 2804 quia
3654 2734 3743 2790 fur

2156 2837 2263 2875 non
2292 2836 2391 2887 es;
2423 2820 2517 2876 sed
2564 2820 2948 2876 murmurando
2981 2822 3237 2877 adversus
3267 2823 3455 2892 Deum,
3486 2824 3741 2896 blasphe-

2156 2926 2273 2966 mus
2294 2926 2370 2967 es.
2400 2910 2493 2966 Ille
2530 2920 2709 2981 captat
2750 2927 2995 2967 somnum
3026 2913 3257 2969 hominis
3277 2954 3292 2977 ,
3334 2924 3391 2969 ut
3426 2916 3624 2986 aliquid
3649 2918 3741 2972 in-

2154 3003 2325 3068 volet;
2353 3010 2407 3057 et
2430 3011 2485 3057 tu
2511 3002 2642 3058 dicis
2663 3004 2785 3073 quia
2816 3002 3012 3058 dormit
3047 3004 3208 3070 Deus,
3245 3014 3300 3060 et
3329 3003 3598 3062 hominem
3631 3023 3743 3063 non

2155 3095 2317 3148 videt.
2350 3094 2489 3163 Ergo
2518 3093 2597 3149 vis
2634 3094 2723 3149 ille
2753 3103 2811 3149 ut
2837 3094 3067 3164 corrigat
3094 3110 3308 3149 manum
3332 3137 3346 3159 ,
3370 3097 3515 3166 prior
3544 3105 3596 3150 tu
3633 3097 3745 3151 liu-

2154 3203 2312 3259 guam
2336 3186 2542 3257 eorrige
2572 3205 2587 3241 :
2620 3188 2697 3241 vis
2718 3187 2806 3242 ille
2832 3195 2889 3242 ut
2916 3187 3145 3258 corrigat
3171 3202 3265 3243 cor
3286 3187 3541 3245 adversus
3563 3189 3743 3245 homi-

2158 3296 2299 3345 nem,
2333 3290 2387 3335 ιιι
2433 3280 2641 3351 corrige
2683 3295 2778 3335 cor
2802 3278 3057 3335 adversus
3096 3280 3294 3345 Deum;
3335 3295 3404 3335 ne
3442 3279 3580 3340 forte
3614 3296 3745 3337 cum

2155 3383 2307 3441 Optas
2332 3370 2616 3426 vindictam
2649 3370 2764 3436 Dei,
2792 3371 2837 3424 si
2864 3370 3088 3458 veperit,
3134 3380 3186 3426 te
3224 3373 3454 3442 priorem
3483 3373 3743 3431 inveniat.

2158 3462 2288 3517 Nam
2321 3462 2410 3518 ille
2430 3461 2624 3525 veniet,
2674 3462 2846 3516 veniet
2876 3470 2933 3517 et
2969 3460 3229 3531 iudicabit
3257 3473 3663 3531 perseverantes
3684 3465 3743 3519 in

2158 3553 2389 3624 nequitia
2441 3567 2576 3619 sua,
2628 3554 2863 3623 ingratos
2925 3553 3300 3625 prterogationi
3360 3554 3746 3612 misericordiae

2159 3648 2343 3718 ipsius,
2377 3647 2609 3717 ingratos
2644 3644 2909 3716 patientia:
2952 3644 3150 3715 ipsius,
3181 3644 3600 3700 thesaurizantes
3636 3646 3744 3703 sibi

2159 3738 2289 3792 iram
2331 3738 2383 3792 in
2410 3736 2496 3792 die
2541 3736 2635 3791 irae
2661 3744 2715 3791 et
2743 3733 3086 3791 revelationis
3108 3734 3234 3804 justi
3273 3734 3456 3804 judicii
3510 3735 3621 3797 Dei,
3647 3736 3745 3805 qni

2159 3827 2343 3884 reddet
2370 3827 2655 3897 unicuique
2675 3824 2968 3882 secundum
2997 3841 3157 3895 opera
3188 3840 3279 3880 sua
3307 3825 3483 3895 (Rom.
3503 3842 3560 3893 tt,
3579 3827 3742 3896 loli):

2159 3920 2280 3991 quia
2311 3918 2447 3973 Deus
2479 3920 2724 3973 ultionum
2758 3915 3027 3985 Dominus,
3059 3916 3196 3972 Deus
3220 3917 3489 3983 ultionum,
3528 3918 3645 3973 ideo
3670 3919 3747 3987 ﬁ-

2160 4012 2334 4064 denter
2373 4011 2489 4082 egit.
2542 4008 2679 4064 Nulli
2705 4008 2848 4063 euim
2876 4008 3134 4078 pepercit,
3166 4006 3379 4078 quando
3421 4007 3507 4062 ltic
3533 4007 3748 4062 locutus

2160 4116 2278 4159 est:
2310 4105 2423 4174 ipse
2450 4102 2703 4157 Dominus
2738 4108 2855 4156 erat
2891 4100 2946 4154 in
2975 4098 3153 4154 carnis
3182 4099 3522 4166 infirmitate,
3553 4098 3647 4152 sed
3688 4099 3747 4154 in

2160 4194 2356 4249 virtute
2399 4191 2684 4248 sermonis.
2738 4189 2853 4245 Non
2900 4188 3106 4258 accepit
3144 4202 3399 4257 personas
3443 4188 3749 4258 principum

2160 4282 2483 4339 Judaeorum.
2515 4280 2718 4349 Quanta
2744 4278 2798 4333 in
2824 4278 2944 4335 illos
2963 4277 3130 4347 dicit?
3157 4278 3517 4347 etrquomodo
3542 4276 3745 4336 dictum

2160 4385 2245 4432 est
2274 4378 2313 4440 ⁸,
2346 4390 2470 4429 vere
2498 4374 2550 4429 in
2580 4372 2771 4429 liducia
2802 4388 2818 4426 :
2849 4371 2970 4442 quia
3001 4370 3259 4440 scriptum
3297 4379 3379 4425 est
3422 4370 3475 4424 in
3516 4369 3750 4425 Psalmis

2161 4471 2230 4528 de
2258 4470 2385 4536 illo,
2414 4467 2633 4539 Propter
2659 4466 2914 4522 miseriam
2941 4466 3146 4535 inopum
3190 4473 3236 4518 et
3274 4463 3514 4535 gemitum
3553 4479 3749 4534 paupe-

2161 4579 2297 4628 rum,
2325 4576 2457 4615 uune
2479 4574 2779 4630 “surgam,
2805 4556 2926 4611 dicit
2953 4555 3220 4610 Dominus.
3261 4553 3363 4621 Qui
3395 4562 3522 4608 sunt
3547 4567 3749 4623 paupe-

2163 4653 2289 4710 res?
2315 4654 2402 4725 qui
2429 4660 2554 4707 sunt
2580 4649 2800 4719 inopes?
2826 4647 2927 4716 Qui
2969 4661 3119 4718 spem
3153 4650 3266 4701 ‘nou
3305 4643 3504 4700 habent
3540 4643 3640 4699 nisi
3691 4644 3752 4699 in

2163 4747 2255 4804 illo
2270 4746 2405 4811 solo,
2430 4746 2482 4800 in
2502 4758 2609 4815 quo
2628 4742 2746 4798 solo
2765 4756 2889 4812 spes
2917 4755 3023 4795 non
3051 4739 3269 4794 fallitur.
3314 4735 3604 4801 Attendite,
3636 4737 3753 4790 ha-

2165 4850 2295 4905 tres,
2322 4839 2412 4910 qui
2437 4846 2562 4895 sunt
2590 4849 2853 4907 pauperes
2895 4842 2950 4890 et
2988 4834 3195 4904 inepes.
3225 4831 3342 4887 Non
3364 4831 3581 4886 omnino
3613 4844 3749 4900 pau-

2165 4947 2318 5003 peres
2346 4933 2435 5002 qui
2475 4928 2606 4984 nihil
2643 4927 2876 4994 habent,
2907 4924 3155 4982 videntur
3194 4910 3397 4979 dici'ab
3437 4922 3750 4993 Scriptura,

2148 5025 2376 5096 quando
2401 5021 2679 5078 laudantur
2703 5032 2987 5091 pauperes.
3026 5015 3241 5072 Iuvenis
3280 5015 3424 5070 enim
3461 5027 3752 5083 pauperem

2167 5116 2458 5180 ltontinem,
2489 5113 2579 5184 qni
2614 5109 2828 5182 quando
2857 5108 3052 5178 patitur
3078 5107 3309 5177 aliquam
3341 5104 3607 5174 iniuriam,
3639 5117 3753 5159 non

2166 5206 2393 5263 attendit
2440 5204 2541 5259 nisi
2572 5212 2852 5273 patronum
2892 5214 3069 5267 suum,
3115 5199 3169 5252 in
3216 5196 3371 5266 cujus
3410 5195 3547 5250 forte
3587 5193 3757 5248 domo

2166 5310 2366 5365 manet,
2410 5294 2562 5367 cujus
2589 5292 2875 5363 inquilinus
2897 5299 3000 5358 est,
3031 5288 3183 5360 cujus
3205 5287 3428 5343 colonus
3455 5294 3569 5350 est,
3597 5284 3760 5354 cujus

2165 5389 2333 5444 cliens
2353 5394 2469 5450 est;
2500 5392 2555 5439 et
2580 5381 2703 5438 ideo
2744 5395 2805 5437 se
2852 5378 3067 5451 indigne
3102 5378 3208 5449 pati
3254 5377 3467 5441 asserit,
3511 5376 3634 5445 quia
3681 5375 3757 5430 ad

2168 5482 2316 5539 illum
2345 5478 2577 5550 pertinet
2609 5493 2623 5531 :
2651 5490 2745 5531 cor
2771 5473 2939 5545 ipsius
2983 5474 3036 5527 in
3077 5470 3327 5537 homine,
3355 5482 3479 5539 spes
3505 5466 3670 5538 ipsius
3698 5467 3757 5523 in

2229 5638 2246 5669 ί
2287 5642 2353 5686 tta
2377 5643 2473 5682 sm.
2500 5640 2552 5683 et
2571 5637 2678 5681 Mss.
2703 5636 2757 5680 At
2778 5636 2910 5687 ιον..
2956 5627 3190 5690 quomodo
3223 5623 3403 5690 dictum
3435 5629 3523 5682 est,
3545 5620 3759 5690 ﬁdenter

2165 5698 2260 5760 egit
2274 5684 2437 5760 {Vere
2458 5692 2509 5744 in
2531 5692 2728 5760 ﬁdugia.
2741 5717 2802 5760 -_-
2823 5684 3041 5751 um,
3062 5686 3295 5753 quomodo
3306 5685 3487 5737 dictum
3496 5684 3759 5749 est,[t'dcts-

2171 5752 2285 5813 tc'r.’
2308 5757 2411 5825 Egit
2424 5752 2605 5811 vers'in
2625 5752 2826 5821 ﬁducia.
2889 5760 2945 5803 ιι.
