4012 6202
218 111 241 127 \

224 241 351 295 1197

215 353 454 412 homine,
488 347 622 403 ciuis
648 346 698 399 in
723 345 927 398 cinere.
955 341 1092 397 Sunt
1119 348 1292 393 autem
1332 339 1416 392 alii
1447 339 1531 407 qui
1567 337 1803 408 0pnleuti

211 453 358 507 sunt,
388 451 443 496 et
483 439 776 492 honoribus
813 433 1104 490 secundum
1154 443 1361 502 tempus
1416 431 1661 485 humanis
1705 432 1805 484 lul-

213 539 457 595 ciuntur;
481 541 531 584 et
561 542 741 582 tamen
779 543 876 581 nec
919 527 970 579 in
1010 524 1231 593 pecunia
1264 537 1356 577 sua
1385 537 1533 593 spem
1584 531 1804 591 ponunt,

214 643 313 682 nec
340 626 394 680 in
431 623 606 677 fundis
653 621 764 674 suis
810 633 957 688 Spem
1001 624 1220 686 ponunt,
1273 629 1372 668 nec
1410 616 1463 667 in
1493 612 1686 666 familia
1717 628 1810 667 sua

216 733 366 786 Spem
399 721 625 784 ponunt,
659 725 758 764 nec
789 709 839 762 in
871 707 1111 762 claritate
1152 704 1472 758 transitoria:
1502 702 1808 771 dignitatis;

215 808 306 862 sed
341 817 509 860 totam
551 817 702 870 spem
750 799 802 852 in
843 798 932 851 illo
972 803 1194 864 ponunt,
1227 794 1308 848 cui
1343 808 1446 846 non
1489 792 1809 856 succeditur,

215 902 301 970 qui
329 898 473 953 mori
501 912 604 949 non
634 902 831 963 potest,
860 892 946 959 qui
991 888 1098 942 falli
1139 896 1193 942 et
1235 886 1322 955 qui
1366 885 1551 938 fallere
1581 898 1683 936 non
1716 897 1812 951 po-

220 1001 317 1045 test
345 1007 359 1041 :
392 987 529 1041 tales
547 985 648 1039 etsi
680 983 842 1035 multa
871 979 1115 1033 videntur
1153 976 1349 1030 habere
1382 972 1677 1027 secundum
1708 987 1813 1024 s:e-

216 1080 414 1140 culum,
451 1078 589 1131 bene
617 1091 679 1130 ea
703 1082 879 1126 tamen
903 1061 1281 1140 gubernant’ad
1305 1065 1644 1141 refectionem
1671 1062 1813 1116 indi-

219 1170 492 1241 gentium;
521 1168 660 1221 inter
686 1175 948 1234 pauperes
978 1158 1184 1212 Domini
1221 1164 1588 1210 numerantur.
1629 1153 1815 1206 Vident

222 1263 362 1316 enim
412 1257 719 1328 periculose
772 1268 831 1307 se
878 1253 1057 1305 vivere
1102 1251 1152 1303 in
1194 1249 1292 1302 hac
1333 1248 1462 1312 vita,
1496 1245 1731 1299 sentiunt
1759 1259 1816 1298 se

220 1367 332 1407 esse
359 1347 679 1421 peregrinos
703 1361 716 1397 :
745 1345 824 1399 sic
853 1342 1189 1396 diversantur
1232 1339 1282 1391 in
1312 1337 1582 1406 opulentia
1613 1334 1819 1388 divitia-

221 1457 331 1497 mm
363 1455 612 1501 suarum,
641 1434 906 1507 quomodo
936 1433 1108 1485 viator
1135 1431 1186 1483 in
1204 1429 1412 1482 stabulo
1433 1469 1448 1492 ,
1475 1427 1815 1490 transiturus,

222 1550 319 1588 non
344 1543 722 1601 possessurus.
770 1526 907 1594 Ergo
937 1521 1062 1596 quid
1089 1517 1380 1574 Dominus?
1410 1516 1627 1586 PrOpter
1667 1517 1819 1567 mise-

224 1626 346 1678 riam
362 1624 581 1692 inopum
603 1628 650 1672 et
671 1617 909 1689 gemitum
929 1628 1207 1683 pauperum
1229 1625 1362 1663 nunc
1388 1624 1678 1678 exsurgant,
1700 1605 1820 1659 dicit

227 1704 473 1772 Dominus
491 1732 512 1768 :
531 1727 715 1784 ponam
742 1711 795 1763 in
817 1707 1049 1761 salutari.
1081 1703 1340 1760 Salutaris
1364 1711 1560 1763 uoster,
1580 1699 1823 1754 Salvator

227 1819 405 1864 noster
418 1817 501 1861 est
519 1824 531 1858 :
549 1806 600 1858 in
619 1804 710 1857 illo
726 1801 888 1855 voluit
907 1812 1103 1868 ponere
1117 1810 1263 1865 spem
1283 1793 1518 1848 omnium
1538 1791 1750 1859 iunpnm
1769 1797 1824 1843 et

225 1900 492 1971 egentium
525 1899 564 1949 ¹.
599 1896 662 1948 Et
692 1891 814 1963 quid
835 1889 943 1943 ait?
972 1885 1308 1941 Fiduciatiter
1324 1897 1471 1953 agam
1500 1881 1552 1933 in
1569 1897 1624 1933 eo
1645 1877 1819 1948 (Psal.

227 2010 299 2057 st,
327 1993 409 2061 6).
444 1988 586 2058 Quid
616 1995 719 2048 est,
755 1981 1084 2036 Fiducia/iter
1099 1993 1245 2048 agant
1265 1976 1291 2029 ἰ)
1317 1973 1432 2029 Νοιι
1457 1971 1681 2036 timebit,
1712 1985 1819 2023 non

228 2095 409 2154 parce:
440 2081 586 2135 vitiis
609 2089 661 2132 et
685 2072 1129 2144 concupiscentiis
1161 2067 1456 2122 hominum.
1489 2064 1624 2118 Vere
1655 2061 1826 2116 medi-

228 2193 316 2233 cns
345 2174 546 2237 tidclis,
575 2167 877 2225 medicinali
906 2166 1044 2219 ferro
1080 2161 1342 2217 sermonis
1375 2159 1686 2220 instructus,
1736 2168 1822 2208 se-

229 2271 330 2324 cuit
360 2266 551 2322 omnia
573 2262 814 2317 vulncra.
854 2257 973 2311 Ideo
1008 2256 1095 2325 qui
1143 2253 1259 2306 talis
1288 2249 1570 2321 praedictus
1601 2255 1653 2300 et
1690 2261 1820 2314 przeo

231 2362 526 2423 nuntiatus,
580 2354 699 2409 talis
745 2351 902 2406 etiam
948 2349 1194 2401 iuventus
1236 2351 1336 2398 est.
1379 2340 1716 2410 Loquebatnr
1775 2338 1827 2390 in

234 2461 438 2514 monte,
466 2447 558 2502 ubi
581 2444 748 2500 dixit.
772 2441 914 2495 Beati
941 2453 1181 2509 pauperes
1197 2435 1397 2504 spiritu,
1424 2431 1662 2503 quoniam
1694 2429 1831 2498 ipso-

231 2560 340 2596 rum
361 2552 437 2595 est
467 2553 683 2608 regnum
711 2533 970 2586 caelorum.
999 2529 1070 2584 lbi
1099 2528 1230 2582 beati
1280 2526 1402 2578 dicti
1435 2533 1556 2576 sunt
1595 2522 1679 2591 qui
1721 2537 1832 2588 per-

236 2632 546 2686 sautionem
563 2626 822 2696 patiuntur
843 2630 1045 2692 prapter
1061 2619 1346 2688 justitiam:
1370 2615 1418 2666 in
1447 2615 1559 2680 ipso
1585 2625 1831 2664 sermone

233 2723 382 2786 dixit,
416 2719 552 2784 Quia
581 2717 809 2786 ipsorum
834 2721 904 2766 est
926 2725 1134 2781 regnum
1158 2706 1397 2759 (telorum
1447 2703 1513 2756 Et
1542 2711 1596 2754 ut
1639 2700 1830 2754 faceret

236 2812 354 2864 illus
378 2807 688 2866 luminaria,
719 2803 769 2857 id
793 2810 892 2866 est,
912 2800 1174 2870 patienter
1204 2795 1491 2849 tolerantes
1523 2790 1699 2872 omnia
1733 2790 1830 2843 ista

237 2884 440 2969 iniqua,
493 2911 615 2966 quae
664 2898 942 2947 transeunt
971 2906 983 2938 τ
1013 2887 1157 2940 Beati
1185 2884 1343 2949 eritis,
1391 2881 1580 2951 inquit,
1608 2895 1721 2932 cum
1749 2893 1833 2930 vos

236 2991 491 3062 persecuti
537 2986 745 3057 fuerint,
783 2994 827 3036 et
875 2981 1094 3034 dixerint
1143 2991 1286 3030 omne
1337 2975 1524 3026 malum
1571 2974 1835 3024 adversum

237 3100 320 3138 vos
349 3101 369 3137 :
401 3079 620 3152 gaudete
647 3087 693 3132 et
716 3075 984 3138 ersullate,
1008 3072 1125 3140 quia
1154 3084 1339 3122 merces
1367 3078 1529 3120 vestra
1560 3081 1743 3134 magna
1762 3073 1835 3117 est

238 3179 288 3229 in
318 3175 458 3228 aclis
489 3170 703 3241 (Matth.
725 3183 781 3231 v,
809 3167 862 3231 5,
887 3165 970 3226 l0,
997 3161 1215 3228 ll,12).
1249 3157 1447 3213 Deinde
1467 3158 1517 3210 in
1549 3169 1832 3227 progressu

239 3263 510 3318 sermonis
538 3276 660 3313 cum
706 3257 898 3312 docere
931 3253 1208 3321 inciperet,
1239 3248 1480 3318 quamvis
1518 3262 1638 3301 eum
1681 3245 1834 3299 turba

238 3355 615 3415 circumdaret,
650 3348 782 3405 dixit
835 3346 957 3401 talia
988 3342 1260 3412 discipulis
1301 3340 1431 3405 suis,
1463 3354 1579 3409 qua:
1622 3337 1837 3391 ferirent

248 3448 437 3500 faciem
467 3443 856 3498 Pltat'ismorttm
899 3445 952 3490 ct
991 3433 1317 3494 Judteornm,
1347 3431 1434 3499 qui
1459 3428 1606 3499 quasi
1638 3428 1837 3498 prima-

252 3549 335 3592 tus
367 3536 635 3590 habebant
664 3527 1101 3601 exponendarum
1141 3524 1531 3593 Scripturarum
1563 3520 1834 3584 omnium;

245 3629 333 3698 qni
363 3627 464 3681 sibi
497 3624 646 3694 quasi
668 3622 796 3690 justi
827 3618 1145 3673 videbantur
1165 3657 1178 3679 ,
1218 3615 1297 3668 vel
1326 3612 1491 3667 videri
1519 3626 1577 3665 se
1606 3611 1836 3664 arbitra-

245 3722 461 3783 bantur,
491 3727 546 3772 et
594 3715 661 3770 ad
713 3726 939 3782 quorum
986 3709 1269 3780 primatum
1312 3704 1480 3774 plebis
1518 3703 1834 3770 obsequium

245 3811 528 3865 videbatur
578 3806 953 3872 obtemperare
1010 3817 1022 3853 :
1079 3813 1180 3851 non
1229 3793 1505 3866 pepercit,
1560 3802 1608 3846 et
1669 3791 1837 3855 dixit,

253 3900 470 3968 Quando
505 3897 661 3952 oratis
679 3938 692 3960 ,
721 3911 818 3946 non
846 3891 982 3945 eritis
1003 3891 1131 3943 sicut
1172 3884 1462 3956 hypocrita,
1494 3883 1579 3952 qui
1599 3890 1765 3933 amant
1790 3882 1842 3933 in

247 3993 522 4063 synagoqis
552 3997 599 4041 et
619 3984 822 4055 angulis
848 3980 1127 4051 platearum
1151 3985 1338 4030 stantes
1361 3989 1525 4035 orare,
1555 3981 1604 4024 ut
1633 3971 1840 4023 videan-

248 4062 332 4134 tur
360 4082 424 4133 ab
454 4076 739 4132 hominibus
771 4073 896 4145 (Id.
934 4087 1007 4137 Vl,
1038 4071 1070 4124 5
1091 4069 1146 4139 );
1180 4075 1233 4121 et
1257 4074 1448 4120 ca'tera
1480 4063 1623 4117 talia.
1651 4062 1844 4132 Tetigit

247 4186 478 4233 omnes,
538 4183 644 4221 non
702 4163 875 4219 timuit
924 4162 1172 4231 aliquem.
1225 4157 1291 4210 Et
1340 4171 1458 4208 cum
1513 4155 1846 4208 terminasset

250 4263 430 4330 ipsum
460 4271 789 4317 sermonem,
814 4253 1070 4308 conclusit
1099 4250 1165 4304 de
1192 4249 1282 4302 illo
1304 4245 1566 4316 scriptura
1604 4246 1842 4312 Evange-

248 4355 306 4408 lii
347 4354 427 4407 sic
460 4370 473 4404 :
511 4369 528 4402 ι
569 4349 786 4404 Factum
817 4354 917 4408 est,
946 4363 964 4396 ι
997 4342 1184 4412 inquit,
1219 4359 1237 4390 ‹
1262 4354 1382 4394 cum
1425 4347 1848 4392 consummasset

247 4445 416 4502 Iesus
443 4443 602 4496 verba
636 4443 771 4504 bzec,
801 4435 1201 4492 admirabantur
1227 4432 1392 4486 turlrr
1419 4445 1581 4499 super
1609 4428 1844 4483 doctrina

248 4537 396 4604 ejus.
427 4534 556 4587 Erat
585 4531 727 4585 enim
755 4529 956 4582 docens
989 4538 1084 4579 eos
1127 4532 1375 4591 tanquam
1399 4529 1714 4590 potestatem
1749 4519 1842 4570 ha-

249 4627 426 4684 bens;
461 4637 566 4676 non
599 4620 749 4690 quasi
781 4617 983 4673 Scriba:
1011 4629 1196 4669 eorum
1214 4621 1268 4667 ct
1294 4610 1542 4665 Pharisaei
1568 4627 1585 4660 ι
1616 4608 1725 4675 (Id.
1751 4623 1845 4673 vit,

219 4717 230 4728 '
254 4717 330 4770 28
349 4727 396 4769 et
416 4709 534 4782 29).
559 4711 766 4776 Quanta
787 4722 916 4776 ergo
943 4706 1029 4759 ille
1055 4703 1121 4758 de
1149 4717 1254 4772 quo
1267 4701 1460 4755 dictum
1479 4707 1578 4761 est,
1601 4697 1725 4750 Erat
1754 4699 1849 4750 do-

245 4823 372 4860 cens
402 4821 488 4857 eos
518 4813 756 4869 tanquam
782 4807 1071 4868 potestatem
1103 4793 1311 4856 habens,
1343 4799 1538 4860 quanta
1562 4787 1732 4842 dixit:
1766 4786 1850 4840 ινω

246 4898 414 4958 vobis,
447 4892 645 4949 Scriba:
673 4900 718 4944 et
749 4887 996 4956 Pltaristei
1020 4879 1421 4955 hypocrita'Ud.
1441 4895 1589 4941 χχιιι,
1607 4876 1849 4945 15,εισ.);

247 4996 456 5056 quanta
514 4985 565 5038 in
607 4982 728 5037 illos
756 4994 934 5032 coram
985 4977 1034 5029 in
1084 4971 1315 5029 faciem?
1343 4970 1618 5025 Neminem
1655 4967 1849 5020 timuit.

245 5075 482 5145 Quare?
502 5073 635 5140 Quia
666 5073 805 5125 Deus
834 5068 1089 5122 ultionum
1118 5073 1218 5118 est.
1249 5061 1373 5116 ldeo
1395 5077 1499 5114 non
1523 5058 1772 5129 parcebat
1799 5057 1850 5109 in

256 5168 457 5230 verba,
502 5173 561 5218 ut
610 5169 794 5217 essent
833 5168 1014 5228 postea
1053 5155 1245 5225 quibus
1273 5164 1515 5222 parceret
1540 5151 1592 5205 in
1618 5149 1851 5219 judicio:

247 5261 387 5333 quia
417 5259 464 5312 si
507 5255 712 5312 nollent
739 5252 982 5320 accipere
1033 5247 1180 5302 verbi
1227 5243 1563 5309 medicinam,
1595 5239 1855 5296 iucursuri

248 5331 418 5408 erant
446 5347 629 5417 utique
657 5354 711 5398 et
740 5341 1002 5397 inventuri
1033 5341 1052 5371 ’
1076 5337 1269 5408 judicis
1289 5334 1629 5390 sententiam.
1651 5331 1860 5401 Quare?

244 5441 400 5512 Quia
431 5437 587 5504 dixit,
615 5434 753 5490 Deus
781 5432 1026 5487 ultionum
1053 5427 1322 5494 Dominus,
1348 5425 1488 5480 Deus
1516 5425 1765 5479 uttionum
1793 5422 1858 5492 [i-

323 5547 343 5576 ¹
382 5544 460 5592 sic
478 5546 584 5589 tum.
613 5546 664 5587 ιιι
686 5533 820 5592 ωδ..
845 5545 976 5595 spem
996 5536 1042 5596 et
1063 5527 1290 5596 gemitum
1306 5525 1516 5577 omnium
1537 5524 1750 5596 inopum.
1762 5586 1771 5596 .

321 5608 347 5635 ἰ
387 5589 584 5664 aliquot
729 5633 744 5660 ,
765 5589 816 5647 in
838 5589 1023 5647 venturi
1039 5589 1237 5652 :'recte,
1252 5589 1294 5639 sl
1319 5595 1629 5652 expungatur
1654 5589 1860 5649 particu-

251 5667 303 5715 la
314 5703 327 5720 .
355 5673 421 5716 et.

1286 226 1678 282 ENAllR.\Tl0
1719 225 1780 279 l.\'
1823 226 2142 283 PSALMUM
2184 226 2362 284 XClli.

3363 231 3495 297 “98

1916 341 2087 393 denter
2117 342 2257 413 egit:
2290 343 2339 394 id
2387 352 2488 402 est,
2548 343 2671 395 nulli
2722 345 2955 413 peperi-it
3009 344 3057 397 iu
3105 343 3286 398 verbo.
3313 343 3409 412 Qui
3440 348 3493 401 iu

1917 432 2080 485 verbo
2106 447 2209 485 non
2240 434 2469 502 pepercit
2500 448 2770 502 passurus,
2816 445 2995 504 parcet
3026 436 3075 488 in
3127 437 3388 490 sententia
3413 436 3495 506 ju-

1915 521 2224 575 dicaturos?
2255 523 2341 591 qtti
2370 523 2634 578 neminem
2667 525 2838 578 timuit
2863 525 2914 578 in
2950 523 3266 589 humilitate,
3295 526 3494 580 timebit

1916 628 2234 682 quemquam
2282 614 2330 666 iu
2375 614 2656 667 claritate?
2689 617 2759 669 Ex
2813 630 2880 671 eo
2926 616 3066 684 quod
3110 617 3220 687 jam
3272 616 3496 672 ﬁdenter

1917 705 2043 773 egit,
2067 704 2236 774 cogita
2277 705 2542 774 quomodo
2571 705 2639 760 sit
2677 718 2889 760 acturus
2924 709 2974 760 in
3007 707 3110 763 line
3155 709 3355 764 sa-culi.
3384 709 3498 764 Noli

1917 811 2045 865 ergo
2096 811 2428 850 murmurare
2475 797 2728 851 adversus
2775 799 2958 862 Deum,
3005 799 3092 869 qui
3135 800 3285 870 quasi
3334 801 3500 868 parcit

1919 885 2110 950 malis;
2137 885 2228 939 sed
2261 895 2375 940 esto
2407 888 2574 941 bonus
2601 887 2682 940 cui
2714 887 2847 942 forte
2871 887 2936 942 ad
2967 898 3174 956 tempus
3215 889 3265 943 iu
3295 888 3502 959 ﬂagello

1920 993 2025 1030 non
2056 987 2256 1046 part-at,
2302 987 2356 1031 et
2396 977 2445 1030 in
2481 978 2580 1030 line
2613 987 2790 1046 parcat
2818 977 2870 1032 in
2913 977 3134 1047 judicio.
3176 977 3317 1034 Deus
3345 980 3500 1032 ultio-

1921 1083 2040 1120 num
2065 1065 2332 1132 Dominus,
2363 1066 2496 1120 Deus
2521 1070 2765 1121 ul.‘ionum
2795 1068 3008 1136 ﬁdenter
3031 1072 3147 1139 egit.

1993 1157 2044 1210 8.
2077 1155 2224 1229 (vers.
2256 1157 2336 1229 2.]
2371 1159 2433 1211 Et
2457 1160 2576 1228 quia
2610 1160 2833 1214 lidenter
2859 1161 3002 1230 egit,
3032 1160 3107 1214 illi
3137 1174 3240 1213 non
3265 1158 3500 1214 tulerunt

1923 1247 2168 1302 fiduciam
2197 1249 2313 1318 ejus
2337 1268 2349 1303 :
2379 1261 2433 1304 et
2458 1252 2574 1319 quia
2597 1251 2809 1305 humilis
2840 1262 3078 1319 venerat,
3105 1261 3158 1308 et
3177 1269 3337 1307 carne
3363 1268 3503 1307 mor-

1924 1341 2012 1394 tali
2056 1341 2268 1396 indutus
2294 1352 2402 1396 erat
2428 1384 2442 1407 ,
2491 1354 2544 1396 et
2571 1345 2703 1398 mori
2733 1354 2982 1411 venerat;
3016 1361 3121 1399 non
3151 1345 3324 1402 facere
3363 1345 3500 1416 quod

1923 1441 2201 1505 peccatore
2220 1464 2250 1496 -,
2281 1433 2370 1487 sed
2404 1434 2506 1501 pati
2534 1435 2674 1503 quod
2699 1445 3047 1506 peccatores;
3078 1437 3198 1508 quia
3227 1447 3502 1508 propterea

1922 1531 2161 1582 veni-rat,
2191 1536 2308 1574 cum
2340 1523 2567 1578 lideuter
2593 1525 2806 1594 egisset,
2827 1536 2878 1579 ct
2903 1526 2972 1580 illi
3005 1528 3141 1582 ferre
3163 1543 3268 1582 non
3289 1538 3502 1598 possent

1925 1611 2170 1664 ﬁduciam
2200 1611 2316 1680 ejus
2360 1613 2410 1664 in
2460 1614 2643 1679 verbo,
2699 1615 2824 1684 quid
2868 1614 3142 1670 fecerunt?
3171 1616 3503 1681 Tenueruut,

1925 1700 2363 1769 ﬂagellaverunt,
2419 1703 2732 1769 illuserunt,
2775 1705 3283 1775 colaphizaverunt,
3337 1708 3508 1778 sputis

1927 1791 2240 1858 illinierunt,
2269 1794 2436 1864 spinis
2458 1804 2870 1862 coronavcrunt,
2901 1797 2951 1851 in
2981 1811 3141 1852 cruce
3163 1797 3505 1867 levaverunt,

1927 1893 2197 1953 postremo
2227 1885 2553 1940 occiderunt.
2579 1885 2682 1942 Sed
2707 1887 2832 1957 quid
2850 1889 3087 1958 sequitur
3111 1890 3252 1960 quod
3283 1889 3509 1947 ﬁdenter

1926 1975 2131 2042 egerit?
2165 1975 2426 2042 Exultare,
2459 1978 2545 2043 qui
2565 1978 2770 2049 judicas
2788 1990 2992 2034 terram.
3029 1980 3159 2034 Puta
3180 1981 3299 2051 quia
3325 1991 3511 2037 tenuev

1930 2077 2050 2121 runt
2071 2068 2344 2135 humilem,
2372 2069 2628 2124 tenebunt
2652 2071 2964 2125 excelsum?
3007 2071 3134 2126 Puta
3162 2073 3282 2141 quia
3304 2073 3512 2143 judica-

1929 2169 2119 2213 veruat
2142 2161 2444 2225 mortalem,
2471 2176 2646 2215 nonne
2686 2161 2753 2216 ab
2776 2162 3063 2216 immortali
3087 2161 3468 2231 jttdicabuntur
3486 2165 3512 2218 ἳ

1930 2247 2064 2316 Quid
2086 2264 2213 2318 ergo
2243 2249 2353 2303 ait?
2384 2247 2662 2318 Exattare,
2693 2259 2746 2305 tu
2772 2251 2859 2321 qui
2898 2251 3125 2309 ﬁdenter
3149 2253 3338 2324 egisti,
3364 2263 3416 2309 ct
3446 2257 3510 2309 li-

1931 2341 2141 2394 duciam
2169 2342 2315 2395 verbi
2349 2344 2421 2396 tui
2454 2358 2558 2398 non
2587 2351 2707 2398 sunt
2736 2343 2876 2415 passi
2906 2344 3090 2414 iniqui,
3119 2355 3171 2400 et
3201 2354 3514 2415 putaverunt

1933 2445 1990 2485 se
2019 2432 2215 2502 aliquid
2241 2434 2435 2503 egisse,
2469 2435 2588 2504 quia
2623 2443 2674 2490 te
2704 2434 3219 2504 comprehendentes
3238 2437 3515 2492 cruciﬁxu-

1936 2535 2053 2577 runt
2077 2541 2089 2589 ;
2116 2526 2201 2593 qui
2235 2535 2283 2580 te
2309 2525 2568 2580 deberent
2608 2525 2712 2581 fide
2752 2525 3232 2596 comprehendere,
3265 2543 3513 2599 compre-

1877 2685 1880 2688 _
1937 2617 2236 2672 hendcrunt
2280 2619 2685 2687 persecutione:
2720 2629 2774 2673 ιιι
2806 2634 2934 2690 ergo
2979 2620 3065 2690 qui
3111 2620 3335 2676 ﬁdenter
3361 2623 3512 2692 egisti

1936 2709 2074 2761 inter
2106 2709 2334 2777 iniquos,
2364 2718 2416 2764 et
2444 2710 2711 2764 neminem
2742 2710 2984 2776 timuisti,
3009 2720 3060 2765 et
3081 2710 3203 2789 quia
3231 2727 3415 2782 passus
3432 2728 3514 2776 es.

1937 2798 2216 2862 IL'aaItare;
2246 2799 2296 2851 id
2329 2809 2430 2864 est,
2465 2813 2702 2870 resurgo,
2737 2800 2869 2854 vade
2891 2800 2942 2853 in
2969 2800 3184 2855 cadum.
3211 2801 3444 2857 Patiatur
3464 2813 3516 2857 rt

1938 2887 2179 2942 Ecclesia
2211 2890 2494 2958 patienter,
2535 2889 2672 2958 quod
2701 2904 2914 2959 passum
2951 2899 3034 2945 est
3062 2901 3221 2961 caput
3268 2894 3518 2948 Ecclesia:

1939 2980 2222 3048 patienter.
2257 2979 2518 3046 Exaltare,
2546 2980 2634 3050 qui
2642 2980 2850 3048 judicas
2883 2990 3100 3047 terram;
3127 2982 3279 3037 redde
3302 2977 3516 3038 retribu-

1939 3070 2126 3122 tionem
2167 3069 2416 3138 superbis.
2473 3068 2796 3124 Redditurus
2841 3079 2943 3136 est,
2998 3069 3204 3126 fratres.
3259 3072 3392 3140 Quid
3435 3084 3521 3130 est

1938 3161 2080 3215 enim
2105 3160 2247 3231 quod
2280 3160 2477 3214 dictum
2506 3171 2609 3226 est,
2641 3160 2901 3225 Exaltare,
2930 3163 3016 3232 qui
3050 3163 3254 3233 judicas
3295 3175 3518 3229 terram,-

1935 3253 2093 3307 redde
2122 3252 2497 3306 retributionem
2527 3251 2796 3322 superbis?
2823 3253 3102 3324 Prophetia
3130 3263 3211 3308 ρει
3241 3255 3524 3326 prardiccu-

1943 3343 2030 3408 tis,
2060 3358 2163 3398 non
2193 3341 2410 3396 audacia
2435 3341 2692 3409 jubentis.
2721 3342 2836 3397 Non
2859 3345 3000 3397 enim
3042 3345 3163 3413 quia
3200 3345 3336 3400 dixit
3381 3346 3518 3401 Pro-

1942 3432 2120 3501 pheta,
2179 3432 2419 3486 Eazatmre
2446 3473 2461 3497 ,
2502 3434 2588 3502 qui
2626 3433 2831 3502 judieas
2875 3444 3077 3501 terram,
3137 3436 3524 3506 obtemperavit

1944 3525 2220 3594 Propheta:
2237 3524 2498 3586 Christus,
2530 3533 2584 3578 ut
2622 3533 2921 3594 resurgeret
2970 3536 3025 3580 ct
3068 3527 3167 3582 iret
3209 3519 3268 3582 in
3291 3529 3523 3594 caelum;

1942 3616 2034 3670 sed
2068 3616 2188 3684 quia
2235 3615 2336 3669 hoc
2383 3614 2617 3669 facturus
2663 3625 2778 3669 erat
2824 3614 3101 3683 Christus,
3147 3617 3249 3672 hoc
3284 3619 3526 3687 prmdixit

1945 3706 2207 3774 Propheta
2236 3724 2247 3758 :
2279 3721 2384 3759 non
2446 3705 2565 3758 ideo
2622 3704 2745 3759 fecit
2795 3704 3068 3767 Clu-istas.
3103 3687 3224 3776 quia
3261 3707 3530 3778 Proplu-ta

1947 3797 2296 3866 priedixerat;
2329 3796 2421 3849 sed
2457 3796 2573 3849 ideo
2604 3795 2866 3864 Propheta
2902 3796 3239 3864 prazdixerat,
3271 3800 3392 3868 quia
3437 3800 3526 3854 ille

1945 3885 2184 3940 facturus
2232 3897 2368 3940 erat.
2421 3885 2577 3939 Videt
2617 3886 2867 3940 humilem
2911 3887 3179 3943 Christum
3228 3891 3279 3944 in
3317 3889 3524 3960 spiritu,

1947 3977 2087 4030 videt
2116 3977 2395 4040 humilem;
2428 3975 2693 4030 nemiuem
2727 3977 3020 4039 timentem,
3065 3978 3190 4032 nulli
3224 3990 3524 4049 parcentem

1948 4071 1998 4123 in
2026 4069 2208 4131 verbo,
2254 4077 2308 4122 et
2351 4067 2519 4122 dicit:
2550 4065 2791 4122 Fidenter
2818 4069 2936 4139 egit.
2983 4069 3138 4124 Videt
3187 4072 3329 4126 illttm
3371 4090 3526 4142 quam

1950 4160 2174 4214 tideuter
2199 4159 2326 4230 egit,
2360 4158 2502 4213 videt
2530 4159 2678 4213 illum
2707 4160 3176 4229 comprehensum,
3205 4163 3345 4218 vidit
3379 4164 3524 4219 illum

1949 4249 2276 4310 cruciﬁxum,
2311 4249 2452 4303 videt
2496 4249 2640 4303 illum
2673 4250 3028 4317 humiliatum,
3062 4251 3208 4305 videt
3255 4253 3397 4306 illum
3440 4271 3525 4308 re-

1950 4350 2254 4410 snrgi-ntem
2276 4346 2331 4393 et
2357 4347 2569 4393 euntem
2599 4339 2651 4393 in
2673 4339 2867 4394 ccelum
2887 4382 2902 4404 ,
2930 4350 2983 4394 et
3013 4350 3288 4395 venturum
3319 4343 3439 4398 inde
3465 4347 3529 4397 ad

1947 4432 2200 4502 judicium
2250 4446 2471 4494 eorum,
2526 4432 2662 4486 inter
2716 4447 2939 4502 quorum
2988 4447 3177 4487 manus
3222 4449 3406 4504 passus
3454 4448 3532 4491 est

1952 4523 2128 4574 omnia
2169 4520 2306 4575 mala
2343 4519 2650 4585 :Exaltare,
2698 4521 2887 4592 inquit,
2939 4523 3026 4592 qui
3060 4523 3268 4591 judicns
3311 4534 3531 4590 terram;
3581 4574 3588 4580 .

1953 4615 2106 4668 redde
2161 4613 2534 4668 retributionem
2583 4614 2827 4684 superbis.
2869 4614 3120 4683 Superbis
3167 4615 3386 4683 reddet,
3430 4633 3534 4671 non

1957 4705 2263 4760 humilibus.
2295 4703 2393 4771 Qui
2420 4711 2544 4758 sunt
2564 4702 2821 4772 superbi?
2850 4703 3050 4770 Quibus
3083 4719 3266 4773 parum
3293 4709 3533 4776 estquod

1957 4796 2091 4850 mala
2114 4793 2332 4859 faciunt,
2364 4803 2420 4848 ct
2459 4793 2746 4848 defendere
2777 4802 2993 4863 peccata
3024 4807 3120 4848 sua
3147 4795 3348 4852 volunt.
3374 4796 3536 4850 Nam—

1957 4901 2060 4954 que
2105 4884 2173 4939 de
2221 4883 2302 4937 his
2355 4881 2443 4952 qui
2496 4881 2875 4937 cruciﬁxerunt
2917 4881 3190 4938 Christum
3246 4886 3376 4939 facta
3418 4898 3540 4950 Sttttl

1957 4986 2139 5048 postea
2182 4975 2454 5039 miracula,
2485 4971 2698 5043 quando
2739 4972 2805 5028 de
2848 4972 2962 5042 ipso
2989 4990 3213 5029 numero
3236 4975 3533 5030 Julia-orum

1959 5065 2324 5130 crediderunt,
2353 5073 2406 5118 et
2429 5063 2657 5117 donatus
2679 5071 2763 5117 est
2807 5063 2911 5117 illis
2938 5065 3155 5134 sanguis
3183 5063 3400 5118 Christi.
3432 5065 3533 5119 lm-

1962 5157 2075 5227 pias
2096 5169 2283 5209 manus
2321 5163 2374 5208 et
2401 5163 2650 5208 cruentas
2701 5153 2769 5207 de
2818 5154 3076 5224 sanguine
3119 5154 3315 5208 Christi
3365 5143 3534 5226 porta:

1961 5249 2130 5304 bant:
2161 5245 2287 5300 lavit
2311 5259 2402 5300 eas
2447 5244 2562 5314 ipse
2603 5243 2754 5314 cujus
2798 5245 3107 5314 sanguinem
3137 5244 3401 5302 fuderant.
3431 5249 3533 5306 Ad-

1959 5336 2128 5410 juncti
2149 5345 2273 5392 sunt
2299 5335 2508 5406 corpori
2540 5335 2725 5406 ipsius,
2750 5334 2801 5389 id
2828 5345 2909 5389 est
2936 5335 3208 5401 Ecclesiae,
3235 5339 3325 5409 qui
3349 5355 3545 5412 corpus

1965 5431 2079 5500 ejus
2102 5425 2347 5492 mortale,
2366 5424 2506 5495 quod
2533 5424 2794 5490 viderant,
2818 5425 3082 5493 persecuti
3109 5437 3251 5482 sunt.
3277 5428 3548 5494 Fuderunt

1969 5521 2198 5591 pretium
2228 5531 2404 5582 suum,
2442 5527 2502 5570 ut
2541 5515 2784 5570 biberent
2828 5516 3057 5585 pretium
3095 5534 3270 5576 suum.
3312 5523 3551 5597 Namque

1971 5621 2153 5684 postea
2184 5612 2361 5681 plures
2383 5607 2626 5665 conversi
2642 5616 2782 5663 sunt.
2817 5605 2950 5666 Cum
2980 5613 3144 5668 multa
3169 5614 3419 5674 miracula
3453 5621 3550 5678 tic-

1987 5809 2010 5819 κ
