4038 6208
468 361 602 419 11119

465 481 587 528 rent
617 471 684 526 ab
729 466 1013 538 Apostolis,
1051 464 1251 535 aliquot
1301 461 1575 516 hominum
1626 461 1792 514 millia
1828 475 1928 513 una
1957 457 2044 511 die

465 565 807 623 crediderunt
840 581 852 616 :
881 571 934 617 et
967 571 1070 614 tam
1103 559 1153 612 in
1203 557 1502 626 propinquo
1552 555 1750 608 inventi
1798 562 1954 615 sunt,
1991 560 2046 604 ut

465 661 642 715 omnia
672 674 766 714 sua
795 671 908 725 qtne
941 653 1204 707 habebant
1247 651 1556 714 venderent,
1603 658 1654 702 et
1701 647 1927 717 pretium
1957 662 2044 699 re-

467 771 583 808 rum
636 763 847 806 suarum
900 747 964 800 ad
1018 745 1178 814 pedes
1232 743 1606 814 Apostolorum
1653 749 1951 811 ponerent;
1993 747 2046 792 ct

466 844 749 910 unicuique
776 838 1190 892 distribuebatur
1217 835 1484 904 qutimodo
1515 849 1648 902 opus
1674 841 1822 895 erat;
1852 840 1905 884 et
1933 839 2046 883 crat

467 936 569 990 illis
595 948 694 987 una
723 933 894 984 anima
919 942 969 982 et
992 945 1086 984 cor
1113 943 1272 981 llllltm
1306 927 1355 979 in
1393 926 1588 986 Deum;
1618 922 1686 978 de
1716 923 1846 993 ipsis
1875 921 2018 975 cruci

466 1024 718 1078 lixorihus
749 1021 1016 1075 Domini‘.
1039 1019 1144 1073 Sed
1166 1032 1329 1087 quare
1347 1033 1448 1070 non
1481 1016 1588 1070 illis
1622 1014 1882 1068 redditum
1919 1012 2046 1066 est?

466 1119 621 1185 Quia,
659 1116 830 1169 Redde
857 1113 1234 1182 retributionem
1272 1107 1515 1178 superbis,
1568 1106 1766 1160 dictum
1815 1113 1926 1168 est;
1972 1103 2045 1156 illi

465 1214 642 1264 autem
695 1207 979 1261 noluerunt
1003 1217 1123 1258 esse
1150 1199 1386 1271 superbi.
1417 1197 1630 1252 Etenim
1660 1211 1778 1250 cum
1807 1193 2050 1247 viderent

466 1301 629 1355 nmlta
665 1297 917 1352 miracula
947 1294 1058 1349 ﬁeri
1083 1307 1177 1361 per
1208 1304 1399 1344 nomen
1426 1286 1620 1342 Christi
1641 1327 1654 1349 ,
1674 1288 1832 1355 quem
1863 1297 1923 1338 se
1949 1298 2048 1352 pu-

470 1391 649 1444 tabant
678 1387 1043 1446 interfecisse;
1073 1380 1324 1437 commoti
1359 1378 1649 1441 miraculis,
1687 1374 1980 1456 audierunt
2017 1388 2046 1424 a

468 1485 624 1538 Petro
653 1482 704 1534 in
727 1479 877 1547 cujus
908 1477 1122 1530 nomine
1145 1473 1228 1526 illa
1262 1473 1448 1524 tierent
1477 1487 1488 1522 :
1521 1484 1626 1522 non
1657 1467 1798 1520 enim
1826 1464 1926 1519 sibi
1953 1479 2045 1517 ar-

467 1589 654 1644 rogare
680 1572 816 1626 servi
849 1570 1126 1623 voluerunt
1159 1561 1442 1633 potentiam
1473 1558 1680 1613 Domini
1707 1557 1808 1621 sui,
1832 1565 1883 1609 ut
1912 1554 2050 1609 dice-

469 1672 632 1718 rcnta
661 1676 718 1716 se
753 1659 942 1713 factum
973 1670 1091 1710 esse
1129 1653 1268 1726 quod
1301 1652 1390 1706 ille
1427 1651 1478 1704 in
1506 1649 1634 1718 ipsis
1662 1647 1904 1702 faciebat.
1940 1645 2048 1698 llo-

469 1767 652 1808 norem
703 1766 828 1820 ergo
873 1747 1135 1802 dederunt
1187 1744 1328 1799 servi
1378 1741 1602 1795 Domino
1629 1753 1728 1793 suo
1758 1753 1771 1788 :
1803 1737 2052 1791 dixerunt

467 1846 592 1915 quia
615 1859 732 1914 qua}
756 1841 826 1895 illi
860 1839 1206 1894 mirabantur.
1238 1836 1289 1888 in
1319 1829 1874 1897 nominelierentcjus
1892 1841 2048 1896 quem

468 1937 540 1991 illi
586 1934 981 1989 crncilixerunt.
1033 1928 1103 1982 Et
1146 1924 1268 1979 facti
1306 1931 1428 1978 sunt
1474 1921 1720 1986 humiles,
1751 1917 2049 1987 compnncti

467 2036 592 2082 sum
638 2025 828 2085 corde,
882 2017 1184 2075 conturbati
1238 2025 1362 2072 sunt
1411 2014 1724 2069 conﬁtentes
1775 2007 2049 2080 peccatum

465 2133 650 2180 suum;
679 2124 733 2170 et
761 2112 1043 2168 consilium
1073 2109 1420 2180 qumsierunt,
1447 2104 1688 2158 dicentes
1719 2120 1732 2156 :
1767 2099 1903 2168 Quid
1933 2115 2051 2169 ergo

467 2206 750 2279 faciemus?
769 2203 882 2258 Non
911 2203 1197 2269 chperant
1231 2196 1298 2252 de
1330 2195 1524 2258 salute,
1552 2191 1644 2247 sed
1672 2197 1917 2262 quierunt
1943 2203 2053 2242 me-

464 2298 714 2351 dicinam.
741 2294 895 2349 Tunc
931 2292 1004 2346 ait
1039 2291 1143 2344 illis
1176 2288 1365 2343 Petrus
1398 2284 1580 2355 :Agite
1609 2281 1969 2354 paenitentiam,
2007 2288 2052 2333 et

465 2387 744 2458 baptizetur
767 2383 1106 2454 unusquisque
1127 2388 1342 2434 vestrum
1367 2377 1418 2430 in
1441 2376 1640 2430 nomine
1670 2371 1874 2427 Domini
1896 2371 2051 2424 nostri

466 2479 592 2532 Jesu
630 2475 817 2529 Christi
847 2477 864 2543 (
894 2472 1003 2524 Act.
1034 2485 1088 2536 ιι,
1121 2484 1172 2523 tv
1205 2466 1246 2539 ).
1271 2466 1368 2534 Qui
1400 2473 1625 2535 egerunt
1665 2460 2048 2532 ptetiiteutiam,

467 2567 694 2622 humiles
741 2565 952 2619 fuerunt
981 2580 992 2614 :
1025 2576 1130 2615 non
1176 2573 1306 2628 ergo
1333 2557 1437 2610 illis
1463 2553 1729 2609 redditum
1771 2560 1871 2606 est.
1894 2550 2048 2616 Quia,

465 2659 587 2712 vide
632 2655 755 2725 quid
797 2655 937 2707 dicat
984 2651 1219 2720 psalmus
1250 2649 1384 2701 iste:
1413 2643 1676 2706 Exaltare,
1721 2641 1807 2711 qui
1847 2639 2054 2709 judiras

465 2759 687 2810 terram;
712 2745 864 2798 redde
906 2741 1276 2796 retributionem
1304 2736 1549 2806 superbis.
1586 2734 1667 2789 Ab
1711 2733 1800 2787 illo
1830 2747 2054 2786 numero

465 2855 594 2910 ergo
619 2837 825 2906 excepti
872 2842 1022 2889 crant
1051 2832 1162 2897 illi;
1195 2830 1246 2884 in
1277 2829 1378 2884 illis
1401 2826 1566 2881 valuit
1592 2841 1692 2879 vox
1725 2823 1812 2877 illa
1842 2811 2048 2877 Domini

467 2928 751 3002 pendentis
798 2927 848 2980 in
895 2939 1073 2989 cruce,
1103 2932 1155 2976 et
1180 2921 1405 2976 dicentis
1435 2936 1448 2974 :
1477 2917 1653 2981 Pater,
1688 2918 1892 2986 ignosce
1917 2915 2050 2980 illis,

465 3021 583 3092 quia
610 3018 835 3073 nesciunt
868 3015 991 3087 quid
1017 3015 1210 3084 faciunt
1235 3012 1253 3083 (
1285 3010 1409 3064 Luc.
1436 3024 1590 3073 xxut,
1613 3008 1682 3062 34
1710 3006 1750 3077 ).
1783 3004 2049 3068 Exaltare,

464 3115 550 3182 qui
562 3111 770 3183 judicas
792 3121 1011 3172 terram;
1038 3105 1189 3160 redde
1214 3103 1585 3158 retributionem
1614 3100 1862 3169 superbis.
1910 3097 2052 3168 Ergo

466 3202 767 3257 redditurus
776 3209 855 3254 est
870 3195 1267 3252 retributionem
1281 3193 1304 3245 ?
1325 3191 1665 3253 Redditurus,
1683 3188 1774 3242 sed
1789 3188 2050 3256 superbis.

539 3293 593 3346 9.
624 3291 774 3363 [rem
803 3291 857 3356 '5,
881 3286 960 3361 4.]
999 3284 1103 3342 Sed
1147 3283 1390 3353 quando?
1415 3279 1628 3351 quando
1652 3278 1873 3334 reddet?
1913 3278 2054 3332 lute-

466 3384 567 3439 ritn
598 3381 718 3436 mali
749 3377 1092 3447 triumphant,
1125 3384 1180 3430 et
1202 3373 1470 3428 exsultant
1491 3371 1635 3437 mali,
1681 3368 2055 3436 blasphemaut

470 3472 613 3534 mali,
667 3469 844 3525 omnia
892 3467 1026 3521 mala
1069 3465 1282 3518 faciunt.
1338 3463 1510 3517 Movet
1564 3461 1648 3516 te?
1697 3459 1827 3515 Cum
1862 3460 2055 3529 pietate

468 3577 666 3634 qua-re,
717 3574 821 3615 non
877 3572 997 3613 cmn
1045 3555 1290 3624 superbia
1331 3551 1684 3623 reprehendo.
1739 3550 1914 3606 Movet
1967 3549 2056 3604 te?

466 3650 798 3720 Compatitur
827 3649 920 3703 tibi
959 3657 1012 3703 et
1037 3645 1297 3710 I’saltnus,
1337 3643 1528 3714 quaerit
1556 3652 1751 3707 tecum,
1799 3641 2055 3710 nonquia

469 3743 667 3808 nescit;
694 3740 785 3796 sed
811 3739 930 3794 ideo
961 3747 1133 3793 tecum
1155 3735 1344 3806 quaerit
1374 3732 1514 3804 quod
1536 3733 1655 3796 scit,
1688 3741 1744 3786 ut
1775 3731 1826 3785 in
1852 3730 1941 3785 illo
1971 3731 2056 3784 in-

468 3837 651 3892 venias
690 3833 831 3904 quod
875 3831 1174 3886 nesciebas.
1223 3828 1502 3894 Quomodo
1545 3826 1634 3896 qui
1675 3825 1786 3878 vult
1825 3825 2056 3894 aliquem

468 3927 754 3992 consolari,
803 3925 901 3980 nisi
936 3923 1216 3978 condoleat
1245 3937 1364 3976 cum
1397 3920 1508 3984 illo,
1556 3933 1659 3973 non
1690 3919 1834 3972 illum
1863 3919 2052 3988 erigit:

473 4023 618 4092 prius
646 4034 764 4074 cum
797 4019 886 4071 illo
910 4015 1077 4080 dolet,
1121 4023 1174 4070 et
1201 4013 1278 4068 sic
1311 4028 1430 4066 eum
1461 4011 1632 4066 reﬁcit
1658 4024 1904 4064 sermone
1926 4023 2056 4063 con-

471 4111 744 4169 solatorie.
769 4109 822 4164 Si
843 4119 1017 4162 autem
1047 4108 1206 4160 intret
1229 4103 1296 4159 ad
1315 4105 1462 4158 illum
1488 4102 1668 4157 ridens
1695 4102 1892 4156 luctum
1917 4100 2054 4168 ejus,

475 4220 577 4257 non
610 4202 730 4256 facit
761 4199 898 4269 quod
945 4197 1102 4252 modo
1132 4197 1326 4250 lectum
1373 4203 1475 4259 est,
1525 4192 1734 4248 dicente
1761 4192 2055 4262 Apostolo:

476 4295 709 4349 Gaudere
751 4307 865 4342 cum
905 4287 1254 4357 gaudentibus,
1299 4285 1420 4353 ﬂere
1463 4299 1578 4335 cum
1605 4281 1836 4351 ﬂentibus
1881 4281 2055 4352 (Rom.

478 4404 574 4450 ιιι,
611 4384 721 4453 lii).
752 4382 892 4449 Ergo
923 4388 978 4432 ut
1002 4377 1227 4447 gaudeat
1254 4386 1449 4440 tecum,
1480 4377 1625 4444 prius
1664 4373 1760 4428 lles
1780 4389 1899 4427 cum
1927 4373 2056 4438 illo;

475 4477 804 4534 contristaris
831 4490 949 4526 cum
980 4472 1089 4534 illo,
1121 4480 1175 4523 ut
1207 4470 1411 4522 relicias
1437 4483 1560 4521 eum
1593 4483 1605 4520 :
1638 4465 1714 4520 sic
1735 4462 2059 4521 et'Psalmus

477 4583 530 4626 et
553 4569 782 4640 Spiritus
810 4566 921 4631 Dei,
971 4564 1151 4632 utique
1189 4560 1364 4614 omnia
1404 4559 1599 4620 sciens,
1651 4558 1838 4628 quaerit
1863 4567 2056 4624 tecum,

477 4661 629 4733 quasi
670 4659 826 4714 verba
858 4667 944 4711 tua
985 4654 1131 4710 dicit.
1179 4650 1445 4720 Usquequo
1489 4660 1791 4721 peccatores,
1825 4647 2057 4715 Domine,

481 4767 736 4822 usquequo
777 4757 1062 4820 peccatores
1111 4743 1497 4816 gloriabuntur;
1546 4740 1864 4831 respondent,
1911 4749 1956 4792 et
1981 4740 2058 4793 lo-

481 4853 694 4912 quentur
727 4839 1067 4909 iniquitatem;
1118 4836 1382 4901 loquentur
1431 4847 1601 4886 onmes
1645 4831 1728 4900 qui
1789 4839 2062 4898 aperantur

481 4930 825 5005 injustitiam?
859 4928 993 4993 Quid
1027 4927 1328 4996 loquentur,
1380 4921 1480 4978 nisi
1523 4933 1706 4977 contra
1739 4920 1926 4988 Deum,
1972 4937 2060 4996 qui

482 5027 702 5080 dicunt:
748 5019 882 5090 Quid
932 5019 1083 5074 nobis
1108 5016 1326 5087 prodest
1353 5016 1488 5085 quia
1517 5015 1594 5069 sic
1623 5013 1884 5084 vivimus?
1924 5015 2061 5081 Quid

481 5118 719 5173 dicturus
745 5114 836 5170 es?
867 5112 999 5167 Vere
1018 5119 1169 5165 curat
1194 5108 1290 5162 ista
1313 5123 1430 5177 quae
1455 5106 1678 5161 facimus
1716 5104 1893 5160 Deus?
1931 5105 2063 5173 Quia

483 5208 624 5262 cnim
650 5207 850 5260 vivunt.
879 5209 1064 5272 putant
1088 5199 1252 5253 Deum
1275 5196 1480 5250 nescire
1509 5195 1648 5266 quod
1680 5193 1897 5250 faciunt.
1931 5193 2065 5251 Vide

483 5297 608 5369 quid
631 5297 754 5353 mali
773 5295 877 5350 illis
899 5292 1168 5362 contingat
1184 5290 1197 5342 l
1214 5288 1344 5356 Quia
1368 5287 1412 5342 si
1433 5286 1775 5342 stationarius
1790 5285 1865 5356 (a)
1882 5286 2062 5354 sciret,

548 5454 565 5485 ⁸
601 5454 749 5503 uicm
771 5452 928 5502 tribus
949 5456 1055 5499 Mss.
1087 5445 1293 5503 additur,
1319 5447 1474 5493 erant.

553 5538 627 5597 (a)
650 5535 956 5597 Stationarios
983 5531 1216 5597 vocabam
1242 5525 1448 5597 _milit_es_
1477 5530 1540 5597 et
1557 5523 1879 5597 apparitores
1897 5522 2066 5597 [ii-tesi:

486 5587 600 5644 aut"
613 5587 772 5644 certis
791 5593 910 5642 locis
926 5606 1018 5656 per
1041 5589 1313 5656 provincias
1335 5595 1388 5637 et
1405 5587 1634 5656 civitates
1655 5587 1961 5656 constitutos,
1983 5587 2067 5656 qtti

486 5643 669 5707 notoria
691 5643 888 5703 ciiiniua
907 5643 1254 5717 denuntiabant
1290 5645 1668 5717 magistratibus,
1710 5658 1772 5717 est
1798 5643 1832 5692 1.
1863 5644 1911 5717 1,
1931 5649 1982 5717 C._
2000 5643 2068 5717 de

487 5703 665 5768 Hirtus.
686 5722 739 5764 et
761 5717 1003 5765 station“.
1023 5713 1148 5764 libro
1173 5710 1246 5770 1‘3,
1273 5719 1326 5760 et
1347 5703 1412 5759 ei
1437 5707 1470 5758 1.
1495 5707 1578 5766 3t,
1600 5706 1664 5756 de
1690 5706 1843 5768 episc.
1867 5713 1917 5755 et
1939 5703 2066 5753 cler.

487 5779 538 5829 in
561 5778 674 5828 cod.
699 5775 879 5826 't‘beod.

1672 348 1729 404 S.
1772 341 2135 402 Αυαιῖςτιλτι
2176 342 2472 401 EPISCOPI

3602 349 3743 406 1200

2157 465 2358 512 teneret
2381 459 2497 511 illos
2521 474 2534 520 ;
2563 468 2612 512 et
2642 457 2759 511 ideo
2782 457 2950 512 vitant
2977 458 3160 513 oculos
3180 458 3496 527 stationarii,
3527 477 3594 518 ne
3623 477 3736 518 Sla-

2157 557 2248 610 tim
2277 566 2554 610 teneantur
2580 572 2593 608 :
2626 556 2808 610 oculos
2836 556 2976 608 enim
3012 555 3106 610 Dei
3138 556 3305 611 vitare
3333 572 3491 611 nemo
3520 569 3697 628 potest
3722 576 3738 620 :

2155 649 2274 717 quia
2303 663 2405 702 non
2434 649 2606 702 Solum
2628 649 2677 702 in
2695 647 2938 702 cubiculo
2962 647 3124 714 videt,
3154 647 3246 703 sed
3273 659 3325 703 et
3350 649 3533 703 intima
3560 653 3742 705 contis

2157 739 2250 792 tui.
2276 738 2520 806 Cogitant
2545 746 2598 792 et
2627 738 2723 808 ipsi
2750 738 2871 808 quia
2897 738 3022 792 nihil
3057 747 3228 806 potest
3255 738 3420 794 latere
3452 739 3650 803 Deum;
3686 753 3741 796 et

2155 827 2273 897 quia
2306 827 2522 893 faciunt,
2546 837 2597 883 et
2622 828 2793 882 sciunt
2816 827 2939 897 quid
2971 827 3226 894 fecerunt,
3273 838 3325 883 et
3355 828 3536 884 vident
3570 845 3630 884 se
3658 832 3744 885 vi-

2155 933 2279 972 vere
2304 919 2505 972 scicnte
2529 918 2655 981 Deo,
2677 919 2766 987 qtti
2784 934 2888 971 non
2911 918 3149 972 viverent
3171 917 3373 973 sciente
3402 921 3740 985 stationarin,

2155 1009 2333 1063 dicunt
2379 1011 2526 1065 sibi:
2583 1010 2798 1064 Placent
2852 1011 2948 1065 ista
3011 1011 3155 1074 Deo;
3227 1019 3283 1064 et
3334 1026 3516 1066 revera
3569 1013 3611 1067 si
3664 1014 3742 1067 illi

2155 1101 2493 1172 displicerent
2530 1100 2663 1155 facta
2704 1112 2904 1178 nostra)
2931 1103 3198 1172 quomodo
3237 1103 3520 1174 displicent
3547 1105 3744 1173 judici-
3795 1087 3798 1091 ’

2158 1192 2273 1254 bus,
2307 1192 2570 1260 quomodo
2600 1191 2879 1261 displicent
2903 1193 3133 1262 regibus,
3163 1195 3430 1262 quomodo
3457 1196 3740 1264 displicent

2156 1283 2580 1352 imperatoribus,
2599 1292 2653 1338 et
2667 1282 2933 1352 quomodo
2952 1283 3233 1349 diaplicent
3252 1289 3743 1342 commentariensi-

2156 1371 2253 1425 lms
2295 1372 2393 1442 (a),
2443 1372 2697 1443 numquid
2744 1373 3011 1443 quomodo
3040 1375 3248 1428 illorum
3280 1377 3462 1429 oculos
3489 1377 3740 1442 vitamus,

2157 1464 2321 1518 vitare
2347 1478 2622 1532 possemus
2649 1466 2830 1518 oculos
2864 1463 2994 1519 Dei?
3042 1465 3186 1534 Ergo
3225 1466 3434 1534 placent
3476 1467 3571 1521 ista
3606 1467 3740 1521 Deo.

2158 1555 2282 1611 Ideo
2310 1556 2360 1608 in
2392 1556 2495 1610 alio
2524 1555 2727 1624 psalmo
2755 1555 3014 1624 peccatori
3065 1556 3278 1623 dicitur,
3321 1556 3444 1611 Haec
3471 1559 3644 1625 fixisti,
3693 1570 3744 1614 et

2156 1646 2290 1699 tacui
2304 1662 2321 1708 ;
2333 1647 2614 1716 suspicatus
2629 1663 2679 1700 es
2693 1647 3023 1712 iniquitatem,
3042 1650 3176 1716 quod
3187 1664 3271 1701 ero
3288 1648 3374 1702 tibi
3389 1649 3587 1702 similis.
3601 1649 3741 1717 Quid

2155 1747 2258 1803 est,
2290 1753 2374 1792 ero
2411 1739 2498 1790 tibi
2535 1738 2756 1792 similis?
2799 1739 2868 1793 Ut
2907 1738 3174 1808 quomodo
3211 1741 3300 1793 tibi
3341 1741 3508 1808 placet
3543 1742 3740 1797 factum

2159 1840 2302 1883 ttunn
2335 1830 2554 1896 malum,
2585 1831 2662 1885 sic
2694 1840 2843 1901 putes
2871 1832 2990 1900 quia
3019 1840 3072 1886 et
3101 1832 3227 1885 mihi
3258 1833 3445 1900 placet.
3476 1833 3541 1888 Et
3571 1835 3742 1889 utina-

2159 1933 2243 1977 tur
2286 1925 2337 1978 in
2378 1932 2646 1993 posterum
2669 1941 2693 1976 .:
2729 1925 2948 1994 Arguam
2995 1934 3041 1978 te
3078 1923 3253 1994 (Psal.
3283 1941 3423 1991 xm,
3449 1925 3563 1996 2|).
3596 1927 3742 1997 Ergo

2159 2033 2262 2071 non
2295 2025 2434 2072 tacet
2452 2016 2538 2086 qui
2567 2017 2719 2081 dixit,
2755 2018 2906 2070 tacui.
2929 2016 3061 2071 Cum
3091 2017 3310 2082 diceret,
3339 2016 3463 2072 Πωε
3487 2020 3668 2088 fecisti,
3691 2029 3742 2074 et

2159 2108 2294 2159 tacui
2317 2122 2335 2170 ;
2359 2107 2640 2175 suspicatus
2660 2123 2710 2160 es
2735 2107 3064 2176 iniquitatem,
3093 2107 3228 2176 quod
3248 2121 3334 2161 ero
3355 2107 3429 2160 tui
3449 2109 3664 2174 similis;
3684 2121 3740 2164 et

2160 2213 2262 2251 non
2295 2197 2455 2251 tacuit
2488 2198 2526 2250 ‘.
2559 2197 2690 2251 Cum
2715 2198 2854 2252 enim
2883 2212 2979 2251 nos
3006 2197 3292 2266 loquimur,
3322 2199 3409 2253 ille
3430 2215 3535 2253 non
3564 2209 3737 2263 tacet;

2158 2304 2277 2343 cum
2306 2291 2446 2345 enim
2486 2290 2650 2344 lector
2680 2290 2824 2357 legit,
2867 2291 2957 2344 ille
3000 2305 3102 2344 non
3133 2299 3300 2358 tacet;
3351 2307 3471 2346 cum
3501 2293 3742 2346 Psalmns

2161 2384 2255 2436 ista
2283 2392 2478 2447 cantat,
2533 2383 2618 2436 ille
2648 2399 2750 2436 non
2794 2391 2930 2436 tacet
2959 2399 2971 2436 :
3003 2391 3057 2436 et
3088 2383 3200 2435 isne
3236 2398 3422 2438 omnes
3459 2399 3618 2438 voces
3646 2385 3740 2438 Dei

2159 2487 2254 2541 per
2273 2469 2454 2526 orbem
2479 2481 2738 2526 terrarum
2766 2471 2913 2526 liunt.
2943 2472 3222 2539 Quomodo
3248 2487 3374 2541 ergo
3405 2481 3563 2540 tacet,
3607 2490 3745 2544 quo-

2160 2562 2318 2616 modo
2339 2578 2440 2615 non
2461 2563 2636 2618 tacet?
2661 2562 2776 2617 Non
2807 2572 2944 2618 tacet
2964 2565 3016 2617 in
3039 2565 3223 2627 verbo,
3251 2574 3387 2620 tacet
3409 2567 3461 2620 in
3488 2565 3740 2622 vindicta.

2159 2654 2294 2721 Quid
2325 2664 2576 2724 estergo,
2629 2653 2750 2708 Iltec
2776 2656 2956 2725 fecisti,
3003 2663 3048 2710 et
3084 2656 3266 2710 tacui?
3308 2657 3429 2712 llaec
3461 2657 3648 2721 fecisti,
3685 2669 3746 2714 et

2160 2761 2263 2799 non
2296 2745 2579 2798 vindicavi.
2608 2745 2907 2814 Suspicatus
2940 2763 2991 2800 es
3018 2747 3351 2816 iniquitatem,
3390 2750 3525 2817 quod
3561 2767 3646 2803 ero
3667 2751 3744 2804 tui

2157 2836 2354 2890 similis.
2387 2835 2458 2888 De
2481 2835 2590 2904 ipsa
2620 2834 2861 2888 vindictae
2891 2836 3268 2901 taciturnitate,
3299 2837 3348 2891 id
3383 2849 3484 2904 est,
3517 2838 3584 2892 de
3619 2855 3744 2894 ces-

2159 2927 2364 2981 satione
2417 2925 2679 2990 \‘illtllClie,
2731 2926 2835 2979 alio
2885 2925 3002 2980 loco
3046 2926 3218 2982 dicit:
3255 2928 3450 2995 Tacui;
3499 2931 3746 2998 numquid

2157 3033 2353 3086 semper
2397 3015 2565 3068 tacebo
2597 3014 2747 3081 (Isai.
2792 3031 2918 3080 XLII,
2966 3016 3072 3084 14).
3123 3015 3389 3086 Usquequo
3433 3029 3742 3087 peccatores,

2160 3105 2396 3170 Domine,
2425 3122 2678 3175 usquequo
2699 3115 2982 3174 peccatores
3011 3105 3392 3176 gloriabuntur;
3418 3110 3740 3174 respondent,

2159 3207 2204 3251 et
2231 3198 2493 3267 loquentur
2518 3197 2862 3266 iniquitatem;
2891 3197 3154 3267 loquentur
3179 3216 3349 3254 omnes
3367 3202 3450 3264 qui
3471 3211 3747 3269 operantur

2159 3289 2496 3360 injustitiam?
2538 3288 2607 3343 Et
2629 3288 2757 3344 dicit
2785 3289 2960 3343 omnia
2999 3304 3178 3359 opera.
3210 3281 3551 3360 Respondent,
3585 3299 3636 3347 et
3658 3291 3747 3348 lo-

2159 3391 2374 3450 quentur
2414 3381 2746 3451 iniquitatem.
2777 3380 2911 3448 Quid
2943 3389 3044 3446 est,
3077 3382 3419 3451 respondent?
3443 3381 3634 3438 Contra
3659 3384 3748 3452 jn-

2162 3484 2302 3527 stum
2335 3471 2530 3527 habent
2556 3471 2696 3542 quod
2741 3471 3116 3541 respondeant.
3148 3472 3303 3527 Venit
3326 3475 3500 3542 justus
3529 3475 3742 3544 aliquis,

2162 3572 2215 3617 ct
2242 3562 2369 3616 dicit
2389 3562 2550 3616 vNoli
2571 3562 2744 3618 facere
2762 3563 3110 3632 iniquitatem.
3138 3563 3356 3630 Quare?
3377 3565 3453 3620 Ne
3475 3567 3742 3621 moriaris.

2162 3653 2298 3708 Ecce
2322 3653 2418 3708 feci
2446 3654 2771 3724 iniquitatem
2797 3671 2811 3718 ;
2831 3669 2994 3724 quare
3016 3669 3121 3708 non
3143 3655 3384 3709 morior?
3403 3655 3492 3710 Ille
3511 3655 3746 3725 lecitju-

2162 3747 2381 3811 stitiam,
2405 3755 2458 3800 et
2487 3755 2725 3801 mortuus
2748 3755 2830 3801 est
2859 3763 2873 3799 :
2905 3761 3067 3816 quare
3097 3755 3339 3801 mortuus
3359 3747 3477 3802 est?
3513 3748 3622 3818 Ego
3643 3749 3745 3804 feci

2164 3837 2491 3907 iniquitatem
2511 3853 2526 3903 ;
2546 3851 2711 3908 quare
2728 3851 2812 3892 me
2828 3851 2932 3891 non
2952 3837 3168 3891 abstulit
3186 3837 3364 3894 Deus?
3382 3837 3537 3904 Ecce,
3558 3839 3646 3894 ille
3661 3840 3743 3894 fe-

2162 3930 2234 3984 cit
2263 3929 2518 3998 justitiam
2544 3946 2558 3994 ;
2599 3937 2652 3984 et
2675 3945 2839 3999 quare
2864 3929 2940 3984 sic
2965 3929 3018 3982 in
3047 3929 3192 3983 illum
3222 3929 3546 3985 vindicavit?
3580 3945 3746 4002 quare

2165 4023 2254 4078 ille
2278 4023 2356 4078 sic
2375 4022 2621 4077 laborat?
2645 4021 2965 4092 respondent
2989 4037 3004 4086 ;
3034 4021 3134 4076 hoc
3154 4030 3254 4086 est,
3276 4022 3598 4093 respondent,
3621 4024 3746 4093 quia

2165 4113 2356 4168 habent
2381 4113 2520 4182 quod
2541 4113 2745 4177 dicant;
2770 4113 2888 4182 quia
2908 4113 3140 4182 parcitur
3159 4112 3280 4176 illis,
3297 4112 3365 4168 de
3383 4113 3629 4183 patientia
3651 4113 3745 4168 Dei

2165 4203 2437 4257 inveniunt
2468 4211 2834 4272 argumentum
2878 4203 3239 4271 responsionis
3274 4217 3405 4258 suae.
3449 4203 3623 4258 Parcit
3656 4204 3748 4259 ille

2166 4302 2380 4363 propter
2404 4293 2568 4359 aliud,
2605 4292 2928 4362 respondent
2949 4293 3020 4348 illi
3053 4302 3274 4363 propter
3299 4293 3460 4357 aliud,
3518 4294 3639 4364 quia
3661 4295 3745 4347 vi-

2165 4394 2312 4440 vunt.
2345 4385 2519 4453 Quare
2539 4385 2680 4440 enim
2701 4395 2884 4455 parcat
2909 4385 3016 4452 ille,
3043 4385 3171 4440 dicit
3197 4385 3498 4455 Apostolus,
3527 4387 3747 4456 exponit

2165 4476 2442 4530 consilium
2461 4474 2726 4544 patientia:
2743 4475 2833 4530 Dei
2850 4473 3462 4546 :.E;ristititas,inqnit,qui
3475 4477 3597 4530 talia
3612 4477 3743 4546 agis,

2165 4571 2283 4640 quia
2309 4579 2362 4622 tu
2384 4566 2592 4639 eITugies
2605 4567 2862 4637 judicium
2888 4565 2986 4621 Dei
3001 4567 3026 4622 7
3043 4568 3122 4620 Au
3143 4567 3341 4620 divitias
3361 4567 3678 4638 benignitatis
3697 4576 3746 4620 et

2168 4660 2562 4731 longanimitatis
2591 4660 2700 4730 ejus
2731 4659 3026 4725 contemnis,
3060 4660 3298 4728 ignorans
3318 4661 3338 4689 ²
3364 4660 3482 4728 quia
3507 4659 3746 4726 patientia

2167 4751 2266 4805 Dei
2291 4751 2359 4805 ad
2395 4750 2732 4819 paenitentiam
2762 4759 2809 4802 te
2827 4748 3077 4803 adducit?
3120 4749 3195 4802 Tu
3217 4758 3404 4814 autent,
3433 4748 3483 4804 id
3509 4758 3609 4814 est,
3659 4749 3745 4804 ille

2168 4845 2258 4914 qui
2289 4841 2574 4912 respondet
2600 4850 2654 4896 et
2678 4839 2826 4905 dicit,
2871 4841 2927 4896 Si
2951 4840 3285 4909 displicerem
3318 4841 3447 4905 Deo,
3478 4855 3582 4894 non
3614 4841 3743 4896 mihi

2171 4943 2410 5004 parceret
2438 4933 2576 4988 Deus
2604 4949 2618 4986 :
2651 4931 2770 4987 vide
2789 4931 2914 5002 quid
2936 4931 3037 4986 sibi
3064 4931 3206 4995 facit,
3233 4931 3355 4985 audi
3387 4932 3698 5001 Apostolum
3727 4947 3743 4987 :

2169 5027 2248 5083 Tu
2271 5037 2436 5080 autem
2460 5024 2732 5080 secundum
2759 5023 2998 5077 duritiam
3026 5023 3191 5076 cordis
3221 5023 3296 5076 tui
3333 5032 3377 5076 ct
3401 5039 3487 5076 cor
3511 5022 3748 5090 impaeni-

2171 5131 2296 5182 tens,
2320 5117 2629 5172 tltesaurizas
2660 5115 2747 5169 tibi
2780 5115 2908 5168 iram
2927 5114 2979 5167 in
2999 5113 3200 5166 diexirte
3221 5123 3268 5166 et
3293 5110 3609 5166 reuelationis
3619 5112 3748 5180 justi

2159 5211 2345 5284 judicii
2369 5209 2485 5272 Dei,
2528 5209 2614 5278 qui
2650 5207 2822 5262 reddet
2869 5207 3135 5276 unicuique
3163 5204 3436 5260 secundum
3475 5221 3629 5274 opera
3657 5220 3752 5257 sua

2173 5305 2348 5376 (Rom.
2373 5317 2429 5369 ιι,
2458 5301 2604 5372 5-6).
2646 5301 2738 5356 llle
2761 5315 2890 5371 ergo
2917 5308 3075 5370 auget
3108 5297 3580 5370 longanimitatem,
3611 5305 3665 5350 et
3697 5305 3751 5351 tu

2235 5505 2253 5536 ι
2288 5507 2363 5550 Er.
2383 5507 2502 5549 Ven.
2521 5505 2575 5549 et
2597 5505 2724 5548 Lov.:
2751 5502 2870 5545 Cum
2891 5491 3030 5554 dicit,
3248 5505 3340 5554 non
3363 5498 3502 5542 tacet.
3570 5499 3628 5540 tit.

2235 5567 2255 5597 ³
2289 5563 2421 5621 add,
2445 5560 2656 5623 ignoras.
2681 5566 2736 5608 At
2756 5555 2968 5606 melioris
2988 5553 3115 5604 nota
3135 5561 3264 5614 κει,
3291 5553 3535 5620 ignorans.

2235 5626 3405 5698 (a)rpommentarienses__dicebam-“arceram
3443 5623 3678 5686 praefecti,
3705 5632 3754 5698 "et

2176 5685 2365 5754 noiai‘ii,
2381 5706 2588 5757 quorum
2611 5697 2716 5757 erat
2736 5689 2952 5757 rationes
2973 5686 3299 5757 wswdisrum
3320 5698 3375 5737 ac
3396 5685 3592 5737 reorum
3611 5685 3734 5736 muli
3747 5707 3763 5720 ι

2177 5748 2315 5819 cere,
2339 5748 2391 5808 et
2400 5748 2660 5806 criminum
2682 5751 3020 5812 inscriptiones
3039 5748 3280 5811 recipere.
