4012 6202
202 292 320 350 12H

197 423 350 480 auges
376 406 730 476 iniquitatem.
753 402 868 459 Erit
893 401 1035 458 illius
1057 399 1336 457 thesaurus
1351 403 1403 455 in
1425 401 1744 471 sempiterna
1764 402 1779 433 ι

199 498 560 555 misericordia
585 497 635 552 in
658 511 754 551 eos
771 495 856 566 qui
885 511 990 549 non
1012 502 1450 562 contempserunt
1477 494 1781 548 misericor-

199 590 368 654 diam;
427 597 551 642 tuus
581 597 760 640 autem
809 584 1091 640 thesaurus
1141 587 1190 638 in
1235 585 1311 638 ira
1363 585 1678 648 invenietur,
1735 594 1788 639 et

199 679 335 750 quod
382 681 538 749 ponis
568 675 808 749 quotidie
856 691 954 746 per
996 675 1282 741 modicum,
1334 687 1514 745 postea
1557 690 1785 730 massam

202 773 504 825 inventurus
529 783 588 824 es
618 785 632 821 :
677 766 980 821 minutatim
1013 767 1185 835 ponis,
1216 765 1308 821 sed
1338 766 1608 820 cumulum
1643 767 1790 818 inve-

205 864 325 918 nies.
369 862 492 916 Noli
521 859 799 914 attendere
826 857 1026 912 minuta
1074 867 1286 926 peccata
1318 868 1403 911 tua
1445 857 1788 927 quotidiana;

207 956 264 1008 de
289 951 665 1007 minutissimis
694 951 857 1021 guttis
889 949 1102 1004 ﬂumina
1134 949 1436 1018 implentur.

273 1049 358 1101 l0.
385 1044 540 1118 iners.
569 1046 620 1108 5,
653 1042 729 1115 6.]
754 1042 892 1108 Quid
913 1051 1090 1096 autem
1121 1041 1192 1096 illi
1221 1040 1438 1106 faciunt,
1462 1041 1548 1110 qui
1572 1054 1791 1110 respon-

204 1139 322 1192 dent
348 1146 404 1191 et
437 1137 721 1205 loquentur
749 1133 1098 1203 iniquitatem,
1128 1133 1247 1201 quia
1268 1131 1464 1185 faciunt
1487 1140 1541 1187 et
1564 1131 1797 1201 parcitur

205 1229 316 1282 eis?
359 1226 624 1295 Populum
667 1236 826 1287 tuum,
872 1221 1106 1285 Domine,
1136 1222 1567 1276 ltttmiliaverunt:
1603 1220 1653 1275 id
1693 1230 1794 1287 est,

205 1333 386 1374 omnes
433 1318 523 1388 qui
570 1317 714 1386 juste
764 1317 966 1377 vivunt,
1020 1314 1071 1368 in
1113 1330 1245 1384 quos
1294 1314 1476 1368 volunt
1513 1314 1794 1382 superbire

204 1425 386 1464 omnes
413 1410 562 1465 mali.
601 1407 862 1477 Papulum
891 1417 1051 1471 tuum,
1107 1405 1342 1469 Domine,
1382 1407 1796 1472 humiliaverunt,

205 1512 245 1556 et
270 1502 619 1555 Ita'reditatem
643 1510 780 1553 tuam
801 1508 1101 1554 vexaverant
1128 1513 1146 1552 :
1177 1497 1378 1551 viduam
1401 1507 1450 1551 et
1471 1496 1697 1568 pupillos
1723 1497 1802 1549 in-

206 1596 532 1663 terfecerunt,
576 1601 622 1646 et
649 1590 961 1662 proselytum
989 1591 1276 1644 occiderunt
1302 1605 1320 1642 :
1346 1589 1396 1644 id
1421 1600 1523 1652 est,
1555 1589 1796 1658 peregri-

205 1702 350 1752 num,
380 1685 669 1750 advenam,
693 1684 1041 1739 adventitium
1068 1698 1082 1748 ;
1113 1683 1282 1752 ipsum
1306 1681 1433 1737 dicit
1458 1682 1802 1752 proselytum.

207 1775 483 1832 Manifesta
528 1783 652 1831 sunt
695 1776 792 1830 ista
824 1774 1050 1844 singula,
1107 1789 1204 1828 nec
1228 1787 1362 1842 opus
1393 1773 1551 1826 estin
1599 1772 1679 1826 his
1708 1772 1805 1826 im-

212 1867 432 1922 morari.

279 1960 366 2013 II.
414 1955 570 2031 [τετε.
613 1953 694 2027 7.]
734 1953 801 2009 Et
847 1956 1100 2020 dixerunt,
1147 1953 1267 2009 Non
1306 1955 1485 2009 videbit
1537 1949 1807 2009 Dominus.

214 2049 320 2106 Non
363 2048 598 2104 attendit
642 2048 764 2112 ista,
811 2048 1022 2118 negligit
1055 2052 1174 2110 ista,
1217 2047 1350 2102 alias
1381 2063 1466 2102 res
1500 2056 1671 2112 curat,
1706 2062 1810 2102 non

217 2141 489 2211 intelligit.
544 2139 637 2193 Il;e
681 2139 823 2192 enim
856 2139 972 2191 dum
1022 2153 1181 2192 voces
1225 2146 1347 2192 sunt
1380 2138 1639 2191 malorum
1668 2156 1682 2192 :
1711 2153 1811 2192 una

217 2247 370 2301 quam
398 2231 511 2301 jam
537 2230 667 2293 dixi,
700 2229 825 2284 Hcce
852 2229 1036 2298 fecisti,
1071 2239 1117 2282 et
1147 2230 1313 2283 tacui:
1342 2230 1624 2301 suspicatus
1649 2246 1699 2285 es
1719 2230 1815 2284 ini-

218 2325 476 2394 quitatem,
504 2322 641 2393 quod
679 2337 761 2375 ero
795 2321 881 2373 tibi
917 2320 1118 2375 similis.
1147 2319 1282 2387 Quid
1312 2329 1415 2386 est,
1442 2321 1576 2389 quod
1618 2336 1703 2374 ero
1729 2321 1817 2373 tibi

221 2413 439 2469 similis?
483 2413 649 2467 Putas
689 2412 812 2482 quia
842 2412 997 2466 video
1027 2410 1162 2465 facta
1194 2418 1302 2476 tua,
1335 2419 1388 2464 et
1419 2410 1628 2480 placent
1659 2411 1810 2472 mihi,

224 2507 340 2576 quia
369 2520 478 2560 non
508 2504 740 2559 vindico.
789 2504 905 2558 Alia
933 2513 1016 2559 est
1056 2519 1155 2558 vox
1182 2503 1486 2573 iniquorum
1513 2521 1526 2556 :
1559 2501 1690 2568 Quia
1720 2517 1819 2558 nec

223 2597 450 2653 attendit
479 2598 581 2651 ista
628 2597 788 2660 Deus,
835 2612 932 2650 nec
957 2595 1186 2650 advertit
1228 2605 1287 2650 ut
1316 2595 1449 2650 sciat
1477 2595 1820 2665 quemadmo-

226 2687 347 2742 dum
377 2687 579 2750 vivam,
630 2701 734 2740 non
785 2702 869 2740 me
898 2695 1048 2740 curat
1094 2686 1252 2740 Deus.
1292 2687 1432 2756 Ergo
1481 2686 1618 2738 inter
1648 2685 1820 2754 aliqua

229 2795 314 2836 me
335 2788 617 2850 computat
638 2779 777 2834 Deus
801 2779 825 2832 ?
849 2788 940 2833 aut
965 2793 1088 2833 vere
1119 2792 1204 2832 me
1250 2785 1493 2832 numerat
1523 2776 1706 2830 Deus?
1735 2785 1826 2830 aut

232 2873 376 2942 ipsos
401 2871 652 2926 homines
675 2870 959 2926 numerat?
988 2870 1170 2926 Infelix
1201 2870 1391 2924 homo!
1423 2879 1479 2923 ut
1500 2884 1646 2924 esses
1671 2884 1824 2924 cura-

234 2964 339 3026 vit;
385 2971 445 3016 ut
471 2963 609 3016 bene
635 2961 781 3026 vivas
805 2977 912 3015 non
951 2963 1142 3016 curat?
1191 2960 1417 3016 Istorum
1440 2974 1568 3028 ergo
1597 2960 1696 3014 ista
1724 2974 1826 3014 vox-

235 3064 336 3107 est.
360 3050 433 3105 Et
456 3052 716 3118 dixerunt,
750 3050 870 3105 Non
896 3052 1078 3106 videbit
1104 3051 1374 3119 Dominus,
1403 3052 1560 3122 neque
1586 3051 1829 3122 intelliget

235 3140 376 3196 Deus
404 3140 592 3194 Jacob.

311 3233 400 3288 l2.
444 3231 596 3305 [rem
623 3231 704 3304 8.]
745 3229 1020 3301 Intelligite
1047 3247 1182 3284 nunc
1209 3231 1294 3300 qui
1331 3231 1620 3302 insipientes
1642 3231 1758 3286 estis
1779 3231 1832 3284 in

241 3326 456 3396 populo,
484 3335 533 3378 et
554 3324 700 3378 stulti
730 3323 1004 3394 aliquando
1031 3323 1211 3393 sapite.
1243 3323 1500 3392 Populum
1526 3338 1678 3377 suum
1704 3338 1830 3378 ern-

239 3416 340 3479 dit,
382 3415 466 3470 cui
499 3423 721 3484 possunt
739 3413 1066 3469 commoveri
1095 3412 1277 3483 pedes,
1309 3412 1522 3482 quando
1553 3411 1832 3468 felicitates

241 3510 547 3579 iniquorum
588 3506 729 3560 videt
769 3504 950 3573 homo,
988 3505 1098 3574 jam
1137 3504 1273 3560 bene
1301 3505 1485 3560 vivens
1511 3506 1564 3559 in
1609 3519 1834 3560 numero

241 3608 554 3656 sanctorum
586 3598 699 3664 Dei,
753 3596 804 3651 id
833 3608 914 3652 est
943 3597 994 3650 in
1023 3611 1246 3650 numero
1277 3597 1501 3649 liliorutn
1539 3595 1789 3651 Ecclesia:
1817 3611 1832 3648 :

245 3690 391 3744 videt
436 3689 560 3759 quia
607 3686 800 3742 florent
845 3687 990 3746 mali.
1036 3694 1090 3740 et
1137 3684 1338 3739 faciunt
1381 3685 1734 3754 iniquitatem,
1783 3694 1837 3738 et

249 3780 531 3834 a‘mulatur
551 3793 666 3843 eos,
690 3785 744 3832 et
769 3777 1047 3832 adducitur
1069 3786 1122 3830 ιιι
1155 3775 1388 3829 imitetur
1415 3775 1544 3828 facta
1570 3776 1834 3843 ipsorum;

251 3871 370 3938 quia
408 3869 552 3922 videt
580 3867 733 3938 quasi
763 3867 892 3921 nihil
932 3867 1031 3920 sibi
1071 3864 1325 3936 prodesse
1361 3858 1500 3934 quod
1528 3864 1660 3918 bene
1699 3864 1840 3917 vivat

254 3960 485 4024 humilis,
522 3960 608 4014 hic
633 3973 856 4028 sperans
891 3958 1213 4011 mercedem.
1256 3953 1386 4009 Nam
1414 3952 1458 4006 si
1486 3953 1626 4006 illam
1663 3962 1841 4023 speret

253 4051 506 4116 futuram,
531 4067 638 4106 non
661 4050 805 4104 illam
837 4048 1037 4119 perdit;
1063 4048 1185 4118 quia
1210 4045 1443 4100 nondum
1468 4045 1609 4098 venit
1631 4053 1841 4113 tempus

257 4153 311 4197 ut
335 4144 565 4213 accipiat
595 4157 733 4196 eam.
766 4140 822 4195 In
857 4139 1006 4194 vinea
1033 4137 1292 4208 operaris,
1320 4135 1404 4192 fac
1429 4151 1560 4207 opus
1591 4144 1759 4200 tuum,
1787 4144 1843 4190 et

256 4237 486 4307 accipies
515 4234 816 4290 mercedem
847 4243 1011 4286 tuam.
1042 4232 1083 4284 A
1114 4229 1492 4301 patrefamilias
1523 4243 1627 4282 non
1655 4227 1843 4298 exige‘

255 4343 344 4382 res
364 4339 650 4394 antequam
685 4323 1004 4394 operareris,
1052 4331 1106 4376 et
1142 4336 1173 4375 a
1203 4322 1308 4376 Deo
1353 4321 1520 4390 exigis
1562 4329 1841 4390 antequam

254 4415 543 4486 opereris?
571 4413 636 4468 Et
665 4415 765 4468 ista
797 4412 1072 4467 tolerantia
1096 4411 1162 4465 ad
1189 4426 1322 4480 opus
1351 4420 1497 4466 tuum
1522 4414 1769 4479 pertinet,
1792 4420 1847 4464 et

257 4510 360 4561 hoc
391 4507 456 4559 ad
487 4505 786 4560 mercedem
813 4504 1076 4574 pertinet:
1101 4502 1274 4557 minus
1296 4503 1372 4556 vis
1397 4501 1570 4557 facere
1595 4502 1646 4556 in
1673 4502 1845 4568 vinea,

255 4599 345 4666 qui
378 4612 486 4650 non
517 4595 595 4650 vis
619 4595 879 4658 tolerare;
910 4593 1030 4664 quia
1057 4601 1106 4646 et
1136 4592 1247 4661 ipsa
1277 4593 1556 4647 tolerantia
1587 4591 1652 4646 ad
1679 4592 1848 4662 ipsam

257 4687 626 4757 operationem
652 4684 896 4753 pertinet,
923 4694 977 4737 ut
998 4682 1236 4736 invenias
1262 4682 1584 4738 mercedem.
1630 4682 1780 4751 Quod
1805 4683 1850 4739 si

257 4780 479 4832 dolosas
501 4793 580 4841 es,
597 4776 717 4830 vide
741 4790 807 4830 ne
829 4790 932 4828 non
953 4773 1124 4828 solum
1146 4789 1250 4828 non
1272 4773 1500 4843 accipias
1522 4773 1846 4838 mercedem,

256 4868 356 4923 sed
386 4877 440 4922 et
483 4882 696 4936 panem
737 4865 1012 4930 invenias;
1046 4865 1168 4935 quia
1191 4864 1401 4918 voluisti
1430 4879 1549 4918 esse
1575 4867 1852 4932 operarius

258 4959 505 5012 dolosas.
548 4957 615 5012 Et
638 4955 853 5027 quidem
881 4956 1152 5027 Operarius
1177 4954 1393 5010 dolosus
1423 4963 1480 5008 ut
1509 4955 1724 5025 incipiat
1747 4971 1851 5010 non
1912 4963 1914 4966 '

259 5049 628 5114 benefacere,
667 5047 862 5103 ’oeulos
883 5043 1274 5117 patrisfamilias
1313 5045 1558 5110 attendit,
1609 5044 1674 5100 ad
1706 5044 1852 5100 illum

249 5140 457 5210 aspicit
482 5139 572 5207 qui
613 5136 870 5192 conduxit
895 5135 961 5191 ad
1000 5136 1228 5201 vineam,
1260 5144 1315 5189 ut
1341 5150 1459 5190 cum
1491 5134 1579 5189 ille
1607 5135 1856 5190 averterit

250 5231 470 5294 oculos,
525 5236 724 5294 cesset,
775 5237 831 5284 et
877 5242 982 5282 non
1027 5226 1160 5281 bene
1201 5236 1486 5296 operetur;
1533 5240 1652 5280 eum
1678 5234 1852 5280 autem

253 5321 356 5378 ille
403 5319 728 5374 converterit
765 5319 969 5380 oculos,
1015 5317 1150 5373 bene
1182 5326 1454 5386 operetur.
1496 5317 1635 5372 Deus
1677 5323 1854 5371 autem

246 5412 355 5484 qui
401 5420 453 5465 te
481 5409 758 5477 conduxit,
809 5423 916 5463 non
960 5409 1151 5463 avertit
1192 5407 1415 5471 oculos;
1463 5422 1566 5462 non
1612 5406 1704 5461 tibi
1733 5405 1858 5461 licet

245 5502 458 5558 dblose
483 5500 696 5571 cperari
729 5515 743 5552 :
787 5514 948 5568 super
977 5508 1026 5552 te
1050 5513 1262 5568 semper
1304 5507 1430 5552 sunt
1451 5496 1590 5553 oculi
1617 5496 1858 5567 patrisfa-

243 5595 446 5654 milias
469 5611 485 5661 ;
508 5607 692 5664 quaere
711 5590 800 5647 ubi
831 5590 978 5644 illum
1005 5589 1173 5655 fallas,
1199 5597 1255 5645 et
1273 5604 1423 5645 cessa
1449 5588 1494 5644 si
1523 5595 1695 5660 potes.
1718 5589 1858 5660 Ergo

335 5731 356 5764 ⁸
389 5731 463 5780 sic
484 5735 590 5778 uss.
618 5726 732 5777 ωδ.
756 5738 890 5788 vero,
914 5725 964 5777 in
986 5723 1340 5791 sempiternum.

1289 281 1685 340 ENARRATIO
1722 282 1787 338 ΙΝ
1830 282 2150 340 ΡΞᾹΙΔΙΠΜ
2190 283 2370 346 XCIII.

3341 290 3480 346 12οΞ

1896 403 1940 456 si
1971 403 2057 472 qui
2092 403 2227 457 forte
2250 403 2450 475 aliquid
2477 406 2802 476 cogitabatis,
2837 408 3053 480 quando
3079 410 3336 466 videbatis
3363 427 3482 464 ma-

1896 491 1975 545 los
2013 492 2225 556 florere,
2275 503 2329 548 et
2357 495 2706 565 cngitationes
2752 511 2944 555 vestrae
2985 500 3252 558 faciebant
3295 511 3486 558 nutare

1897 584 2058 654 pedes
2085 595 2291 640 vestros
2319 587 2370 641 in
2394 589 2470 642 via
2497 589 2588 645 Dei
2613 607 2629 655 ;
2652 591 2803 646 vobis
2823 593 3056 662 loquitur
3081 596 3315 664 psalmus
3346 597 3485 650 iste:

1899 675 1942 729 si
1965 685 2140 730 autem
2167 679 2340 732 nullus
2369 689 2602 733 vestrum
2648 681 2767 735 talis
2795 692 2895 748 est,
2926 699 3022 753 per
3047 700 3143 740 vos
3167 686 3284 741 aliis
3315 687 3490 755 loqui-

1902 778 2006 832 tur,
2035 768 2238 834 dicens,
2279 767 2555 841 Intelligite
2581 787 2710 825 nunc
2736 787 2754 836 ;
2796 775 2917 843 quia
2945 775 3194 830 dixerunt
3219 778 3312 839 illi.
3363 777 3485 831 Non

1899 857 2080 912 videbit
2105 858 2368 926 Dominus,
2387 878 2544 931 neque
2564 861 2806 934 intelliget
2829 864 2964 919 Deus
2983 865 3162 921 Jacob.
3189 866 3481 936 lntelligite.

1900 949 2096 1018 inquit,
2138 967 2271 1004 nunc
2311 953 2397 1019 qui
2438 953 2729 1023 insipientes
2766 956 2882 1010 estis
2916 957 2970 1010 in
3007 960 3222 1029 papula,
3257 971 3300 1013 et
3342 961 3488 1014 stulti

1902 1043 2178 1113 aliquando
2207 1045 2388 1114 sapite.

1977 1135 2061 1188 15.
2105 1132 2256 1206 [vers.
2301 1136 2356 1202 9,
2390 1135 2500 1208 10.]
2533 1137 2631 1202 Qui
2659 1137 2901 1208 plantavit
2931 1156 3124 1206 aurem,
3153 1157 3252 1193 non
3284 1143 3493 1197 audiet?

1904 1224 2018 1279 Non
2070 1227 2230 1281 habet
2274 1228 2413 1282 unde
2458 1229 2656 1293 audiat,
2689 1231 2774 1300 qui
2813 1231 2906 1285 tibi
2950 1233 3072 1287 fecit
3107 1233 3246 1288 unde
3274 1235 3492 1290 audias?

1909 1315 2008 1379 Qui
2031 1317 2278 1384 plantavit
2304 1334 2493 1381 aurem,
2524 1336 2623 1372 non
2653 1322 2863 1375 audiet?
2881 1333 2968 1376 aut
2991 1325 3076 1391 qui
3100 1325 3246 1392 finxit
3272 1328 3492 1393 oculum,

1914 1425 2013 1460 non
2046 1409 2367 1463 considerat?
2399 1411 2498 1475 Qui
2526 1412 2690 1466 erudit
2716 1424 2884 1482 gentes
2903 1455 2917 1477 ,
2947 1431 3046 1470 non
3074 1417 3282 1485 arguet?
3307 1416 3497 1472 Atten-

1909 1497 2020 1551 ditc
2069 1497 2168 1552 hoc
2211 1515 2550 1570 magnopere,
2595 1500 2786 1556 fratres
2829 1503 3088 1569 mei,‘Qui
3117 1506 3280 1559 erudit
3309 1518 3498 1577 gentes,

1915 1603 2015 1640 non
2044 1600 2217 1658 argue!
2235 1591 2259 1643 ?
2280 1589 2390 1644 lloc
2421 1591 2580 1645 modo
2612 1591 2734 1646 facit
2758 1593 2917 1655 Deus,
2946 1594 3120 1649 erudit
3141 1606 3357 1664 gentes:
3384 1598 3503 1654 ideo

1916 1679 2061 1732 misit
2091 1681 2305 1734 verbum
2347 1697 2498 1734 suum
2543 1698 2636 1751 per
2675 1683 2860 1738 orbem
2891 1693 3146 1740 terrarum
3177 1686 3502 1755 hominibus,

1913 1769 2056 1822 misit.
2101 1786 2192 1838 per
2242 1771 2494 1840 Angelos,
2543 1787 2636 1841 per
2675 1773 3028 1839 Patriarchas,
3069 1792 3162 1844 per
3189 1777 3504 1847 Prophetas,

1915 1878 2008 1930 per
2037 1877 2251 1929 servos,
2275 1879 2368 1931 per
2409 1872 2482 1917 tot
2525 1879 2799 1934 praecones
2842 1865 3219 1922 antecedentes
3251 1869 3505 1938 judicent.

1920 1952 2060 2007 Misit
2090 1965 2142 2007 et
2173 1955 2341 2023 ipsum
2367 1955 2598 2011 Verbum
2629 1973 2805 2022 suum,
2835 1958 2979 2013 misit
3020 1971 3073 2014 et
3117 1961 3284 2029 ipsum
3317 1961 3506 2016 Filium

1919 2057 2107 2106 suum;
2137 2046 2278 2098 misit
2306 2060 2490 2100 servos
2517 2047 2634 2101 Filii
2663 2049 2766 2114 sui,
2794 2055 2848 2101 et
2880 2048 2930 2102 in
2964 2049 3092 2118 ipsis
3121 2051 3290 2105 servis
3316 2051 3508 2105 Filium

1920 2147 2095 2186 suum.
2129 2133 2234 2187 Per
2265 2142 2432 2188 totum
2465 2135 2647 2190 orbem
2683 2145 2940 2191 terrarum
2973 2140 3288 2208 prmdicatur
3319 2141 3519 2210 ubique

1918 2224 2138 2277 verbum
2173 2224 2282 2278 Dei.
2317 2225 2416 2280 Ubi
2463 2241 2566 2279 non
2611 2226 2804 2281 dicitur
2846 2227 3148 2284 hominibus
3174 2248 3186 2283 :
3212 2231 3514 2300 Relinquite

1921 2317 2228 2385 iniquitates
2268 2327 2472 2372 vestras
2509 2319 2732 2388 priores,
2764 2322 3055 2376 convertite
3086 2338 3181 2377 vos
3217 2323 3284 2376 ad
3323 2323 3512 2377 itinera

1923 2408 2103 2461 recta?
2145 2407 2272 2462 Ideo
2319 2411 2505 2477 parcit,
2552 2418 2608 2463 ιιι
2645 2425 2737 2463 vos
2775 2412 3085 2481 corrigatis;
3116 2412 3232 2468 ideo
3263 2413 3375 2467 heri
3406 2429 3513 2467 non

1924 2496 2232 2563 vindicavit,
2269 2507 2326 2552 ut
2364 2497 2523 2555 hodie
2550 2501 2686 2556 bene
2712 2501 2919 2557 vivatis.
2945 2503 3134 2558 Erudit
3161 2514 3376 2574 gentes;
3406 2522 3511 2560 non

1924 2604 2054 2657 ergo
2083 2589 2305 2658 arguet?
2334 2604 2438 2644 non
2469 2590 2746 2646 auditurus
2775 2601 2857 2646 est
2886 2608 3020 2662 quos
3058 2595 3269 2649 erudit?
3297 2611 3398 2650 non
3423 2595 3514 2664 jn-

1927 2680 2196 2734 dicaturus
2225 2691 2308 2734 est
2337 2683 2528 2750 quibus
2556 2697 2856 2738 sermonem
2890 2685 3146 2754 praemisit
3171 2695 3224 2741 et
3250 2689 3516 2756 praesemi-

1934 2770 2118 2824 navit?
2141 2771 2198 2824 In
2226 2771 2408 2826 schola
2437 2773 2480 2827 si
2509 2787 2679 2840 esses,
2705 2774 2993 2843 acciperes,
3017 2758 3063 2830 et
3096 2791 3200 2830 non
3231 2777 3529 2832 redderes?-

1934 2859 2131 2929 Utique
2161 2859 2374 2929 quando
2403 2862 2601 2930 accipis
2628 2877 2657 2915 a
2689 2863 2959 2931 magistro,
2991 2865 3219 2920 erndiris
3242 2884 3255 2919 :
3278 2868 3520 2922 commit-

1932 2950 1993 3004 tit
2036 2950 2128 3003 tibi
2167 2951 2417 3020 magister
2455 2952 2596 3029 quod
2626 2953 2861 3024 praebet;
2890 2964 2943 3010 et
2972 2972 3073 3009 non
3100 2956 3273 3026 exiget
3298 2961 3510 3027 quando

1932 3039 2147 3095 reddis?
2176 3050 2266 3094 aut
2294 3057 2413 3096 cum
2431 3045 2667 3112 creperis
2692 3044 2934 3109 reddere,
2962 3045 3076 3102 sine
3106 3056 3246 3102 metu
3273 3050 3378 3104 eris
3399 3051 3511 3119 pla.

1931 3131 2154 3201 garum?
2179 3130 2333 3187 Modo
2361 3147 2486 3202 ergo
2510 3133 2830 3203 accipimus;
2861 3145 3041 3204 postea
3075 3139 3354 3192 statttimttr
3387 3150 3512 3196 ante

1938 3224 2266 3292 magistrum,
2297 3233 2353 3277 ut
2382 3223 2665 3279 reddamus
2694 3241 2880 3281 omnes
2911 3230 3206 3297 praeteritas
3243 3241 3451 3285 nostras
3478 3234 3520 3296 ’,

1938 3311 1989 3366 id
2020 3321 2124 3376 est,
2154 3323 2211 3367 ut
2237 3314 2497 3369 rationem
2522 3314 2805 3372 reddamus
2831 3317 2896 3372 de
2923 3317 3004 3372 Itis
3028 3320 3272 3374 onmibus
3291 3339 3408 3392 quin
3431 3338 3523 3377 ιιο-

1938 3403 2020 3457 bis
2081 3404 2240 3459 modo
2290 3415 2594 3476 erogantur.
2648 3408 2782 3463 Audi
2826 3411 3137 3481 Apostolum
3192 3413 3453 3469 dicentem
3505 3434 3520 3471 :

1945 3512 1964 3546 ι
1997 3494 2192 3550 Omnes
2217 3497 2510 3553 astabimus
2536 3499 2913 3554 ante'tribunal
2934 3501 3147 3568 Christi,
3175 3513 3227 3556 ut
3261 3505 3365 3559 illic
3393 3507 3524 3560 reci-

1941 3585 2048 3654 piat
2075 3587 2433 3657 unusquisque
2459 3589 2748 3644 secundum
2771 3583 2973 3662 ea'quae
2999 3609 3094 3662 per
3117 3609 3310 3664 corpus
3337 3599 3520 3666 gessit,

1941 3678 2051 3731 sive
2093 3678 2309 3744 bonum,
2341 3681 2453 3736 sive
2497 3682 2691 3736 malum
2722 3682 2894 3752 (llam.
2923 3701 3029 3750 xw,
3062 3685 3154 3750 10;
3182 3696 3227 3739 et
3261 3687 3299 3740 ll
3323 3687 3436 3740 Cor.
3471 3705 3522 3755 v,

1945 3769 2011 3823 I‘O
2037 3770 2075 3838 ).
2099 3769 2195 3836 Qui
2227 3770 2400 3824 erudit
2425 3782 2630 3840 gentes,
2669 3788 2772 3826 non
2809 3782 3024 3842 arguet;
3054 3775 3139 3842 qui
3166 3775 3322 3829 docet
3347 3776 3519 3832 benti-

1944 3875 2064 3915 nem
2110 3861 2473 3916 scientiam?»
2505 3863 2620 3932 Ipse
2663 3879 2767 3917 non
2815 3865 2914 3918 scit
2954 3866 3044 3935 qui
3093 3876 3141 3921 te
3186 3866 3310 3922 fecit
3352 3871 3515 3933 scire;

1950 3971 1969 4004 ¢
1999 3954 2086 4023 qui
2117 3953 2271 4007 docet
2301 3954 2567 4009 hominem
2599 3955 2914 4010 scientiam?
2941 3977 2958 4009 ι

2018 4044 2104 4098 14.
2147 4042 2295 4116 [vers
2339 4043 2448 4117 IL]
2487 4044 2735 4100 Dominus
2763 4052 2854 4100 scit
2889 4049 3210 4118 cogitationes
3246 4049 3528 4113 hominum,

1945 4135 2183 4201 quoniam
2222 4149 2366 4189 vana:
2400 4145 2535 4190 sunt.
2566 4135 2698 4190 Nam
2741 4137 2839 4191 etsi
2884 4146 2939 4191 tu
2981 4137 3154 4193 nescis
3183 4139 3532 4209 cogitationes

1951 4224 2071 4288 Dei,
2108 4224 2359 4294 quoniam
2398 4225 2557 4295 insta:
2601 4236 2759 4291 sunt;
2788 4227 2874 4283 ille
2902 4230 2992 4283 scit
3021 4230 3342 4300 cogitationes
3367 4219 3531 4285 nemi-

1950 4333 2092 4382 num,
2117 4313 2354 4386 qitoniam
2378 4333 2521 4372 vana:
2549 4329 2683 4372 sunt.
2718 4319 2784 4373 Et
2816 4319 3054 4375 homines
3079 4321 3312 4377 scierunt
3337 4324 3534 4394 cogita-

1953 4409 2123 4464 tiones
2155 4408 2247 4463 Dei
2275 4427 2286 4460 :
2311 4409 2403 4464 sed
2433 4409 2621 4479 quibus
2649 4413 2758 4480 jam
2800 4413 2999 4466 amicus
3041 4411 3207 4467 factus
3237 4423 3337 4480 est,
3365 4415 3531 4484 prodit

1953 4499 2228 4554 consilium
2261 4514 2435 4555 suum.
2463 4501 2524 4555 Et
2553 4516 2678 4564 vos,
2720 4501 2910 4556 fratres
2941 4502 3064 4564 mei,
3094 4505 3254 4559 nolite
3283 4521 3376 4560 vos
3404 4502 3534 4560 con-

1954 4601 2193 4645 temnere
2219 4608 2232 4644 :
2256 4590 2298 4645 si
2325 4605 2445 4650 cum
2480 4590 2582 4646 [ide
2624 4591 2875 4646 acceditis
2912 4591 2977 4645 ad
3007 4593 3309 4658 Dominum,
3341 4595 3536 4648 auditis

1955 4681 2296 4748 cogitationes
2317 4680 2412 4736 Dei
2437 4697 2450 4746 ;
2475 4696 2568 4736 eas
2591 4681 2751 4736 modo
2771 4681 2996 4747 discitis,
3027 4681 3128 4736 hoc
3151 4682 3297 4736 vobis
3322 4683 3533 4747 dicitur,

1955 4780 2008 4824 et
2034 4770 2098 4826 ad
2130 4770 2231 4826 hoc
2261 4771 2577 4827 instruimini
2608 4787 2772 4842 quare
2803 4783 2980 4841 pareat
3012 4772 3170 4827 modo
3193 4773 3330 4828 Deus
3358 4773 3533 4840 malis,

1956 4879 2022 4918 ne
2061 4863 2400 4916 murmuretis
2440 4863 2694 4918 adversus
2724 4863 2927 4928 Deum,
2967 4865 3050 4932 qui
3091 4864 3234 4919 docet
3283 4863 3534 4917 hominem

1955 4954 2232 5007 scientiam.
2254 4951 2501 5006 Dominus
2525 4954 2617 5006 scit
2642 4954 2966 5024 cogitationes
2991 4955 3270 5019 hominum,
3297 4954 3536 5023 quoniam

1956 5059 2100 5098 vana:
2141 5052 2277 5107 sunt.
2325 5043 2624 5112 Relinquite
2671 5059 2799 5113 ergo
2845 5045 3190 5114 cogitationes
3237 5043 3532 5104 hominum,

1955 5148 2075 5203 quin
2098 5143 2248 5185 vana!
2277 5142 2428 5197 sunt;
2463 5141 2518 5186 ut
2543 5133 3008 5203 comprehendatis
3036 5133 3378 5203 cogitationes
3409 5131 3498 5184 Dei
3519 5173 3535 5196 ,

1957 5238 2075 5293 qme
2105 5222 2370 5291 sapientes
2405 5231 2547 5277 sunt.
2575 5223 2678 5278 Sed
2718 5223 2835 5292 quis
2875 5233 2958 5278 est
3001 5223 3090 5294 qui
3135 5219 3545 5289 comprehendit

1959 5315 2303 5386 cogitationes
2334 5315 2462 5367 Dei?
2499 5314 2598 5381 Qui
2646 5317 2859 5384 ponitur
2900 5317 2952 5370 in
3006 5317 3338 5370 firmamento
3387 5316 3550 5392 cudi.-

1959 5404 2075 5459 Jatn
2125 5404 2224 5458 hoc
2268 5405 2612 5471 cantavimus,
2638 5405 2745 5474 jam
2792 5405 2893 5461 hoc
2931 5405 3160 5460 diximus
3191 5414 3247 5459 et
3284 5407 3536 5477 exposui-

1960 5510 2101 5550 mus.
2799 5512 2826 5532 ‘

2034 5587 2120 5643 15.
2144 5568 2292 5654 livere.
2319 5585 2406 5654 12,
2435 5585 2548 5660 15.]
2577 5583 2760 5640 Beatus
2789 5588 2862 5641 vir
2888 5605 3030 5660 quem
3057 5599 3112 5645 tu
3140 5591 3402 5659 erudieris,
3430 5589 3543 5648 Do-

2028 5723 2046 5754 ⁸
2080 5727 2181 5772 Duo
2201 5727 2329 5780 uss...
2350 5721 2594 5782 pratterita
2622 5728 2800 5772 nostra.
