3984 6204
412 415 437 470 1
448 413 553 468 205

414 527 566 584 mine,
607 529 652 576 et
691 536 752 573 ex
795 504 902 584 lege
941 525 1026 564 tua
1069 506 1300 562 docueris
1342 521 1455 557 eum
1480 521 1496 558 :
1521 514 1572 556 ut
1602 503 1793 570 mitiges
1820 515 1931 552 eum
1961 515 1992 550 a

415 616 588 670 diebus
626 609 880 679 malignis,
921 605 1079 656 donec
1119 599 1343 670 fodiatur
1381 594 1628 664 peccatori
1669 596 1829 664 forea.
1862 591 1995 643 Ecce

417 707 580 758 habes
609 699 887 757 coasilium
920 691 1036 755 Dei,
1064 705 1228 760 quare
1262 696 1438 758 parcat
1469 685 1621 739 malis
1648 701 1661 738 :
1693 681 1887 735 foditur
1915 679 1992 731 fo-

415 812 511 850 vea
539 789 820 865 peceatori.
849 786 925 840 Τιι
951 785 1057 855 jam
1086 783 1164 836 vis
1187 782 1333 835 illum
1362 778 1588 847 sepelire
1613 794 1624 828 :
1650 775 1821 829 adhuc
1847 772 1994 826 fovea

415 887 486 939 tlli
533 864 758 942 foditur;
793 878 900 931 noli
944 875 1195 930 fesﬁnare
1238 870 1484 941 sepelire.
1519 867 1653 936 Quid
1697 876 1798 932 est,
1841 864 1996 918 donec

416 977 640 1046 fodiatur
664 970 912 1042 peccaturi
941 965 1122 1038 fovea?
1142 966 1245 1018 Attt
1269 979 1425 1033 quem
1455 961 1600 1030 ponit
1629 948 1998 1028 peccatorem?

415 1083 578 1122 unum
600 1060 914 1118 hominem?
934 1059 1068 1114 Non.
1092 1056 1227 1124 Quid
1257 1055 1418 1125 ergo?
1441 1052 1609 1108 Omne
1634 1064 1803 1121 genus
1830 1049 1998 1103 homi-

417 1174 543 1214 num
574 1165 933 1226 peccatorum,
955 1150 1046 1206 sed
1077 1150 1458 1219 superborum;
1486 1145 1594 1214 jam
1621 1143 1760 1198 enim
1792 1141 1999 1213 praemi-

413 1255 506 1311 sit.
537 1249 712 1303 Redde
740 1245 1110 1301 retributionem
1141 1240 1384 1310 superbis.
1409 1237 1538 1292 Nam
1567 1246 1618 1291 et
1647 1237 1733 1291 ille
1754 1243 2002 1306 peccator

411 1343 514 1399 fuit
548 1340 880 1403 Publicanus,
907 1336 993 1407 qui
1025 1335 1206 1390 oculos
1227 1333 1444 1387 cliserat
1471 1332 1524 1384 in
1554 1338 1770 1390 terram,
1799 1335 1853 1381 et
1877 1341 1998 1396 per-

419 1431 653 1487 cutiebat
697 1437 879 1499 peetus
918 1442 1102 1489 suum,
1147 1423 1349 1488 dicens,
1390 1419 1551 1484 Deus,
1601 1419 1848 1490 propitius
1898 1427 2002 1471 esto

420 1524 548 1578 milii
575 1521 824 1592 pecratori
846 1536 864 1574 :
885 1519 980 1575 sed
1006 1518 1125 1589 quia
1157 1532 1262 1571 non
1290 1514 1549 1584 superbus
1575 1522 1708 1575 erat,
1737 1513 1878 1566 Deus
1905 1525 2000 1563 au-

424 1625 532 1670 tem
560 1612 748 1668 reddet
776 1610 1178 1666 retributionem
1206 1606 1485 1676 superbis;
1513 1620 1616 1660 non
1645 1603 1738 1668 illi,
1766 1601 1859 1658 sed
1884 1602 2002 1655 tali-

427 1703 526 1759 bus
556 1703 750 1757 foditur
776 1702 946 1765 fovea,
971 1699 1144 1753 donec
1173 1695 1359 1752 reddat
1388 1695 1786 1750 retributionem
1815 1708 2000 1760 super-

426 1795 529 1850 bis.
560 1793 698 1862 Ergo
739 1792 880 1863 quod
927 1791 1020 1857 ait,
1063 1789 1236 1845 Donec
1280 1789 1504 1859 fodiatur
1549 1785 1798 1856 peccatori
1841 1785 2003 1865 fovet,

425 1888 684 1958 superbos
712 1885 967 1956 intelligo.
1003 1885 1133 1952 Quis
1169 1892 1249 1938 est
1289 1880 1584 1950 superbus?
1609 1879 1706 1947 Qui
1736 1892 1840 1931 non
1877 1893 2007 1928 eun-

429 1979 661 2034 fessione
689 1987 1022 2047 peccatorum
1053 1975 1161 2044 agit
1190 1973 1577 2043 pmnitcntiam,
1607 1981 1666 2025 ut
1704 1968 1878 2023 sanari
1918 1983 2012 2037 per

429 2068 780 2125 humilitatem
826 2067 1008 2137 possit.
1037 2065 1166 2133 Quis
1195 2074 1275 2119 est
1304 2063 1600 2132 superbus?
1629 2061 1726 2126 Qui
1767 2061 1852 2137 illa
1899 2060 2009 2128 ipsa

432 2176 596 2232 pauca
625 2175 742 2229 qua:
764 2159 969 2213 videtur
999 2157 1194 2210 habere
1222 2155 1377 2215 bona.
1406 2153 1504 2209 sibi
1538 2153 1644 2207 vult
1670 2133 1936 2220 arrogaret,
1961 2159 2013 2202 ct

429 2252 651 2322 derogat
698 2247 1076 2304 misericordia:
1124 2247 1233 2300 Dei.
1277 2245 1406 2312 Quis
1455 2253 1537 2299 est
1587 2240 1884 2311 superbus"
1913 2239 2011 2307 Qui

431 2343 642 2400 etiamsi
667 2343 776 2397 Deo
805 2341 998 2395 tribuat
1026 2340 1160 2394 bona
1187 2353 1303 2408 qua:
1330 2336 1472 2401 facit,
1497 2335 1714 2390 insultat
1739 2344 1914 2389 tamen
1937 2332 2014 2386 eis

431 2434 522 2506 qui
555 2434 640 2488 illa
667 2449 771 2487 non
805 2432 1020 2494 faciunt,
1053 2441 1104 2485 et
1133 2430 1343 2484 extollit
1370 2443 1426 2482 se
1453 2443 1616 2497 super
1641 2427 1778 2481 illos.
1804 2424 1932 2479 Nam
1963 2431 2018 2478 et

433 2525 524 2581 ille
544 2524 863 2593 Pharisa'us,
887 2522 1090 2576 Gratias
1118 2521 1205 2574 tibi
1231 2536 1347 2591 ago,
1373 2519 1542 2589 inquit
1565 2537 1578 2573 :
1604 2533 1708 2571 non
1729 2516 1879 2577 dixit,
1906 2513 2019 2582 Ego

433 2614 594 2670 facio.
620 2615 694 2669 De
723 2614 803 2668 his
831 2629 950 2683 qua:
981 2611 1238 2676 faciebat,
1269 2609 1466 2680 gratias
1495 2609 1605 2663 Deo
1631 2608 1815 2678 agebat
1847 2623 1858 2658 :
1891 2621 2017 2659 sen-

436 2707 602 2763 tiebat
619 2721 746 2776 ergo
772 2712 826 2759 et
847 2705 982 2760 bene
1001 2702 1274 2767 se.facere,
1300 2709 1354 2755 et
1377 2699 1444 2754 ah
1465 2700 1552 2754 illo
1573 2714 1630 2754 se
1651 2697 1842 2753 facere.
1869 2695 2020 2750 Uncle

436 2812 567 2868 ergo
611 2795 938 2864 improbatus
966 2794 1082 2847 est?
1115 2791 1245 2860 Quia
1297 2790 1582 2846 insultabat
1615 2789 1916 2844 Publicano.
1953 2785 2021 2840 Ut

438 2886 784 2960 perficiamini
825 2884 1101 2939 attendite.
1146 2883 1328 2938 Primo
1366 2881 1670 2952 praecedere
1708 2880 1884 2943 debet,
1913 2878 2022 2931 sive

440 2979 634 3044 virum,
671 2978 783 3032 sive
825 2976 1072 3030 feminam
1108 2974 1372 3029 confessio
1398 2982 1732 3043 peccatorum
1755 3013 1769 3036 ,
1797 2970 2023 3025 salubris

441 3069 749 3143 pmnitentia
778 3085 894 3140 qua:
917 3069 1088 3123 valeat
1111 3067 1176 3121 ad
1202 3065 1574 3135 corrigendum
1603 3064 1892 3127 hominem,
1917 3077 2022 3116 non

441 3162 507 3217 ad
553 3159 876 3215 irridendum
919 3159 1080 3212 Deum
1112 3175 1124 3211 :
1157 3173 1276 3211 cum
1307 3165 1481 3210 autem
1513 3165 1633 3225 post
1664 3153 2022 3223 paenitentiam

444 3255 580 3309 bene
620 3253 800 3306 vivere
842 3251 1084 3319 cmperit,
1113 3249 1272 3304 habet
1312 3247 1487 3303 adhuc
1515 3246 1654 3317 quod
1695 3245 1924 3316 cogitet,
1959 3260 2028 3299 ne

444 3344 543 3398 sibi
573 3342 770 3398 tribuat
789 3341 928 3411 quod
950 3340 1084 3395 bene
1111 3339 1254 3404 facit,
1277 3337 1371 3394 sed
1404 3338 1480 3392 illi
1502 3347 1620 3408 agat
1641 3337 1854 3406 gratias,
1878 3334 2029 3404 cujus

446 3432 612 3503 gratia
639 3433 834 3486 factum
863 3439 943 3485 est
972 3439 1028 3484 ut
1054 3429 1190 3485 bene
1210 3430 1448 3492 viveret;
1477 3429 1596 3498 quia
1630 3428 1717 3482 ille
1755 3427 1902 3481 illum
1932 3441 2027 3481 vo-

448 3522 608 3587 cavit,
648 3523 734 3578 ille
773 3521 921 3577 illum
963 3521 1295 3576 illuminavit.
1323 3520 1465 3591 Ergo
1495 3520 1595 3575 iste
1629 3519 1738 3588 jam
1767 3519 2031 3588 perfectus

450 3616 571 3671 est?
595 3613 744 3678 Non;
772 3611 947 3668 adhuc
973 3611 1123 3667 deest
1146 3611 1216 3666 illi
1244 3610 1462 3682 aliquid.
1494 3610 1627 3678 Quid
1657 3611 1730 3663 illi
1756 3609 1942 3664 deest?
1967 3608 2034 3665 Ut

451 3721 558 3762 non
586 3704 857 3774 superbiat
878 3719 1039 3774 super
1065 3718 1159 3760 eos
1182 3704 1272 3774 qui
1305 3703 1532 3759 necdum
1562 3705 1637 3758 sic
1666 3702 1867 3767 vivunt,
1898 3719 2031 3773 quo-

454 3797 614 3851 modo
640 3796 751 3866 ipse
778 3794 927 3850 vivit.
951 3795 1049 3864 Qui
1092 3794 1211 3849 talis
1241 3793 1417 3860 fuerit,
1445 3809 1664 3849 securus
1692 3794 1792 3858 sit;
1825 3809 1928 3849 non
1961 3793 2036 3848 illi

455 3886 694 3943 redditur
722 3885 999 3940 retributio
1034 3884 1100 3940 de
1133 3900 1234 3954 qua
1262 3884 1459 3939 dictum
1489 3894 1589 3948 est,
1620 3883 1797 3938 Redde
1823 3883 2036 3938 retribu-

456 3979 640 4032 tionem
667 3975 891 4048 superbis
911 3991 931 4030 :
957 3992 1061 4030 non
1088 3985 1171 4031 est
1196 3975 1335 4030 inter
1362 3975 1479 4031 illos
1503 3975 1692 4045 quibus
1730 3974 1924 4029 foditur
1955 3974 2036 4029 fo-

456 4085 573 4126 vca.
601 4068 734 4125 Nam
762 4068 935 4124 videte
978 4069 1125 4124 illum
1165 4069 1251 4137 qui
1291 4067 1520 4134 dicebat,
1565 4066 1768 4121 Gratias
1805 4066 1892 4120 tibi
1921 4083 2036 4137 ago,

455 4161 576 4232 quia
621 4169 720 4216 nan
764 4176 876 4214 sum
913 4161 1042 4214 sicut
1082 4159 1250 4213 caeteri
1289 4159 1534 4225 homines,
1563 4158 1760 4229 injusti,
1791 4168 2037 4228 raptores,

451 4251 696 4316 adulteri,
718 4251 848 4305 sicut
877 4259 922 4303 et
945 4250 1256 4305 Publicanns
1285 4249 1379 4303 iste
1399 4264 1418 4302 :
1445 4258 1697 4315 quantum
1739 4262 1797 4302 se
1832 4247 2038 4310 extulit,

460 4359 582 4398 cum
607 4343 756 4407 dicit,
786 4341 918 4408 Quia
947 4358 1046 4394 non
1074 4357 1185 4394 sum
1213 4341 1340 4394 sicut
1373 4349 1420 4393 et
1447 4339 1756 4394 Publicanus
1795 4341 1926 4394 iste?
1952 4339 2044 4395 Ille

461 4442 642 4488 autem
670 4432 799 4485 elisa
833 4430 983 4495 facie,
1026 4429 1353 4501 percutiebat
1381 4439 1563 4499 pectus
1603 4446 1755 4485 suum
1775 4472 1790 4497 ,
1823 4431 2041 4486 dicens:

465 4522 622 4585 Deus,
653 4521 900 4591 propitius
926 4531 1030 4575 esto
1056 4521 1179 4574 mihi
1208 4521 1477 4590 peccatori.
1517 4520 1607 4576 Ille
1645 4522 1904 4588 superbus
1933 4532 2048 4579 erat

464 4612 520 4670 in
568 4614 723 4670 bonis
767 4614 938 4680 factis,
985 4613 1074 4669 ille
1119 4613 1330 4667 humilis
1366 4613 1418 4666 in
1457 4613 1608 4668 malis
1637 4614 1806 4668 factis.
1832 4614 2043 4682 Videte,

465 4704 679 4770 fratres,
709 4703 905 4774 placuit
933 4705 1040 4759 Deo
1075 4704 1240 4774 magis
1280 4701 1549 4759 humilitas
1592 4703 1644 4758 in
1684 4703 1835 4759 malis
1877 4704 2045 4767 factis.

467 4812 627 4868 quam
659 4796 902 4866 superbia
945 4797 996 4851 in
1039 4797 1191 4850 bonis
1226 4796 1378 4851 factis
1407 4814 1420 4850 :
1448 4797 1525 4852 sic
1552 4797 1663 4851 odit
1691 4797 1832 4852 Deus
1859 4813 2049 4867 super-

467 4887 586 4943 bos.
616 4886 684 4942 Et
709 4887 828 4946 ideo
855 4889 933 4942 sic
957 4887 1217 4943 conclusit
1246 4905 1259 4942 :
1289 4890 1445 4944 Amen
1476 4889 1588 4944 dico
1617 4890 1772 4955 vobis,
1799 4890 2053 4944 descendit

461 4980 774 5052 justi/iectus
799 4978 1111 5035 Publicanus
1132 4980 1292 5052 magis
1317 4997 1469 5053 quant
1499 4981 1809 5036 Pliaristeus.
1835 4982 1900 5036 Et
1927 4981 2055 5037 dicit

467 5086 676 5142 quare:
704 5070 837 5136 Quia
882 5071 1044 5126 omnis
1091 5071 1178 5142 qui
1223 5089 1276 5125 se
1319 5074 1542 5140 exultat,
1588 5073 1970 5145 humiliabitur;
2007 5084 2055 5132 et

467 5161 634 5214 ontnis
667 5161 751 5228 qui
791 5176 844 5214 se
873 5159 1122 5225 Ituntifiat,
1147 5160 1447 5214 exaltabitur
1476 5161 1625 5233 (Luc.
1657 5179 1804 5226 xvnl,
1838 5164 2050 5236 10-14).

470 5249 690 5307 Fratres
715 5251 837 5316 mei,
865 5250 945 5305 vel
967 5249 1091 5305 hinc
1109 5250 1280 5305 solum
1305 5266 1403 5306 nos
1427 5253 1682 5308 discimus
1703 5255 1718 5285 ¹
1741 5254 1862 5324 quia
1884 5254 2054 5310 humi-

471 5342 673 5399 litatem
725 5359 822 5398 nos
869 5342 1048 5398 docuit
1090 5341 1368 5410 Christus,
1409 5343 1531 5414 quia
1575 5343 1716 5400 Deus
1765 5347 1932 5400 factus
1975 5356 2058 5402 est.

472 5430 654 5488 homo.
683 5433 798 5504 Ipsa
826 5441 908 5488 est
934 5431 1202 5487 humilitas
1225 5447 1344 5502 qua:
1367 5431 1609 5502 displicet
1635 5433 1890 5504 Paganis;
1920 5435 2057 5490 unde

474 5520 631 5577 nobis
669 5523 921 5578 insultant
950 5541 962 5576 :
991 5522 1209 5590 Qualem
1242 5523 1404 5579 Deum
1433 5523 1608 5578 colitis
1640 5523 1731 5594 qui
1760 5533 1912 5578 natus
1939 5524 2059 5578 est?

473 5613 684 5682 qualem
729 5613 892 5666 Deum
939 5613 1112 5668 colitis
1158 5612 1248 5683 qui
1296 5613 1580 5668 crucifixus
1622 5614 1742 5668 est?
1781 5613 2060 5669 llumilitas

475 5702 671 5759 Christi
713 5704 958 5774 superbis
1003 5703 1291 5772 displicet:
1327 5706 1418 5760 tibi
1461 5715 1637 5759 autem
1682 5704 1974 5760 christiano
2015 5707 2059 5761 si

547 5817 560 5846 ⁸
601 5817 822 5881 uterique
839 5821 928 5876 uss
950 5849 964 5877 ,
984 5827 1078 5866 non
1101 5813 1347 5869 discimus.
1362 5817 1574 5880 Quidam,
1598 5829 1690 5866 non
1713 5815 1932 5869 dicimus.

1659 390 1713 446 s.
1761 387 2120 444 AlTCL'STINl
2161 367 2461 441 muscum

3552 377 3692 431 1206

2102 496 2295 564 placet,
2342 493 2568 548 imitare.
2615 489 2670 544 Si
2721 489 2950 544 imitatus
2996 486 3180 551 fueris,
3227 502 3330 541 non
3385 486 3692 552 laborabis;

2102 587 2220 655 quia
2266 584 2378 653 ipse
2418 582 2569 647 dixit,
2607 580 2782 635 Venite
2809 580 2876 632 ad
2901 596 2998 643 me,
3031 568 3200 632 omnes
3235 579 3320 649 qui
3360 577 3601 632 laboratis
3644 590 3691 631 et

2103 678 2294 732 onerati
2323 677 2457 736 estis,
2487 684 2530 727 et
2557 674 2732 727 discite
2761 690 2790 725 a
2817 689 2913 736 tne,
2937 671 3178 741 quoniam
3205 673 3337 724 mitis
3367 687 3477 722 sunt
3508 682 3557 724 et
3591 671 3694 723 ltu-

2105 770 2237 823 milis
2264 768 2414 822 corde
2431 765 2643 837 (Matth.
2665 781 2738 831 ιι,
2765 763 2853 828 28,
2877 763 2990 830 29).
3014 763 3136 817 llasc
3161 773 3389 832 estergo
3411 761 3694 831 disciplina

2105 860 2391 914 christiana
2413 876 2426 911 :
2447 872 2607 912 nemo
2636 855 2759 910 facit
2781 853 2979 924 aliquid
3009 853 3163 917 bene,
3187 846 3284 906 nisi
3310 853 3476 923 gratia
3501 853 3694 922 ipsius.

2105 949 2255 1017 Quod
2285 949 2408 1003 facit
2432 948 2595 1003 homo
2624 946 2782 1010 male,
2812 944 2975 1014 ipsius
2998 953 3079 998 est
3105 943 3334 997 hominis
3359 963 3372 999 :
3399 943 3541 1013 quod
3568 941 3697 997 facit

2107 1035 2263 1102 bene,
2287 1039 2352 1094 de
2378 1039 2638 1093 beneficio
2659 1037 2751 1092 Dei
2772 1034 2916 1090 facit.
2937 1034 3068 1089 Cum
3090 1033 3313 1103 coeperit
3334 1033 3508 1088 facere
3531 1034 3693 1098 bene,

2107 1146 2213 1185 non
2245 1131 2343 1185 sibi
2377 1131 2610 1185 tribuat:
2644 1143 2764 1184 cum
2792 1143 2895 1183 non
2927 1128 3024 1182 sibi
3058 1127 3321 1189 tribuerit,
3349 1127 3544 1196 gratias
3573 1137 3700 1197 agat

2107 1222 2156 1276 ei
2187 1238 2214 1275 a
2246 1238 2350 1292 quo
2379 1221 2664 1290 acceperit.
2692 1218 2823 1273 Cum
2849 1228 3024 1273 autem
3057 1218 3192 1272 bene
3220 1217 3362 1284 facit,
3393 1232 3496 1271 non
3527 1218 3699 1270 insul-

2111 1321 2186 1367 tet
2218 1312 2289 1366 illi
2319 1312 2406 1380 qui
2442 1310 2565 1364 illud
2597 1326 2699 1364 non
2729 1309 2872 1374 facit,
2899 1319 2988 1362 aut
3014 1307 3234 1362 extollat
3262 1322 3320 1361 se
3345 1321 3506 1377 super
3533 1323 3695 1362 eum:

2110 1419 2213 1459 non
2238 1403 2378 1458 enim
2412 1403 2463 1456 in
2495 1403 2584 1458 illo
2611 1403 2752 1456 finita
2783 1410 2865 1456 est
2888 1401 3052 1472 gratia
3085 1400 3196 1466 Dei,
3222 1408 3279 1453 ut
3308 1399 3374 1454 ad
3401 1400 3562 1453 alium
3587 1413 3699 1454 non

2111 1496 2407 1566 perveniat.

2184 1586 2272 1642 16.
2300 1585 2366 1641 Ut
2399 1586 2592 1656 mitiges
2621 1600 2733 1638 eum
2758 1599 2788 1636 a
2813 1582 2985 1636 diebus
3010 1581 3266 1652 malignis,
3293 1580 3449 1634 donec
3473 1580 3705 1649 fodiatur

2114 1677 2368 1747 peccaturi
2406 1680 2570 1748 fovea.
2604 1673 2744 1728 Mitis
2771 1687 2898 1742 ergo
2926 1679 3062 1738 esto,
3100 1670 3338 1740 quisquis
3377 1670 3705 1725 christianus

2112 1783 2191 1830 es,
2217 1782 2246 1820 a
2276 1766 2465 1822 diebus
2496 1764 2760 1835 malignis.
2788 1763 2994 1833 lllaligni
3024 1761 3165 1816 enim
3203 1769 3328 1815 sunt
3361 1760 3476 1814 dies
3508 1760 3706 1830 quibus

2115 1858 2361 1912 videntur
2396 1856 2586 1912 florere
2619 1863 2928 1925 peccatores
2953 1863 3007 1907 et
3035 1853 3278 1907 laborare
3301 1852 3467 1922 justi;
3498 1852 3591 1908 sed
3620 1854 3704 1906 la-

2117 1951 2214 2005 bor
2236 1949 2498 2019 iustorum
2530 1947 2792 2017 flagellum
2820 1955 2902 2001 est
2926 1945 3117 2016 Patris,
3157 1953 3213 2001 et
3251 1944 3474 2000 felicitas
3510 1960 3704 2015 pecca-

2119 2048 2289 2093 torum
2322 2038 2470 2093 fovea
2498 2038 2731 2106 ipsorum
2760 2044 2860 2091 est.
2888 2035 3018 2102 Quia
3045 2035 3186 2089 enim
3215 2035 3417 2103 mitigat
3443 2049 3538 2090 vos
3560 2035 3707 2088 Deus

2117 2145 2145 2182 a
2191 2128 2379 2183 diebus
2423 2127 2686 2197 malignis,
2727 2124 2896 2180 donec
2943 2123 3174 2179 fodiatur
3208 2125 3470 2193 peccaturi
3513 2124 3705 2188 fovea;

2121 2234 2224 2274 non
2256 2218 2500 2288 cogitetis
2538 2218 2658 2286 quia
2702 2216 2861 2270 modo
2899 2215 2952 2270 in
2993 2215 3168 2284 aliquo
3198 2215 3314 2270 loco
3355 2223 3498 2271 stant
3517 2217 3711 2288 Angcli

2120 2325 2240 2365 eum
2270 2309 2592 2375 bidentibus,
2612 2316 2668 2363 et
2687 2307 2897 2362 fodiunt
2917 2308 3070 2362 istam
3095 2307 3299 2363 foveam
3321 2323 3566 2378 magnam
3589 2322 3712 2378 quze

2122 2403 2291 2473 possit
2315 2416 2508 2472 capere
2545 2416 2704 2455 omne
2732 2413 2898 2472 genus
2935 2399 3343 2470 iniquorum;et
3366 2401 3490 2470 quia
3517 2401 3712 2457 videtis

2122 2493 2317 2549 multos
2357 2507 2476 2548 esse
2521 2493 2748 2561 iniquos,
2775 2500 2828 2546 et
2853 2491 3038 2546 dicatis
3067 2491 3216 2546 vobis
3249 2492 3570 2550 carnaliter:
3599 2493 3708 2548 Re-

2123 2598 2247 2639 vera
2277 2590 2478 2638 tantam
2505 2582 2892 2637 multitudinem
2923 2582 3243 2651 iniquorum,
3271 2590 3470 2636 tantam
3501 2583 3713 2638 turbam

2130 2674 2461 2744 peccantium
2493 2688 2613 2742 qua:
2643 2671 2792 2726 fovea
2819 2680 2993 2741 potest
3017 2672 3246 2742 capere?
3267 2672 3478 2742 quando
3517 2672 3717 2728 foditur

2128 2765 2246 2818 talis
2272 2780 2389 2834 quae
2411 2778 2598 2818 omnes
2623 2763 2813 2832 capiat,
2840 2763 3051 2832 quando
3071 2763 3418 2817 exhauritur?
3446 2763 3565 2818 ideo
3592 2780 3718 2833 par-

2127 2856 2199 2911 cit
2221 2857 2378 2912 Deus.
2403 2855 2520 2910 Non
2550 2864 2631 2911 est
2659 2855 2795 2910 hoc:
2823 2853 2963 2908 fossa
2989 2866 3326 2924 peccatorum
3346 2896 3361 2920 ,
3395 2856 3507 2924 ipsa
3549 2855 3720 2910 felici-

2131 2957 2211 3003 tas
2234 2956 2569 3018 peccatorum
2600 2956 2715 3011 est;
2742 2947 2792 2999 in
2823 2946 2962 3000 illam
2995 2947 3136 3000 enim
3164 2947 3354 3000 cadent
3381 2956 3628 3016 tanquam
3659 2947 3717 3001 in

2132 3039 2361 3094 foveam.
2387 3039 2669 3104 lntendite,
2694 3038 2904 3103 fratres,
2930 3038 3050 3106 quia
3078 3053 3267 3108 magna
3295 3052 3381 3092 res
3407 3046 3464 3092 ut
3491 3036 3723 3100 felicitas

2133 3127 2285 3184 fovea
2323 3129 2530 3185 dicatur
2556 3147 2570 3184 :
2595 3128 2766 3182 Donec
2807 3129 3034 3200 fodiatur
3071 3128 3319 3200 ρει-σαιοή
3348 3132 3509 3198 fovea.
3542 3127 3726 3183 Parcit

2133 3220 2276 3276 enim
2317 3220 2394 3274 illi
2435 3219 2595 3286 Deus,
2639 3234 2796 3289 quem
2840 3218 2986 3274 novit
3026 3227 3358 3289 peccatorem
3389 3227 3443 3274 et
3471 3219 3720 3289 impium,

2134 3311 2340 3366 occulta
2389 3311 2595 3380 justitia
2646 3325 2772 3378 sua;
2818 3319 2874 3366 et
2919 3310 3021 3364 hoc
3066 3310 3238 3379 ipsum
3281 3309 3421 3380 quod
3461 3311 3510 3365 ei
3550 3311 3726 3379 parcit

2138 3403 2296 3468 Deus,
2320 3416 2416 3472 per
2442 3402 2810 3473 impunitatem
2837 3400 2963 3456 facit
2983 3416 3104 3456 eum
3127 3401 3340 3456 elatum.
3368 3400 3457 3456 Ille
3477 3417 3534 3456 se
3552 3402 3722 3456 altum

2136 3504 2305 3564 putat,
2338 3503 2390 3548 et
2417 3494 2556 3549 cadit
2588 3512 2600 3548 :
2629 3494 2682 3548 in
2709 3508 2775 3549 eo
2802 3494 2917 3563 ipso
2945 3492 3108 3558 cadit,
3141 3507 3246 3563 quo
3275 3508 3332 3547 se
3358 3494 3521 3546 altum
3549 3503 3723 3564 putat.

2138 3585 2251 3640 Hoc
2275 3599 2334 3639 se
2361 3584 2450 3638 ille
2483 3592 2628 3653 putat
2656 3583 2953 3638 sublimiter
2979 3583 3079 3650 ire,
3119 3591 3174 3637 et
3209 3583 3347 3637 Deus
3383 3582 3486 3638 hoe
3523 3583 3724 3638 fossam

2139 3682 2313 3728 vocat.
2343 3673 2508 3728 Fossa
2536 3673 2601 3727 ad
2630 3673 2733 3727 ima
2763 3673 2950 3737 tendit,
2981 3687 3086 3726 non
3114 3671 3179 3726 ad
3209 3672 3400 3727 etelum
3429 3688 3442 3726 :
3471 3682 3727 3742 peccato-

2141 3780 2229 3820 res
2258 3772 2434 3819 autem
2466 3764 2680 3834 superbi
2711 3765 2860 3833 quasi
2891 3765 2942 3818 in
2972 3764 3167 3818 coelum
3195 3772 3341 3828 eunt,
3371 3772 3423 3819 et
3453 3765 3502 3817 in
3527 3772 3726 3818 terram

2142 3865 2470 3924 merguntur.
2498 3851 2716 3917 Contra,
2743 3851 2974 3908 humiles
2999 3853 3147 3923 quasi
3192 3853 3244 3907 in
3290 3862 3482 3908 terram
3527 3869 3586 3909 se
3625 3853 3727 3909 de-

2144 3945 2398 4014 primunt,
2426 3952 2477 3997 et
2520 3944 2569 3996 in
2601 3942 2795 3998 emlum
2821 3942 3133 3998 ascendunt.
3160 3942 3373 3997 Mitesce
3399 3957 3546 4013 ergo,
3573 3943 3728 4012 quis-

2144 4037 2264 4106 quis
2293 4051 2351 4090 es
2380 4035 2568 4100 fidelis,
2600 4035 2642 4089 si
2674 4034 2911 4090 eruditus
2940 4049 2998 4089 es
3025 4050 3090 4088 ex
3132 4034 3247 4103 lege
3277 4033 3398 4097 Dei,
3428 4043 3485 4088 ut
3527 4035 3596 4088 sit
3632 4049 3732 4090 cor

2147 4135 2292 4179 tuum
2325 4126 2375 4178 in
2409 4125 2739 4179 firmamento
2767 4124 2886 4179 coeli
2912 4141 2925 4178 :
2952 4123 3073 4194 quia
3105 4123 3246 4179 Deus
3282 4123 3405 4178 fecit
3444 4124 3729 4180 luminaria

2147 4226 2338 4288 quarto
2372 4217 2479 4284 die,
2508 4217 2596 4287 qui
2637 4216 2830 4271 dicitur
2871 4227 3051 4288 quarta
3089 4217 3299 4283 sabbati,
3339 4217 3479 4272 unde
3517 4217 3732 4274 titulum

2150 4309 2384 4378 psalmus
2411 4308 2510 4362 iste
2537 4306 2791 4377 percepit.
2815 4307 3093 4373 Quomodo
3121 4304 3266 4363 vides
3291 4308 3571 4363 luminaria
3601 4322 3729 4364 cum

2151 4407 2259 4453 tota
2288 4399 2540 4470 patientia
2558 4398 2785 4468 dirigere
2805 4413 2994 4454 cursus
3023 4414 3168 4463 suos,
3191 4408 3243 4454 et
3273 4415 3376 4454 non
3404 4415 3591 4455 curare
3610 4416 3736 4469 qua:

2151 4491 2204 4545 in
2232 4506 2290 4546 se
2318 4483 2495 4544 dicant
2523 4489 2806 4554 homines;
2835 4490 2912 4543 sic
2950 4499 3004 4544 et
3045 4497 3098 4543 tu
3139 4506 3241 4543 non
3283 4504 3438 4544 cures
3475 4488 3736 4559 quidquid

2154 4583 2250 4638 tibi
2299 4581 2482 4637 fecerit
2526 4594 2671 4635 caro.
2700 4579 2886 4634 Omnis
2915 4581 3056 4635 enim
3093 4579 3252 4633 homo
3278 4595 3402 4634 caro
3431 4587 3486 4634 et
3519 4579 3738 4650 sanguis

2153 4680 2253 4728 est.
2273 4670 2388 4726 Non
2411 4672 2554 4726 enim
2577 4669 2696 4726 vilis
2719 4685 2778 4726 es
2800 4669 2852 4724 in
2879 4671 3275 4740 comparatione
3298 4670 3515 4725 alterius
3536 4671 3741 4738 carnis,

2156 4780 2185 4817 a
2212 4779 2317 4834 qua
2339 4763 2534 4820 videris
2560 4763 2729 4832 premi
2751 4777 2765 4828 ;
2787 4762 2909 4831 quia
2933 4776 3030 4831 pro
3053 4769 3105 4815 te
3132 4761 3218 4815 ille
3237 4760 3472 4830 suscepit
3494 4773 3740 4827 carnem,

2156 4865 2211 4912 et
2241 4871 2336 4927 pro
2367 4865 2421 4911 te
2448 4855 2534 4910 ille
2560 4852 2696 4908 fudit
2733 4853 3042 4923 sanguinem
3065 4892 3080 4918 ,
3116 4850 3207 4921 qui
3248 4860 3303 4906 et
3332 4860 3382 4906 te
3409 4858 3465 4906 et
3492 4849 3642 4906 illum
3669 4849 3743 4906 ad

2157 4962 2314 5003 suum
2342 4956 2425 5002 est
2448 4945 2804 5018 perducturus
2822 4958 3044 4999 examen
3073 4944 3088 4975 ⁸
3116 4959 3129 4996 :
3157 4950 3211 4996 et
3234 4941 3278 4996 si
3304 4939 3446 4997 tanta
3474 4954 3747 5011 praeroga-

2158 5038 2255 5103 vit,
2283 5052 2406 5092 cum
2435 5025 2584 5091 esses
2617 5035 2832 5106 impius,
2855 5032 2980 5103 quid
3011 5040 3187 5087 servat
3215 5030 3398 5086 ﬁdeli?
3425 5029 3558 5086 Hinc
3580 5031 3746 5084 mite-

2158 5144 2269 5184 sce.
2293 5123 2748 5194 Quemadmodum
2778 5122 3054 5178 mitescis?
3076 5121 3212 5177 Cum
3238 5120 3372 5177 dicis
3395 5137 3408 5174 :
3433 5119 3568 5186 Quia
3599 5118 3747 5174 Deus

2161 5221 2263 5275 hoc
2295 5218 2428 5284 vult,
2460 5217 2579 5272 ideo
2610 5215 2799 5270 ﬂorent
2841 5215 2964 5269 mali
2992 5215 3047 5278 ’ς
3072 5228 3292 5283 parcere
3317 5213 3431 5268 vult
3471 5211 3643 5274 malis.
3675 5210 3746 5266 ad

2164 5308 2527 5380 pcenitentiam
2573 5305 2790 5360 adducit
2831 5319 2926 5360 eos
2964 5303 3154 5374 quibus
3183 5301 3382 5373 parcit,
3413 5299 3610 5380 sedvilli
3639 5313 3747 5354 non

2161 5378 2540 5468 corriguntur:
2565 5397 2710 5451 novit
2745 5395 2838 5450 ille
2870 5393 3136 5465 quomodo
3165 5393 3232 5448 de
3258 5392 3360 5447 illis
3389 5378 3608 5463 judiCet.
3639 5390 3749 5445 lm-

2163 5490 2309 5545 mitis
2333 5496 2418 5545 est
2445 5496 2622 5543 autem
2651 5487 2833 5554 homo,
2859 5501 2978 5541 cum
3007 5486 3119 5540 vult
3143 5483 3508 5540 contradicere
3532 5490 3623 5537 aut
3649 5481 3750 5536 bo-

2165 5583 2316 5638 nitati
2340 5581 2572 5648 Domini,
2598 5588 2690 5634 aut
2714 5579 3001 5650 patientiae,
3021 5586 3111 5632 aut
3133 5576 3396 5648 potestati,
3416 5584 3508 5630 aut
3527 5573 3750 5645 iustitia:

2230 5697 2244 5726 ¹
2283 5702 2382 5741 Am.
2404 5701 2456 5742 et
2479 5695 2626 5741 nostri
2643 5699 2749 5740 Mss.
2775 5699 2941 5740 carent
2964 5689 3039 5738 his
3064 5689 3243 5749 verbis,
3269 5686 3419 5751 quite
3453 5693 3499 5737 et
3522 5685 3657 5737 illum
3677 5683 3749 5735 ad

2165 5768 2306 5809 suum
2321 5762 2390 5805 est
2401 5754 2732 5818 perducturus
2759 5764 2981 5818 emtum.

2232 5820 2252 5849 ³
2285 5810 2434 5878 Istud",
2451 5814 2560 5866 ideo
2574 5813 2741 5880 florent
2763 5811 2908 5872 moli,
2933 5815 3074 5860 abest
3096 5823 3122 5862 a
3145 5817 3252 5861 Mss.
3274 5815 3328 5859 et
3350 5810 3411 5860 ab
3431 5817 3530 5859 Am.
