4012 6202
252 339 393 394 1205

237 457 450 525 iudicis.
499 453 740 525 Erigitur
784 451 1046 522 superbus
1096 451 1148 504 in
1193 450 1390 513 Deum,
1439 447 1628 517 mergit
1677 444 1826 499 illum

243 547 416 612 Deus;
450 555 504 601 et
539 545 594 600 in
630 559 696 600 eo
735 545 852 615 ipso
880 541 1156 612 mergitur,
1185 555 1289 611 quo
1314 539 1533 610 erigitur
1560 539 1611 592 in
1636 537 1824 592 Deum.

238 638 370 694 Nam
402 638 459 692 in
481 629 597 691 alio
619 637 825 707 psalmo
849 635 926 689 sic
953 633 1024 687 ait
1049 651 1061 686 :
1089 632 1323 700 Dejecisti
1347 647 1450 696 eos,
1475 630 1594 699 dum
1623 627 1829 682 extolle-

237 737 415 782 rentur
439 725 611 794 (Paul.
642 741 811 789 mm,
845 724 954 795 i8).
980 723 1093 778 Non
1115 722 1269 787 dixit,
1297 721 1541 788 Dejecisti
1569 734 1681 786 eos,
1704 719 1826 789 quia

236 819 359 874 elati
393 826 559 880 sunt;
587 827 697 882 aut,
725 815 969 886 Dejecisti
1001 829 1114 878 eos,
1146 823 1489 885 posteaquam
1515 811 1639 865 elati
1668 819 1824 873 sunt;

236 918 286 963 ut
320 907 468 962 aliud
491 909 562 961 sit
587 915 797 976 tempus
821 905 1066 960 elationis
1092 919 1298 966 eorum,
1321 901 1462 956 aliud
1499 910 1711 970 tempus
1733 899 1828 954 de-

231 999 485 1070 jectionis
511 1016 524 1051 :
551 997 644 1053 sed
687 997 738 1051 in
780 1011 847 1051 eo
888 997 1002 1065 ipso
1030 1009 1136 1065 quo
1160 993 1570 1054 extollebantur,
1594 991 1664 1046 ibi
1691 989 1827 1061 deji-

234 1089 545 1144 ciebanlur.
586 1087 854 1152 Quantum
905 1086 1046 1140 enim
1102 1084 1389 1153 superbum
1437 1097 1534 1136 cor
1577 1081 1824 1148 hominis,

237 1189 446 1233 tantum
476 1177 682 1234 recedit
709 1192 739 1232 a
769 1177 912 1240 Deo;
937 1187 988 1230 et
1017 1175 1061 1230 si
1093 1173 1296 1228 recedit
1319 1190 1347 1225 a
1378 1173 1507 1238 Deo,
1535 1172 1586 1226 in
1616 1170 1830 1241 profun-

233 1273 356 1326 dum
393 1273 457 1326 it.
482 1271 701 1332 Contra,
727 1285 821 1324 cor
847 1267 1045 1322 humile
1064 1265 1132 1320 de
1158 1266 1295 1321 caelo
1322 1264 1537 1318 adducit
1560 1265 1743 1324 Deum,
1771 1271 1831 1316 ut

237 1365 516 1432 proximus
545 1363 652 1415 ﬂat.
673 1360 832 1415 Certe
864 1359 1004 1412 altus
1029 1367 1109 1412 est
1135 1357 1294 1420 Deus,
1318 1371 1478 1424 super
1507 1370 1692 1408 onmes
1717 1369 1830 1408 caa-

236 1454 315 1508 los
359 1463 447 1507 est
491 1453 654 1516 Deus,
687 1449 1014 1506 transcendit
1048 1462 1237 1502 omnes
1277 1447 1507 1512 Angelos
1534 1463 1548 1498 :
1573 1457 1827 1515 quantum

239 1544 404 1597 habes
451 1543 608 1612 erigi,
650 1550 707 1595 ut
748 1541 975 1610 attingas
1003 1538 1068 1592 ad
1106 1538 1254 1592 illutn
1284 1537 1590 1592 cvcelsum?
1617 1535 1748 1589 Nolo
1781 1545 1831 1590 ιε

239 1648 460 1704 rumpas
488 1630 830 1687 extendendo
859 1640 909 1684 te
933 1646 948 1695 ;
977 1627 1121 1683 aliud
1143 1627 1422 1682 consilium
1455 1627 1544 1680 tibi
1572 1626 1662 1691 do,
1689 1642 1753 1680 ne
1777 1625 1828 1679 in

240 1727 337 1779 ista
389 1725 710 1779 extensione
759 1724 892 1778 forte
942 1735 1130 1790 crepes
1174 1736 1268 1790 per
1312 1719 1612 1788 superbiam
1643 1736 1656 1772 :
1685 1728 1830 1772 certe

242 1818 380 1872 altus
412 1826 497 1871 est
528 1816 702 1880 Deus;
734 1824 787 1868 tu
816 1812 1032 1868 humilia
1061 1822 1140 1876 te,
1167 1819 1223 1867 et
1247 1810 1534 1866 descendet
1557 1810 1622 1864 ad
1652 1819 1720 1864 te.

312 1911 404 1966 17.
439 1909 593 1984 [verm
625 1907 738 1980 14.]
767 1907 1076 1962 Audivimus
1103 1919 1267 1974 quare
1308 1913 1489 1974 parcat
1517 1902 1700 1967 malis;
1732 1900 1832 1956 hoc

245 2004 419 2075 ipsum
452 2001 598 2056 fossa
646 2001 880 2069 ipsorum
923 2005 1023 2052 εει.
1054 1995 1190 2051 Dicit
1221 1994 1310 2049 tibi
1341 1995 1478 2048 Deus
1510 2009 1523 2046 :
1555 1991 1831 2061 Quomodo

246 2095 348 2149 illis
379 2093 603 2156 foditur,
627 2101 678 2145 et
706 2103 871 2159 quare
899 2089 1001 2144 illis
1028 2086 1223 2142 foditur
1250 2085 1420 2150 fovea,
1444 2098 1548 2138 non
1575 2091 1658 2138 est
1683 2091 1829 2137 tuum

244 2198 607 2254 cognoscere;
639 2181 733 2237 sed
760 2197 826 2236 ex
855 2181 969 2250 lege
995 2194 1111 2235 mea
1149 2177 1295 2232 disce
1321 2177 1607 2246 patientem
1637 2184 1686 2229 te
1712 2189 1832 2230 esse

245 2278 462 2342 debere,
495 2277 656 2329 donec
682 2273 903 2346 fodiatur
929 2271 1174 2343 peccatori
1199 2271 1359 2340 fovea.
1393 2269 1458 2323 Et
1484 2267 1606 2337 quid
1631 2267 1698 2321 de
1723 2281 1828 2332 me,

248 2370 444 2440 inquis,
489 2367 580 2437 qui
612 2367 818 2432 laboro,
847 2372 903 2418 et
927 2364 1110 2420 laboro
1141 2364 1279 2418 inter
1316 2363 1458 2431 ipsos
1487 2359 1832 2430 peccatores?

247 2459 622 2529 Respondetur
669 2457 761 2512 tibi
804 2455 944 2526 quod
987 2454 1266 2524 sequitur:
1316 2452 1448 2518 Quia
1487 2467 1586 2504 non
1628 2450 1831 2520 repellet

245 2550 494 2622 Dominus
511 2551 702 2620 plebem
717 2564 880 2602 suam.
905 2547 1155 2611 Exercet,
1179 2559 1283 2598 non
1303 2543 1530 2612 repellit.
1555 2542 1831 2608 Quomodo

243 2644 384 2699 enim
411 2643 542 2697 dicit
585 2643 689 2694 alio
716 2641 832 2695 loco
858 2636 1173 2706 Scriptum?
1208 2634 1459 2701 Quoniam
1493 2649 1637 2704 quem
1666 2633 1830 2702 diligit

245 2733 406 2801 Deus,
436 2734 678 2804 corripit;
708 2732 933 2802 ﬂagellat
961 2738 1127 2784 autem
1157 2743 1351 2782 omnem
1378 2725 1540 2793 ﬁlium
1579 2741 1722 2787 quem
1749 2741 1828 2776 re.

240 2827 360 2897 cipit
391 2824 577 2898 (Hebr.
607 2823 792 2894 xu,6).
818 2821 909 2876 llle
925 2819 1242 2890 ﬂagellatum
1264 2816 1469 2884 recipit,
1496 2824 1547 2869 tu
1567 2814 1696 2867 dicis
1708 2814 1828 2883 quia

240 2916 490 2987 repellit?
520 2916 780 2970 Videmus
810 2913 1051 2967 homines
1093 2912 1143 2965 in
1172 2909 1296 2963 liliis
1324 2909 1434 2962 suis
1461 2907 1633 2961 facere
1661 2906 1784 2959 illud
1812 2923 1825 2959 :

240 3006 530 3078 aliquando
557 3005 668 3076 jam
697 3004 1010 3075 deeperatos
1042 3002 1179 3056 ﬂlios
1203 3015 1330 3054 suos
1353 2999 1626 3053 dimittunt
1652 2998 1828 3054 vivere

239 3097 511 3168 quomodo
556 3096 898 3160 volunt;eos
939 3093 1028 3163 qui
1068 3106 1217 3161 spem
1263 3089 1496 3154 habent,
1528 3088 1825 3161 ﬂagellant;

238 3191 358 3245 illos
380 3202 515 3260 quos
543 3187 766 3243 omnino
786 3186 1014 3241 viderint
1042 3185 1159 3239 sine
1180 3198 1275 3254 spe
1298 3192 1351 3238 et
1376 3182 1659 3236 indomitos
1685 3196 1823 3247 esse,

238 3280 516 3334 dimittunt
543 3286 601 3331 ιιι
632 3277 827 3332 faciant
855 3274 995 3346 quod
1029 3275 1231 3328 volunt.
1275 3272 1392 3328 Jam
1417 3287 1572 3341 quem
1611 3271 1829 3325 dimittit

238 3371 419 3426 facere
445 3369 589 3440 quod
618 3367 750 3433 vult,
783 3381 890 3421 non
932 3365 1042 3419 vult
1065 3364 1347 3419 admittere
1373 3361 1438 3416 ad
1464 3360 1825 3415 hazrcditatem

238 3477 388 3516 suam
418 3478 432 3514 :
459 3474 584 3514 eum
613 3465 793 3512 autem
821 3455 1052 3525 ﬂagellat
1092 3453 1255 3507 lilium
1285 3452 1368 3506 cui
1404 3452 1569 3520 ipsam
1596 3449 1825 3504 hmredi-

238 3561 398 3605 tatem
424 3555 624 3604 servat.
663 3546 796 3602 Cum
826 3554 1004 3598 autem
1051 3543 1280 3612 ﬂagellat
1315 3542 1453 3596 Deus
1484 3540 1673 3605 lilium,
1701 3554 1824 3593 cur-

245 3651 323 3696 rat
350 3640 452 3694 sub
481 3652 643 3692 manu
675 3637 690 3668 ¹
723 3636 892 3690 Patris
923 3632 1274 3704 ﬂagellantis;
1310 3632 1432 3701 quia
1461 3631 1550 3700 qui
1574 3630 1822 3700 ﬂagellat,

239 3731 304 3786 ad
347 3727 720 3785 bsereditatem
751 3725 928 3782 erudit
973 3742 987 3778 :
1029 3724 1096 3777 ah
1127 3723 1434 3777 lia-reditate
1466 3737 1570 3774 non
1619 3721 1827 3788 repellit

240 3819 402 3875 ﬁlium
459 3834 616 3875 suum
689 3831 848 3887 quem
925 3815 1174 3884 castigat;
1248 3812 1339 3867 sed
1399 3811 1518 3865 ideo
1574 3810 1823 3880 ﬂagellat,

241 3920 298 3965 ιιι
324 3911 566 3979 recipiat.
593 3906 710 3961 Non
741 3905 810 3961 sit
839 3915 945 3959 tam
975 3919 1112 3958 vano
1139 3917 1300 3956 sensu
1331 3911 1382 3955 ct
1415 3901 1624 3970 puerili,
1657 3912 1712 3954 ut
1740 3900 1824 3954 di-

240 4011 322 4058 cat
350 4019 364 4056 :
390 4001 519 4056 Plus
557 4007 700 4052 amat
741 4004 887 4065 pater
916 4009 1064 4049 meus
1108 3992 1322 4046 fratrem
1354 4005 1528 4045 meum
1549 4031 1564 4054 ,
1595 3989 1680 4044 cui
1708 4005 1826 4058 per.

241 4091 399 4146 mittit
432 4089 611 4144 facere
639 4085 893 4157 quidquid
918 4085 1068 4148 vult;
1098 4097 1196 4154 ego
1225 4082 1267 4135 si
1293 4096 1377 4136 me
1403 4095 1620 4134 movero
1642 4090 1826 4135 contra

235 4182 532 4253 iussionem
574 4179 741 4249 patris
775 4177 903 4241 mci,
933 4173 1136 4246 ﬂagella
1167 4173 1397 4227 invenio.
1427 4171 1503 4226 Tu
1530 4172 1701 4242 gaude
1728 4171 1828 4228 sub
1862 4205 1864 4208 ν

235 4273 494 4344 ﬂagellis;
527 4271 650 4340 quia
682 4268 775 4323 tibi
822 4276 1064 4321 servatur
1091 4264 1373 4318 lnereditas
1395 4305 1409 4325 .
1459 4263 1590 4330 Quia
1617 4279 1716 4316 non
1745 4279 1828 4316 re-

235 4364 387 4435 pellet
419 4361 666 4414 Dominus
686 4357 880 4430 plebem
903 4373 1068 4410 suam.
1098 4356 1176 4410 Ad
1200 4366 1406 4424 tempus
1429 4354 1696 4416 emendat,
1721 4370 1826 4408 non

237 4459 288 4512 In
315 4465 579 4509 :nternum
602 4451 818 4506 damnat
851 4467 864 4502 :
896 4449 1000 4502 illis
1019 4457 1194 4502 autem
1221 4445 1286 4500 ad
1319 4455 1526 4515 tempus
1555 4445 1737 4514 parcit,
1773 4445 1826 4500 in

238 4555 503 4601 uernum
536 4542 656 4596 illos
684 4539 975 4595 damnabit.
1010 4537 1158 4604 Elige
1190 4537 1280 4590 tibi
1310 4553 1323 4590 :
1353 4536 1698 4604 temporalem
1747 4537 1828 4589 vis

240 4636 497 4699 liborem,
530 4649 598 4688 an
640 4631 1016 4701 sempiternam
1051 4626 1298 4697 pinnam?
1325 4626 1666 4695 temporalem
1710 4625 1826 4680 feli-

239 4729 474 4790 citatem,
509 4739 578 4778 an
606 4721 980 4790 sempiternam
1014 4718 1213 4772 vitam?
1236 4717 1372 4784 Quid
1403 4718 1632 4770 minatur
1665 4717 1828 4770 Dens?

239 4817 635 4888 Sempiternam
673 4826 904 4882 penam.
951 4809 1086 4877 Quid
1133 4809 1392 4878 promittit
1421 4809 1595 4863 Deus?
1622 4807 1830 4876 Scmpi-

242 4919 449 4963 lernam
495 4905 759 4974 requiem.
791 4902 847 4955 In
892 4915 999 4970 quo
1028 4899 1254 4968 ﬂagellat
1283 4898 1452 4952 bonos
1474 4940 1488 4962 ,
1538 4898 1829 4966 temporale

241 5009 316 5053 est
346 5015 360 5052 :
388 4997 442 5050 in
468 5010 578 5065 quo
604 4992 771 5064 parcit
796 4991 968 5057 malis,
994 4981 1290 5057 temporale
1321 4997 1418 5042 εει.
1457 4989 1588 5054 Quia
1617 5005 1716 5041 non
1743 5005 1826 5041 re-

239 5088 385 5156 pellet
415 5084 667 5138 Dominus
690 5081 882 5153 plebem
917 5096 1080 5141 suant,
1109 5089 1154 5132 et
1180 5077 1520 5132 haereditatem
1549 5095 1694 5131 suam
1725 5095 1826 5132 non

238 5179 569 5246 derelinquat.

309 5272 398 5328 l8.
431 5269 584 5343 [vers.
616 5265 729 5340 15.]
763 5266 1033 5334 Quousque
1051 5264 1270 5335 justitia,
1295 5263 1484 5333 inquit,
1513 5272 1830 5316 convertatur

235 5368 290 5419 in
310 5363 563 5433 judicium
595 5370 641 5414 et
669 5359 754 5430 qui
785 5357 967 5411 habent
997 5363 1108 5409 eam
1133 5371 1302 5409 omnes
1340 5365 1473 5409 recto
1501 5365 1617 5408 sunt
1654 5357 1824 5410 corde.

235 5453 473 5510 Attende
500 5452 681 5512 modo,
710 5459 762 5504 et
790 5448 927 5502 habe
946 5447 1239 5514 justitiam;
1267 5445 1388 5514 quia
1410 5445 1665 5513 judicium
1699 5462 1830 5500 non-

234 5547 366 5602 dum
397 5555 552 5615 potes
579 5543 797 5597 habere.
828 5540 980 5594 Prius
999 5547 1082 5593 est
1110 5547 1166 5592 ut
1195 5537 1391 5591 habeas
1411 5537 1704 5606 justitiam;
1737 5539 1830 5593 sed

238 5645 355 5714 ipsa
381 5641 587 5710 justitia
617 5648 703 5692 tua
747 5647 1087 5691 convertetur
1117 5633 1167 5687 in
1209 5631 1490 5702 judicium.
1522 5631 1832 5688 Habuerunt

307 5758 322 5790 ³
348 5755 535 5820 Aliquot
559 5765 687 5812 uss,
703 5764 789 5802 suo
812 5762 1022 5800 manum.

1395 325 1785 388 ENAIKRA'I'IO
1825 326 1888 382 IN
1930 325 2249 384 PSALMUM
2291 327 2467 385 XCIII.

1915 427 2026 497 .hic
2063 441 2320 512 justitiam
2363 443 2634 512 Apostoli,
2687 454 2737 500 et
2782 446 3114 516 pertulerunt
3156 448 3364 520 iniquos
3415 450 3521 506 Sed

3385 337 3519 391 1206

1933 535 2059 605 quid
2089 536 2192 590 illis
2215 537 2446 591 dicitur?
2471 538 2717 592 Sedebitis
2741 557 2890 609 super
2913 542 3171 597 duodecim
3195 546 3355 606 sedes,
3375 545 3523 614 judi-

1933 635 2102 680 cantes
2141 626 2406 680 duodecim
2446 627 2600 681 tribus
2631 627 2794 683 Israel
2830 631 3054 701 (Matth.
3087 650 3198 700 XIX,
3229 635 3343 704 28).
3377 635 3520 706 Ergo

1928 716 2134 787 justitia
2177 718 2412 788 ipsorum
2438 731 2778 775 convertetur
2803 723 2852 775 in
2874 723 3150 792 judicium.
3185 727 3340 781 Modo
3378 731 3520 784 enim

1928 808 2106 876 justus
2132 809 2371 878 quisquis
2401 809 2486 863 hic
2517 809 2688 876 fuerit,
2715 812 2778 864 ad
2811 812 2912 866 hoc
2935 825 3016 868 est
3045 825 3101 869 ut
3132 818 3358 884 patiatur
3381 820 3519 874 mala

1933 905 1989 952 et
2019 898 2205 952 toleret
2247 915 2259 952 :
2302 899 2532 968 patiatur
2576 910 2788 970 tempus
2832 906 3108 972 passionis,
3154 917 3207 961 et
3235 909 3378 963 venit
3407 909 3521 964 dies

1929 989 2293 1059 judicationis.
2325 991 2427 1046 Sed
2456 992 2580 1060 quid
2606 993 2725 1047 dico
2753 994 2821 1048 de
2841 997 3008 1050 servis
3038 998 3166 1051 Dei?
3193 999 3306 1068 Ipse
3336 1001 3518 1054 Domi-

1934 1097 2033 1136 nus
2075 1081 2163 1150 qui
2203 1081 2364 1150 judex
2407 1093 2488 1136 est
2532 1085 2767 1138 omnium
2812 1086 3053 1140 vivorum
3085 1099 3137 1140 et
3165 1101 3516 1156 mortuorum,

1935 1173 2107 1242 primo
2131 1172 2360 1242 judicari
2397 1175 2582 1238 voluit,
2615 1186 2669 1230 et
2693 1177 2770 1239 sic
2791 1177 3054 1246 judicare.
3080 1179 3344 1248 Quousque
3359 1184 3520 1251 justi-

1933 1262 2005 1314 tia
2033 1272 2348 1317 convertatur
2392 1265 2445 1317 in
2473 1266 2726 1334 judicium
2759 1282 2776 1319 :
2807 1276 2851 1320 et
2887 1268 2972 1338 qui
2999 1269 3181 1323 habent
3209 1288 3318 1324 eam
3345 1289 3516 1325 omnes

1936 1363 2073 1406 recto
2097 1362 2214 1406 sunt
2235 1355 2405 1407 corde.
2436 1355 2535 1421 Qui
2569 1353 2763 1418 habent
2792 1360 2950 1410 modo
2975 1360 3254 1427 justitiam,
3287 1363 3519 1416 nondum

1930 1441 2190 1512 judicant.
2221 1444 2398 1498 Primo
2438 1453 2521 1499 est
2559 1446 2698 1500 enim
2732 1447 2925 1502 habere
2950 1449 3230 1517 justitiam,
3263 1462 3316 1505 et
3344 1465 3522 1520 postea

1929 1535 2170 1603 judicare
2200 1554 2211 1589 :
2245 1537 2417 1605 primo
2449 1539 2642 1606 patitur
2671 1539 2858 1604 malos,
2888 1549 2939 1593 et
2969 1551 3148 1609 pustea
3173 1543 3377 1611 judicat
3410 1559 3524 1596 ma-

1935 1625 2037 1679 los.
2062 1625 2214 1680 Modo
2237 1626 2440 1695 justitia
2469 1628 2568 1688 sit;
2599 1638 2781 1697 postea
2807 1641 3144 1685 convertetur
3172 1633 3222 1686 in
3245 1633 3522 1702 judicium.

1934 1716 2004 1770 Et
2025 1717 2221 1771 tamdiu
2247 1721 2444 1788 patitur
2470 1720 2713 1775 homines
2735 1723 2922 1787 malos,
2951 1726 3198 1793 quamdiu
3227 1729 3337 1781 vult
3365 1730 3523 1793 Deus,

1935 1809 2183 1879 quamdiu
2217 1811 2332 1865 illos
2363 1812 2592 1880 perferet
2622 1813 2861 1867 Ecclesia
2891 1815 3004 1879 Dci,
3039 1826 3094 1869 ut
3124 1818 3401 1872 erudiatur
3427 1835 3520 1887 per

1936 1902 2190 1956 malitiam
2242 1904 2499 1974 ipsorum.
2535 1903 2649 1958 Non
2679 1913 2856 1960 tamen
2889 1907 3111 1976 repellet
3137 1907 3277 1962 Deus
3318 1909 3524 1977 plebem

1936 2007 2106 2057 suam,
2129 2010 2384 2064 quousque
2398 1995 2602 2066 justitia
2627 2007 2944 2050 convertatur
2971 1999 3020 2050 in
3038 1999 3293 2069 judicium
3321 2016 3338 2052 :
3369 2012 3411 2052 et
3438 2003 3526 2072 qui

1937 2080 2118 2135 [tabent
2159 2099 2272 2135 eam
2297 2124 2311 2147 ,
2358 2101 2526 2138 omnes
2552 2095 2686 2138 recto
2731 2096 2846 2140 sunt
2876 2088 3045 2141 corde.
3085 2088 3183 2156 Qui
3228 2100 3351 2143 sunt
3395 2105 3526 2144 recto

1937 2174 2127 2228 corde?
2155 2176 2255 2242 Qui
2284 2176 2384 2229 hoc
2409 2176 2591 2231 volunt
2621 2178 2760 2246 quod
2786 2179 2924 2236 Deus
2956 2181 3084 2232 vult.
3125 2181 3300 2235 Parcit
3332 2197 3522 2252 pecea-

1939 2267 2171 2334 toribus,
2198 2277 2250 2321 tu
2278 2267 2357 2322 vis
2387 2279 2442 2322 ut
2461 2269 2570 2339 jam
2597 2271 2782 2338 perdat
2809 2281 3133 2340 peccatores.
3161 2274 3377 2329 Distorti
3399 2292 3518 2328 cor-

1937 2361 2018 2415 dis
2041 2377 2102 2416 es
2131 2372 2185 2416 ct
2215 2377 2388 2431 prava:
2422 2365 2709 2418 voluntatis
2732 2405 2746 2427 ,
2793 2366 3002 2434 quando
3029 2367 3167 2420 aliud
3211 2369 3286 2420 vis
3309 2409 3324 2428 ,
3370 2367 3511 2421 aliud
3573 2419 3582 2427 ,

1938 2453 2050 2506 vult
2079 2452 2236 2507 Deus.
2270 2453 2391 2508 Vult
2414 2461 2588 2509 autem
2616 2455 2751 2508 Deus
2781 2471 2997 2524 parcere
3018 2457 3190 2520 malis,
3227 2468 3281 2510 tu
3309 2474 3413 2510 non
3449 2461 3524 2511 vis

1939 2544 2081 2610 parci
2109 2561 2123 2598 :
2169 2544 2373 2613 patiens
2399 2555 2480 2599 est
2511 2545 2651 2600 Deus
2680 2547 3042 2616 peccatoribus
3065 2589 3080 2612 ,
3111 2559 3164 2601 tu
3193 2563 3298 2602 non
3329 2550 3405 2602 vis
3447 2561 3526 2600 to-

1937 2633 2108 2688 lerare
2132 2644 2464 2704 peccatores.
2508 2635 2614 2691 Sed
2647 2647 2702 2690 ut
2732 2638 2909 2692 dicere
2936 2654 3202 2708 cmperam
3229 2681 3244 2705 ,
3277 2641 3416 2694 aliud
3449 2642 3528 2695 vis

1939 2733 2012 2786 tu.
2035 2725 2176 2779 aliud
2204 2727 2340 2780 Deus
2366 2744 2379 2778 :
2404 2739 2656 2783 converte
2677 2743 2770 2782 cor
2796 2739 2963 2795 tuum,
2987 2739 3038 2784 et
3056 2730 3226 2800 dirige
3247 2730 3310 2786 ad
3336 2731 3524 2797 Deum;

1935 2818 2055 2888 quia
2085 2811 2140 2871 et
2168 2818 2423 2872 Dominus
2450 2819 2676 2874 inﬁrmis
2701 2836 3010 2890 compassus
3031 2831 3133 2876 cst.
3164 2822 3301 2876 Vidit
3332 2824 3380 2877 in
3409 2840 3528 2877 cor-

1937 2926 2066 2981 pore
2094 2926 2224 2975 suo,
2271 2911 2319 2964 id
2346 2919 2428 2964 est
2454 2912 2504 2964 in
2540 2911 2775 2964 Ecclesia
2805 2926 2900 2965 sua
2933 2912 3170 2965 inlirmos
3196 2953 3212 2978 ,
3241 2914 3325 2982 qui
3355 2915 3526 2982 primo

1935 3003 2257 3055 voluntatem
2283 3016 2431 3055 suam
2464 3002 2611 3071 sequi
2643 3009 2939 3065 tentarent;
2971 3003 3063 3057 sed
3093 3019 3217 3058 cum
3244 3004 3485 3059 viderent
3507 3007 3523 3037 ι

1935 3094 2261 3148 voluntatem
2295 3093 2388 3147 Dei
2417 3093 2572 3147 aliam
2601 3107 2740 3160 esse,
2769 3093 3057 3164 dirigerent
3085 3110 3144 3149 se
3169 3105 3222 3150 et
3249 3111 3342 3149 cur
3370 3112 3520 3150 ειιιιιιι

1931 3185 1998 3240 ad
2037 3183 2426 3254 suscipiendam
2455 3195 2511 3238 et
2551 3183 2878 3254 sequendam
2927 3185 3248 3240 voluntatem
3291 3187 3402 3241 Dei.
3447 3187 3525 3243 Ne

1931 3277 2262 3331 Voluntatem
2297 3275 2388 3329 Dei
2429 3274 2561 3330 velis
2595 3283 2843 3344 torquere
2880 3275 2946 3328 ad
2988 3277 3310 3331 voluntatem
3347 3287 3484 3331 tuam
3507 3321 3522 3344 ,

1933 3366 2026 3421 sed
2071 3376 2212 3421 tuam
2257 3366 2462 3436 corrige
2511 3365 2577 3418 ad
2617 3366 2944 3421 voluntatem
2992 3365 3107 3420 Dei.
3137 3366 3395 3420 Voluntas
3424 3368 3517 3421 Dei

1932 3457 2011 3511 sic
2038 3465 2118 3512 est
2146 3456 2416 3527 quomodo
2446 3457 2625 3526 regula
2649 3473 2661 3508 :
2683 3471 2831 3523 ecce,
2864 3466 3008 3526 puta,
3041 3459 3237 3512 torsisti
3266 3461 3522 3529 regulam;

1933 3547 2076 3602 unde
2100 3546 2266 3602 habes
2291 3547 2522 3617 corrigi?
2552 3547 2637 3601 Illa
2661 3557 2838 3602 autem
2871 3549 3071 3616 integra
3099 3558 3276 3604 manet
3300 3566 3312 3601 :
3345 3551 3523 3618 regula

1933 3647 2016 3693 est
2037 3640 2180 3694 enim
2209 3627 2679 3694 incommutabilis.
2708 3637 2968 3704 Quamdiu
2997 3639 3196 3708 integra
3219 3647 3302 3692 est
3322 3639 3520 3708 regula.

1934 3727 2100 3783 habes
2125 3745 2231 3799 quo
2258 3738 2309 3784 te
2335 3736 2620 3782 coovertas
2644 3737 2696 3781 et
2734 3729 2968 3796 corrigas
3001 3730 3309 3795 pravitatem
3357 3739 3520 3800 tuam,

1933 3819 2098 3874 habes
2129 3819 2268 3874 unde
2306 3819 2541 3888 corrigas
2566 3817 2706 3887 quod
2743 3819 2794 3871 in
2823 3827 2872 3872 te
2912 3827 3106 3870 tortum
3137 3827 3238 3872 εει.
3267 3817 3402 3885 Quid
3424 3833 3520 3872 au-

1933 3918 2038 3963 tem
2060 3908 2495 3962 voluuthomines
2511 3909 2534 3960 ?
2551 3907 2742 3961 Parum
2765 3918 2869 3972 est,
2889 3907 3009 3977 quia
3028 3909 3346 3963 voluntatem
3370 3925 3521 3964 suam

1934 4007 2223 4053 tortuosum
2254 3997 2484 4062 habent;
2513 3997 2672 4051 etiam
2703 3998 2886 4051 volunt
2913 3999 3238 4054 voluntatem
3274 4000 3363 4054 Dei
3404 4010 3518 4055 tor-

1933 4099 2040 4144 tam
2070 4089 2242 4144 iacere
2281 4087 2571 4146 secundum
2614 4102 2708 4142 cor
2746 4102 2934 4152 sumn,
2969 4096 3025 4141 ut
3065 4088 3166 4143 hoc
3193 4089 3351 4144 faciat
3379 4090 3518 4145 Deus

1933 4179 2077 4249 quod
2124 4179 2224 4249 ipsi
2252 4179 2456 4246 volunt,
2486 4193 2607 4234 cum
2654 4177 2754 4249 ipsi
2785 4178 2886 4234 hoc
2913 4178 3140 4234 debeant
3183 4180 3354 4236 facere
3380 4183 3521 4252 quod

1935 4271 2076 4327 Deus
2097 4271 2232 4324 vult.

2007 4363 2094 4419 l9.
2131 4361 2411 4446 Quomodo
2456 4371 2633 4418 autem
2682 4363 2993 4433 complexus
3030 4373 3112 4420 est
3159 4365 3414 4423 Dominus
3458 4384 3523 4424 ex

1935 4453 2140 4508 duabus
2181 4453 2542 4510 voluntatibus
2585 4470 2744 4509 unam
2777 4455 2967 4510 factam
3013 4457 3064 4511 in
3112 4457 3325 4513 homine
3365 4477 3523 4530 quem

1935 4544 2213 4614 portabat?
2243 4544 2596 4615 Prteﬂgurans
2634 4547 2686 4600 in
2727 4561 2950 4616 corpore
2978 4563 3110 4615 suo,
3153 4549 3202 4603 id
3231 4560 3313 4604 est
3341 4551 3390 4605 in
3423 4552 3525 4606 Ec-

1934 4634 2096 4689 clesia
2123 4649 2242 4700 sua,
2268 4634 2471 4689 futuros
2492 4635 2747 4704 quosdam
2776 4637 2864 4706 qui
2893 4638 3214 4693 voluntatem
3245 4655 3393 4694 suam
3417 4643 3524 4697 vcl-

1936 4724 2047 4780 lent
2075 4725 2268 4788 facere,
2291 4725 2383 4780 sed
2407 4737 2758 4796 sequerentur
2779 4739 2962 4798 postea
2992 4730 3116 4794 Dei;
3141 4732 3260 4801 quia
3289 4734 3525 4790 inﬂrmns

1934 4819 2194 4888 quosdam
2236 4820 2469 4874 ostendit
2495 4822 2634 4890 quod
2667 4821 2739 4874 ad
2777 4823 2948 4891 ipsutn
2995 4825 3318 4892 pertineant,
3352 4838 3408 4882 ει
3432 4843 3525 4881 eos

1938 4912 2292 4982 pm-liguravit
2318 4913 2368 4966 in
2398 4927 2477 4967 se.
2509 4913 2638 4966 Nam
2669 4913 2790 4968 ideo
2821 4923 2876 4968 et
2905 4925 3015 4969 toto
3044 4932 3270 4985 corpore
3311 4921 3523 4988 sangui-

1938 5019 2055 5058 nem
2087 5003 2295 5057 smlavit
2325 5002 2486 5073 (Luc.
2517 5019 2653 5067 xxu,
2685 5006 2799 5074 44),
2829 5006 2951 5074 quia
2997 5007 3045 5059 in
3075 5023 3297 5077 corpore
3323 5024 3439 5073 suo,
3472 5009 3522 5063 id

1935 5105 2017 5149 est
2047 5095 2097 5147 in
2139 5094 2377 5148 Ecclesia
2406 5109 2538 5159 sua,
2585 5106 2877 5167 martyrum
2922 5101 3230 5168 sanguinem
3273 5102 3522 5155 ostendit.

1937 5185 2318 5252 Totocorpore
2359 5185 2573 5254 sanguis
2599 5187 2776 5240 exibat
2805 5205 2817 5241 :
2851 5188 2918 5241 ita
2961 5189 3198 5244 Ecclesia
3226 5191 3340 5257 ejus
3363 5191 3526 5252 ,haln'l.

1937 5288 2229 5346 martyres;
2279 5291 2372 5346 per
2417 5285 2581 5330 totum
2613 5293 2808 5361 corpus
2832 5280 2948 5349 ejus
2991 5281 3138 5333 lusus
3177 5293 3259 5334 est
3283 5286 3520 5352 sanguis.

1936 5366 2203 5433 Quosdam
2277 5382 2403 5436 ergo
2449 5368 2687 5422 inlirmos
2745 5371 2796 5422 in
2851 5384 2912 5425 se
2976 5371 3337 5442 pra'lignrans,
3401 5377 3526 5430 vel’

1939 5456 1990 5511 in
2021 5473 2245 5525 corpore
2286 5474 2416 5521 suo;
2448 5474 2510 5512 ex
2555 5475 2778 5526 persona
2810 5459 3164 5528 infirmorum,
3195 5467 3527 5533 compatiens

1942 5550 2067 5622 illis,
2097 5551 2171 5603 ait
2199 5567 2210 5602 :
2245 5547 2419 5614 Pater,
2445 5551 2489 5602 si
2512 5551 2620 5617 ﬁeri
2641 5561 2818 5618 potest,
2853 5561 3069 5606 transeat
3090 5569 3121 5606 α
3143 5571 3220 5608 me
3245 5557 3380 5610 calix
3409 5559 3525 5613 iste.

2005 5689 2023 5753 ξ
2056 5689 2130 5734 Er.
2153 5690 2271 5732 Ven.
2295 5690 2348 5732 et
2370 5689 2499 5753 μιν.ν
2521 5681 2699 5753 rident,
2725 5690 2776 5732 ct
2801 5683 2941 5753 paulo
2961 5693 3084 5747 post,
3109 5685 3342 5753 dirigunt.
3408 5697 3468 5741 ﬂ.

2007 5749 2026 5780 ’
2063 5754 2136 5797 Er.
2162 5753 2280 5796 Ven.
2309 5753 2361 5795 ει
2403 5751 2533 5804 Lov.,
2555 5743 2604 5794 id
2628 5743 2838 5808 empto,
2869 5743 2973 5796 rel.‘
3020 5743 3078 5797 ιι.
