4012 6202
473 318 619 374 1207-

464 454 708 510 Ostendit
755 455 985 510 hominis
1026 453 1350 508 voluntatem
1391 470 1406 508 :
1453 455 1496 509 si
1543 452 1594 508 iu
1637 455 1746 524 ipsa
1776 454 2046 509 voluntate

468 555 843 616 permaneret,
877 546 985 615 jam
1029 559 1245 614 pravum
1286 560 1383 600 cor
1423 546 1695 601 videretur
1741 546 2044 600 05tendcre.

465 637 568 691 Sed
606 637 650 692 si
680 649 987 704 compassus
1013 642 1096 689 est
1123 634 1236 699 tibi,
1267 645 1322 690 et
1349 645 1398 690 te
1427 635 1614 690 liberat
1646 635 1696 689 in
1726 651 1811 697 se;
1841 635 2047 689 imitare

463 727 600 795 quod
625 725 882 794 scquitur,
911 724 1096 780 dicens
1122 744 1133 777 :
1169 725 1373 793 Verum,
1403 743 1500 779 non
1531 727 1665 796 quod
1689 743 1777 797 ego
1798 727 1927 786 volo,
1959 726 2047 779 sed

463 816 598 886 quod
625 827 676 867 tu
706 816 798 878 vis,
842 814 999 868 Pater
1027 815 1236 885 (Matth.
1283 832 1435 883 XXVI,
1466 816 1578 887 59).
1617 817 1671 871 Si
1700 817 1924 885 cmperit
1950 817 2043 870 tibi

461 906 749 974 subrepere
789 907 1033 960 voluntas
1064 906 1290 961 humana
1313 949 1327 970 ,
1355 907 1399 962 Ο
1419 951 1434 974 ,
1468 909 1510 961 si
1539 908 1744 962 occidat
1774 909 1910 963 Deus
1938 908 2042 962 ini-

461 997 654 1049 micum
702 997 858 1051 istum
905 1015 1101 1062 meum,
1133 1008 1187 1052 ut
1232 1015 1335 1054 non
1369 1017 1453 1054 me
1492 1013 1840 1071 persequatur
1868 1004 1880 1055 ε
1912 1016 1964 1064 ο,
1997 1002 2041 1056 si

456 1095 640 1154 posset
673 1087 786 1140 ﬁeri
814 1098 869 1140 ut
897 1102 1000 1142 non
1032 1088 1099 1142 ab
1127 1089 1216 1142 illo
1241 1100 1448 1158 paterer
1477 1099 1616 1144 tanta
1643 1092 1656 1145 !
1703 1091 1812 1160 jam
1841 1091 1884 1145 si
1917 1106 2039 1160 pcr-

459 1179 790 1233 scveraveris
815 1222 828 1244 ,
874 1189 927 1235 et
953 1181 1055 1235 hoc
1083 1182 1173 1235 tibi
1203 1183 1492 1252 placuerit,
1523 1193 1576 1237 et
1602 1183 1748 1238 vides
1787 1183 1908 1253 quia
1936 1199 2037 1237 non

457 1267 558 1321 hoc
589 1270 700 1323 vult
727 1270 866 1324 Deus
891 1313 905 1338 ,
951 1286 1144 1340 pravus
1169 1273 1330 1329 corde
1358 1289 1434 1340 es,
1470 1290 1574 1328 non
1603 1274 1766 1329 habes
1781 1274 2037 1344 justitiam

456 1375 575 1427 qua:
613 1371 952 1417 convertetur
983 1365 1037 1417 in
1057 1363 1306 1432 judicium
1334 1383 1348 1420 :
1385 1366 1472 1435 qui
1503 1367 1644 1421 enim
1669 1367 1811 1420 illam
1835 1367 2034 1433 habent,

460 1464 632 1502 omnes
658 1450 777 1503 recti
802 1462 915 1505 sunt
942 1453 1110 1506 corde.
1154 1455 1220 1508 Et
1249 1455 1337 1524 qui
1379 1466 1501 1511 sunt
1525 1498 1538 1521 ,
1566 1459 1688 1511 recti
1716 1460 1901 1512 corde?
1936 1459 2036 1526 Qui

455 1541 534 1596 sic
574 1541 916 1598 inveniuntur
958 1548 1224 1614 quomodo
1253 1547 1496 1602 inventus
1521 1559 1603 1603 est
1627 1548 1762 1614 Job,
1805 1550 1893 1619 qui
1918 1552 1991 1604 ait
2020 1569 2032 1604 :

455 1628 700 1686 Dominus
723 1634 877 1698 dedit,
905 1634 1148 1691 Dominus
1168 1637 1406 1703 abstulit;
1425 1639 1555 1692 sicut
1585 1638 1800 1693 Domino
1822 1641 2030 1709 placuit,

450 1727 520 1776 ita
558 1729 749 1792 [octout
779 1734 850 1778 est
881 1741 899 1780 :
927 1727 991 1781 sit
1034 1745 1213 1782 nomen
1264 1728 1466 1783 Domini
1494 1730 1800 1792 benedictum
1831 1729 1962 1800 (Job
1985 1747 2030 1795 ι,

452 1814 570 1882 2|).
604 1815 740 1870 Ecce
769 1826 969 1872 rectum
1013 1833 1126 1873 cor.
1155 1817 1347 1874 lterum
1393 1820 1444 1874 in
1471 1821 1617 1890 gravi
1659 1821 1879 1876 vulnere
1908 1821 2032 1890 quid

450 1906 583 1960 dixit
611 1909 802 1974 uxori,
852 1913 1009 1980 (luam
1059 1922 1334 1982 propterea
1377 1914 1668 1982 reliquerat
1708 1912 1951 1967 diabolus
1979 1921 2034 1968 et

448 2012 553 2050 non
577 1999 858 2065 occiderat,
891 2009 946 2055 ut
973 2002 1084 2071 ipse
1114 2001 1332 2058 haberet
1351 2004 1681 2073 adjutricem,
1706 2020 1808 2059 non
1837 2014 1892 2058 ut
1923 2019 2033 2058 ma-

448 2088 579 2142 ritus
605 2091 1049 2163 consolatricem?
1078 2093 1387 2149 Metninerat
1425 2095 1566 2151 enim
1609 2096 1730 2165 quia
1759 2111 1853 2166 per
1885 2096 2028 2152 illam

449 2178 612 2233 Evam
649 2181 900 2252 deceptus
926 2194 1038 2238 erat
1077 2185 1246 2240 Adam
1281 2184 1430 2257 (Gen.
1459 2203 1546 2254 tu,
1570 2187 1662 2258 6),
1693 2197 1746 2242 et
1775 2203 2026 2243 necessa-

447 2268 581 2321 riam
619 2271 720 2326 sibi
766 2273 984 2340 putabat
1022 2276 1155 2328 hanc
1185 2276 1371 2330 Evam.
1414 2277 1653 2332 Accessit
1694 2278 1760 2332 ad
1789 2279 1890 2333 Job
1915 2281 2023 2345 illa,

447 2370 697 2432 tanquam
738 2363 881 2429 Eva;
929 2365 1023 2420 sed
1068 2367 1234 2422 Adam
1265 2369 1282 2400 ¹
1326 2369 1514 2423 melior
1552 2369 1648 2423 fuit
1695 2372 1745 2424 in
1791 2381 2026 2426 stercore

441 2453 612 2508 victor
638 2469 795 2525 quatn
823 2455 992 2511 Adam
1019 2459 1190 2513 victus
1213 2460 1263 2513 in
1295 2460 1538 2529 paradiso
1569 2479 1582 2515 :
1611 2463 1736 2531 quid
1759 2462 1900 2517 enim
1941 2477 2025 2518 re-

441 2544 656 2612 Spondit
701 2546 774 2600 illi
805 2549 1054 2605 mulieri?
1092 2551 1222 2605 Vide
1250 2566 1344 2606 cor
1372 2562 1632 2622 paratum,
1665 2555 1784 2608 vide
1817 2569 1912 2609 cor
1935 2571 2023 2610 re-

438 2643 603 2689 ctum.
633 2635 896 2708 Numquid
929 2655 1034 2695 non
1062 2642 1361 2711 patiebatur
1389 2647 1802 2714 persecutiones,
1828 2659 1882 2703 et
1901 2663 2022 2718 gra-

437 2727 566 2780 ves?
593 2726 662 2780 Et
685 2742 869 2784 omnes
889 2729 1168 2786 Christiani
1193 2735 1492 2804 patiuntur;
1521 2747 1573 2791 et
1597 2738 1638 2790 si
1670 2753 1771 2792 non
1798 2740 2022 2795 saeviunt

441 2816 686 2872 homines
708 2859 725 2888 γ,
767 2820 916 2875 Stevit
952 2821 1194 2878 diabolus
1223 2842 1236 2878 :
1269 2835 1320 2879 et
1363 2826 1408 2880 si
1439 2827 1708 2882 christiani
1741 2829 1862 2884 facti
1896 2839 2019 2914 sqnt

440 2906 813 2978 imperatores,
837 2912 1090 2982 numquid
1112 2913 1355 2971 diabolus
1378 2916 1699 2972 christianus
1723 2919 1887 2974 factus
1912 2906 2018 2976 est?

436 2997 675 3054 lntendat
703 3017 832 3072 ergo
872 3002 1134 3059 Sanctitas
1168 3004 1353 3062 Vestra
1391 3008 1515 3078 quid
1545 3009 1614 3063 sit
1655 3019 1854 3065 rectum
1900 3027 2012 3066 cor.

440 3091 681 3146 Accessit
704 3093 769 3146 ad
798 3109 938 3160 eum,
974 3105 1028 3150 et
1056 3096 1129 3150 ait
1153 3114 1166 3149 :
1196 3097 1295 3150 Dic
1317 3099 1510 3168 aliquid
1537 3099 1588 3153 in
1619 3100 1800 3168 Deum,
1831 3110 1880 3155 et
1905 3119 2011 3156 mo-

429 3196 557 3232 rere.
584 3181 930 3239 Enumeravit
953 3200 1140 3240 omncs
1159 3202 1424 3242 arrumnas
1445 3190 1524 3243 vel
1554 3190 1716 3260 ipsius
1737 3191 1818 3245 vel
1849 3208 1972 3248 suas
1994 3210 2009 3247 :

431 3271 528 3324 Dic
553 3271 767 3341 aliquid,
795 3274 983 3344 inquit,
1006 3277 1059 3330 in
1081 3276 1265 3341 Deum,
1287 3287 1334 3332 et
1363 3295 1577 3336 morere.
1607 3281 1890 3350 Etillejam
1917 3297 2012 3337 co-

429 3377 694 3429 gnoscens
725 3364 884 3419 Evam
906 3408 919 3429 ,
957 3367 1132 3421 redire
1161 3368 1343 3424 volens
1373 3369 1512 3425 unde
1540 3371 1717 3440 lapsus
1746 3382 1864 3437 est,
1905 3374 2010 3428 ﬁxo

427 3450 590 3506 corde
615 3451 666 3505 iu
698 3452 806 3507 Deo
831 3463 1076 3525 tanquam
1105 3455 1364 3514 luminare
1395 3459 1446 3514 in
1471 3460 1825 3527 ﬁrmamento,
1862 3462 2010 3518 habi-

428 3553 548 3598 tans
587 3544 749 3601 corde
779 3546 832 3600 in
858 3546 994 3602 libro
1026 3548 1117 3603 Dei
1149 3566 1164 3602 :
1193 3548 1386 3604 Locuta
1411 3567 1462 3605 es
1483 3593 1497 3616 ,
1533 3553 1697 3622 inquit
1723 3595 1736 3616 ,
1770 3563 2006 3624 tanquam

427 3649 529 3686 una
557 3649 618 3687 ea:
645 3633 993 3704 insipientibus
1030 3637 1354 3704 mulieribus;
1382 3640 1426 3693 si
1452 3639 1581 3694 bona
1608 3643 1917 3711 suscepimus
1943 3645 2008 3700 de

425 3738 578 3776 manu
606 3722 842 3789 Domini,
871 3727 1006 3780 mala
1043 3743 1142 3781 non
1185 3729 1507 3783 tolerabimus
1545 3730 1668 3801 (Job
1696 3747 1752 3799 ll,
1780 3732 1832 3798 9,
1875 3733 2005 3806 10)?

423 3815 556 3882 Quia
589 3815 746 3870 ﬁxum
775 3832 870 3872 cor
896 3817 948 3872 in
994 3818 1124 3883 Deo,
1169 3819 1288 3875 ideo
1316 3829 1518 3876 rectum
1555 3838 1568 3876 :
1595 3823 1717 3892 quia
1745 3824 1886 3878 enim
1917 3839 2003 3880 re-

421 3915 537 3960 ctus
563 3917 642 3961 est
669 3907 830 3975 Deus,
871 3909 1082 3978 quando
1104 3911 1153 3964 in
1183 3911 1276 3966 illo
1305 3911 1420 3984 ﬁgis
1453 3928 1566 3981 cor,
1594 3913 1765 3970 forma
1791 3917 1882 3970 tibi
1908 3917 1996 3985 sit,

421 4007 477 4052 ut
512 3999 576 4053 sit
611 3999 701 4054 tibi
741 4015 835 4056 cor
860 4013 1084 4058 rectum.
1117 4004 1244 4074 Fige
1270 4020 1397 4077 ergo
1423 4021 1517 4062 cor
1544 4016 1689 4062 tuum
1722 4009 1773 4063 in
1803 4009 1920 4075 illo,
1947 4018 2001 4065 et

407 4101 618 4147 .reetum
657 4106 752 4147 cor
787 4093 906 4148 erit.
939 4093 1043 4149 Sed
1092 4095 1413 4164 subrepcbat
1455 4098 1698 4153 voluntas
1729 4099 1993 4166 humana;

418 4181 602 4235 nescio
645 4182 769 4251 quid
817 4182 885 4237 de
925 4185 1100 4238 carnis
1128 4184 1436 4240 inﬁrmitate
1465 4186 1691 4242 lactabat
1717 4189 1736 4220 ³
1762 4197 1993 4244 mentem

415 4281 557 4324 tuam
590 4289 603 4324 :
651 4271 757 4325 noli
781 4272 891 4340 jam
919 4273 1226 4342 desperare.
1265 4275 1342 4329 Te
1375 4277 1710 4345 prazsignavit
1737 4277 1991 4335 Dominus

415 4361 465 4414 in
503 4377 594 4414 sua
629 4358 955 4425 inﬁrmitate,
986 4378 1090 4416 non
1119 4377 1176 4417 se
1215 4379 1228 4416 :
1258 4378 1364 4418 non
1393 4365 1534 4420 enim
1566 4367 1786 4423 timebat
1814 4369 1991 4424 Domi-

414 4459 509 4506 hus
542 4453 685 4522 pati,
720 4453 876 4508 tertio
917 4453 1004 4508 die
1047 4465 1464 4512 resurrecturus.
1510 4458 1563 4512 Si
1609 4475 1826 4528 prorsus
1855 4475 1988 4530 quo-

411 4546 568 4600 modo
599 4545 758 4599 homo
787 4554 1077 4616 pateretur,
1106 4557 1159 4602 et
1186 4563 1292 4602 non
1321 4549 1588 4619 quomodo
1614 4551 1750 4605 Deus
1770 4553 1872 4621 pati
1899 4568 1986 4607 ve-

408 4637 567 4702 niret,
596 4643 644 4690 et
664 4636 707 4690 si
729 4637 889 4691 sciret
904 4650 962 4692 se
989 4647 1106 4707 post
1129 4637 1359 4693 triduum
1382 4649 1823 4706 resurrecturum,
1841 4644 1985 4699 nullo

404 4728 564 4782 modo
614 4727 922 4784 formidaret
970 4729 1298 4798 moriturus,
1345 4731 1484 4800 quod
1533 4746 1637 4786 non
1681 4732 1984 4788 formidavit

399 4818 676 4888 apostolus
707 4818 901 4874 Paulus
924 4861 938 4886 ,
974 4820 1024 4874 in
1074 4820 1179 4876 ﬁne
1223 4821 1403 4875 surculi
1447 4833 1863 4877 resurrecturus.
1895 4824 1982 4879 Ait

397 4913 539 4966 cuitu
579 4929 592 4968 :
625 4911 912 4982 Compellor
959 4923 1125 4968 autem
1170 4931 1230 4968 ex
1258 4913 1450 4968 duobus
1485 4916 1980 4984 :concupiscentiam

401 5006 591 5058 habens
620 5006 825 5058 dissolvi
852 5015 898 5058 et
938 5021 1044 5059 esse
1067 5022 1178 5058 cum
1206 5005 1403 5061 Christo
1422 5049 1436 5072 ,
1466 5007 1626 5061 multo
1659 5009 1788 5061 enim
1819 5009 1978 5079 magis

405 5100 687 5167 optimum;
732 5113 932 5150 manere
975 5098 1026 5149 in
1071 5113 1222 5148 carne
1263 5100 1594 5152 necessarium
1643 5109 1846 5168 prapter
1892 5117 1976 5154 vos

408 5187 665 5259 (Philipp.
699 5205 734 5251 ι,
758 5189 827 5242 ‘23
844 5199 885 5241 et
905 5187 1018 5255 Ἡ).
1053 5186 1289 5240 Taedium
1327 5189 1466 5243 enim
1499 5189 1572 5243 illi
1601 5199 1712 5244 erat
1759 5191 1974 5246 manere

391 5282 442 5335 in
471 5299 650 5348 ttal'ttc,
695 5297 757 5336 ex
787 5282 991 5334 duobus
1023 5281 1320 5348 patiebatur
1348 5281 1628 5345 ardorem;
1673 5282 1888 5336 dissolvi
1918 5295 1972 5338 et

391 5388 511 5428 esse
559 5391 676 5428 cum
721 5371 970 5434 Christo,
1021 5372 1188 5425 multo
1235 5374 1401 5443 magis
1436 5374 1691 5443 Optimum
1737 5373 1964 5428 dicebat.

388 5463 538 5517 Adeo
567 5479 686 5518 cum
728 5468 1177 5534 appropinquaret
1208 5465 1315 5532 ipsa
1349 5464 1551 5533 passio,
1579 5467 1846 5534 quomodo
1871 5480 1964 5520 cx-
2004 5525 2007 5527 _

385 5556 650 5608 sultahat!
681 5557 946 5624 quomodo
975 5556 1296 5625 gloriabatur
1327 5558 1339 5611 !
1373 5555 1566 5610 Donum
1591 5566 1836 5610 certamen
1859 5572 1968 5610 cer-

447 5673 460 5702 ί
493 5671 572 5719 Sic
589 5678 690 5720 .ttss.
719 5679 771 5721 At
793 5671 924 5729 ΜΛ,
950 5671 1048 5720 Job.

449 5732 466 5760 ²
495 5745 671 5780 inanes
693 5746 844 5796 prope
869 5739 994 5792 Mss,
1005 5732 1235 5792 factabat.

1666 321 1724 378 S.
1768 315 2134 375 AUGUSTINI
2175 318 2472 381 EPISCOPI

2151 234 2176 245 δ

3601 345 3742 404 1208

2159 437 2277 502 toni,
2297 452 2502 496 cursum
2531 447 2890 514 consummavi,
2923 450 3074 518 ﬁdem
3103 454 3330 518 servavi;
3353 455 3415 510 de
3443 468 3622 520 ctet‘ero
3643 478 3734 515 su-

2156 544 2246 598 per
2265 540 2334 584 est
2356 533 2480 585 mihi
2501 549 2685 589 corona
2700 539 2935 605 jnstitim,
2961 556 3112 610 quam
3138 546 3312 598 reddet
3334 549 3458 600 mihi
3490 549 3736 608 Dominus

2152 621 2206 674 in
2234 621 2324 675 illa
2351 624 2432 677 die
2448 626 2619 694 justus
2631 631 2796 698 judex
2815 630 2882 700 (ll
2911 631 3042 685 Tim.
3078 651 3150 700 Iv,
3179 637 3210 690 7
3231 638 3374 708 eLS).
3412 639 3514 695 Iste
3539 644 3736 712 gaudet

2152 717 2520 782 coronandus,
2557 731 2605 773 et
2651 722 2818 776 tristis
2859 734 2943 778 est
2979 725 3068 779 ille
3095 740 3447 784 coronaturus
3488 749 3501 785 :
3533 735 3734 803 gaudet

2150 803 2227 857 sic
2253 805 2557 874 Apostolus,
2599 819 2650 864 et
2677 811 2804 866 dicit
2828 813 3069 869 Christus
3103 817 3356 874 Dominus
3385 834 3586 888 noster,
3620 823 3733 877 Pa-

2151 902 2244 958 ter,
2272 897 2318 948 si
2344 897 2454 964 ﬁeri
2487 909 2664 968 potest,
2695 912 2911 957 transeat
2938 906 3018 958 hic
3045 908 3198 962 calix.
3227 909 3330 963 Sed
3359 912 3624 967 tristitiam
3653 916 3734 971 sic

2148 989 2435 1058 assumpsit
2468 992 2734 1059 quomodo
2763 1011 2995 1049 carnem.
3029 997 3199 1052 Nolite
3225 1003 3366 1054 enim
3396 1013 3577 1071 putare
3604 1006 3730 1073 quia

2148 1075 2251 1130 hoc
2291 1079 2536 1148 dicimus,
2584 1100 2688 1137 non
2729 1083 2893 1140 fuisse
2921 1088 3123 1142 tristem
3157 1090 3456 1146 Dominutn.
3499 1093 3554 1148 Si
3584 1096 3730 1151 enim

2146 1166 2249 1221 hoc
2273 1169 2580 1236 dixerimus,
2608 1175 2728 1241 quia
2761 1191 2863 1229 non
2894 1187 3006 1231 erat
3028 1179 3211 1245 tristis,
3239 1195 3360 1236 cum
3387 1183 3728 1253 Evangeliuin

2145 1258 2306 1319 dicat,
2340 1259 2519 1318 Tristis
2538 1275 2608 1318 est
2637 1266 2808 1321 anima
2829 1285 2937 1322 mea
2975 1285 3131 1338 usque
3158 1272 3225 1322 ad
3253 1259 3461 1327 mortem
3491 1277 3510 1344 (
3535 1275 3726 1330 Matth.

2146 1365 2272 1404 xm
2297 1392 2311 1414 ,
2340 1352 2408 1406 38
2429 1395 2443 1417 ,
2481 1353 2588 1426 59)
2623 1373 2635 1409 :
2665 1371 2793 1425 ergo
2838 1368 2892 1413 et
2934 1361 3147 1429 quando
3185 1362 3316 1416 dicit
3343 1363 3686 1431 Evangelium
3709 1407 3725 1429 ,

2147 1441 2402 1497 Dormivit
2439 1444 2594 1500 Jesus
2632 1447 2753 1515 (Id.
2787 1465 2908 1512 vut,
2939 1451 3044 1520 24)
3070 1493 3084 1515 ,
3119 1469 3220 1506 non
3251 1452 3501 1510 dormivit
3525 1456 3724 1522 Jesus;

2141 1541 2194 1586 ct
2219 1534 2431 1602 quando
2458 1536 2801 1606 Evangelium
2829 1540 2973 1604 dicit,
3009 1542 3339 1600 Manducavit
3377 1546 3532 1604 Jesus
3567 1548 3722 1620 (Luc.

2140 1637 2252 1689 xw,
2271 1625 2321 1686 l,
2347 1626 2490 1696 αα),
2515 1641 2617 1681 nou
2642 1629 2975 1686 manducavit
2991 1632 3144 1687 Jesus
3171 1653 3184 1688 :
3207 1635 3443 1705 subrepit
3461 1640 3720 1692 vermicu-

2139 1713 2222 1768 lus
2240 1716 2552 1783 putredinis,
2571 1728 2621 1773 et
2644 1718 2772 1772 nihil
2791 1737 2978 1774 sanum
3008 1723 3278 1793 relinquit,
3300 1734 3356 1780 ut
3377 1725 3582 1782 dicatur
3596 1730 3719 1797 quia

2136 1812 2192 1858 et
2207 1819 2398 1874 corpus
2419 1822 2522 1861 nou
2539 1818 2653 1863 erat
2673 1825 2872 1875 verum,
2889 1821 2942 1866 et
2960 1827 3172 1868 Carnem
3196 1830 3374 1870 veram
3392 1833 3495 1872 non
3517 1817 3718 1874 habuit.

2136 1893 2400 1965 Quidquid
2442 1912 2568 1967 ergo
2593 1899 2660 1953 de
2701 1901 2789 1954 illo
2819 1903 3072 1972 scriptum
3117 1915 3219 1972 est,
3262 1903 3486 1973 fratres,
3521 1908 3716 1964 factum

2134 1995 2236 2050 est,
2264 2003 2449 2043 verum
2479 1999 2580 2045 est.
2615 1991 2752 2062 Ergo
2775 1994 2940 2052 tristis
2971 1995 3106 2050 ﬁuit?
3132 1997 3355 2052 Prorsus
3387 2001 3553 2054 tristis
3573 2043 3586 2066 ,
3621 2004 3715 2057 sed

2134 2077 2404 2135 voluntate
2450 2083 2744 2152 suscipiens
2785 2085 3081 2152 tristitiam,
3131 2073 3398 2158 quomodo
3444 2093 3716 2150 voluntate

2133 2170 2427 2238 suscipiens
2456 2188 2702 2239 carnem;
2748 2177 3016 2245 quomodo
3055 2179 3325 2236 voluntate
3363 2197 3576 2237 carnem
3618 2200 3713 2240 vo-

2131 2277 2266 2324 ram,
2294 2263 2372 2318 sic
2397 2264 2673 2322 voluntate
2707 2269 2976 2323 tristitiam
3011 2286 3211 2325 veram.
3246 2272 3334 2328 Sic
3361 2289 3489 2344 ergo
3519 2277 3708 2331 volun-

2134 2362 2239 2409 tate
2265 2357 2282 2387 ¹
2313 2356 2547 2411 ostendit
2574 2359 2626 2413 in
2663 2374 2755 2424 se,
2799 2371 2857 2416 ut
2891 2363 2936 2418 si
2969 2363 3104 2420 forte
3129 2367 3458 2436 subrepserit
3484 2370 3573 2426 tibi
3608 2371 3708 2426 hu-

2129 2461 2282 2500 mana
2328 2447 2634 2518 inﬁrmitas,
2667 2462 2718 2508 et
2757 2456 2980 2524 coeperit
3017 2458 3157 2512 aliud
3189 2460 3324 2514 velle
3364 2477 3523 2531 quam
3569 2465 3707 2520 Deus

2131 2535 2262 2602 vult,
2296 2537 2476 2592 videas
2498 2541 2809 2609 pravitatem
2833 2545 3008 2600 cordis
3032 2548 3102 2599 tui
3129 2558 3279 2602 extra
3300 2551 3554 2621 regulam,
3580 2554 3715 2624 ﬁgas

2128 2625 2254 2679 illud
2293 2627 2358 2682 ad
2401 2631 2666 2700 regulam,
2708 2643 2762 2688 et
2794 2635 3054 2705 dirigatur
3096 2639 3146 2692 in
3183 2639 3346 2694 Deum
3386 2658 3480 2698 cor
3523 2655 3702 2708 tumu,

2125 2718 2265 2786 quod
2297 2718 2348 2773 in
2379 2719 2596 2778 homine
2623 2734 2861 2794 coeperat
2897 2741 3018 2782 esse
3050 2744 3289 2796 pravum.
3321 2730 3409 2786 Sic
3446 2748 3572 2802 ergo
3604 2735 3707 2792 lJo~

2123 2810 2302 2865 minus
2327 2821 2376 2867 te
2401 2813 2689 2868 ostendens
2713 2816 2867 2881 dixit,
2896 2817 3078 2872 Tristis
3104 2830 3175 2873 est
3201 2821 3372 2874 animo
3403 2840 3512 2876 mea
3550 2842 3707 2894 usque

2121 2901 2190 2954 ad
2218 2915 2426 2958 mortem
2439 2919 2458 2967 ;
2499 2914 2550 2959 et
2591 2905 2753 2972 dixit,
2788 2905 2964 2973 Pater,
3005 2910 3050 2963 si
3087 2911 3196 2978 ﬁeri
3235 2920 3390 2981 potest
3421 2924 3640 2968 transmt
3671 2933 3704 2970 α

2119 3009 2199 3046 me
2227 2993 2362 3048 calix
2386 2995 2499 3047 iste.
2529 2995 2634 3049 Sed
2662 2997 2839 3051 statim
2872 2997 2953 3052 fac
2972 2999 3112 3068 quod
3142 3001 3260 3056 ideo
3289 3002 3412 3058 fecit
3436 3013 3492 3056 ut
3523 3015 3571 3058 te
3598 3005 3702 3059 do-

2117 3095 2265 3141 ceret
2288 3104 2301 3139 :
2339 3085 2540 3164 Verum,
2562 3105 2662 3142 non
2688 3089 2822 3156 quod
2845 3106 2935 3158 ego
2963 3092 3089 3154 volo,
3124 3092 3212 3145 sed
3230 3095 3364 3162 quod
3385 3104 3438 3147 tu
3467 3097 3557 3161 vis,
3592 3094 3700 3149 Pa-

2117 3187 2210 3230 ter.
2242 3176 2297 3232 Si
2326 3177 2468 3231 enim
2497 3177 2600 3232 hoc
2630 3178 2890 3244 feceritis,
2919 3180 3177 3250 justitiam
3208 3182 3468 3240 habebitis
3503 3204 3515 3239 :
3547 3186 3591 3240 si
3611 3187 3698 3256 ju-

2115 3265 2313 3320 stitiam
2341 3267 2604 3323 habebitis
2624 3311 2638 3334 ,
2673 3278 2876 3324 rectum
2905 3280 2987 3326 est
3009 3287 3131 3336 cor;
3163 3274 3207 3326 si
3241 3285 3442 3329 rectum
3471 3287 3552 3330 est
3577 3294 3696 3341 cor,

2109 3357 2313 3427 justitia
2353 3358 2438 3421 illa
2482 3375 2600 3428 quae
2629 3360 2788 3416 modo
2830 3362 3053 3428 tolerat,
3099 3374 3444 3420 convertetur
3472 3368 3523 3422 in
3545 3367 3694 3438 judi—

2111 3451 2274 3518 cium,
2302 3460 2356 3506 et
2379 3460 2560 3520 postea
2581 3453 2849 3523 iudicante
2878 3456 3100 3510 Domino
3124 3468 3230 3520 tuo,
3264 3472 3367 3512 non
3391 3458 3559 3514 solum
3583 3477 3692 3516 nou

2110 3557 2432 3613 expavesces
2459 3545 2630 3612 mala,
2674 3546 2768 3601 sed
2808 3549 2967 3602 etiam
3010 3548 3328 3617 gloriaberis
3364 3550 3431 3605 de
3469 3567 3689 3605 corona.

2110 3634 2259 3689 Tunc
2279 3635 2490 3690 ‘vidcbis
2517 3639 2536 3668 ²
2566 3637 2833 3705 quomodo
2857 3638 3139 3706 profecerit
3164 3641 3414 3710 patientia
3445 3643 3572 3704 Dei,
3603 3644 3690 3699 vel

2107 3725 2174 3780 ad
2204 3726 2413 3781 illorum
2439 3741 2672 3796 pmnam,
2702 3730 2784 3782 vel
2810 3729 2875 3782 ad
2901 3739 3042 3783 tuam
3069 3745 3318 3786 coronam
3350 3749 3363 3785 :
3391 3731 3548 3785 modo
3577 3750 3686 3787 non

2107 3816 2288 3883 vides;
2319 3818 2478 3872 crede
2507 3819 2647 3887 quod
2676 3819 2909 3873 nondum
2942 3820 3090 3875 vides
3109 3862 3123 3884 ,
3155 3836 3221 3875 ne
3249 3821 3534 3877 erubescas
3559 3839 3686 3879 cum

2104 3907 2321 3963 videris.
2360 3907 2628 3980 Quousque
2643 3910 2848 3980 justitia
2886 3921 3200 3964 convertatur
3235 3912 3287 3964 in
3311 3912 3606 3980 judicium:
3635 3925 3685 3967 et

2101 4000 2188 4069 qui
2216 3999 2396 4053 habent
2422 4005 2554 4065 eam,
2586 4016 2757 4054 omnes
2784 4010 2918 4054 recto
2942 4011 3059 4054 sunt
3083 4001 3251 4054 corde.

2169 4087 2260 4143 9.0.
2291 4088 2439 4161 [vers.
2464 4089 2574 4163 16.]
2607 4091 2730 4158 Quis
2754 4103 2980 4161 exsurget
3003 4093 3126 4145 mihi
3145 4092 3384 4147 adversus
3404 4095 3685 4165 malignum-

2099 4179 2218 4233 tes?
2255 4189 2343 4233 aut
2377 4180 2487 4248 quis
2518 4182 2749 4235 consistet
2779 4181 2900 4233 mihi
2927 4181 3165 4235 adversus
3187 4193 3449 4250 operantes
3485 4184 3677 4253 iniqui-

2097 4272 2288 4325 tatem?
2317 4271 2643 4327 Persuadent
2669 4273 2815 4326 multi
2851 4273 3008 4326 multa
3042 4273 3210 4338 mala,
3243 4288 3522 4332 susurrare
3552 4291 3675 4331 scr-

2096 4375 2228 4430 pens
2253 4375 2358 4415 non
2389 4361 2582 4415 desinit
2602 4401 2617 4427 ,
2653 4373 2709 4416 ut
2736 4362 2898 4417 facias
2929 4363 3256 4432 iniquitatem
3294 4381 3306 4415 :
3339 4379 3678 4435 quacumque

2094 4461 2146 4506 te
2170 4453 2497 4508 converteris
2517 4495 2531 4518 ,
2563 4453 2698 4508 forte
2718 4454 2760 4508 si
2793 4453 3084 4524 proiecisti,
3117 4457 3312 4523 qua‘t‘is
3341 4470 3460 4509 cum
3493 4457 3675 4527 aliquo

2091 4543 2228 4599 bene
2270 4543 2485 4606 vivere,
2529 4555 2584 4599 et
2626 4545 2708 4599 vix
2741 4546 2982 4610 invenis;
3022 4547 3169 4600 multi
3211 4545 3333 4600 mali
3366 4557 3416 4604 te
3441 4547 3672 4606 circum-

2088 4634 2236 4700 dant,
2268 4637 2389 4706 quia
2423 4652 2584 4705 pauca
2614 4652 2796 4705 grana,
2829 4638 2991 4692 multa
3010 4639 3180 4708 palea.
3211 4638 3379 4695 liabet
3406 4639 3521 4696 haec
3541 4658 3669 4697 area

2085 4740 2246 4794 grana
2269 4741 2383 4789 sua,
2411 4725 2504 4781 sed
2532 4725 2704 4781 adhuc
2731 4726 2992 4782 laborant.
3021 4727 3274 4799 Separata
3304 4745 3430 4800 ergo
3458 4746 3486 4784 a
3513 4734 3668 4803 palea

2087 4825 2192 4872 tota
2223 4833 2394 4872 massa
2424 4818 2638 4888 grandis
2675 4819 2778 4873 erit
2810 4836 2822 4871 :
2855 4834 3022 4890 pauca
3069 4836 3230 4891 grana
3270 4835 3424 4884 sunt,
3472 4824 3565 4879 sed
3610 4825 3664 4880 iu

2083 4909 2478 4976 comparatione
2524 4907 2830 4976 palearum;
2881 4909 3044 4964 multa
3083 4921 3260 4966 autem
3307 4913 3356 4966 iu
3385 4927 3461 4968 se.
3518 4913 3667 4983 Ergo

2082 5014 2202 5054 cum
2233 5000 2460 5070 undique
2488 4999 2610 5053 tnali
2641 5010 3007 5070 perstrepant,
3058 5013 3113 5056 et
3137 5003 3350 5068 dicant,
3380 5004 3555 5071 Quare
3582 5008 3666 5062 sic

2081 5093 2254 5147 vivis?
2283 5102 2336 5148 tu
2367 5093 2512 5148 solus
2536 5093 2858 5148 christiauus
2882 5094 2978 5148 es?
3004 5094 3181 5161 Quare
3211 5112 3315 5151 non
3359 5096 3486 5150 facis
3513 5099 3656 5166 quod

2079 5184 2275 5238 faciunt
2301 5195 2354 5239 et
2379 5185 2512 5238 alii?
2539 5201 2702 5253 quare
2729 5200 2834 5238 non
2865 5195 3096 5254 spectas,
3128 5187 3573 5255 quemadmodum
3603 5200 3662 5244 et.

2076 5275 2206 5329 alii?
2234 5290 2398 5346 quare
2430 5291 2532 5329 non
2572 5275 2806 5330 remedia
2831 5285 2886 5330 et
2924 5275 3172 5346 ligaturas
3201 5277 3466 5333 adhibes?
3492 5293 3661 5347 quare

2076 5382 2181 5422 non
2211 5367 2612 5422 mathematicos
2635 5376 2689 5422 et
2708 5368 2978 5437 aruspices
3003 5369 3260 5428 consulis.
3291 5371 3425 5424 sicut
3452 5367 3611 5424 etalii
3630 5371 3657 5423 2

2137 5547 2154 5577 ι
2189 5545 2316 5593 Fdd.:
2336 5544 2412 5594 sic
2434 5541 2677 5603 tristitiam
2701 5554 2814 5603 ergo
2837 5542 3087 5592 voluntate.
3112 5550 3165 5590 Αι
3190 5550 3290 5590 Mss.
3321 5550 3486 5591 carent
3510 5553 3654 5601 voce,

2071 5607 2342 5666 tristititmt;
2364 5615 2420 5655 et
2441 5605 2563 5662 loco,
2584 5602 2836 5662 voluntate,
2860 5603 3074 5653 noniuulli
3096 5605 3296 5662 habent,
3330 5602 3611 5653 toluntutem
3633 5616 3650 5652 :

2072 5679 2123 5720 et
2142 5680 2398 5778 2Igiiilziiter
2423 5742 2451 5777 c
2474 5728 2608 5778 Corb.
2632 5733 2737 5776 Mss.
2770 5725 2854 5775 Alii
2877 5739 2986 5776 cum
3004 5726 3136 5786 Fdd.,
3162 5725 3305 5776 vides.
