4012 6202
319 348 340 402 ι
352 344 463 404 209

316 554 451 606 istos
488 547 670 604 nescio
707 560 846 616 quos
872 561 886 596 :
913 543 1007 600 sed
1053 542 1388 597 adversarius
1436 543 1666 612 premit,
1712 551 1901 611 urget;

315 641 460 712 quod
491 639 642 709 pejus
666 647 781 702 est,
804 635 1048 704 exemplo
1075 635 1486 690 christianorum
1510 633 1734 694 suﬁ‘ocat
1753 633 1901 688 chri-

314 739 569 805 stianos,
597 729 830 785 Sudatnr
853 770 866 792 ,
911 737 1198 791 aestuatur;
1256 726 1538 782 tribulatur
1563 726 1735 780 anima
1764 725 1902 779 chri-

317 823 489 878 sﬁana
521 839 534 876 :
565 822 784 877 vincere
825 820 983 877 habet
1023 829 1241 883 tamen;
1288 818 1382 874 sed
1426 817 1679 886 numquid
1701 816 1769 871 de
1806 817 1902 872 se?

317 913 445 971 Ideo
483 913 606 969 vide
649 911 776 982 quid
817 911 976 966 dicat.
1026 909 1333 978 Respondet
1371 909 1510 963 enim
1537 949 1552 973 ,
1594 907 1729 975 Quid
1774 906 1902 962 mihi

317 1006 538 1078 prodest
559 1006 682 1076 quia
713 1004 873 1060 modo
901 1004 1030 1059 mihi
1063 1003 1198 1058 facio
1224 1002 1476 1062 remedia,
1500 1011 1554 1056 et
1578 1002 1754 1056 lucror
1775 1015 1903 1070 pau-

315 1113 408 1155 cos
435 1098 592 1154 dies?
643 1111 779 1153 exeo
808 1095 938 1151 hinc
955 1095 1022 1150 de
1051 1096 1154 1150 isto
1191 1094 1388 1148 saeculo
1415 1133 1430 1160 ,
1462 1101 1516 1148 et
1541 1092 1675 1146 vado
1701 1091 1767 1146 ad
1793 1092 1899 1146 Do-

316 1187 524 1243 minam
551 1202 731 1243 meum
759 1188 777 1218 ί
801 1227 818 1250 ,
842 1197 896 1240 et
921 1186 1093 1240 mittet
1112 1200 1199 1240 me
1220 1185 1270 1238 in
1300 1183 1510 1253 ignem;
1542 1183 1662 1252 quia
1695 1196 1902 1250 pracpo-

313 1285 391 1333 sui
424 1293 626 1349 paueos
654 1278 768 1333 dies
793 1277 914 1331 vitm
946 1275 1133 1330 futura:
1154 1317 1168 1340 ,
1202 1275 1374 1330 mittet
1404 1289 1488 1328 me
1523 1273 1577 1327 in
1606 1272 1910 1358 gelieimas.»

315 1369 456 1436 Quas
477 1369 792 1438 gehennas?
836 1367 1046 1423 Eterui
1069 1367 1252 1437 judieii
1281 1355 1584 1430 iJ'éiTVere,
1614 1355 1727 1420 titsi
1748 1375 1899 1436 putas

313 1461 433 1528 quia
465 1461 608 1515 Dens
648 1468 798 1514 curat
843 1459 1110 1529 quomodo
1146 1460 1325 1513 vivant
1368 1458 1651 1513 homines?
1704 1459 1769 1512 Et
1798 1458 1899 1512 hoc

313 1551 450 1608 forte
501 1568 607 1606 non
653 1552 905 1627 inplat'Ea
949 1551 1041 1606 tibi
1069 1551 1195 1605 dicit
1221 1551 1454 1614 amicus,
1506 1549 1600 1604 sed
1641 1549 1694 1603 in
1737 1549 1896 1604 domo

315 1657 451 1697 uxor
469 1683 483 1707 ,
529 1651 622 1698 aut
650 1641 787 1698 forte
816 1643 1038 1698 maritus
1065 1641 1215 1697 uxori
1245 1641 1383 1696 ﬁdeli
1415 1641 1568 1696 bona:
1593 1650 1645 1696 et
1674 1649 1893 1707 sanctze,

310 1731 569 1801 deceptor
594 1733 776 1803 ipsius.
804 1733 857 1788 Si
887 1732 1077 1787 mulier
1105 1733 1296 1786 marito
1315 1773 1328 1796 ,
1361 1733 1468 1786 Eva
1496 1741 1577 1787 est
1600 1733 1704 1796 illi;
1745 1732 1788 1787 si
1818 1733 1898 1786 vir

313 1824 486 1890 uxori,
519 1823 766 1878 diabolus
793 1833 876 1879 est
903 1823 976 1878 illi
1010 1842 1023 1877 :
1055 1833 1147 1878 aut
1173 1825 1285 1895 ipsa
1313 1824 1403 1879 tibi
1437 1825 1542 1878 Eva
1571 1836 1682 1888 est,
1717 1833 1809 1879 aut
1839 1835 1893 1879 tu

311 1913 386 1968 illi
431 1928 657 1982 serpens
692 1899 836 1969 es.r
828 1915 1126 1984 Aliquando
1150 1915 1258 1968 vult
1285 1924 1596 1970 convertere
1624 1925 1772 1983 pater
1797 1929 1892 1969 co-

309 2004 624 2072 gitationem
653 2019 802 2058 suam
835 2003 917 2058 vel
938 2004 1004 2058 ad
1031 2004 1194 2058 filium
1228 2023 1242 2060 :
1275 2004 1474 2058 invenit
1497 2015 1550 2059 et
1579 2005 1747 2074 ipsum
1777 2019 1893 2058 ma—

307 2095 436 2159 lum,
464 2097 880 2165 nequissimum;
909 2104 1116 2162 aestuat,
1145 2095 1383 2156 ﬂuctuat.
1413 2096 1602 2165 quaerit
1627 2095 1894 2164 quomodo

306 2186 520 2251 vincat,
577 2200 742 2254 prope
771 2185 1049 2249 sorbetur,
1097 2185 1260 2256 prope
1299 2186 1591 2248 consentit,
1637 2185 1727 2240 sed
1755 2185 1894 2240 adsit

306 2277 469 2330 Deus.
500 2276 695 2332 Audite
719 2291 846 2346 ergo
875 2276 1143 2332 Psalmum
1179 2294 1193 2331 :
1226 2275 1350 2343 Quis
1378 2286 1610 2346 exsurget
1632 2277 1774 2338 mihi,
1805 2276 1889 2329 in-

304 2368 439 2438 quit,
465 2367 705 2422 adversus
729 2368 1101 2438 malignantes?
1130 2368 1257 2422 Tam
1285 2368 1436 2422 multi
1455 2378 1608 2432 sunt;
1638 2383 1891 2438 quacum-

305 2475 409 2528 que
439 2458 704 2527 respicio,
754 2460 850 2527 ipsi
893 2470 1196 2514 occurrunt.
1246 2459 1374 2526 Quis
1402 2470 1643 2514 occurret
1668 2460 1888 2529 principi

304 2550 603 2621 iniquitatis
630 2550 843 2606 diabolo
863 2591 878 2617 ,
921 2559 974 2607 et
997 2551 1202 2622 angelis
1223 2551 1360 2622 ejus,
1387 2559 1442 2606 et
1475 2550 1776 2606 hominibus
1799 2567 1888 2608 se-

304 2639 478 2694 ductis
503 2639 572 2693 ab
594 2640 702 2695 eo?

372 2731 462 2785 9.1.
507 2729 656 2804 [vers.
692 2728 802 2802 17.]
844 2729 960 2784 Nisi
984 2732 1104 2800 quia
1128 2728 1410 2796 Dominus,
1455 2731 1653 2800 inquit,
1695 2731 1888 2802 adjuvit

304 2838 419 2886 me,
468 2822 625 2891 paulo
668 2822 832 2874 minus
878 2821 1185 2875 habitaverat
1222 2821 1275 2873 in
1320 2821 1517 2891 inferno
1555 2822 1725 2874 anima
1753 2838 1882 2875 mea.

304 2914 478 2981 PrOpe
515 2928 726 2967 rueram
758 2912 808 2965 in
853 2911 992 2964 illam
1026 2910 1218 2968 fossam
1246 2927 1364 2980 qua:
1398 2920 1607 2979 paratur
1641 2921 1886 2980 peccato-

303 3005 450 3058 ribus
481 3021 496 3055 :
526 3004 628 3056 hoc
655 3013 756 3068 est,
791 3002 943 3072 paulo
960 3001 1126 3056 minus
1150 3001 1202 3056 in
1224 3003 1422 3072 inferno
1443 3002 1747 3056 habitaverat
1769 3004 1883 3057 ani-

303 3112 385 3147 ma
415 3111 544 3148 mea.
590 3093 720 3161 Quia
748 3094 856 3162 jam
884 3093 1138 3158 nutabat,
1167 3092 1273 3161 jam
1303 3107 1468 3162 prope
1496 3093 1880 3158 consentiebat,

303 3187 541 3256 respexit
568 3186 636 3240 ad
666 3185 967 3241 Dominum.
1005 3183 1071 3240 Ut
1100 3193 1223 3254 puta
1250 3225 1264 3248 ,
1295 3184 1440 3239 verbi
1469 3185 1634 3254 gratia
1656 3225 1670 3249 ,
1716 3185 1883 3238 insul-

303 3277 513 3330 labatur
553 3275 668 3341 illi,
713 3284 770 3328 ut
798 3275 993 3331 faceret
1023 3276 1369 3344 iniquitatem.
1420 3274 1883 3345 Aliquandoenim

303 3376 630 3438 congregant
658 3383 717 3423 se
745 3368 906 3432 mali,
952 3376 1007 3422 et
1044 3367 1298 3422 insultant
1335 3367 1528 3433 bonis;
1577 3367 1811 3421 maxime
1839 3367 1884 3421 si

302 3458 497 3512 fuerint
524 3458 601 3512 illi
629 3458 809 3527 plures
827 3497 844 3524 ,
871 3465 926 3512 et
962 3458 1198 3527 ceperint
1231 3457 1377 3512 illum
1404 3472 1588 3520 unum,
1616 3457 1883 3526 quomodo

300 3549 584 3620 aliquando
618 3550 780 3602 multa
808 3549 955 3617 palea
989 3558 1070 3602 est
1107 3548 1246 3602 circa
1288 3563 1449 3600 unum
1476 3562 1696 3618 granum
1736 3548 1883 3618 (tunc

301 3657 406 3694 non
435 3648 596 3694 erunt
621 3638 781 3692 simul
810 3653 931 3692 cum
977 3636 1134 3691 fuerit
1172 3652 1343 3691 massa
1389 3636 1658 3707 ventilata)
1688 3655 1701 3690 :
1735 3637 1884 3705 capi-

305 3742 385 3786 tur
413 3733 555 3786 inter
592 3731 788 3785 multos
815 3728 1021 3797 iniquos
1047 3727 1167 3794 ille,
1198 3727 1481 3783 insultatur
1511 3728 1620 3794 illi,
1653 3728 1883 3782 circum-

305 3824 547 3887 venitur;
595 3834 955 3890 superponere
995 3835 1054 3874 se
1087 3821 1269 3874 volunt
1299 3819 1371 3873 illi
1398 3862 1409 3881 ,
1439 3820 1704 3889 exagitant
1732 3819 1882 3889 quasi

299 3916 528 3990 justum,
578 3923 634 3968 et
663 3913 918 3968 insultant
955 3912 1105 3982 quasi
1133 3912 1200 3966 de
1230 3913 1340 3981 ipsa
1370 3898 1565 3980 iustitia
1598 3929 1610 3965 :
1641 3911 1876 3980 Magnus,

303 4006 564 4075 inquiunt,
582 4004 886 4072 apostolus;
919 4003 972 4056 in
992 4003 1186 4057 caelum
1203 4001 1412 4067 volasti,
1431 4000 1699 4070 quomodo
1718 4001 1908 4056 Elias.‘

302 4096 524 4152 Faciunt
553 4095 796 4150 homines
829 4095 947 4159 ista,
991 4094 1061 4148 ita
1090 4102 1146 4147 ut
1171 4091 1458 4162 aliquando
1483 4091 1767 4146 attendens
1812 4092 1880 4147 ad

303 4189 536 4260 linguam
565 4188 873 4251 humanam,
895 4187 1174 4242 erubescat
1193 4199 1313 4241 esse
1334 4184 1505 4240 bonus
1530 4185 1670 4240 inter
1690 4185 1877 4239 malus.

302 4281 536 4336 Resistat
563 4294 692 4350 ergo
732 4281 916 4345 malis;
966 4279 1058 4334 sed
1099 4293 1204 4334 non
1232 4278 1298 4332 de
1322 4278 1523 4333 viribus
1547 4279 1678 4346 suis,
1711 4292 1779 4332 ne
1807 4276 1884 4332 el-

305 4373 512 4428 ﬁciatnr
533 4372 796 4442 superbus
817 4415 832 4438 ,
859 4387 981 4427 cum
1011 4372 1124 4427 vult
1142 4370 1367 4427 evadere
1397 4372 1675 4442 superbos,
1712 4380 1766 4426 et
1789 4386 1882 4425 au-

299 4477 424 4536 geat
465 4480 742 4521 numerum
785 4465 1155 4536 superborum.
1199 4463 1305 4520 Sed
1333 4463 1456 4534 quid
1484 4464 1656 4518 dicat?
1700 4481 1719 4514 ι
1753 4462 1882 4530 Quis

301 4567 554 4628 exsurget
577 4557 702 4612 mihi
731 4557 986 4612 adversus
1011 4557 1358 4626 malignantes
1383 4557 1406 4610 ?
1435 4565 1526 4610 aut
1554 4556 1675 4626 quis
1702 4555 1880 4611 consi-

299 4659 406 4705 stet
434 4649 565 4703 mihi
603 4649 860 4704 adversus
890 4656 1175 4717 operantes
1212 4647 1584 4717 iniquitatem?
1624 4646 1733 4701 Nisi
1759 4645 1881 4716 quia

302 4740 564 4795 Dominus
590 4739 790 4809 adjuvit
816 4753 922 4803 me,
953 4739 1114 4808 paulo
1138 4737 1318 4796 minus
1340 4721 1675 4796 habitaverat
1705 4737 1754 4790 in
1793 4737 1879 4791 in-

297 4829 455 4886 ferno
482 4830 661 4886 anima
690 4844 827 4883 mea.
865 4849 884 4882 ι

369 4919 470 4982 22.
497 4919 650 4992 [rem
683 4919 771 4984 l8,
805 4917 916 4990 19.]
942 4917 1000 4974 Si
1027 4917 1272 4985 dicebam,
1303 4916 1470 4971 Motus
1499 4927 1570 4970 est
1595 4933 1680 4986 pes
1707 4933 1842 4970 meus
1863 4933 1882 4981 ;

299 5012 653 5068 misericordia
691 5021 778 5064 tua
804 5053 819 5076 ,
859 5010 1108 5076 Domine,
1139 5010 1408 5080 adjuvabat
1433 5026 1530 5063 me.
1581 5008 1708 5062 Vide
1747 5023 1882 5077 quo-

298 5105 460 5161 modo
485 5104 874 5159 confessionem
901 5112 1042 5157 amat
1070 5102 1230 5157 Deus.
1275 5102 1513 5157 Movetur
1542 5116 1634 5172 pes
1662 5111 1800 5166 tuus,
1829 5111 1883 5155 et

298 5210 404 5250 non
432 5193 589 5262 dicis,
622 5193 864 5248 Movetur
887 5207 980 5261 pes
1004 5208 1156 5246 meus
1180 5209 1193 5257 ;
1223 5193 1316 5248 sed
1337 5203 1480 5248 stare
1503 5202 1553 5247 te
1578 5192 1732 5256 dicis,
1761 5208 1880 5246 cum

293 5288 401 5355 jam
431 5299 581 5340 ruas.
613 5285 725 5338 lmo
749 5284 793 5338 si
822 5283 930 5353 jam
963 5283 1170 5352 coepisti
1199 5284 1434 5348 moveri,
1464 5283 1506 5338 si
1532 5285 1642 5352 jam
1673 5283 1880 5351 coepisti

295 5374 591 5443 ﬂuctuare,
621 5377 876 5433 conﬁtere
905 5384 1103 5430 motum
1125 5415 1142 5440 ,
1185 5389 1252 5430 ne
1295 5375 1510 5445 plangas
1541 5377 1779 5440 ruinam;
1828 5385 1885 5430 ut

296 5470 519 5539 adjuvet
546 5479 596 5526 te
624 5469 743 5533 ille,
787 5483 854 5523 ne
883 5467 936 5521 in
973 5465 1179 5522 inferno
1204 5467 1274 5520 sit
1309 5466 1484 5520 anima
1520 5475 1627 5522 tua.
1656 5465 1881 5520 Confes-

295 5562 508 5616 sionem
548 5561 660 5614 vult
705 5560 876 5623 Deus.
923 5557 1275 5613 humilitatem
1318 5558 1449 5612 vult.
1495 5557 1667 5612 Motus
1697 5573 1754 5612 es
1778 5600 1794 5621 ,
1829 5565 1884 5611 ut

300 5653 468 5708 homo
495 5671 510 5719 ;
537 5652 750 5722 adjuvat
769 5660 822 5706 te
851 5651 960 5717 ille,
993 5660 1050 5705 ut
1078 5650 1220 5706 Deus
1253 5667 1266 5702 :
1298 5650 1392 5706 sed
1421 5651 1506 5706 die
1533 5659 1732 5718 tamen,
1770 5650 1886 5703 Mo-

361 5767 383 5796 ³
417 5767 547 5812 Mssa
571 5770 700 5812 Exeo
719 5759 837 5811 illuc
859 5759 925 5810 ad
959 5757 1227 5822 Dominum,
1254 5767 1348 5810 etc.

1417 334 1814 392 ENARRATIO
1853 335 1917 391 IN
1955 335 2276 394 PSALMUM
2306 337 2482 392 XClll.

313 469 369 514 ct
399 467 457 511 tu
487 454 664 525 signas
689 459 741 508 te
761 493 776 517 ,
806 459 862 505 et
885 448 1040 510 dicis.
1072 447 1402 504 Christianus
1426 462 1566 514 sum,
1597 457 1654 503 ut
1677 447 1906 517 repellas

3457 350 3595 410 uno

2014 458 2093 504 tus
2116 460 2187 504 est
2215 467 2302 518 pes
2335 467 2496 506 meus.
2542 451 2718 519 Quare
2737 454 2846 525 jam
2879 461 3110 522 moveris
3133 503 3148 527 ,
3177 470 3230 518 et
3254 461 3390 519 dicis
3412 506 3426 530 ,
3455 464 3590 523 Sto?

2012 538 2073 593 Si
2105 541 2361 606 dicebant,
2407 541 2578 597 Motus
2624 555 2696 598 est
2734 563 2820 614 pes
2856 541 3048 615 meus;
3077 553 3419 609 misericordia
3461 565 3584 614 tua.

2008 628 2245 699 Domine,
2268 634 2541 703 adiuvabat
2567 653 2664 691 me.
2689 637 2964 706 Quomodo
2991 648 3323 720 prtesumpsit
3374 649 3585 715 Petrus,

2007 735 2114 776 non
2162 722 2212 776 in
2259 724 2458 780 viribus
2501 727 2632 780 suis.
2688 723 2992 802 Videbatur
3015 736 3268 793 Dominus
3311 740 3588 795 ambulare

2006 826 2167 882 super
2205 829 2379 881 mare,
2427 817 2637 873 calcans
2670 821 2840 889 capita
2857 806 3100 886 ,emttium
3142 831 3489 898 superborum
3521 833 3573 886 in

2008 903 2110 958 isto
2146 907 2361 960 saeculo.
2408 908 2584 977 ipsum
2613 910 2713 966 iter
2739 926 2896 974 suum
2918 917 3172 975 calcantis
3192 921 3364 990 capita
3390 935 3581 990 super-

2007 995 2223 1061 borum,
2269 1001 2595 1081 signiﬁcavit
2613 1005 2892 1081 ambulans
2921 1025 3082 1080 super
3109 1013 3336 1068 tumidos
3369 1013 3581 1069 ﬂuctus.

2005 1089 2185 1146 Calcat
2210 1101 2263 1147 et
2302 1072 2595 1152 Ecclesia“?
2609 1075 2736 1154 nam
2770 1103 2878 1170 ipsa
2907 1112 2992 1157 est
3017 1103 3223 1160 Petrus.
3259 1105 3376 1161 Non
3405 1108 3581 1163 ta‘men

2005 1173 2272 1263 ῼιμξκδ-ιξά
2300 1187 2489 1242 Petrus
2512 1206 2606 1258 per
2634 1194 2867 1261 seipsum
2894 1196 3163 1251 ambulare
3191 1212 3354 1268 super
3373 1215 3574 1270 aquas:

2003 1276 2096 1330 sed
2123 1277 2247 1347 quid
2277 1279 2392 1333 ait?
2431 1280 2655 1337 Domine
2677 1325 2691 1347 ,
2721 1285 2767 1338 si
2792 1296 2844 1338 tu
2876 1302 2927 1340 es
2947 1326 2962 1351 ,
3003 1287 3125 1355 jube
3150 1305 3227 1340 me
3255 1290 3423 1344 venire
3445 1290 3512 1342 ad
3534 1300 3582 1346 te

2001 1382 2151 1435 super
2193 1385 2367 1438 aquas.
2411 1371 2502 1427 llle
2532 1374 2582 1427 in
2628 1384 2886 1442 potestate
2925 1391 3018 1430 sua
3042 1417 3058 1443 ,
3104 1377 3292 1433 Petrus
3332 1379 3385 1432 in
3425 1378 3577 1448 jussu

2003 1457 2161 1513 illius.
2193 1459 2354 1526 Jube,
2390 1463 2588 1532 inquit,
2619 1467 2784 1520 venire
2805 1484 2882 1521 me
2910 1468 2977 1521 ad
3014 1478 3080 1523 te.
3130 1469 3423 1539 Respondit
3448 1471 3534 1527 ille
3560 1488 3574 1524 :

2012 1548 2154 1604 Veni.
2199 1551 2384 1607 Calcat
2419 1555 2560 1609 enim
2601 1566 2656 1612 et
2696 1557 2931 1613 Ecclesia
2973 1559 3144 1628 capita
3188 1559 3575 1630 superborum;

1999 1642 2094 1697 sed
2119 1643 2237 1712 quia
2265 1645 2496 1702 Ecclesia
2525 1657 2606 1702 est
2626 1657 2681 1702 et
2702 1650 2859 1704 habet
2885 1651 3241 1706 inlirmitatcm
3267 1652 3572 1720 humanam,

2001 1743 2058 1788 ut
2096 1738 2483 1806 compleretur,
2539 1740 2614 1794 Si
2647 1741 2871 1794 dicebam
2897 1783 2909 1806 ,
2960 1743 3133 1798 illotus
3179 1754 3252 1798 est
3292 1759 3378 1813 pes
3417 1761 3578 1812 meus,

1999 1824 2242 1878 titubavit
2267 1826 2455 1882 Petrus
2483 1829 2534 1882 in
2567 1830 2720 1895 mari,
2750 1840 2805 1885 et
2829 1832 3182 1887 exclamavit:
3205 1833 3435 1898 Domine,
3461 1851 3579 1904 per-

1998 1930 2076 1969 eo.
2110 1915 2256 1981 Quod
2286 1931 2412 1987 ergo
2444 1919 2530 1974 hic
2583 1920 2813 1989 positum
2841 1931 2955 1986 est,
3002 1922 3064 1977 Si
3108 1923 3364 1989 dicebam,
3404 1923 3576 1977 Motus

1997 2016 2068 2058 est
2087 2023 2174 2073 pes
2203 2024 2340 2061 meus
2364 2027 2382 2072 ;
2411 2009 2512 2065 hoc
2532 2011 2603 2064 ibi
2632 2011 2859 2079 positum
2891 2021 2972 2066 est
2992 2054 3006 2078 ,
3035 2013 3265 2077 Domine,
3302 2031 3468 2084 pereo.
3501 2015 3572 2068 Et.

1995 2096 2137 2165 quod
2161 2096 2244 2152 hic
2271 2099 2496 2168 positum
2524 2110 2638 2165 est,
2669 2101 3022 2157 Misericordia
3044 2113 3129 2157 tua
3151 2145 3166 2171 ,
3206 2104 3449 2171 Domine,
3475 2106 3574 2158 ad-

1987 2180 2196 2250 juvabat
2217 2198 2329 2245 me;
2366 2182 2465 2238 hoc
2495 2185 2562 2239 ibi
2596 2184 2824 2254 positmn
2845 2195 2928 2241 est
2950 2227 2965 2251 ,
3001 2185 3234 2241 Porrexit
3253 2205 3456 2242 manum
3481 2187 3574 2242 Je-

1994 2289 2078 2326 sus
2098 2274 2283 2338 dicens,
2319 2275 2538 2330 Modica:
2563 2279 2683 2346 ﬁdei
2698 2320 2712 2343 ,
2741 2279 2917 2348 utquid
2942 2280 3180 2334 dubitasti
3205 2281 3416 2351 (Matth.
3452 2297 3572 2348 xlv,

1992 2363 2225 2434 25-51)?
2265 2366 2454 2425 Mirum
2482 2377 2564 2423 est
2591 2369 2859 2438 quomodo
2885 2370 3072 2440 probat
3103 2371 3240 2427 Deus
3285 2371 3528 2427 homines
3552 2389 3566 2425 :

1992 2458 2104 2525 ipsa
2138 2457 2369 2526 pericula
2409 2469 2586 2514 nostra
2619 2461 2635 2491 ί
2664 2458 2955 2515 dulciorem
2997 2461 3150 2516 nobis
3194 2460 3394 2522 faciunt
3435 2461 3568 2516 libe-

1992 2556 2218 2602 rantem.
2248 2547 2377 2602 Nam
2407 2549 2583 2605 videte
2603 2550 2743 2620 quod
2771 2551 3028 2621 sequitur.
3061 2551 3194 2618 Quia
3216 2551 3376 2618 dixit,
3402 2551 3462 2608 Si
3487 2552 3568 2604 di-

1991 2641 2183 2706 cebam,
2216 2641 2386 2695 Motus
2415 2650 2484 2696 est
2513 2658 2596 2711 pes
2617 2658 2792 2706 mens;
2827 2643 3170 2698 misericordia
3187 2651 3294 2710 tua,
3325 2641 3565 2707 Domine,

1990 2734 2260 2804 adjuvabat
2289 2751 2366 2788 me
2395 2734 2606 2789 :dulcis
2633 2735 2708 2790 illi
2752 2736 2932 2805 utique
2972 2734 3142 2791 factus
3168 2743 3252 2790 est
3290 2734 3566 2800 Dominus,

1990 2825 2220 2895 eripiens
2265 2825 2410 2880 illum
2453 2841 2482 2879 a
2509 2826 2795 2895 periculis;
2847 2835 2903 2881 et
2943 2826 3064 2881 ideo
3098 2839 3370 2898 exponens
3399 2825 3564 2895 ipsiim

1990 2915 2324 2970 dulcedinem
2361 2914 2613 2981 Domini,
2655 2915 2918 2970 exclamat
2944 2917 3164 2981 dicens,
3212 2915 3461 2981 Domine,
3489 2931 3572 2970 se-

1987 3009 2211 3064 cundum
2241 3009 2609 3062 umltitudinem
2634 3009 2864 3061 dolorum
2903 3024 3132 3062 meorum
3156 3009 3218 3061 in,
3250 3005 3402 3062 corde
3433 3022 3565 3070 meo,

1988 3101 2356 3154 exhortationes
2391 3110 2490 3153 tua:
2505 3099 2913 3175 jucundavevuut
2946 3099 3166 3152 animam
3193 3114 3373 3152 meam.
3419 3097 3568 3152 Multi

1987 3192 2233 3255 dolores,
2276 3190 2371 3245 sed
2413 3191 2592 3244 multis
2625 3189 3018 3246 consolationes
3048 3208 3061 3244 :
3095 3205 3274 3244 amara
3318 3189 3559 3254 vulnera,

1987 3283 2081 3339 sed
2107 3284 2286 3337 suavia
2310 3282 2718 3336 medicamenta.

2056 3375 2145 3431 25.
2179 3374 2328 3448 [vers.
2360 3372 2479 3447 20.]
2509 3373 2772 3442 Numquid
2793 3373 3016 3427 adliceret
3043 3371 3128 3425 tibi
3154 3369 3294 3428 sedes
3323 3369 3565 3436 iniquita-

1987 3468 2071 3534 εἰς,
2103 3469 2187 3536 qui
2229 3468 2383 3539 ﬁngis
2416 3465 2642 3521 dolorem
2666 3467 2718 3519 in
2742 3465 3027 3536 praecepto?
3062 3465 3171 3519 Hoc
3195 3463 3327 3518 dixit
3353 3505 3367 3528 ,
3398 3461 3568 3516 Nemo

1989 3559 2139 3612 sedet
2165 3570 2338 3613 tecum
2371 3558 2582 3628 iniquus
2601 3599 2616 3622 ,
2664 3571 2762 3611 nec
2793 3565 2848 3610 tu
2876 3555 3056 3610 sedem
3087 3555 3377 3624 iniquitatis
3399 3553 3564 3608 liabe-

1988 3650 2089 3704 bis.
2135 3650 2200 3703 Et
2241 3648 2379 3703 unde
2424 3649 2524 3703 hoc
2569 3647 2854 3716 intelligat,
2904 3645 3074 3700 reddit
3112 3645 3423 3699 rationem:
3467 3642 3566 3714 Qui

1988 3742 2158 3811 fingis,
2187 3741 2376 3811 inquit,
2409 3739 2632 3793 dolorem
2654 3739 2705 3790 in
2731 3746 2995 3806 prazcepto.
3027 3735 3104 3788 Ex
3124 3734 3225 3788 hoc
3247 3734 3390 3788 enim
3413 3733 3570 3786 intel-

1987 3832 2092 3902 ligo
2122 3831 2263 3902 quod
2295 3846 2400 3884 non
2453 3829 2543 3883 tibi
2587 3827 2827 3881 adhaeret
2865 3825 3021 3880 sedes
3061 3823 3351 3892 iniquitatis
3375 3862 3391 3889 ,
3442 3823 3562 3891 quia

1986 3939 2086 3979 nee
2118 3923 2271 3977 nobis
2307 3919 2609 3991 pepercisti.
2643 3919 2824 3973 llabcs
2851 3916 2952 3972 hoc
2992 3914 3308 3984 inEpistola
3339 3913 3566 3982 apostoli

1987 4013 2168 4077 Petri,
2197 4020 2251 4068 et
2290 4010 2357 4065 ad
2398 4009 2500 4064 hoc
2538 4007 2897 4063 testimonium
2929 4005 3106 4076 posuit
3143 4004 3212 4059 de
3241 4003 3514 4073 Scriptura
3544 4020 3560 4058 :

1985 4105 2202 4174 Tempus
2219 4111 2310 4168 est,
2335 4101 2428 4165 ait,
2450 4099 2781 4154 inchoationis
2791 4098 2975 4168 judicii
2999 4113 3062 4152 ex
3081 4097 3230 4150 domo
3247 4094 3488 4159 Domini;
3513 4095 3565 4151 id

1984 4205 2102 4263 est,
2146 4203 2354 4264 tempus
2385 4201 2469 4248 est
2496 4201 2552 4246 ut
2578 4190 2737 4244 modo
2757 4189 3062 4259 judicentur
3087 4189 3174 4258 qui
3205 4187 3473 4257 pertinent
3495 4186 3562 4241 ad

1985 4291 2198 4345 domum
2231 4286 2462 4341 Domini.
2485 4283 2540 4340 Si
2567 4281 2897 4352 ﬁagellantur
2926 4280 3051 4346 ﬁlii,
3079 4278 3204 4349 quid
3226 4276 3420 4333 debent
3445 4291 3578 4346 spe-'

1987 4399 2106 4438 rare
2149 4381 2286 4436 servi
2337 4376 2689 4448 nequissimi?
2741 4375 2971 4444 Ideoque
3014 4370 3256 4427 addidit:
3292 4368 3353 4425 Si
3395 4378 3564 4422 autem

1984 4476 2186 4530 initium
2208 4490 2240 4527 a
2267 4473 2408 4526 nobis
2429 4513 2443 4536 ,
2487 4470 2596 4542 quis
2631 4470 2746 4538 linis
2782 4483 2956 4521 eorum
2975 4467 3076 4535 ,qui
3106 4480 3204 4520 non
3239 4463 3449 4518 credunt
3472 4460 3571 4514 Dei

1987 4565 2307 4636 Evangelia?
2356 4562 2556 4618 Deinde
2597 4559 2838 4629 adjungit
2873 4557 3003 4613 illud
3052 4555 3410 4612 testimonium
3450 4571 3462 4607 :
3497 4552 3564 4606 Et

1985 4664 2029 4717 si
2041 4662 2212 4732 justus
2235 4659 2320 4713 via:
2346 4653 2638 4718 salvabitur,
2674 4661 2902 4722 peccator
2930 4659 2984 4703 et.
3001 4649 3186 4718 impius
3211 4648 3296 4702 ubi
3322 4645 3567 4716 parebunt

1989 4754 2030 4828 (ι
2059 4753 2200 4808 Petr.
2229 4766 2303 4816 tv,
2333 4749 2422 4815 Π,
2451 4746 2584 4818 18)?
2622 4743 2901 4810 Quomodo
2929 4757 3055 4812 ergo
3081 4749 3240 4802 emnt
3267 4749 3442 4796 tecum
3465 4739 3566 4792 ini-

1986 4845 2074 4913 qui
2097 4884 2111 4906 ,
2139 4839 2351 4911 quando
2375 4853 2473 4894 nec
2499 4836 2602 4890 tuis
2631 4834 2874 4889 ﬁdelibus
2913 4833 3124 4902 parcis,
3152 4840 3208 4886 ut
3232 4844 3484 4886 exerceas
3513 4837 3570 4882 ct

1987 4938 2199 4992 erudias
2245 4936 2381 4990 eos?
2429 4931 2533 4987 Sed
2561 4929 2681 5000 quia
2727 4936 2942 4998 propter
2987 4927 3087 4980 hoc
3113 4940 3216 4980 non
3261 4924 3460 4992 parcit,
3510 4928 3566 4974 ut

1986 5027 2226 5090 erudiat;
2269 5024 2389 5078 ideo
2413 5021 2586 5086 dixit,
2637 5015 2734 5086 Qui
2761 5019 2910 5088 ﬁngis
2936 5016 3160 5070 dolorem
3202 5016 3254 5068 in
3294 5021 3563 5083 praecepto.

1992 5116 2170 5185 Fingis
2199 5115 2338 5169 enim
2367 5121 2450 5167 est
2473 5155 2486 5178 ,
2540 5111 2693 5165 Facis
2734 5109 2929 5163 formas
2951 5149 2966 5174 ,
3015 5107 3245 5176 plasmas
3273 5121 3287 5169 ;
3347 5102 3486 5158 unde
3513 5112 3568 5157 et
3641 5118 3648 5121 ·

1991 5208 2132 5277 ﬁguli
2159 5206 2422 5268 dicuntur,
2452 5213 2507 5257 et
2534 5219 2626 5257 vas
2649 5202 2807 5256 lictile
2830 5199 3023 5254 dicitur
3055 5217 3068 5252 :
3103 5214 3209 5252 non
3237 5198 3414 5252 ﬁctum
3440 5196 3567 5251 illud

1989 5298 2129 5369 quod
2159 5295 2492 5350 mendacium
2520 5305 2629 5357 est;
2678 5291 2770 5347 sed
2795 5290 2935 5360 quod
2974 5289 3234 5344 formatur
3262 5297 3319 5342 ut
3356 5286 3460 5352 sit,
3514 5295 3570 5343 et

1992 5390 2182 5459 habeat
2206 5387 2432 5456 aliquam
2463 5384 2718 5450 formam,
2757 5383 2894 5438 sicut
2921 5379 3234 5451 jamdudum
3260 5379 3395 5434 dixit
3417 5420 3430 5444 ,
3468 5380 3571 5446 Qui

1929 5531 1932 5535 .
1991 5484 2136 5552 ﬁnxit
2167 5481 2386 5542 oculum,
2411 5495 2512 5532 non
2549 5476 2768 5530 videbit?
2809 5474 3070 5544 Numquid
3092 5514 3107 5540 ,
3155 5474 3306 5542 ﬁnxit
3346 5473 3570 5540 oculum,

1991 5571 2326 5629 mendacium
2369 5567 2485 5623 est?
2534 5567 2637 5622 Sed
2663 5565 3002 5636 intelligitur,
3028 5565 3315 5622 Plasmavit
3333 5565 3568 5632 oculum,

2055 5692 2071 5722 ι
2107 5696 2214 5738 Mss.
2229 5703 2241 5737 :
2258 5686 2431 5738 Mirum
2454 5689 2542 5745 est,
2567 5685 2692 5750 quod
2718 5691 2848 5736 Deus
2869 5683 3037 5748 probat
3059 5681 3344 5750 hominibus,
3365 5685 3471 5750 ipsa
3489 5697 3574 5749 pc-

1994 5750 2168 5812 ricula,
2194 5758 2288 5800 etc.
2311 5751 2382 5800 sic
2401 5750 2544 5800 etiam
2568 5747 2713 5798 editio
2735 5756 2838 5799 am.
