3984 6204
375 357 502 413 ΕΗ

364 461 487 512 ωιτη
514 455 744 512 oculum
787 403 976 512 Noun}:
1004 440 1194 512 figulus
1218 447 1297 494 est
1322 480 1336 505 ,
1377 451 1496 492 cum
1525 435 1757 506 fragiles,
1790 432 1937 486 infir-

369 563 504 610 mos,
535 557 587 602 et
616 555 853 601 ιει-ι-εηοε
882 544 898 575 ι
926 526 1090 600 [ἀείιῖ
1132 528 1267 583 Audi
1295 527 1604 596 Apostolutn
1637 526 1896 579 dicentem
1929 540 1943 575 :

371 639 626 694 llubemm
664 641 946 692 thesaurum
981 623 1138 694 {stum
1180 622 1232 675 in
1272 620 1402 675 vasis
1449 619 1684 689 fictilibus
1718 617 1785 687 (ll
1829 616 1946 670 (lor.

379 639 626 694 flubemm
664 641 946 692 thesaurum
1007 632 1138 677 stum
1180 623 1232 675 in
1272 623 1402 675 vasis
1449 623 1684 689 ﬁctilibus
1718 623 1785 687 (ll
1829 623 1946 670 (ζον.

379 747 429 784 ιν
449 771 465 796 ,
494 728 572 798 7).
620 728 726 783 sed
762 726 896 780 (οι-ιο
919 623 1243 808 διίῐδδηιοὶιὶε
1270 708 1392 764 fecit
1420 709 1534 763 haec
1559 709 1726 762 vasa?
1773 707 1948 776 ipsum

373 794 495 873 audi
525 794 787 872 dicentem
817 832 830 868 ε
861 833 879 866 ι
914 813 959 869 0
980 794 1166 882 ὴοηῖειι
1199 810 1252 854 ιιι
1274 800 1392 870 quis
1421 813 1478 852 es
1506 798 1594 867 qui
1625 794 1949 865 reSpondeas

376 909 526 965 Deo?
551 906 814 977 Numquid
835 905 961 960 dicit
984 896 1292 977 figmenmm
1318 891 1365 945 ei
1390 891 1478 960 qui
1506 904 1564 943 se
1588 889 1757 951 finxit,
1776 889 1952 977 Quare

376 909 526 965 Deo?
551 906 814 977 Numquid
835 905 961 960 dicit
984 903 1176 974 figmen
1243 907 1292 944 In
1318 896 1365 945 ei
1390 896 1478 960 qui
1506 904 1564 943 se
1588 896 1757 951 finxit,
1776 896 1952 954 Quare

374 999 452 1054 sic
478 1012 564 1053 tne
593 995 798 1052 fecisti?
851 996 1040 1049 Annon
1071 896 1813 1140 habmulus
1857 974 1953 1030 luti

376 1106 436 1140 ex
468 1089 654 1140 eadem
687 1100 857 1140 massa
887 1083 1064 1139 facere
1089 1080 1228 1137 aliud
1268 1093 1368 1133 vas
1385 1075 1436 1132 tn
1639 1137 1644 1140 _
1679 1084 1733 1140 in
1755 1107 1770 1133 ,
1809 1065 1953 1120 aliud

376 1106 436 1143 ex
468 1089 654 1144 eadem
687 1100 857 1142 massa
887 1083 1064 1139 facere
1089 1080 1228 1137 aliud
1268 1065 1733 1144 vamtu
1755 1107 1770 1133 ,
1809 1065 1955 1120 aliud

381 1179 432 1232 in
462 1143 835 1233 contumeliam
863 1195 880 1228 ι
917 1174 1094 1242 (Rom.
1125 1188 1180 1226 ιιι
1203 1213 1218 1239 ,
1247 1170 1348 1237 9.0,
1374 1168 1511 1238 ‘21)?
1545 1166 1671 1220 Vide
1693 1143 2006 1251 Μ

378 1270 660 1324 Dominum
690 1267 957 1322 Christum
979 1305 994 1329 ,
1039 1263 1163 1335 quia
1192 1261 1421 1316 ostendit
1455 1274 1514 1314 se
1543 1258 1775 1328 figulum.
1820 1253 1952 1309 Nam

377 1359 499 1429 quia
526 1357 592 1412 de
632 1357 756 1411 limo
805 1355 1074 1410 hominem
1109 1353 1302 1408 fecerat
1340 1349 1490 1422 (Gen.
1520 1364 1588 1414 ιι,
1611 1350 1667 1416 7)
1689 1387 1704 1412 ,
1736 1345 1802 1400 de
1829 1345 1954 1398 limo

379 1451 584 1506 innnxit
611 1450 695 1505 cui
726 1449 900 1504 minus
939 1449 990 1502 in
1031 1457 1184 1502 utero
1221 1446 1405 1500 oculos
1435 1441 1631 1497 fecerat
1657 1437 1836 1510 (Joan.
1870 1453 1952 1503 ix,

381 1542 516 1613 f-6).
547 1541 688 1612 Ergo
713 1540 852 1611 quod
880 1539 1028 1603 dixit,
1058 1536 1321 1607 Numquid
1341 1535 1564 1588 adhwret
1585 1531 1672 1584 tibi
1695 1530 1836 1585 sedes
1859 1527 1958 1582 ini-

381 1635 619 1704 quitatis,
651 1633 741 1703 qui
771 1633 919 1702 ﬁngis
941 1631 1161 1686 dolorem
1189 1629 1243 1682 in
1273 1625 1562 1698 praerepto?
1593 1623 1668 1679 sic
1694 1623 1955 1684 dicamus,

379 1722 642 1794 Numquid
673 1722 908 1778 adhmrct
952 1721 1044 1776 tibi
1081 1718 1235 1775 sedes
1269 1717 1596 1787 iniquitatis,
1635 1712 1722 1783 qui
1764 1711 1961 1766 formas

380 1814 620 1869 dolorem
666 1813 716 1867 in
760 1811 1062 1882 prmcepto?
1111 1810 1333 1865 Formas
1360 1849 1374 1871 ,
1408 1806 1611 1876 inquit,
1639 1803 1876 1858 dolorem
1906 1801 1958 1855 in

384 1912 684 1973 praecepto,
717 1901 769 1956 id
807 1911 918 1966 est,
965 1900 1032 1955 de
1059 1899 1245 1954 dolore
1269 1904 1594 1968 prmceptum
1624 1893 1778 1947 nobis
1806 1890 1954 1954 facis,

384 2002 444 2048 ut
486 1994 598 2063 ipse
626 1993 778 2048 dolor
809 2001 1130 2063 praeceptum
1170 1990 1240 2044 sit
1281 1988 1457 2043 nobis.
1504 1986 1781 2055 Quomodo
1809 1983 1962 2038 nobis

383 2083 538 2138 dolor
561 2092 644 2139 est
683 2082 1048 2154 prazceptum?
1090 2079 1314 2148 Quando
1341 2089 1390 2134 te
1419 2078 1647 2146 ﬂagellat
1674 2075 1762 2146 qui
1789 2089 1885 2145 pro
1910 2082 1965 2129 te

387 2185 629 2231 mortuus
654 2185 767 2240 est,
813 2183 865 2230 e't
902 2190 1005 2228 non
1037 2173 1128 2228 tibi
1154 2172 1460 2244 promittit?
1492 2168 1871 2224 beatitudinem
1905 2167 1957 2220 in

387 2267 487 2321 ista
515 2267 618 2321 vita
643 2307 660 2335 ,
699 2273 754 2322 et
794 2264 975 2320 fallere
1005 2280 1108 2318 non
1137 2272 1338 2334 potest,
1379 2269 1434 2316 ct
1460 2262 1546 2316 hic
1571 2275 1677 2314 non
1703 2258 1795 2312 dat
1820 2256 1960 2328 quod

388 2359 605 2428 quteris.
648 2358 785 2425 Quid
815 2356 996 2413 dabit?
1037 2357 1128 2411 ubi
1155 2355 1339 2410 dabit?
1382 2351 1829 2423 quantum'dabit,
1872 2350 1963 2418 qni

396 2448 483 2504 hic
521 2463 625 2504 non
668 2449 794 2514 dat,
832 2449 920 2519 qui
966 2447 1052 2506 ltic
1092 2446 1294 2510 erudit,
1325 2445 1414 2514 qtti
1459 2443 1608 2512 ﬁngit
1645 2442 1884 2495 dolorem
1912 2441 1964 2494 in

387 2540 692 2611 prrecepto?
720 2540 894 2602 Labor
920 2545 1002 2594 est
1031 2536 1115 2591 hic
1138 2546 1274 2600 tuus,
1305 2544 1359 2588 et
1389 2533 1598 2603 requies
1630 2531 1720 2586 tibi
1754 2529 1966 2600 promit-

387 2631 537 2684 titur.
597 2628 843 2684 Attendis
883 2636 935 2682 te
978 2626 1173 2681 habere
1203 2625 1288 2679 hic
1313 2623 1582 2686 laborem;
1623 2621 1716 2676 sed
1754 2620 1966 2675 attende

387 2719 600 2788 qualem
649 2719 736 2774 ille
783 2717 1020 2787 requiem
1061 2716 1355 2786 pollicetur.
1402 2711 1664 2782 Numquid
1705 2711 1961 2781 cogitare,

389 2809 574 2879 potes?
601 2807 657 2864 Si
688 2807 827 2862 illam
850 2822 1032 2877 posses
1059 2807 1316 2877 cogitare,
1347 2804 1555 2859 videres
1585 2813 1637 2856 te
1666 2801 1794 2856 nihil
1821 2801 1967 2856 labo-

389 2915 510 2954 rare
535 2899 601 2954 ad
617 2898 1126 2969 compensationem.
1155 2895 1289 2950 Audi
1313 2909 1433 2950 eum
1459 2895 1546 2964 qui
1569 2892 1696 2947 illud
1724 2908 1788 2946 ex
1816 2900 1966 2961 parte

389 2989 671 3054 cernebat,
721 2989 809 3058 qui
844 2987 1004 3053 dixit,
1041 2985 1194 3040 Nunc
1227 2986 1331 3041 scio
1363 3002 1427 3040 ea;
1464 2993 1605 3054 parte
1635 2982 1677 3052 (Ι
1701 2981 1818 3039 Cor.
1850 2998 1964 3049 xm,

393 3079 484 3150 12)
515 3096 528 3132 :
556 3078 683 3150 quid
702 3078 777 3132 ait
801 3076 1128 3148 Apostolus?
1174 3095 1193 3127 ι
1228 3076 1436 3131 Etenim
1474 3073 1616 3144 quod
1640 3083 1722 3128 est
1745 3072 1811 3126 ad
1841 3087 1970 3141 prte-

390 3185 520 3226 sens
538 3170 828 3240 temporale
850 3177 905 3224 et
933 3169 1049 3224 leve
1079 3154 1430 3223 tribulationis
1455 3174 1685 3230 nostrae,
1716 3163 1868 3232 juxta
1890 3163 1969 3216 in-

391 3259 698 3316 credibilem
721 3259 935 3314 modum
960 3299 976 3324 ,
1003 3267 1057 3314 et
1077 3259 1130 3312 in
1160 3255 1524 3312 incredibilem
1553 3253 1788 3318 modum,
1815 3265 1970 3306 arter-

395 3367 522 3406 num
572 3351 754 3421 gloriae
814 3348 1023 3420 pondus
1069 3357 1321 3418 operatur
1366 3345 1544 3400 nobis.
1593 3363 1614 3397 ι
1670 3341 1807 3412 Quid
1856 3351 1967 3404 est,

399 3461 418 3495 ι
450 3450 708 3496 aeternum
747 3441 931 3510 gloria:
976 3438 1186 3509 pondus
1208 3445 1460 3506 operatur
1491 3433 1679 3491 nobis?
1712 3451 1730 3485 ι
1781 3432 1972 3502 quibus

393 3531 682 3602 operatur?
726 3548 756 3605 ι
790 3530 905 3585 Νοιι
951 3528 1356 3600 respicientibus
1397 3543 1516 3597 quae
1559 3525 1837 3588 videntur,
1877 3523 1971 3576 sed

393 3641 515 3696 qua:
543 3639 650 3679 non
675 3623 922 3679 videntur
950 3639 963 3676 :
996 3637 1114 3693 quae
1139 3622 1280 3676 enim
1324 3619 1570 3674 videntur
1595 3659 1610 3684 ,
1659 3615 1972 3684 temporalia

393 3725 546 3780 sunt;
579 3730 698 3785 qtue
736 3724 912 3769 autem
935 3729 1039 3768 non
1062 3714 1338 3775 videntur,
1364 3721 1559 3765 :eterna
1588 3727 1606 3760 ι
1656 3706 1720 3779 (ll
1747 3705 1864 3762 Cor.
1895 3721 1968 3768 tv,

397 3808 486 3872 f7,
525 3807 630 3876 l8).
685 3805 800 3860 Noli
822 3819 942 3862 esse
969 3805 1116 3876 piger
1140 3805 1192 3858 in
1225 3803 1405 3858 labore
1436 3801 1700 3864 breviter,
1744 3805 1798 3852 et
1838 3811 1972 3866 gau-

399 3898 554 3956 debis
580 3896 987 3953 incessabiliter.
1039 3895 1317 3952 Eternam
1341 3893 1502 3946 vitam
1533 3890 1624 3944 tibi
1657 3887 1874 3943 daturus
1895 3895 1978 3942 est

401 3991 542 4045 Deus
572 4006 586 4043 :
619 3989 789 4058 cogita
817 3995 1018 4068 quapto
1038 3987 1221 4041 labore
1245 3970 1470 4040 emenda
1501 3981 1588 4034 sit.

422 4143 426 4147 ,
465 4079 558 4135 24.
589 4078 868 4146 lntendite,
899 4065 1118 4140 fratres;
1147 4074 1331 4131 venale
1358 4082 1461 4128 est.
1501 4070 1703 4126 Venale
1730 4078 1812 4124 est
1835 4065 1978 4135 quod

399 4178 592 4244 habeo,
624 4177 754 4232 dicit
783 4176 876 4230 tibi
906 4176 1075 4239 Deus;
1103 4187 1221 4228 eme
1244 4169 1389 4226 illud.
1413 4166 1547 4236 Quid
1571 4165 1726 4220 habet
1760 4161 1979 4218 venale?

401 4270 655 4341 lleqniem
683 4267 919 4323 venalem
951 4265 1150 4330 habeo;
1180 4277 1300 4318 eme
1325 4260 1466 4313 illam
1488 4258 1554 4312 de
1577 4257 1771 4310 labore.
1804 4255 1982 4309 lmen-

398 4361 530 4427 dite,
561 4369 618 4414 ut
647 4359 812 4414 simus
839 4357 891 4411 in
923 4354 1136 4410 nomine
1176 4351 1372 4408 Christi
1421 4348 1582 4403 fortes
1619 4346 1886 4402 christiani
1910 4345 1930 4375 ³
1960 4360 1977 4400 :

395 4450 505 4521 jam
548 4447 812 4503 modicum
842 4454 924 4501 est
950 4442 1089 4515 quod
1113 4450 1276 4498 restat
1303 4440 1354 4494 in
1386 4438 1625 4502 Psahno,
1655 4453 1758 4490 non
1791 4436 1978 4505 fatige-

398 4556 538 4597 mur.
570 4537 846 4608 Quomodo
870 4535 1010 4592 enim
1050 4533 1201 4589 fortis
1239 4531 1433 4601 poterit
1473 4544 1595 4584 esse
1631 4529 1681 4581 in
1715 4527 1975 4591 faciendo,

399 4630 490 4702 qui
512 4629 690 4685 deficit
713 4628 765 4682 in
784 4625 1082 4682 audiendo?
1103 4623 1292 4695 Aderit
1319 4620 1570 4674 Dominus
1591 4627 1649 4672 ut
1665 4618 1814 4672 vobis
1839 4615 1980 4687 quod

399 4721 661 4792 reliquum
703 4726 808 4788 est,
856 4718 1201 4788 explicemus.
1247 4710 1515 4768 Attendile
1543 4727 1556 4763 :
1587 4707 1980 4779 quodammodo

401 4813 544 4868 Deus
581 4809 854 4880 pr0posuit
893 4807 1078 4862 venale
1113 4819 1334 4876 regnum
1376 4802 1653 4856 ccelorum.
1689 4799 1830 4853 Dicis
1856 4799 1930 4852 illi
1961 4814 1974 4850 ε

399 4907 663 4968 Quantum
694 4897 866 4953 valet?
898 4897 1128 4952 Pretium
1167 4895 1330 4964 ipsius
1364 4892 1513 4946 labor
1561 4900 1644 4944 est
1671 4907 1685 4946 :
1713 4887 1980 4980 quomodo

398 4995 444 5046 si
485 4993 705 5056 diceret,
744 4990 979 5046 Pretium
1011 4988 1174 5059 ipsius
1214 5000 1400 5041 aurum
1442 4993 1544 5045 est,
1572 4997 1676 5036 non
1713 4981 1981 5041 sufficeret

402 5082 503 5140 hoc
549 5082 721 5137 solum
757 5080 966 5145 dicere,
1018 5077 1110 5133 sed
1149 5089 1418 5146 quaereres
1468 5080 1722 5142 quantum
1769 5086 1976 5125 aurum.

384 5157 535 5229 Nam
565 5182 618 5228 et
647 5171 848 5228 solidus
884 5184 1070 5224 aurum
1104 5175 1205 5226 est.
1239 5174 1293 5220 et
1326 5163 1635 5225 semiuneia,
1664 5171 1718 5216 et
1748 5161 1896 5224 libra,
1928 5169 1983 5215 et

403 5266 508 5318 tale
533 5262 749 5333 aliquid.
784 5261 907 5316 Ideo
932 5260 1064 5316 dixit
1091 5258 1336 5328 pretium,
1358 5271 1426 5310 ne
1448 5255 1718 5308 laborares
1742 5267 1980 5323 quaerere

402 5355 653 5426 quamdiu
696 5351 1021 5409 invenires“.
1061 5348 1226 5418 llujus
1263 5346 1341 5400 rei
1394 5346 1616 5414 pretium
1667 5343 1817 5397 labor
1857 5352 1976 5397 est:

469 5468 486 5498 ⁸
519 5466 592 5517 sic
612 5475 712 5514 Am.
726 5471 801 5514 Er.
827 5471 880 5514 et
896 5461 1044 5512 nostri
1059 5467 1168 5508 Mss.
1188 5464 1241 5507 At
1260 5463 1366 5505 ων.
1389 5468 1496 5504 cum
1521 5453 1674 5502 tribus
1690 5466 1719 5502 e
1734 5453 1836 5502 suis
1851 5459 1976 5509 Mss.

405 5532 627 5578 mternos.
1402 5577 1412 5587 .
1459 5575 1471 5587 ο

468 5591 487 5620 ³
519 5591 590 5638 Sic
606 5587 713 5635 Am.
736 5591 809 5635 Er.
833 5593 882 5634 et
900 5591 1005 5632 Mss.
1035 5590 1086 5631 At
1109 5583 1506 5643 tov.,peri_ntt_ttt.
1681 5634 1691 5643 Ι
1742 5633 1752 5643 .
1786 5632 1816 5643 Α.
1886 5632 1897 5642 .

468 5651 490 5682 ³
524 5634 746 5708 ﬁerique
771 5634 894 5702 nise,
917 5642 1177 5708 iitinontine
1199 5634 1389 5708 (fuisti,
1414 5639 1623 5708 fratres”
1638 5634 1913 5708 (‘bristiqni.

470 5715 490 5740 ⁸
523 5711 592 5758 sic
611 5696 788 5768 ttdgius
818 5696 900 5755 Ms'.
940 5707 1020 5770 alii
1057 5719 1166 5770 eum
1189 5703 1322 5770 Fdd.,
1348 5696 1577 5760 quamdiu
1607 5696 1748 5758 hujus
1771 5699 1842 5746 rei
1865 5706 1974 5757 pre-

403 5772 544 5828 ιιωη,
567 5779 683 5828 etc.,
700 5770 876 5818 omisso
891 5768 1060 5824 verbo,
1083 5767 1326 5815 invenires.

1605 323 1660 381 S.
1705 319 2062 378 AUGUSTINI
2107 321 2402 378 fil‘lSCOPl

3496 332 3631 389 12η

2055 443 2282 500 quantus
2313 435 2462 490 labor
2486 438 2600 492 est?
2637 437 2754 492 Jam
2790 454 2967 510 qurere
3006 448 3060 495 ιιι
3099 450 3350 511 quantum
3382 443 3630 503 laboran-

2053 521 2178 576 dum
2226 524 2313 577 sit.
2359 523 2601 579 Nondum
2633 527 2825 582 dicitur
2853 530 2942 583 tibi
2969 541 3195 600 quantus
3224 531 3429 588 futurus
3459 537 3527 590 sit
3555 538 3635 592 la-

2055 617 2152 670 bor
2185 617 2314 683 iste,
2361 618 2445 673 vel
2492 631 2745 689 quantum
2795 622 2987 677 laboris
3015 623 3082 678 de
3112 634 3160 678 te
3189 626 3430 695 exigatur
3462 646 3474 682 :
3508 629 3633 683 illud

2055 705 2148 760 tibi
2188 707 2316 759 dicit
2364 707 2522 772 Deus,
2555 709 2664 779 Ego
2703 712 2927 766 ostendo
2952 723 3143 782 quanta
3182 716 3250 768 sit
3275 716 3359 768 illa
3386 719 3632 788 requies;

2058 807 2110 850 tu
2137 798 2312 866 jutlica
2343 811 2539 869 quanto
2572 802 2752 857 labore
2776 805 2998 860 emenda
3029 807 3116 860 sit.
3166 807 3313 862 Dicat
3339 825 3463 879 ergo
3496 812 3635 867 Deus

2057 897 2250 956 quanta
2297 888 2466 944 futura
2506 891 2575 946 sit
2618 894 2727 962 ipsa
2775 897 3004 964 requies.
3046 896 3190 951 Beati
3218 899 3302 966 qui
3331 900 3553 954 habitant
3582 906 3634 955 in

2058 978 2206 1032 domo
2243 991 2359 1044 tua;
2397 981 2450 1035 in
2489 983 2676 1038 stecula
2700 987 3002 1040 strettlorum
3027 987 3302 1043 laudabunt
3331 1000 3398 1045 te.
3445 994 3461 1060 (
3494 991 3630 1047 Prol.

2059 1083 2276 1132 Lxxxm,
2317 1071 2411 1132 5).
2458 1071 2582 1126 [Lee
2628 1083 2708 1126 est
2751 1076 2960 1146 requies
3000 1079 3315 1148 sempiterna
3347 1098 3360 1135 :
3390 1083 3504 1137 sine
3534 1084 3629 1142 [itte

2060 1163 2162 1217 erit
2189 1164 2398 1233 requies
2425 1165 2543 1231 ista,
2573 1166 2686 1220 sine
2717 1169 2819 1221 fine
2843 1169 2942 1222 erit
2970 1172 3213 1238 gaudium
3243 1171 3361 1232 hoc.
3391 1176 3506 1231 sine
3533 1177 3634 1232 fine

2025 1253 2366 1328 "amona
2391 1254 2507 1319 ista,
2529 1255 2644 1310 sine
2671 1256 2773 1310 line
2797 1259 2900 1313 erit
2927 1259 3277 1328 incorruptio;
3303 1265 3459 1318 vitam
3483 1277 3637 1322 aiter-

2059 1363 2180 1401 nam
2209 1331 2881 1424 Ιιιιῧὲἶπςτωεῇῖῖἒῆςιιω
2909 1366 3012 1404 non
3037 1351 3190 1406 habet
3219 1354 3393 1409 finem.
3428 1356 3633 1424 Quanto

2062 1441 2240 1496 labore
2265 1441 2421 1511 digna
2465 1451 2547 1496 est
2587 1445 2795 1512 requies
2831 1423 3096 1514 ᾇιῖπιιιρη
3146 1444 3303 1499 habet
3348 1423 3544 1503 linem?
3580 1449 3634 1506 Si

2062 1548 2244 1586 verum
2278 1534 2356 1587 vis
2395 1549 2725 1602 comparare,
2753 1545 2807 1590 et
2837 1552 3016 1591 verum
3040 1517 3522 1608 judieueeLa-terna
3549 1559 3636 1596 re-

2061 1623 2212 1694 quies
2256 1633 2456 1679 :cterno
2502 1624 2682 1681 labore
2729 1635 2874 1681 recte
2913 1628 3124 1683 emitur.
3158 1628 3349 1684 Verum
3381 1631 3482 1687 hoc
3510 1643 3591 1688 est
3622 1653 3636 1690 :

2061 1715 2155 1770 sed
2184 1716 2288 1770 noli
2309 1716 2517 1780 timere,
2546 1717 2847 1773 misericors
2866 1728 2948 1773 est
2978 1719 3133 1775 Deus.
3167 1721 3223 1777 Si
3253 1723 3392 1777 enim
3416 1724 3638 1779 haberes

2063 1815 2320 1861 mternum
2361 1807 2616 1871 laborem,
2650 1825 2917 1880 nunquam
2959 1813 3268 1880 pervenires
3295 1815 3359 1868 ad
3388 1825 3638 1870 :xztcrnam

2064 1900 2316 1969 quietem.
2357 1899 2583 1971 Semper
2624 1903 2867 1958 laborans
2899 1905 3110 1974 quando
3137 1916 3486 1977 perventurus
3523 1926 3642 1966 eras

2065 1991 2298 2046 ad'illud
2341 1992 2481 2062 quod
2525 1993 2681 2062 digne
2709 1993 2922 2064 quidem
2969 2007 3140 2066 potest
3179 2001 3280 2053 emi
3322 2002 3643 2071 sempiterno

2067 2081 2269 2145 labore,
2298 2084 2420 2152 quia
2450 2087 2771 2152 sempiterna
2799 2087 3007 2156 requies
3035 2089 3149 2142 est?
3175 2089 3347 2160 Equa
3378 2069 3604 2161 pretium
3627 2111 3640 2148 :
3661 2069 3683 2084 ‘

2067 2183 2268 2228 aeterno
2292 2184 2436 2229 certe
2463 2174 2643 2230 labore
2663 2175 2816 2246 digna
2839 2187 2918 2232 est
2939 2187 3134 2234 aeterna
3155 2182 3304 2248 quies
3324 2187 3640 2254 comparari.

2067 2263 2171 2319 Sed
2202 2266 2246 2318 si
2275 2279 2486 2335 semper
2505 2266 2794 2331 laborares,
2821 2284 3090 2338 nunquam
3112 2271 3175 2326 ad
3204 2275 3437 2344 requiem
3463 2292 3644 2346 perve-

2068 2358 2231 2411 nires.
2268 2359 2406 2427 Ergo
2433 2368 2488 2413 ut
2513 2361 2794 2430 aliquando
2821 2363 3100 2430 pervenias
3129 2364 3194 2418 ad
3225 2366 3273 2420 id
3308 2369 3448 2436 quod
3479 2371 3642 2438 emis,

2068 2463 2173 2502 non
2200 2448 2251 2502 in
2270 2459 2528 2504 aeternum
2553 2451 2895 2506 laborandum
2925 2463 3005 2507 est
3037 2471 3051 2507 :
3081 2471 3183 2508 non
3215 2457 3335 2526 quia
3367 2473 3468 2512 non
3501 2461 3644 2516 valet

2071 2538 2221 2600 tanti,
2253 2538 2346 2593 sed
2378 2548 2435 2595 ut
2457 2540 2790 2610 possideatur
2812 2543 2951 2612 quod
2980 2544 3192 2598 emitur.
3225 2547 3387 2616 Digna
3421 2558 3501 2604 est
3526 2552 3646 2619 qui-

2069 2627 2188 2682 dem
2218 2630 2320 2684 emi
2348 2629 2530 2686 labore
2559 2641 2847 2702 perpetuo;
2893 2635 2986 2688 sed
3029 2651 3245 2692 necesse
3271 2649 3352 2692 est
3382 2649 3438 2694 ut
3469 2641 3648 2697 labore

2071 2721 2345 2787 temporali
2384 2731 2608 2778 ematur.
2654 2721 2810 2780 Certe
2856 2734 3031 2781 tantus
3073 2727 3253 2781 debuit
3290 2744 3441 2796 esse,
3473 2731 3524 2785 id
3567 2743 3650 2787 est

2070 2813 2424 2881 sempiternus
2447 2814 2594 2868 labor
2621 2830 2716 2884 pro
2741 2815 2922 2885 requie
2949 2817 3290 2887 sempiterna.
3322 2821 3501 2876 Decies
3521 2838 3644 2877 cen-

2071 2912 2190 2958 tena
2233 2903 2394 2958 millia
2438 2919 2696 2958 annorum
2741 2905 2792 2959 in
2837 2905 3017 2960 labore
3054 2907 3177 2976 quid
3224 2909 3649 2966 valent?Decies

2071 3005 2294 3050 centena
2346 2994 2508 3049 millia
2555 3010 2813 3050 annorum
2863 2995 3057 3052 habent
3110 3000 3264 3052 finem
3305 3017 3317 3053 :
3361 3001 3511 3068 Quod
3556 3003 3648 3058 tibi

2072 3084 2232 3150 dabo,
2263 3084 2391 3139 dicit
2421 3084 2576 3148 Deus,
2607 3099 2712 3139 non
2743 3085 2954 3140 habebit
2999 3087 3174 3142 finem.
3217 3090 3395 3155 Qualis
3439 3091 3648 3146 miseri-

2071 3177 2250 3233 cordia
2277 3177 2403 3233 Dei?
2429 3176 2538 3232 Nec
2561 3176 2714 3239 dicit,
2749 3178 2929 3232 Decies
2955 3188 3177 3235 centena
3205 3182 3365 3236 millia
3392 3197 3649 3238 annorum

2073 3268 2283 3334 labora;
2311 3283 2416 3322 non
2447 3267 2592 3333 dicit,
2621 3268 2700 3322 vel
2728 3269 2870 3323 mille
2895 3284 3062 3324 annos
3093 3270 3300 3337 labora;
3347 3289 3451 3327 non
3492 3274 3649 3343 dicit,

2073 3358 2386 3428 quingentos
2412 3373 2580 3413 annos
2611 3359 2788 3413 labora
2817 3375 2970 3414 :cum
2997 3360 3127 3415 vivis
3155 3361 3358 3430 labora,
3385 3363 3437 3418 in
3469 3365 3651 3434 paucis

2076 3451 2261 3513 annis;
2293 3450 2415 3504 inde
2439 3451 2547 3518 jam
2576 3452 2785 3519 requies
2811 3452 2940 3518 erit,
2981 3461 3036 3508 et
3076 3453 3232 3508 finem
3271 3471 3374 3508 non
3419 3455 3649 3511 habebit.

2078 3540 2142 3594 Et
2197 3540 2371 3595 adhuc
2418 3542 2538 3596 audi
2594 3545 3008 3612 consmluentia’
3042 3563 3055 3600 :
3088 3544 3335 3610 Domine,
3382 3550 3652 3602 secundum

2077 3629 2446 3687 multitudinem
2471 3633 2702 3688 dolorum
2732 3652 2952 3690 meorum
2992 3638 3044 3692 in
3081 3640 3232 3692 corde
3254 3657 3381 3705 meo,
3415 3643 3652 3695 exhorta-

2079 3723 2237 3776 tiones
2281 3733 2381 3776 ttta:
2413 3725 2820 3794 jncundnverunt
2863 3727 3084 3780 animum
3129 3747 3307 3783 meum.
3354 3731 3419 3786 Et
3459 3747 3654 3801 paucos

2079 3826 2248 3867 annos
2278 3812 2507 3879 laboras,
2529 3822 2580 3868 et
2614 3815 2664 3868 in
2705 3816 2830 3885 ipsis
2869 3817 3136 3872 laboribus
3162 3836 3263 3872 non
3291 3821 3439 3876 deest
3462 3837 3654 3877 conso-

2079 3903 2228 3986 latio,
2255 3919 2358 3957 non
2382 3903 2576 3960 desunt
2601 3907 2788 3976 gaudia
2810 3909 3134 3976 quotidiana.
3167 3911 3271 3966 Sed
3296 3913 3400 3967 noli
3425 3913 3654 3983 gaudere

2082 3995 2134 4050 in
2167 3997 2362 4051 saeculo
2393 4013 2406 4048 :
2437 3996 2610 4065 gaude
2652 3997 2706 4052 in
2749 3997 2981 4065 Christo,
3022 4001 3192 4069 gaude
3233 4004 3283 4057 in
3322 4004 3481 4058 verbo
3518 4006 3652 4072 ejus,

2082 4085 2251 4156 gaude
2281 4086 2332 4140 in
2362 4086 2480 4156 lege
2513 4086 2648 4155 ejus.
2680 4089 2758 4142 Ad
2786 4089 2896 4157 ipsa
2927 4091 3111 4157 gaudia
3145 4092 3371 4160 pertinet
3399 4094 3539 4163 quod
3575 4095 3655 4149 lo-

2082 4175 2312 4242 quimur,
2340 4186 2392 4229 et
2427 4176 2566 4242 quod
2595 4176 2806 4230 auditis.
2835 4178 3056 4242 Quantas
3085 4195 3212 4250 ergo
3236 4191 3357 4235 sunt
3388 4182 3502 4237 ista:
3525 4198 3656 4239 con-

2083 4267 2370 4321 solationes
2409 4267 2460 4319 in
2502 4267 2661 4321 tantis
2703 4267 3004 4323 laboribus?
3034 4270 3227 4327 Verum
3257 4281 3338 4327 est
3363 4287 3490 4344 ergo
3519 4275 3657 4343 quod

2083 4356 2213 4411 dixit
2235 4357 2540 4426 Apostolus,
2578 4376 2596 4408 ι
2627 4356 2840 4412 Etenim
2860 4359 3000 4427 quod
3021 4361 3086 4414 ad
3115 4377 3348 4431 prmsens
3369 4364 3659 4431 temporale

2085 4460 2167 4505 est
2205 4458 2259 4503 et
2305 4449 2419 4504 leve
2463 4449 2813 4505 tribulationis
2860 4462 3074 4516 nostrae,
3113 4430 3254 4522 iuxta
3300 4430 3658 4511 incredibilem
3737 4430 3745 4436 ’

2086 4541 2322 4607 modum,
2349 4551 2404 4596 et
2433 4541 2484 4594 in
2512 4541 2872 4597 incredibilem
2901 4544 3114 4599 modum
3137 4587 3151 4610 ,
3199 4557 3453 4602 mtemum
3480 4549 3660 4618 glorize

2086 4633 2292 4702 pondus
2312 4640 2564 4701 operatur
2589 4632 2760 4687 nobis.
2788 4651 2806 4684 ι
2852 4634 2988 4690 Ecce
3017 4646 3269 4704 quantum
3311 4637 3536 4706 pretium
3563 4637 3659 4690 da~

2087 4740 2225 4789 mus,
2256 4722 2486 4793 quodam
2533 4723 2692 4777 modo
2729 4739 2886 4778 unam
2934 4724 3176 4795 siliquam
3219 4726 3285 4780 ad
3328 4727 3661 4796 accipiendos

2089 4816 2363 4870 thesauros
2392 4815 2742 4883 sempiternos
2771 4832 2784 4868 :
2815 4815 3055 4884 siliquam
3090 4816 3284 4872 laboris
3321 4817 3386 4871 ad
3424 4819 3660 4889 requiem

2087 4906 2471 4969 incredibilem,
2518 4905 2807 4960 secundum
2853 4907 2991 4975 quod
3035 4907 3232 4962 dictum
3263 4915 3364 4974 est,
3393 4907 3552 4962 Juxta
3583 4908 3662 4962 in-

2085 4997 2372 5052 credibilem
2400 4996 2624 5061 modum,
2655 5005 2701 5049 et
2720 4997 2771 5048 in
2798 4995 3135 5050 incredibilem
3167 4997 3393 5062 modum,
3423 5007 3661 5052 talentum

2086 5093 2262 5160 gloria:
2285 5089 2485 5160 pondus
2513 5098 2767 5157 operatur.
2799 5087 3009 5143 Gaudes
3048 5088 3112 5142 ad
3158 5098 3398 5159 tempus;
3443 5089 3548 5143 noli
3592 5088 3660 5142 ibi

2089 5182 2252 5236 fidere
2280 5198 2293 5233 :
2325 5179 2491 5234 tristis
2519 5194 2578 5232 es
2606 5177 2672 5232 ad
2700 5187 2938 5248 tempus;
2971 5179 3077 5233 noli
3117 5181 3423 5248 deSperare.
3467 5179 3581 5233 Non
3613 5188 3664 5232 te

2086 5279 2390 5339 corrumpat
2435 5269 2677 5335 felicitas,
2723 5277 2778 5323 et
2829 5284 2932 5323 non
2984 5269 3186 5339 frangat
3233 5271 3524 5325 adversitas
3557 5287 3569 5323 :
3597 5284 3664 5324 ne

2087 5367 2226 5421 forte
2244 5364 2389 5420 dicas
2410 5364 2462 5418 in
2489 5364 2667 5418 animo
2694 5372 2805 5426 tuo,
2829 5363 2943 5417 Non
2973 5374 3143 5432 potest
3171 5363 3302 5430 fieri,
3332 5374 3390 5418 ut
3419 5365 3552 5418 Deus
3573 5362 3664 5416 ad-

2089 5458 2260 5510 mittat
2288 5456 2353 5509 ad
2381 5471 2439 5509 se
2460 5455 2686 5524 iniquos,
2714 5454 2800 5523 qui
2818 5453 2990 5523 justus
3019 5455 3160 5522 ips-os
3184 5455 3449 5516 emendat,
3475 5462 3532 5507 ut
3560 5453 3665 5506 sal-

2093 5560 2202 5616 tet;
2232 5548 2318 5619 qui
2349 5546 2468 5600 ideo
2493 5544 2759 5612 emendat,
2784 5553 2841 5598 ut
2868 5544 3091 5600 erudiat.
3121 5544 3182 5601 Si
3201 5545 3380 5599 Justus
3401 5545 3484 5599 via:
3498 5543 3663 5598 saluta

2157 5731 2171 5761 ί
2196 5729 2268 5777 sic
2291 5733 2388 5774 Am.
2419 5729 2490 5772 Er.
2519 5730 2567 5772 et
2591 5727 2695 5771 Mss.
2727 5726 2770 5767 ιι
2795 5725 2923 5782 Lov.,
2951 5715 3273 5769 consomntia.
