4012 6202
361 379 503 434 {illi

355 493 479 557 fiet;
506 497 738 559 peccator
766 497 812 540 et
841 488 1022 557 impius
1049 487 1130 540 ubi
1164 485 1445 557 parebunt?
1476 486 1740 553 Numquid
1766 487 1940 538 adlue-

354 596 428 637 ret
458 585 542 636 tibi
564 584 706 638 sedes
730 583 1046 653 iniquitatis?
1078 582 1127 636 id
1156 593 1266 644 est,
1299 580 1558 650 Numquid
1586 580 1822 634 adlneret
1852 579 1944 632 tibi

355 675 514 728 sedes
537 675 848 745 impiorum;
881 673 968 742 qui
987 673 1136 741 ﬁngis
1157 671 1381 725 dolerent
1402 673 1452 724 in
1476 681 1740 740 prazcepto,
1774 670 1860 739 qui
1893 679 1947 724 et

357 770 491 822 istos
519 767 653 821 ﬁlios
677 767 756 821 sic
785 765 992 820 voluisti
1023 779 1274 820 exercere
1300 775 1352 818 et
1378 763 1609 826 erudire,
1633 764 1708 815 sic
1733 761 1943 815 voluisti

354 860 436 914 eis
463 845 728 929 percepta
755 857 901 919 dare,
930 865 986 910 ut
1011 871 1114 909 non
1139 865 1311 911 essent
1338 855 1452 909 sine
1475 855 1682 914 timore,
1710 870 1774 906 ne
1799 868 1946 906 ama-

352 931 477 1006 rent
501 947 696 1018 aliquid
719 947 881 1010 aliud,
911 957 966 1002 et
991 947 1432 1001 obliviscerentur
1460 956 1510 999 te
1537 960 1719 998 verum
1746 943 1941 996 bonum

353 1040 554 1097 suum?
579 1040 757 1094 Bonus
786 1049 868 1093 est
898 1039 1034 1092 Deus
1068 1055 1081 1091 :
1110 1038 1152 1090 si
1182 1047 1410 1091 cessaret
1439 1037 1596 1100 Deus,
1629 1045 1683 1089 et
1708 1050 1810 1089 non
1843 1035 1943 1088 nti-

353 1141 529 1189 sceret
574 1131 953 1185 antaritudiues
997 1129 1334 1184 felicitatibus
1363 1128 1560 1192 s:rculi,
1602 1127 1942 1182 ttbli\i>Ct3l‘e-

352 1240 477 1278 mur
501 1237 646 1277 cum.

421 1316 516 1370 25.
565 1313 669 1369 Sed
712 1313 799 1367 ubi
842 1327 1067 1384 angores
1106 1312 1469 1366 molestiarum
1516 1309 1711 1364 faciunt
1752 1311 1941 1390 ﬂuctus

349 1407 570 1469 animm,
602 1406 735 1461 lides
758 1405 844 1459 illa
875 1421 992 1475 qua:
1021 1405 1087 1458 ibi
1120 1403 1434 1468 dormiebat,
1459 1403 1734 1456 excitetur.
1769 1402 1938 1455 Tran-

350 1499 575 1568 quillum
602 1498 746 1552 enim
768 1507 904 1560 erat,
928 1495 1407 1564 quantlo‘dormivit
1434 1495 1672 1549 Christus
1697 1495 1747 1548 in
1772 1494 1937 1548 mari:

350 1591 445 1645 illo
468 1590 771 1644 dormiente
803 1596 1087 1656 tempestas
1114 1597 1227 1642 orta
1257 1595 1359 1648 est,
1396 1596 1450 1641 et
1490 1595 1766 1662 creperum
1798 1585 1940 1654 peri-

349 1683 546 1737 clitari.
579 1682 722 1751 Ergo
753 1682 802 1734 in
829 1680 989 1735 corde
1014 1679 1304 1734 christiano
1340 1688 1390 1733 et
1426 1678 1774 1747 tranquillitas
1815 1677 1936 1743 erit,

347 1785 403 1829 et
423 1789 562 1845 pax;
609 1773 706 1828 sed
750 1772 1000 1842 quamdiu
1043 1772 1222 1840 vigilat
1266 1771 1397 1826 ﬁdes
1437 1781 1612 1824 nostra
1645 1786 1658 1822 :
1691 1771 1733 1822 si
1761 1781 1936 1823 autent

346 1866 548 1919 dormit
575 1864 708 1918 ﬁdes
738 1874 938 1927 nostra,
969 1863 1342 1930 periclitamur.
1377 1863 1486 1917 lloc
1511 1867 1650 1916 enim
1681 1863 1941 1932 signiﬁcat

345 1956 625 2011 dormiens
655 1955 919 2016 Christus,
959 1957 1075 2023 quia
1117 1955 1328 2024 quidam
1368 1954 1747 2008 obliviscuntur
1781 1953 1936 2007 ﬁdem

345 2065 499 2102 suam
521 2090 537 2114 ,
575 2057 631 2102 et
670 2047 1057 2139 pet‘iclitantur.
1089 2047 1191 2102 Sed
1232 2046 1499 2115 quomodo
1525 2046 1611 2100 illa
1642 2047 1790 2100 navis
1815 2061 1935 2100 cum

345 2139 664 2204 ﬂuctuaret,
697 2137 955 2193 excitatus
995 2149 1076 2193 est
1117 2137 1359 2192 Christus
1395 2153 1422 2190 a
1461 2137 1853 2197 ﬂuctuantibus,
1884 2145 1938 2190 et

344 2232 671 2296 dicentibus,
706 2231 922 2284 Domine
946 2273 960 2292 ,
993 2231 1242 2299 perimus;
1269 2231 1498 2284 surrexit
1525 2229 1628 2292 ille,
1661 2231 1937 2297 imperavit

345 2325 776 2392 tempestatibus,
797 2323 1073 2392 imperavit
1095 2322 1360 2384 fluetibus,
1380 2322 1600 2375 cessavit
1623 2321 1931 2389 periculum,

345 2416 494 2473 facta
523 2427 607 2472 est
652 2417 1000 2486 tranquillitas
1031 2416 1254 2488 (Matth.
1289 2431 1400 2479 vm,
1429 2415 1622 2484 25-26)
1654 2434 1666 2469 :
1700 2416 1776 2468 sic
1804 2425 1855 2468 ct
1885 2426 1935 2468 te

343 2524 468 2564 cum
501 2509 717 2563 turbant
745 2509 1188 2577 concupiscentia:
1221 2509 1390 2571 malze,
1425 2509 1795 2577 persuasiones
1825 2523 1933 2560 ma-

344 2599 433 2660 lm,
465 2597 659 2653 ﬂuctus
684 2608 828 2664 sunt,
859 2598 1360 2667 tranquillabuntur.
1401 2598 1514 2652 Jam
1564 2598 1816 2668 (imperas
1836 2640 1849 2660 ,
1880 2609 1933 2651 et

345 2701 502 2759 putas
552 2700 603 2744 te
651 2704 754 2743 non
795 2690 1058 2758 pertinere
1096 2689 1162 2743 ad
1212 2689 1490 2743 Dominum
1525 2690 1776 2759 :evigilet
1805 2689 1934 2744 lides

347 2791 459 2846 tua,
490 2782 659 2835 excita
688 2781 955 2836 Christum
987 2783 1037 2836 in
1065 2781 1224 2835 corde
1250 2791 1366 2847 tuo;
1401 2791 1650 2850 surgente
1675 2782 1796 2848 ﬁde,
1822 2781 1931 2849 jam

344 2873 593 2942 agnoscis
625 2872 711 2926 ubi
742 2871 816 2926 sis
846 2890 859 2925 :
892 2881 945 2926 et
973 2873 1015 2926 si
1048 2871 1185 2926 forte
1217 2881 1419 2926 tentant
1459 2871 1649 2928 ﬂuctus
1675 2875 1932 2942 concupi-

345 2965 588 3026 scentiae,
615 2965 837 3018 intueris
857 2964 980 3034 quid
1011 2964 1252 3033 promisit
1274 2947 1442 3030 Deus;
1475 2973 1527 3018 et
1557 2962 1784 3018 dulcedo
1812 2979 1932 3032 pro-

346 3055 633 3112 missorum
663 3054 820 3110 faciet
842 3065 891 3110 te
908 3065 1328 3124 contemptorem
1353 3055 1688 3110 dulcedinum
1716 3055 1928 3109 srcculi:

346 3155 404 3200 et
440 3146 482 3199 si
531 3145 669 3200 forte
709 3147 886 3200 multa:
923 3157 1112 3216 urgent
1142 3147 1298 3200 mina:
1324 3147 1617 3214 potentium
1649 3146 1928 3213 malorum,

345 3245 399 3290 ct
425 3235 553 3306 ipsa:
585 3245 634 3290 te
655 3237 929 3305 expellunt
953 3236 1019 3290 de
1037 3236 1238 3305 justitia
1260 3253 1274 3300 ;
1299 3237 1527 3291 attendis
1546 3237 1684 3307 quod
1705 3238 1933 3290 minatur

351 3328 489 3382 Deus
509 3370 524 3392 ,
559 3326 639 3380 Ite
665 3327 717 3381 in
745 3329 911 3398 ignem
941 3338 1183 3382 teternum
1206 3328 1291 3398 qui
1319 3338 1524 3398 paratus
1552 3337 1622 3382 est
1658 3328 1857 3382 diabolo
1887 3337 1932 3382 et

345 3420 539 3490 angelis
559 3420 670 3489 ejus
697 3417 820 3491 (Id.
847 3435 971 3484 xxv,
1000 3420 1062 3473 41
1087 3417 1129 3490 ),
1157 3431 1210 3474 et
1242 3434 1346 3473 non
1384 3419 1880 3489 dimittisjustitiam
1915 3435 1928 3472 :

347 3510 544 3564 timens
587 3525 714 3580 ergo
752 3509 927 3579 ignem
967 3509 1370 3576 sempiternum,
1394 3510 1690 3564 contemnis
1718 3509 1932 3564 dolores

348 3599 706 3670 temporales;
738 3610 792 3654 et
812 3613 909 3668 pro
931 3614 994 3653 eo
1014 3599 1156 3669 quod
1185 3599 1425 3668 promisit
1453 3599 1610 3664 Deus,
1635 3599 1932 3655 contemnis

347 3691 698 3761 temporalem
747 3690 1072 3744 felicitatem.
1125 3689 1375 3743 Promisit
1421 3690 1698 3760 requiem;
1750 3699 1932 3760 patere

346 3781 940 3838 molestiamzminatur
977 3781 1149 3850 ignem
1190 3789 1482 3843 internum;
1531 3790 1811 3833 contemne
1839 3779 1934 3832 do-

350 3875 492 3928 tores
531 3872 857 3942 temporales
890 3888 904 3925 :
932 3881 985 3927 et
1009 3871 1290 3940 evigilante
1311 3870 1523 3926 Christo
1564 3870 1933 3938 tranquilletur

345 3980 442 4020 cur
471 3976 638 4030 tuum,
669 3973 727 4020 ut
749 3963 814 4018 ad
844 3973 1048 4035 portum
1079 3978 1285 4034 quoque
1313 3962 1607 4031 pervenias.
1636 3961 1751 4016 Non
1791 3962 1931 4015 enim

349 4077 456 4115 non
485 4068 811 4131 praepararet
833 4068 1063 4128 portum,
1088 4057 1176 4126 qui
1205 4055 1406 4124 paravit
1429 4069 1636 4108 navem.
1670 4052 1933 4123 Numquid

347 4153 575 4205 adluzret
625 4152 713 4204 tibi
769 4151 908 4203 sedes
951 4148 1260 4219 iniquitatis,
1305 4139 1581 4216 qui-fingis
1619 4145 1844 4198 dolerent
1879 4146 1932 4198 in

351 4243 642 4314 prtzceplo?
690 4242 764 4298 De
805 4240 1301 4295 hominibus-malis
1344 4249 1561 4294 exercet
1610 4255 1734 4303 nos,
1765 4247 1818 4292 et
1867 4237 1934 4292 de

352 4337 562 4390 illorum
592 4334 1012 4390 insecutionibus
1037 4347 1132 4387 nos
1157 4331 1351 4388 erudit.
1377 4331 1451 4386 De
1468 4331 1664 4384 malitia
1692 4331 1812 4384 mali
1841 4329 1937 4382 lla-

352 4429 578 4497 gellatur
603 4431 792 4494 bonus,
821 4437 874 4482 et
897 4426 964 4482 de
989 4441 1144 4480 servo
1170 4425 1483 4480 emendatur
1512 4424 1648 4477 ﬁlius
1680 4441 1690 4475 :
1725 4424 1795 4477 ita
1831 4423 1933 4476 tin-

353 4522 495 4591 gitur
512 4521 664 4594 dolor
683 4520 734 4574 in
757 4526 1040 4590 prmeepto.
1060 4516 1209 4585 Quod
1228 4516 1347 4570 illos
1377 4528 1531 4584 posse
1559 4515 1695 4568 Deus
1715 4513 1935 4584 permit-

355 4615 438 4678 tit,
457 4612 558 4668 boc
583 4611 784 4666 faciunt
804 4609 927 4664 mali
955 4607 1409 4677 homines,quibus
1429 4605 1496 4659 ad
1516 4615 1721 4673 tempus
1744 4603 1932 4674 parcit.

422 4705 514 4761 26.
543 4703 693 4778 [rem
721 4701 837 4775 ει]
881 4701 1016 4768 Quid
1060 4700 1200 4755 enim
1242 4695 1517 4768 sequitur?
1559 4695 1841 4766 Captabunt
1882 4696 1933 4748 in

353 4803 575 4854 animam
602 4797 752 4870 justi.
789 4796 965 4863 Quare
991 4790 1316 4862 captabunt?
1343 4790 1477 4857 Quia
1515 4804 1697 4843 verum
1731 4787 1930 4842 crimen

355 4910 460 4945 non
485 4891 763 4945 inveniunt
791 4886 927 4954 quod
965 4883 1238 4953 objicient.
1268 4881 1404 4948 Quid
1426 4881 1566 4935 enim
1589 4887 1935 4949 captaverant

355 4984 406 5039 in
454 4981 712 5038 Omnino?
753 4979 1218 5034 Concinnaverunt
1242 4974 1368 5028 falsa
1398 4973 1618 5028 crimina
1641 4971 1752 5039 (Id.
1786 4987 1930 5035 xxvn,

354 5076 468 5146 59),
522 5075 644 5144 quia
700 5087 825 5126 vera
857 5069 1093 5124 invenire
1136 5083 1240 5121 non
1283 5071 1583 5135 potuerunt.
1623 5061 1688 5116 Et
1729 5063 1938 5131 sangui-

356 5163 470 5221 nem
497 5168 813 5220 innocentem
849 5159 1269 5215 condemnabam.
1297 5155 1474 5220 Quare
1500 5155 1601 5207 hoc
1629 5161 1793 5206 totum
1823 5152 1928 5215 ﬁat,

358 5258 408 5312 in
439 5253 888 5325 consequentibus
914 5248 1224 5305 declarabit.
1797 5257 1802 5262 ·

426 5351 518 5404 27.
548 5346 698 5421 [υεη.
729 5343 845 5416 22.]
893 5342 956 5395 Et
993 5344 1155 5412 factus
1191 5348 1283 5402 est,
1319 5335 1508 5406 inquit,
1539 5335 1662 5387 mihi
1686 5332 1936 5387 Dominus

358 5441 409 5495 in
435 5439 706 5510 refugium.
739 5434 854 5488 Non
881 5446 1143 5502 quzereres
1172 5427 1277 5482 tale
1306 5427 1598 5496 refugium,
1628 5425 1670 5478 si
1710 5440 1812 5477 non
1843 5438 1938 5492 pe-

360 5530 668 5588 riclitareris
700 5546 714 5582 :
747 5525 841 5582 sed
887 5525 1006 5579 ideo
1052 5522 1380 5592 periclitatus
1419 5533 1496 5582 es,
1540 5527 1596 5570 ut
1628 5531 1934 5586 quaereres;

361 5626 481 5695 quia
527 5623 617 5678 ille
663 5621 811 5689 ﬁngit
852 5617 1089 5672 dolorem
1131 5614 1182 5668 in
1230 5620 1511 5682 praecepto.
1545 5609 1691 5664 Facit
1718 5610 1845 5663 mihi
1872 5610 1938 5665 de

361 5717 560 5773 malitia
587 5715 851 5770 malorum
879 5707 1305 5767 tribulationem;
1340 5711 1566 5772 punctus
1603 5703 1942 5757 tribuiatione

360 5810 497 5880 ω)ρὶ
522 5818 764 5879 ιιιιωτοεω
791 5799 1047 5873 refugium
1077 5794 1218 5868 quod
1239 5794 1291 5850 iu
1316 5794 1401 5849 illa
1432 5793 1680 5848 felicitate
1703 5794 1942 5848 swculat'i

1420 371 1811 428 ENARRATIO
1851 369 1913 425 IN
1954 370 2274 428 PSALMUM
2320 375 2499 430 XCIII.

3496 390 3632 446 12H

2053 485 2314 543 desieram
2335 506 2594 560 quaerere.
2623 493 2748 560 Quis
2769 493 2909 550 enim
2933 493 3087 553 facile
3109 498 3416 554 recordatur
3436 501 3628 572 Deum,

2050 581 2138 648 qui
2161 595 2373 650 semper
2397 583 2520 637 felix
2544 596 2644 651 est,
2672 595 2726 640 et
2749 601 2844 656 spe
2872 590 3116 656 prmseuti
3146 591 3374 660 gaudet?
3401 593 3632 650 Recedet

2050 685 2172 740 spes
2203 674 2400 736 saeculi,
2431 686 2480 728 et
2513 677 2728 731 accedat
2757 692 2880 747 spes
2905 680 3028 745 Dei;
3063 690 3119 735 ut
3147 682 3312 750 possis
3330 683 3530 746 dicere,
3568 684 3633 738 Et

2051 765 2214 830 factus
2238 773 2308 816 est
2337 766 2458 816 mihi
2483 764 2730 821 Dominus
2753 769 2802 822 in
2825 770 3070 841 refugium
3101 786 3120 825 :
3147 772 3212 824 ad
3247 772 3350 828 hoc
3380 775 3623 840 doleam,

2053 854 2206 908 utliat
2225 854 2350 908 mihi
2373 856 2623 911 Dominus
2640 858 2691 912 iu
2714 860 2990 930 refugium.
3014 859 3080 915 Et
3101 861 3238 916 Deus
3255 880 3390 917 meus
3407 864 3458 916 in
3480 868 3628 918 auai-

2050 946 2170 998 lium
2205 949 2313 1013 spei
2345 964 2487 1000 uteie.
2528 949 2679 1004 Modo
2717 950 2859 1004 enim
2891 951 3142 1007 Dominus
3174 967 3297 1022 spes
3377 954 3629 1023 quamdiu

2050 1039 2189 1092 enim
2220 1038 2303 1092 hic
2330 1053 2534 1106 sumus,
2552 1041 2602 1095 in
2622 1056 2717 1111 spe
2733 1056 2936 1108 sumus,
2951 1043 3182 1097 nondum
3200 1046 3250 1098 in
3268 1061 3348 1100 re.
3365 1045 3470 1101 Sed
3486 1062 3552 1100 ne
3575 1046 3628 1100 in

2033 1131 2142 1198 ‘spe
2171 1129 2496 1193 deﬁciamus,
2525 1133 2675 1185 adest
2702 1134 2990 1202 promissor
3015 1135 3226 1204 erigens
3257 1151 3371 1200 nos,
3402 1144 3456 1190 et
3489 1145 3631 1191 tem-

2049 1236 2238 1290 perans
2278 1223 2387 1290 ipsa
2413 1224 2547 1277 mala
2579 1240 2696 1294 quae
2725 1225 2972 1294 patimur.
3003 1224 3116 1280 Non
3153 1227 3292 1279 enim
3325 1226 3515 1280 frustra
3545 1226 3628 1280 di-

2047 1322 2190 1368 ctum
2217 1326 2317 1380 εει,
2363 1332 2380 1365 ι
2410 1315 2608 1369 Fidelis
2654 1317 2811 1382 Deus,
2845 1317 2932 1385 qui
2975 1332 3079 1370 non
3119 1316 3258 1372 sinet
3301 1331 3392 1370 vos
3435 1317 3628 1373 tentari

2046 1421 2203 1476 supra
2234 1421 2388 1476 quam
2421 1407 2636 1474 potestis
2666 1406 2833 1472 ferre;
2865 1406 2959 1461 sed
3000 1407 3154 1462 faciet
3183 1422 3303 1461 cum
3336 1409 3624 1463 tentatione

2046 1498 2202 1552 etiam
2247 1499 2464 1563 exitum,
2507 1509 2560 1552 ut
2602 1498 2813 1569 possitis
2856 1499 3154 1553 suStinerei
3190 1498 3246 1572 (l
3272 1498 3388 1553 Cor.
3415 1515 3468 1564 x,
3497 1500 3623 1568 ιδ),

2045 1590 2120 1644 sic
2152 1591 2322 1644 mittat
2348 1591 2398 1644 in
2430 1592 2694 1644 fornacem
2727 1590 3102 1656 tribulationis,
3129 1602 3183 1645 ut
3205 1603 3462 1660 coquatur
3490 1606 3580 1645 vas
3608 1632 3623 1656 ,

2046 1699 2150 1736 non
2192 1692 2246 1737 ut
2282 1683 2571 1752 frangatur.
2604 1683 2668 1736 Et
2693 1687 2856 1754 factus
2879 1693 2949 1737 est
2979 1685 3102 1736 mihi
3129 1682 3378 1738 Dominus
3400 1685 3457 1738 in
3484 1689 3626 1753 refu-

2031 1775 2181 1845 ‘gium
2205 1817 2219 1838 ,
2254 1785 2298 1828 et
2324 1773 2463 1828 Deus
2494 1791 2630 1828 meus
2657 1775 2706 1827 in
2742 1775 2986 1828 auxilium
3013 1775 3118 1844 spei
3146 1792 3284 1829 metu.
3333 1775 3440 1830 Cur
3474 1791 3622 1845 ergo,

2043 1865 2167 1934 quid
2191 1867 2205 1896 ¹
2241 1865 2331 1920 tibi
2373 1865 2645 1920 videbatur
2688 1867 2836 1935 quasi
2885 1866 3107 1935 injustas
3135 1881 3274 1933 esse,
3307 1868 3425 1936 quia
3458 1868 3626 1937 parcit

2044 1957 2232 2011 malis?
2262 1957 2394 2012 Vide
2421 1958 2684 2027 quomodo
2711 1959 2819 2027 jam
2846 1958 3128 2028 corrigitur
3160 1959 3402 2013 Psalmus
3421 2000 3436 2024 ,
3476 1967 3530 2013 et
3569 1967 3624 2013 tu

2042 2037 2162 2104 cum
2198 2049 2408 2104 Psalmo
2431 2050 2698 2119 corrigere
2726 2067 2738 2103 :
2774 2050 2891 2104 ideo
2916 2049 3055 2103 enim
3077 2065 3234 2104 voces
3257 2058 3371 2103 tuas
3393 2049 3624 2104 habebat
3695 2112 3704 2126 ,ι

2042 2141 2304 2194 l’salmus.
2334 2142 2463 2208 Qum
2497 2150 2618 2194 sunt
2647 2141 2838 2195 voces?
2870 2140 3134 2210 Usquequo
3167 2151 3476 2210 peccatores,
3509 2138 3622 2202 Do-

2041 2234 2192 2297 mine,
2219 2251 2470 2302 usquequo
2497 2245 2777 2302 peccatores
2792 2233 3176 2304 gloriabuntur?
3203 2232 3446 2286 Psalmus
3465 2246 3622 2286 voces

2044 2335 2156 2378 tuas
2189 2324 2410 2377 habebat
2444 2341 2456 2376 :
2492 2325 2650 2377 modo
2689 2340 2814 2392 ergo
2865 2331 2916 2376 tu
2965 2322 3157 2377 habeto
3199 2336 3357 2376 voces
3401 2322 3618 2376 Psalmi.

2040 2415 2167 2481 Quze
2197 2423 2318 2467 sunt
2350 2429 2508 2468 voces
2539 2413 2766 2466 Psalmi?
2805 2413 2872 2465 Et
2910 2417 3071 2483 [actus
3111 2422 3180 2466 est
3221 2413 3344 2465 mihi
3372 2411 3620 2468 Dominus

2039 2505 2090 2558 in
2118 2505 2388 2578 re[ugium,
2421 2513 2466 2556 et
2490 2502 2631 2557 Deus
2658 2502 2794 2556 ineas
2818 2503 2871 2556 in
2901 2504 3146 2556 auxilium
3167 2504 3272 2572 spei
3294 2519 3434 2556 mete.

2107 2596 2198 2650 28.
2231 2594 2389 2668 [vers.
2417 2591 2533 2666 9.3.]
2581 2593 2646 2646 Et
2690 2594 2862 2647 reddet
2905 2594 3006 2646 illis
3055 2593 3302 2646 Dominus
3343 2591 3616 2647 secundant

2038 2704 2192 2756 opera
2215 2701 2424 2748 eorum;
2449 2695 2495 2738 et
2516 2685 2789 2739 secundum
2814 2684 3057 2737 malitiam
3080 2700 3250 2736 eorum
3274 2683 3522 2754 disperdet
3552 2684 3610 2736 il~

2038 2781 2113 2832 los
2143 2779 2387 2832 Dominus
2415 2777 2550 2832 Deus
2581 2786 2763 2829 noster.
2809 2777 2923 2830 Non
2949 2761 3100 2830 vacat
3124 2775 3266 2846 quod
3296 2777 3406 2842 ait,
3435 2768 3626 2830 secun-i

2038 2871 2159 2922 dum
2181 2869 2424 2922 malitiam
2449 2885 2640 2922 eorum.
2663 2867 2786 2920 Mihi
2805 2867 2871 2922 de
2899 2868 3001 2921 illis
3031 2876 3340 2936 praestatur;
3369 2877 3421 2922 et
3441 2878 3616 2922 tamen

2036 2962 2234 3017 malitia
2281 2976 2467 3014 eorum
2513 2959 2737 3023 dicitur,
2787 2975 2892 3012 non
2924 2959 3176 3013 beneﬁcia
3205 2975 3411 3013 eorum.
3461 2958 3617 3014 Certe

2035 3056 2174 3110 enim
2221 3055 2289 3110 de
2333 3055 2486 3108 malis
2528 3064 2748 3108 exercet
2793 3070 2922 3119 nos,
2953 3053 3180 3122 ﬂagellat
3205 3067 3319 3106 nos.
3353 3054 3429 3105 Ad
3457 3067 3614 3120 quam

2035 3163 2147 3202 rem
2179 3146 2449 3216 ﬂagellat?
2479 3145 2673 3215 Utique
2702 3145 2765 3198 ad
2797 3161 3020 3214 regnum
3051 3144 3330 3198 oculorum.
3364 3142 3618 3214 Flagellat

2034 3240 2176 3294 enim
2207 3256 2403 3292 omnem
2430 3240 2590 3309 ﬁlium
2619 3256 2764 3309 quem
2789 3239 2964 3308 recipit
3005 3253 3023 3292 :
3057 3247 3102 3290 et
3132 3239 3244 3307 quis
3273 3246 3343 3290 est
3371 3237 3506 3305 ﬁlius
3534 3233 3618 3289 cui

2035 3350 2135 3386 non
2161 3333 2242 3387 det
2272 3332 2592 3402 disciplinam
2620 3341 2761 3401 pater
2788 3334 2894 3400 ejus
2926 3329 3106 3400 (Hebr.
3135 3346 3228 3392 xu,
3261 3329 3314 3393 6,
3343 3329 3444 3397 7)?
3465 3327 3614 3394 Quod

2035 3438 2154 3477 cum
2197 3422 2320 3477 facit
2364 3422 2537 3487 Deus,
2565 3421 2632 3475 ad
2685 3421 3049 3476 hmrcditatem
3100 3422 3477 3489 sempiternam
3517 3434 3614 3474 nos

2035 3512 2237 3579 erudit;
2271 3521 2323 3566 ct
2353 3512 2455 3566 hoc
2488 3513 2640 3566 nobis
2669 3521 2883 3580 prmstat
2925 3527 3066 3581 saepe
3102 3510 3170 3565 de
3198 3511 3349 3564 malis
3379 3509 3613 3562 homini-

2037 3605 2154 3668 bus,
2175 3605 2226 3658 in
2245 3603 2435 3674 quibus
2452 3613 2666 3658 exercet
2696 3612 2748 3656 et
2776 3604 2976 3672 perlicit
2994 3602 3330 3656 dilectionem
3355 3610 3612 3664 nostram,

2035 3714 2192 3770 quam
2221 3699 2329 3751 vult
2357 3696 2570 3750 extendi
2596 3711 2761 3765 usque
2787 3695 2850 3747 ad
2875 3695 3133 3748 inimicos.
3163 3693 3343 3761 Neque
3369 3691 3506 3744 enim
3533 3699 3616 3745 est

2037 3791 2265 3859 perfecta
2314 3788 2530 3842 dilectio
2575 3785 2884 3852 christiani,
2930 3784 3029 3838 nisi
3075 3799 3194 3838 cum
3248 3782 3430 3850 implet
3473 3779 3614 3850 quod

2035 3881 2279 3934 Christus
2307 3878 2558 3946 pra‘cepit
2587 3894 2601 3928 :
2632 3875 2839 3945 Diligite
2859 3875 3083 3927 inimicos
3108 3884 3314 3937 vestros,
3344 3871 3617 3941 bent-facite

2038 3974 2114 4025 his
2141 3972 2226 4039 qui
2255 3985 2340 4022 vos
2366 3968 2599 4031 oderunt,
2624 3976 2672 4020 et
2700 3974 2841 4018 orate
2871 3982 2962 4034 pro
2989 3964 3058 4017 eis
3087 3969 3168 4034 qui
3196 3979 3280 4016 vos
3303 3978 3614 4030 persequuti-

2039 4074 2118 4116 tur
2146 4060 2359 4132 (Matth.
2394 4075 2446 4124 v,
2480 4058 2608 4127 M).
2642 4057 2776 4110 [line
2805 4057 2917 4125 ipse
2945 4055 3186 4110 diabolus
3215 4053 3460 4118 vincitur,
3495 4052 3616 4106 hinc

2042 4154 2276 4209 victoria:
2317 4166 2512 4207 corona
2555 4149 2862 4219 percipitur.
2904 4148 3040 4202 Ecce
3071 4157 3262 4217 quanta
3295 4145 3447 4197 nobis
3478 4145 3616 4198 Deus

2041 4255 2253 4318 praestat
2277 4245 2343 4298 de
2372 4244 2523 4297 malis
2549 4241 2851 4296 hominibus
2876 4259 2888 4294 :
2912 4253 3009 4293 nec
3038 4249 3208 4290 tamen
3238 4235 3528 4290 secundum
3561 4234 3613 4288 id

2038 4339 2177 4408 quod
2206 4337 2273 4392 de
2313 4336 2416 4390 illis
2449 4335 2600 4389 nobis
2633 4341 2886 4404 przestat,
2917 4330 3010 4385 sed
3037 4327 3323 4383 secundum
3355 4325 3614 4382 malitiam

2038 4447 2221 4486 eorum
2265 4429 2526 4484 retribuet
2564 4429 2661 4480 eis.
2691 4425 2878 4479 Videte
2903 4422 3043 4478 enim
3071 4430 3263 4491 quanta
3293 4418 3446 4474 nobis
3474 4433 3615 4488 prae-

2039 4524 2174 4578 stitit
2215 4521 2283 4576 de
2332 4521 2446 4589 ipso
2493 4515 2880 4570 humanissimo
2917 4513 3120 4567 scelere
3148 4511 3296 4566 Iuda:
3323 4510 3613 4564 traditoris.

2037 4613 2201 4668 ludas
2228 4611 2423 4682 quippe
2453 4607 2671 4662 tradidit
2712 4605 2778 4660 ad
2826 4605 3126 4674 passionem
3166 4603 3354 4657 Filium
3388 4602 3521 4667 Dei,
3563 4609 3618 4654 et

2040 4721 2134 4775 per
2160 4705 2459 4775 passionem
2493 4701 2606 4755 Filii
2640 4699 2729 4752 Dei
2759 4713 2944 4751 omnes
2972 4707 3155 4767 gentes
3181 4695 3469 4764 redemptze
3495 4701 3618 4747 sunt

2038 4795 2106 4848 ad
2137 4795 2358 4848 salutem
2391 4809 2404 4846 :
2437 4805 2533 4844 nec
2581 4798 2755 4842 tamen
2801 4801 2896 4855 pro
2937 4787 3106 4841 salute
3149 4785 3382 4855 gentium
3411 4797 3618 4837 merces

2041 4885 2246 4940 reddita
2275 4892 2353 4937 est
2385 4881 2533 4936 Judtc
2555 4921 2568 4945 ,
2600 4878 2690 4934 sed
2723 4893 2819 4949 pro
2843 4878 2957 4946 ejus
2987 4877 3185 4930 malitia
3216 4875 3458 4930 debitum
3485 4887 3615 4941 sup-

2043 4975 2256 5044 plicium
2289 4971 2600 5026 retributqu
2629 4976 2730 5022 est.
2782 4967 2913 5020 Nam
2955 4967 2999 5027 si
3047 4967 3259 5020 traditio
3285 4963 3518 5027 Christi,
3560 4971 3618 5016 et

2043 5086 2146 5122 non
2195 5064 2450 5120 tradentis
2492 5062 2698 5115 animus
2744 5058 3163 5113 considerandus
3206 5066 3323 5122 est,
3357 5055 3455 5109 hoc
3494 5054 3620 5109 fecit

2039 5159 2204 5216 Judas
2255 5155 2394 5226 quod
2445 5153 2566 5208 fecit
2603 5153 2740 5208 Dens
2771 5152 2928 5206 Pater
2949 5193 2961 5211 ,
2995 5150 3060 5204 de
3089 5165 3198 5218 quo
3218 5149 3468 5214 scriptum
3508 5157 3613 5210 est,

2041 5253 2161 5321 quia
2195 5247 2330 5300 Filio
2367 5246 2574 5316 praprio
2596 5261 2694 5296 non
2719 5243 2960 5311 pepercit,
2987 5240 3075 5293 sed
3113 5255 3203 5306 pro
3226 5237 3366 5290 nobis
3391 5237 3617 5289 omnibus
3687 5284 3698 5299 ,

2041 5343 2249 5399 tradidit
2279 5341 2424 5394 illum
2456 5338 2629 5407 (Rom.
2660 5352 2750 5392 vttt
2775 5376 2788 5397 ,
2818 5333 2926 5403 39.).
2963 5331 3074 5386 Hoc
3101 5330 3223 5384 fecit
3247 5329 3409 5384 Judas
3429 5370 3443 5394 ,
3475 5327 3616 5398 quod

2044 5435 2169 5489 fecit
2216 5433 2328 5506 ipse
2373 5428 2626 5482 Dominus
2670 5425 2946 5487 Christus,
2987 5421 3054 5476 de
3079 5435 3185 5490 quo
3215 5419 3468 5488 scriptum
3501 5427 3616 5483 est,

2050 5525 2149 5593 Qui
2191 5523 2410 5590 seipsum
2450 5517 2659 5572 tradidit
2701 5532 2792 5587 pro
2836 5513 2976 5567 nobis
3005 5512 3303 5566 oblationem
3329 5521 3374 5563 et
3406 5511 3620 5564 hostiam

2050 5615 2156 5669 Deo
2183 5615 2237 5666 in
2278 5610 2484 5664 odorem
2508 5606 2767 5662 suavitatis
2798 5619 2816 5658 :
2843 5612 2898 5658 et
2925 5603 3116 5658 iterum
3139 5641 3152 5666 ,
3186 5600 3329 5656 Sicut
3357 5598 3619 5667 Christus,

2111 5801 2127 5832 ³
2155 5805 2229 5847 Er.
2255 5805 2392 5847 vena
2423 5803 2540 5844 Cum
2562 5803 2675 5854 ergo
2697 5786 2780 5853 qui
2808 5785 2911 5839 tibi.
2936 5794 3065 5837 tam:
3091 5794 3186 5836 cur
3203 5795 3318 5846 ergo
3337 5779 3441 5834 tibi.
3497 5787 3553 5830 tt.
