4012 6202
311 345 449 403 ﬁlii
481 368 490 373 -

306 455 510 526 inquit,
540 454 718 508 dilexit
748 451 1023 509 Ecclesium
1045 487 1058 512 ,
1087 453 1132 500 et
1177 445 1396 515 seipsum
1439 444 1648 498 tradidit
1691 461 1781 514 pro
1827 461 1884 498 ea

307 545 526 618 (Epltes.
557 561 608 610 v,
636 544 672 597 2
690 583 705 607 ,
733 543 801 596 9.5
825 542 865 607 ).
895 539 961 593 Et
987 546 1164 590 tamen
1189 535 1386 602 gratias
1414 535 1617 604 agimus
1649 535 1756 588 Deo
1784 533 1883 587 I‘a-

311 637 398 701 tri,
427 637 514 706 qui
544 635 696 689 unico
726 632 857 687 Filio
885 644 989 686 non
1021 627 1276 698 pepercit,
1302 627 1395 682 sed
1427 641 1521 696 pro
1543 627 1694 680 nobis
1716 625 1884 679 tradi-

307 726 385 782 dit
413 743 569 792 eum;
596 725 794 795 gratias
819 722 1026 790 agimus
1052 719 1154 790 ipsi
1195 718 1363 784 Filio,
1395 719 1486 788 qui
1513 719 1744 787 seipsum
1776 727 1882 771 tra-

307 819 439 873 didit
468 833 562 887 pro
592 815 769 878 nobis,
797 822 852 867 et
878 813 928 867 in
956 827 1023 868 eo
1048 811 1375 866 voluntatem
1421 808 1589 862 Patris
1617 808 1881 876 implevit:

310 921 361 966 et
407 911 731 964 detestamur
775 904 965 962 ludam
989 946 1003 968 ,
1035 903 1102 958 de
1132 902 1286 971 cujus
1315 900 1453 956 facto
1496 900 1649 954 nobis
1680 908 1884 954 tantum

309 999 620 1055 beneficium
651 997 896 1067 praestitit
929 995 1071 1050 Deus
1091 1011 1112 1059 ;_
1138 1004 1191 1048 et
1218 1001 1360 1048 recte
1389 991 1614 1046 dicimus
1633 1031 1649 1056 ,
1683 990 1882 1044 lteddi-

307 1093 382 1146 dit
409 1090 460 1145 ei
488 1090 742 1144 Dominus
765 1086 1056 1142 secundum
1083 1084 1418 1154 iniquitatem
1449 1081 1587 1152 ejus,
1615 1091 1671 1136 et
1693 1096 1884 1136 secun-

309 1182 428 1236 dum
462 1183 717 1236 malitiam
749 1180 866 1250 ejus
908 1176 1224 1247 disperdidit
1257 1191 1401 1231 eum.
1449 1174 1562 1228 Non
1610 1173 1750 1227 enim
1800 1173 1887 1226 ille

309 1290 405 1344 pro
435 1275 588 1330 nobis
611 1273 825 1328 tradidit
843 1271 1136 1331 Christum,
1156 1267 1247 1323 sed
1272 1282 1366 1337 pro
1387 1274 1608 1336 argento
1628 1279 1734 1333 quo
1759 1279 1886 1318 ven-

307 1366 446 1422 didit
483 1381 605 1420 eum
641 1359 930 1434 {quamvis
961 1360 1174 1416 traditio
1199 1357 1394 1414 Christi
1421 1358 1491 1412 sit
1527 1365 1705 1411 nostra
1735 1369 1884 1409 rece-

313 1458 422 1526 ptio
449 1459 487 1518 ί,
516 1466 569 1510 et
594 1455 788 1510 Christi
810 1452 1041 1508 venditio
1067 1451 1137 1505 sit
1169 1459 1348 1504 nostra
1375 1447 1694 1516 redemptio.
1717 1445 1807 1500 Sic
1833 1453 1888 1500 et

311 1548 385 1601 illi
410 1548 495 1617 qui
521 1557 783 1617 martyres
802 1543 1064 1614 persecuti
1091 1550 1235 1606 sunt,
1261 1537 1628 1610 persequendo
1647 1537 1698 1591 in
1722 1547 1884 1602 terra,

311 1641 366 1694 iu
407 1640 600 1694 caelum
636 1637 959 1700 ‘mittebant;
988 1644 1044 1694 et
1082 1635 1311 1690 scientes
1352 1630 1566 1702 quidem
1611 1627 1889 1698 praesentis

311 1731 433 1784 vita:
479 1729 730 1783 damnum
780 1726 1105 1788 inferebant,
1133 1723 1432 1778 nescientes
1475 1729 1652 1775 autem
1693 1715 1889 1772 futura:

313 1820 434 1874 vitae
463 1819 666 1874 lucrum
694 1817 1041 1872 conferebant
1065 1832 1078 1862 ε
1107 1813 1426 1884 quicumque
1451 1821 1626 1864 tamen
1654 1823 1892 1878 perseve-

315 1921 563 1965 raverant
581 1911 632 1964 in
654 1909 778 1964 odio
805 1907 999 1977 injuste
1016 1907 1304 1976 justorum,
1331 1902 1518 1958 reddet
1537 1903 1615 1957 eis
1638 1901 1890 1956 Dominus

313 2001 602 2057 secundum
638 2000 944 2069 iniquitates
969 2012 1155 2058 eorum
1178 2039 1192 2064 ,
1218 2003 1276 2051 et
1308 1993 1600 2050 secundum
1632 1992 1888 2046 malitiam

314 2107 498 2146 eorum
523 2091 790 2162 disperdet
810 2103 924 2145 eos.
975 2087 1290 2150 Sicutcnim
1319 2084 1472 2140 malis
1497 2085 1651 2139 obest
1683 2083 1892 2136 bonitas

313 2167 598 2252 iustorum,
620 2183 697 2236 sic
723 2181 877 2240 bonis
907 2179 1126 2250 prodest
1148 2176 1396 2247 iniquitas
1427 2175 1729 2243 impiorum.
1759 2173 1890 2227 Nam

315 2284 371 2330 et
399 2274 650 2328 Dominus
673 2272 822 2336 dicit,
853 2270 963 2342 Ego
989 2271 1118 2334 veni,
1149 2279 1203 2323 ut
1231 2269 1316 2337 qui
1345 2284 1443 2320 non
1471 2266 1636 2318 vident
1663 2265 1889 2330 videant,

316 2375 364 2420 et
389 2366 473 2436 qui
502 2367 667 2420 vident
696 2364 815 2419 eieci
845 2365 970 2432 ﬁant
999 2363 1174 2433 (Joan.
1205 2376 1257 2414 ιχ
1280 2402 1294 2422 ,
1325 2359 1414 2429 59)
1445 2376 1458 2412 :
1487 2366 1541 2412 et
1569 2357 1890 2426 Apostolus,

316 2459 442 2513 Aliis
467 2438 690 2527 quidem,
711 2456 897 2526 inquit,
925 2472 1096 2509 smnus
1120 2455 1245 2507 odor
1265 2454 1377 2506 rita:
1405 2453 1455 2504 in
1478 2450 1650 2514 vitain,
1673 2449 1787 2502 aliis
1802 2465 1894 2501 nu-

315 2561 414 2606 tem
452 2551 577 2604 odor
613 2550 787 2602 mortis
827 2548 882 2601 in
925 2555 1134 2599 mortem
1177 2543 1254 2613 (11
1284 2542 1400 2597 Cor.
1435 2557 1468 2594 ιι
1491 2583 1505 2601 ,
1542 2540 1653 2609 16).
1698 2537 1893 2592 Malitia

314 2656 444 2696 vero
467 2639 765 2710 iniquorum
787 2679 800 2702 ,
829 2637 1044 2692 sinistra
1086 2644 1210 2690 sunt
1236 2647 1382 2686 arma
1426 2631 1726 2700 justorum;
1758 2629 1896 2684 sicut

315 2730 454 2789 idem
483 2728 609 2783 dicit
635 2727 930 2797 apostolus,
961 2723 1064 2778 Per
1087 2739 1231 2776 arma
1251 2721 1462 2790 iustitia:
1488 2719 1666 2772 dextra
1696 2727 1742 2772 et
1771 2718 1895 2772 sini-

313 2831 441 2887 slra,
477 2821 526 2874 id
550 2828 654 2883 est,
684 2835 773 2890 per
801 2818 1016 2888 gloriam
1045 2824 1090 2868 et
1119 2813 1479 2884 ignobilitatem
1499 2809 1610 2880 (Id.
1635 2825 1706 2876 vt,
1729 2809 1782 2874 7,
1801 2807 1890 2876 8):

313 2924 471 2983 atque
515 2915 584 2966 ita
627 2912 882 2976 deinceps
921 2918 1112 2963 cmtera
1145 2905 1475 2974 exsequitur,
1507 2902 1697 2956 dextra
1745 2914 1891 2954 arma

313 3006 707 3070 demonstrans,
735 3001 957 3073 gloriam
991 2999 1104 3064 Dei,
1132 2998 1323 3054 famam
1341 2997 1556 3060 bonam,
1580 2995 1891 3049 veritatcm'

250 3141 257 3147 .
321 3111 425 3166 qua
454 3093 911 3165 cognoscebantur
937 3089 1077 3160 quod
1102 3087 1368 3152 vivebant,
1403 3084 1541 3155 quod
1571 3100 1672 3139 non
1703 3083 1890 3138 morti-

313 3189 625 3251 licabantnr,
652 3185 791 3256 quod
821 3183 1155 3255 gaudebant,
1185 3178 1326 3250 quod
1372 3177 1568 3232 multos
1613 3175 1854 3230 ditabant
1875 3216 1889 3240 ,

312 3279 452 3350 quod
477 3278 653 3334 omnia
685 3275 1061 3346 possidebant;
1095 3272 1308 3327 sinistra
1334 3285 1483 3332 vero,
1507 3269 1647 3338 quod
1677 3268 1888 3337 ignobi-

313 3369 392 3424 les
416 3377 464 3424 et
490 3367 643 3422 make
669 3367 821 3420 fama:
849 3363 1200 3426 habebantur,
1225 3359 1366 3431 quod
1396 3360 1708 3414 seductores
1739 3369 1893 3428 puta-

313 3459 524 3524 bantur,
549 3456 688 3528 quod
720 3453 1119 3526 ignorabantur,
1143 3450 1544 3514 occidebantur,
1569 3449 1892 3504 coerceban-

313 3563 420 3618 tur,
448 3547 932 3610 contristabantur,
965 3559 1124 3614 egere
1151 3557 1213 3598 ac
1245 3541 1374 3596 nihil
1406 3539 1605 3594 habere
1633 3539 1890 3594 videban-

313 3651 416 3699 tur.
465 3640 532 3694 Et
574 3638 698 3710 quiti
739 3637 930 3692 mirum
973 3635 1016 3690 si
1061 3633 1258 3689 milites
1297 3631 1494 3688 Christi
1527 3641 1582 3686 et
1610 3630 1811 3686 dextris
1836 3639 1890 3685 et

311 3733 544 3788 sinistris
569 3731 733 3786 armis
754 3728 1024 3786 diabolum
1046 3726 1384 3798 expugnant?
1409 3724 1558 3780 Sicut
1583 3733 1757 3778 autem
1787 3738 1890 3794 pax

215 3863 233 3874 .
313 3826 614 3882 hominibus
645 3825 797 3879 bona:
831 3821 1114 3878 voluntatis
1141 3819 1289 3889 (Luc.
1325 3834 1394 3882 ιι,
1421 3817 1560 3886 14),
1601 3826 1653 3872 ει
1679 3815 1892 3887 quando

313 3927 436 3974 sunt
463 3918 580 3970 aliis
604 3915 736 3970 odor
761 3914 944 3969 mortis
971 3913 1023 3968 in
1053 3920 1311 3974 mortem;
1341 3909 1418 3964 sic
1445 3908 1690 3965 interitus
1721 3907 1893 3962 homi-

313 4011 467 4066 nibus
497 4008 648 4062 mala:
673 4005 982 4068 voluntatis,
1007 4013 1060 4058 et
1081 4001 1292 4074 quando
1317 4001 1476 4070 jnstis
1499 4014 1646 4054 arma
1676 3999 1888 4054 sinistra

315 4109 437 4156 sunt
471 4099 536 4153 ad
578 4099 824 4153 salutem.
882 4094 1060 4164 Itaque
1106 4092 1290 4147 reddet
1330 4091 1434 4145 illis
1465 4105 1568 4144 non
1599 4089 1889 4144 secundum

315 4200 549 4246 nostram
591 4189 911 4251 utilitatem,
940 4201 1058 4254 qua:
1086 4184 1153 4237 de
1185 4183 1311 4252 ipsis
1343 4180 1433 4244 fit;
1467 4179 1560 4234 sed
1602 4179 1891 4234 secundum

317 4288 547 4354 ipsorum
577 4281 932 4351 iniquitatem,
956 4293 1113 4346 quam
1137 4273 1408 4343 diligendo
1436 4270 1666 4326 oderunt
1689 4271 1894 4326 animas

314 4392 438 4435 snas
459 4393 470 4431 :
490 4384 544 4430 et
566 4389 672 4428 non
693 4368 986 4426 secundum
1014 4365 1324 4422 beneficium
1349 4363 1486 4434 quod
1513 4363 1665 4417 nobis
1681 4361 1748 4418 de
1767 4362 1895 4432 ipsis

311 4473 567 4538 priestat,
601 4462 826 4517 honorat
868 4474 994 4524 eos,
1025 4457 1115 4528 qui
1151 4456 1310 4512 etiam
1343 4454 1496 4508 malis
1525 4454 1660 4508 bene
1691 4454 1891 4516 utitur;

314 4556 406 4612 sed
433 4553 706 4609 secundum
735 4550 980 4605 malitiam
1013 4563 1188 4604 eorum
1229 4545 1482 4616 disperde!
1523 4561 1605 4599 eos
1646 4543 1894 4598 Dominus

317 4647 456 4703 Deus
485 4655 672 4700 noster.

384 4739 475 4794 29.
502 4737 716 4792 Toleret
737 4749 866 4806 ergo
885 4733 1061 4803 justus
1090 4730 1377 4800 injustum;
1411 4727 1601 4782 toleret
1626 4735 1896 4796 tempora-

321 4835 420 4892 lem
453 4830 816 4901 impnnitatem
847 4825 1027 4896 injusti
1049 4866 1064 4890 ,
1091 4821 1398 4893 temporalis
1425 4821 1576 4876 labor
1596 4819 1729 4889 justi
1757 4836 1770 4873 :
1803 4819 1898 4874 sed

321 4924 486 4993 iustus
508 4937 578 4978 ex
609 4919 711 4974 fide
737 4917 863 4972 vivit
892 4915 1064 4987 (Rom.
1089 4931 1140 4979 ι,
1178 4913 1292 4982 17).
1321 4910 1434 4965 Νοη
1485 4909 1751 4965 εεΓειιίιιι
1796 4907 1897 4964 alia

318 5017 514 5083 insutia
547 5011 776 5067 hominis
806 5011 857 5065 in
885 5009 985 5064 hac
1012 5008 1147 5072 vita,
1180 5005 1281 5060 nisi
1309 5020 1372 5059 ex
1402 5003 1504 5059 fide
1529 5004 1714 5059 vivere
1733 5045 1747 5070 ,
1779 5018 1900 5073 quae

295 5176 301 5180 η
319 5123 414 5178 per
457 5103 800 5160 dilectionem
845 5110 1094 5171 operatur
1119 5095 1315 5166 (Galat.
1340 5112 1394 5159 v,
1419 5095 1511 5164 6).
1539 5093 1594 5151 Si
1627 5102 1802 5158 autem
1833 5110 1900 5149 ex

319 5197 422 5250 ιίίιε
449 5197 597 5260 vivit,
620 5193 806 5250 credat
847 5201 902 5246 et
926 5190 1026 5244 sibi
1056 5188 1284 5243 futuram
1315 5185 1552 5254 requiem
1596 5194 1717 5255 post
1757 5199 1902 5254 prte-

319 5298 525 5346 sentem
573 5288 850 5347 laborem,
890 5291 944 5337 et
974 5281 1076 5336 illis
1107 5277 1462 5346 sempiternos
1487 5275 1754 5330 cruciatus
1782 5282 1904 5346 post

329 5390 649 5454 praesentem
675 5375 1106 5434 exsultationem.
1138 5369 1200 5424 Et
1223 5370 1266 5424 si
1288 5368 1419 5423 ﬁdes
1441 5383 1537 5438 per
1563 5365 1900 5421 dilecuonem

319 5484 592 5546 operatur,
625 5471 810 5543 diligat
835 5468 995 5524 etiam
1027 5464 1271 5519 inimicos
1293 5504 1308 5528 ,
1331 5469 1383 5516 et
1413 5468 1669 5530 quantum
1701 5457 1753 5512 in
1785 5458 1902 5527 ipso

387 5649 403 5680 ι
428 5647 566 5696 sicin
588 5652 694 5694 uss.
719 5651 773 5692 Αι
797 5645 844 5692 in
868 5642 999 5704 [ἀει.
1034 5635 1314 5704 redemptio.
1493 5694 1518 5704 ,Α
1561 5701 1570 5704 _
1791 5691 1800 5704 ο

384 5712 407 5741 ³
429 5709 504 5757 sic
525 5709 700 5764 uerius
720 5706 861 5754 litn-r.
907 5703 989 5750 Alii
1017 5710 1149 5764 Mss,
1180 5701 1375 5760 (tunam,
1404 5701 1683 5753 veritatem;
1708 5701 1904 5752 omisso,

326 5768 515 5824 bonam.
544 5759 748 5827 arma,
774 5771 806 5828 μ
823 5759 1174 5815 "maturitatis
1197 5772 1313 5821 qua,
1333 5766 1427 5807 etc.

1539 334 1594 390 S.
1639 332 1999 390 AUGUSTINI
2039 330 2342 389 El’lSCOt’l

3440 338 3575 395 1216

1991 454 2092 508 est,
2123 447 2378 515 prodesse
2399 447 2504 503 illis
2527 447 2653 502 velit
2679 465 2690 500 :
2717 448 2785 504 ita
2811 448 2950 504 cnim
2979 448 3137 505 faciet
3170 465 3237 506 ne
3263 450 3366 505 sibi
3397 454 3575 509 obsiat

1964 542 1967 550 '
1993 540 2087 606 illi,
2109 556 2229 594 cum
2255 541 2354 592 hoe
2380 541 2560 596 velint.
2593 542 2656 596 Et
2675 543 2886 612 quando
2908 542 3045 599 forte
3069 552 3389 614 potestatem
3421 561 3570 602 acce-

1991 632 2166 699 perint
2191 634 2342 702 quasi
2382 635 2608 689 nocendi
2637 644 2692 690 et
2713 636 3053 702 dominandi;
3081 625 3301 693 sursum
3333 652 3429 694 cor
3476 641 3571 692 ha—

1991 721 2133 788 beat,
2169 723 2255 776 ubi
2286 723 2334 778 ei
2367 739 2524 779 nemo
2549 735 2727 792 nocet,
2755 727 2976 782 edoctus
3000 737 3054 783 et
3079 729 3320 784 eruditus
3345 745 3413 784 ex
3456 732 3574 801 lege

1993 814 2120 880 Dei,
2151 823 2209 869 ut
2247 816 2516 887 mitigetur
2538 833 2567 871 a
2596 817 2787 874 diebus
2815 820 3060 890 malignis
3081 863 3095 883 ,
3123 821 3309 876 donec'
3342 821 3579 877 fodiatur

1993 907 2254 974 peccatori
2287 905 2460 964 fovea.
2489 908 2711 964 Si-enim
2734 911 2784 963 in
2813 910 2928 980 lege
2955 912 3161 967 Domini
3187 914 3434 969 voluntas
3454 915 3576 982 ejus

1989 1005 2093 1062 est,
2123 1007 2178 1052 et
2206 999 2257 1053 in
2288 999 2406 1068 lege
2432 1000 2548 1066 ejus
2579 1000 2917 1055 meditabitur
2941 1001 3030 1057 die
3051 1017 3112 1056 ac
3139 1013 3297 1058 nocte
3328 1003 3481 1076 (Psal
3535 1022 3573 1071 ι,

1989 1086 2054 1157 2)
2075 1127 2089 1149 .
2118 1088 2267 1156 cujus
2294 1091 2626 1145 conversatio
2655 1091 2706 1144 in
2741 1092 2893 1146 cmlis
2920 1101 3000 1147 est
3027 1091 3284 1166 (Philipp.
3317 1110 3407 1158 ιιι,
3429 1095 3500 1149 ει)
3523 1099 3568 1164 );

1991 1178 2059 1234 de
2081 1181 2414 1234 firmamento
2438 1182 2577 1237 lucet
2599 1197 2761 1251 super
2790 1192 2984 1238 terram
3013 1202 3025 1238 :
3057 1185 3195 1239 unde
3218 1187 3316 1240 iste
3338 1187 3574 1254 psalmus

1993 1269 2198 1324 titulum
2242 1271 2310 1326 de
2351 1284 2530 1340 quarm
2556 1274 2750 1327 sabbati
2775 1276 3009 1343 accepit,
3041 1276 3255 1345 quando
3283 1276 3417 1331 facta
3450 1290 3576 1332 snnt

1993 1359 2272 1414 luminaria
2309 1360 2456 1432 (Cen.
2488 1379 2523 1422 ι.
2558 1365 2678 1433 li);
2713 1373 2770 1418 ιιι
2797 1365 2974 1419 Omnia
3003 1365 3161 1420 faciat
3189 1367 3306 1422 sine
3336 1384 3576 1420 murinu-

1993 1451 2196 1505 ratione
2216 1493 2230 1518 ,
2261 1453 2478 1507 verbum
2521 1453 2640 1508 vitae
2682 1455 2883 1510 habens
2915 1457 2965 1510 in
3000 1458 3215 1512 natione
3247 1468 3481 1514 tortuosa
3521 1471 3578 1516 et

1991 1557 2242 1612 perversa
2287 1542 2545 1614 (Philipp.
2573 1562 2643 1609 ιι,
2671 1547 2920 1618 lli-16).
2967 1547 3116 1604 Sicut
3140 1550 3283 1604 enim
3312 1551 3495 1606 stellas
3522 1553 3576 1607 in

1993 1633 2131 1686 caelo
2156 1649 2258 1687 non
2281 1636 2539 1705 extinguit
2562 1653 2696 1700 nox;
2720 1637 2796 1691 sic
2823 1647 3030 1693 mentes
3053 1638 3282 1694 fidelium
3311 1640 3580 1696 inbazren-

1996 1730 2076 1776 tes
2098 1724 2432 1779 firmamento
2461 1725 2748 1795 Scriptura:
2775 1727 2868 1782 Dei
2895 1743 3002 1782 non
3025 1729 3187 1784 vincit
3213 1731 3479 1800 iniquitas.
3511 1733 3580 1788 Et

1996 1811 2096 1867 hoc
2138 1814 2307 1884 ipsum
2347 1815 2490 1885 quod
2532 1827 2712 1872 nostra
2744 1827 2954 1874 terrena
2985 1819 3180 1876 dantur
3207 1821 3493 1892 aliquando
3522 1825 3576 1878 in

1993 1915 2311 1976 potestatem
2343 1907 2624 1973 malorum,
2651 1923 2754 1963 non
2779 1909 2954 1964 solum
2986 1911 3052 1965 ad
3081 1920 3318 1966 nostram
3349 1914 3579 1982 pertinet

1997 1995 2349 2051 eruditionem
2373 2038 2386 2059 ,
2413 2005 2469 2051 ιιι
2497 1998 2580 2050 fiat
2617 1998 2774 2054 nobis
2813 1999 3070 2059 Dominus
3099 2000 3152 2056 in
3184 2001 3444 2072 refugium
3465 2045 3483 2070 ,
3522 2013 3579 2059 et

1998 2086 2138 2141 Deus
2179 2087 2231 2140 in
2274 2088 2530 2142 auxilium
2574 2089 2687 2158 spei
2734 2098 2964 2155 nostrm;
2997 2090 3091 2146 sed
3121 2092 3281 2147 etiam
3311 2092 3379 2147 ad
3411 2095 3578 2163 ipsius

1999 2179 2293 2247 peccatoris
2322 2180 2525 2233 foveam
2557 2180 2782 2248 proficit,
2817 2181 2885 2236 de
2913 2197 3021 2252 quo
3049 2183 3100 2236 in
3128 2183 3233 2237 alio
3264 2186 3468 2253 psalmo
3493 2186 3577 2238 dis-

1997 2271 2166 2324 citur:
2188 2269 2521 2325 Incliuabitur
2542 2281 2586 2326 et
2611 2274 2773 2339 cadet,
2797 2291 2911 2328 cum
2933 2274 3272 2330 dominabitur
3297 2293 3578 2345 pauperum

1998 2359 2170 2430 (Psal.
2196 2377 2268 2424 Ix,
2294 2363 2406 2431 10).

2069 2450 2156 2506 50.
2192 2451 2361 2522 Forte.
2385 2467 2610 2508 onerosa
2643 2452 2738 2507 fuit
2774 2455 2924 2510 vobis
2965 2455 3238 2526 longitudo
3276 2458 3576 2513 sermonis:

1995 2555 2298 2612 quanquam
2331 2543 2385 2598 in
2416 2543 2515 2598 ista
2542 2544 2819 2600 alacritate
2846 2545 3008 2600 studii
3036 2547 3196 2601 vestri
3226 2561 3331 2602 non
3361 2547 3462 2603 hoc
3485 2564 3580 2618 ap-

2000 2640 2198 2703 pareat.
2229 2633 2334 2690 Sed
2364 2634 2467 2691 etsi
2492 2635 2557 2689 ita
2580 2643 2682 2703 est,
2714 2636 2971 2705 ignoscite
2998 2654 3010 2691 :
3035 2637 3228 2707 primo,
3253 2638 3374 2708 quia
3395 2637 3580 2708 jussus

1997 2723 2129 2789 feci;
2161 2741 2280 2779 nam
2325 2725 2580 2780 Dominus
2607 2726 2748 2782 Deus
2777 2737 2959 2783 noster
2988 2743 3082 2796 per
3103 2743 3198 2783 eos
3228 2729 3357 2783 tnihi
3389 2729 3579 2784 fratres

1993 2817 2171 2885 jussit.
2208 2817 2259 2872 in
2289 2817 2484 2887 quibus
2518 2817 2739 2872 habitat.
2784 2817 2901 2873 Non
2926 2819 3070 2874 enim
3094 2819 3244 2890 jubet
3273 2819 3442 2886 Deus,
3475 2821 3579 2876 nisi

1997 2905 2066 2961 de
2089 2907 2217 2962 sedo
2240 2923 2356 2961 sua.
2387 2907 2605 2974 Deinde,
2629 2907 2750 2977 quia
2783 2917 2987 2963 tantum
3010 2909 3148 2964 avidi
3181 2909 3351 2964 fuistis
3374 2911 3566 2974 nostri,

1996 2999 2330 3065 confitemur,
2358 3010 2409 3054 et
2453 3015 2551 3055 nos
2594 3000 2730 3055 avidi
2781 3001 2974 3056 fuimus
3022 3002 3202 3056 vestri.
3257 3001 3581 3057 Consoletur

1997 3104 2124 3159 ergo
2155 3090 2296 3145 Deus
2325 3099 2506 3146 uester
2533 3089 2768 3146 laborem
2796 3091 2977 3154 istum,
3003 3099 3064 3146 ut
3086 3091 3250 3146 sudor
3275 3092 3374 3147 iste
3395 3101 3594 3148 noster

1997 3179 2066 3232 sit
2110 3178 2259 3234 vobis
2306 3179 2359 3232 in
2400 3187 2707 3248 provectum
2737 3179 2924 3235 salutis
2946 3221 2962 3246 ,
2994 3195 3100 3235 non
3131 3181 3182 3235 in
3215 3181 3578 3237 testimonium

1995 3272 2368 3326 accusationis.
2402 3271 2513 3328 Iloc
2541 3271 2660 3327 dico
2680 3315 2694 3337 ,
2719 3270 2943 3340 fratres,
2975 3282 3032 3327 ut
3054 3287 3122 3328 ex
3155 3288 3219 3328 eo
3249 3272 3390 3344 quod
3416 3273 3577 3328 audi-

1997 3362 2115 3427 stis,
2148 3361 2460 3431 proficiatis,
2488 3372 2544 3419 et
2567 3363 2848 3418 ruminetis
2876 3363 3149 3419 vobiscum
3175 3383 3188 3418 :
3215 3381 3318 3420 non
3345 3381 3438 3420 vos
3465 3381 3579 3435 per-

2000 3454 2224 3507 mittatis
2252 3453 2516 3518 oblivisci,
2551 3470 2654 3507 non
2685 3453 2856 3508 solum
2890 3455 2988 3508 ista
3015 3455 3358 3525 TCCligiL'lllth
3384 3465 3436 3510 et
3460 3457 3578 3511 col-

1997 3545 2262 3616 loquendo
2283 3587 2296 3609 ,
2328 3545 2424 3599 sed
2452 3547 2612 3600 etiam
2645 3547 2713 3600 ita
2752 3545 2999 3600 vivendo.
3033 3546 3176 3601 Bona
3204 3547 3306 3600 vita
3335 3547 3476 3608 enim
3508 3563 3575 3602 ex

1995 3635 2277 3705 praeceptis
2321 3635 2414 3690 Dei
2451 3652 2567 3705 qum
2597 3637 2793 3706 agitur,
2829 3645 3078 3706 tanquam
3105 3639 3257 3691 stilus
3283 3647 3361 3691 est
3383 3678 3399 3703 ,
3431 3637 3575 3707 quod

1996 3727 2210 3781 auditur
2237 3728 2476 3781 scribens
2508 3729 2557 3782 in
2587 3728 2768 3782 corde.
2801 3728 2855 3784 Si
2885 3729 2937 3783 in
2966 3744 3087 3784 cera
3119 3730 3462 3794 scriberetur,
3496 3729 3575 3784 fa—

1997 3819 2099 3874 cile
2127 3819 2396 3874 deleretur
2420 3837 2432 3873 :
2457 3819 2674 3875 scribite
2703 3811 2828 3873 illud
2861 3821 2911 3874 in
2940 3820 3187 3875 cordibus
3218 3821 3427 3888 vestris,
3460 3835 3571 3874 mo-

1998 3910 2144 3964 ribus
2176 3911 2386 3976 vestris,
2418 3922 2470 3966 et
2501 3925 2768 3980 utinquam
2796 3908 3079 3965 delcbitur.

2452 4113 2533 4174 IN
2575 4112 2712 4174 PSA
2721 4112 2951 4174 LMUM
2981 4112 3178 4174 XCIV

2581 4235 2996 4290 ENARIlATIO.

2641 4366 2811 4407 scano
2842 4349 2940 4422 (ιι).

2074 4469 2124 4522 1.
2152 4465 2303 4539 [verm
2330 4463 2406 4536 1.]
2437 4463 2548 4535 Ego
2565 4464 2778 4526 vellem,
2798 4463 3008 4527 fratres,
3029 4471 3086 4516 ut
3113 4471 3313 4532 patrem
3336 4470 3578 4516 nostrum
3599 4449 3605 4458 “

2000 4559 2176 4628 potius
2201 4555 2535 4620 audiremus;
2559 4552 2654 4609 sed
2677 4561 2732 4608 et
2762 4552 2862 4606 hoc
2893 4552 3087 4606 bonum
3110 4561 3266 4604 estut
3295 4549 3424 4620 patri
3450 4551 3582 4605 ohe—

2000 4647 2227 4702 diamus.
2259 4644 2394 4714 Quia
2424 4660 2552 4714 ergo
2588 4642 2748 4713 jussit
2777 4641 2964 4705 nobis,
2993 4640 3080 4710 qui
3129 4639 3376 4709 dignatur
3420 4653 3581 4694 orare

2003 4753 2099 4809 pro
2129 4736 2283 4792 nobis
2303 4777 2317 4802 ,
2351 4736 2417 4791 de
2447 4733 2698 4805 przesenti
2743 4732 2948 4802 psalmo
2983 4729 3124 4798 quod
3158 4729 3410 4782 Dominus
3442 4728 3581 4782 Deus

2003 4831 2240 4886 omnium
2268 4838 2508 4883 nostrum
2536 4827 2736 4880 donare
2765 4822 3086 4894 dignabitur,
3111 4821 3295 4891 loquar
3320 4819 3579 4875 Cbaritati

2007 4926 2229 4980 Vestrzn.
2264 4923 2359 4977 Est
2385 4930 2562 4975 autem
2609 4917 2808 4973 Psalmi
2857 4913 3070 4980 titulus,
3102 4911 3239 4967 Laus
3267 4913 3449 4965 cantici
3477 4913 3576 4980 ipsi

2004 5016 2190 5075 David.
2218 5015 2354 5068 Laus
2374 5011 2557 5065 cantici
2580 5019 2634 5064 et
2660 5008 2982 5063 hilaritatem
3006 5004 3287 5076 significat,
3312 5004 3430 5072 quia
3452 5018 3580 5056 can-

2007 5117 2092 5163 tus
2117 5116 2226 5170 est;
2255 5115 2308 5159 et
2333 5103 2692 5165 devotionem,
2722 5100 2844 5169 quia
2871 5098 2981 5152 laus
3007 5106 3110 5152 est.
3139 5095 3275 5163 Quid
3305 5095 3445 5147 enim
3474 5111 3585 5145 ma-

2008 5201 2090 5269 gis
2124 5198 2284 5251 bomo
2313 5195 2470 5249 debet
2497 5191 2735 5254 laudare,
2768 5203 2924 5259 quam
2955 5186 3006 5241 id
3042 5186 3183 5256 quod
3208 5185 3285 5238 sic
3311 5185 3499 5252 placet.
3529 5193 3587 5236 ut

2011 5304 2116 5343 non
2160 5286 2328 5357 possit
2365 5284 2466 5339 sibi
2508 5280 2834 5351 displicere?
2878 5276 3150 5333 Securitas
3177 5290 3305 5344 ergo
3336 5272 3504 5327 laudis
3533 5272 3587 5324 in

2011 5379 2166 5434 laude
2202 5378 2289 5432 llci
2322 5384 2422 5431 est.
2454 5374 2524 5428 lbi
2555 5372 2796 5427 laudator
2821 5383 3046 5425 securus
3065 5375 3170 5432 est,
3191 5366 3278 5420 tibi
3309 5379 3412 5418 non
3441 5363 3588 5418 timet

2011 5488 2078 5526 ne
2101 5472 2169 5525 de
2194 5470 2406 5524 laudato
2435 5468 2736 5523 erubescat.
2763 5465 2828 5518 Et
2855 5461 3132 5517 laudemus
3152 5474 3299 5529 ergo,
3327 5467 3380 5511 et
3407 5465 3590 5511 caute-

2074 5624 2144 5685 (τι)
2179 5623 2375 5670 Habitus
2391 5621 2525 5682 jussu
2552 5619 2728 5685 Aurelii
2774 5615 3194 5685 Carthaginensis;
3220 5610 3296 5661 vel
3325 5611 3486 5674 potius
3504 5617 3592 5676 va.

2013 5679 2458 5746 lerii'tlipwnen'sis
2485 5683 2714 5746 episimpi,
2740 5679 2961 5743 adeoque
2987 5679 3248 5738 Augustino
3283 5686 3459 5723 recens
3489 5685 3591 5734 ept-

2017 5761 2179 5812 scopo,
2203 5743 2284 5795 aut
2307 5744 2460 5794 adhuc
2483 5743 2784 5805 presbytero.
