3984 6204
306 316 446 372 1217

306 447 459 494 mus;
488 429 588 485 hoc
609 439 710 496 est,
735 445 853 484 cum
877 427 1141 485 hilaritate
1164 440 1215 484 ct
1239 444 1358 484 cum
1389 431 1565 484 Ιιυιὶιὶςι
1589 431 1884 484 laudemus.

306 522 447 590 Quid
471 532 650 576 autem
681 521 942 575 laudaturi
969 535 1184 588 sumus,
1217 522 1328 592 ipse
1359 521 1600 576 Psalmus
1627 521 1894 592 sequenti-

306 614 413 670 bus
440 614 683 669 versibus
715 614 913 668 indicat
942 614 1114 668 nobis.

380 707 434 759 2.
472 705 680 769 Venite,
710 707 1018 760 exsultemus
1046 705 1282 759 Domino.
1333 705 1524 761 invitat
1565 705 1631 762 ad
1675 722 1894 778 magnas

306 799 492 869 epulas
513 797 836 861 exsultaudi,
865 812 969 852 non
993 798 1211 864 saeculo,
1230 798 1322 852 sed
1353 798 1598 852 Domino.
1619 798 1727 853 Nisi
1751 800 1891 853 enim

305 900 453 945 esset
484 892 535 943 in
567 890 666 943 hoc
685 890 884 944 sreculo
900 890 1188 944 exsultatio
1206 891 1364 955 mala,
1385 906 1501 958 qua!
1518 890 1894 960 distinguenda

306 992 391 1035 est
429 979 500 1034 ab
542 980 902 1035 exsultatione
932 980 1067 1033 bona
1093 1022 1107 1046 ,
1138 979 1406 1034 sufficeret
1438 980 1617 1034 dicere
1641 1023 1656 1046 ,
1690 979 1891 1048 Venite,

306 1074 620 1128 exsultemus
638 1089 657 1126 :
677 1072 772 1126 sed
811 1072 1045 1126 breviter
1071 1071 1332 1126 distinxit.
1365 1073 1498 1139 Quid
1526 1082 1605 1126 cst
1634 1072 1768 1127 bene
1794 1088 1891 1126 ex-

310 1164 548 1218 sultare?
581 1162 807 1217 Do'miuo
832 1163 1118 1218 exsultare.
1147 1162 1283 1232 Ergo
1312 1162 1598 1216 exsultatio
1625 1163 1760 1216 mala
1790 1172 1890 1230 est,

310 1257 582 1312 exsultare
609 1238 1150 1320 saeculoaexsultatio
1179 1255 1313 1308 bona
1344 1265 1454 1317 est,
1487 1256 1757 1310 exsultare
1786 1256 1892 1310 Do-

309 1347 482 1402 mino.
513 1346 607 1402 Pie
650 1345 817 1402 debes
865 1346 1091 1402 Domino
1135 1346 1430 1414 exsultare,
1474 1348 1519 1402 si
1558 1349 1635 1402 vis
1675 1365 1894 1407 securus

311 1437 513 1494 mundo
540 1438 818 1493 insultare.
835 1436 968 1504 Quid
994 1447 1075 1494 est
1099 1448 1298 1507 autem,
1330 1439 1545 1496 Venite?
1573 1441 1724 1498 Unde
1742 1455 1895 1499 vocat

322 1541 380 1584 ut
407 1532 638 1597 veniant,
667 1545 786 1585 cum
820 1530 1008 1600 quibus
1039 1532 1148 1585 vult
1177 1533 1445 1587 exsultare
1489 1533 1749 1601 Domino;
1793 1537 1894 1590 nisi

256 1669 272 1682 ,
312 1623 433 1691 quia
478 1624 633 1692 longe
681 1631 806 1676 sunt
850 1632 907 1676 ut
953 1623 1214 1677 veniendo
1259 1625 1642 1693 propinquent,
1677 1629 1894 1697 propin-

313 1713 528 1782 quando
553 1714 830 1779 accedant,
863 1713 1168 1769 accedendo
1194 1715 1496 1769 exsultent?
1530 1717 1676 1772 Unde
1716 1729 1892 1773 autem

319 1807 474 1874 longe
500 1805 660 1857 sunt?
679 1803 942 1873 Numquid
967 1803 1097 1858 locis
1125 1805 1280 1874 longe
1310 1814 1482 1874 potest
1505 1807 1664 1861 homo
1689 1823 1806 1863 esse
1827 1809 1894 1863 ab

313 1909 381 1950 eo
411 1895 500 1964 qui
529 1894 724 1965 ubique
748 1896 863 1950 est?
897 1894 985 1949 Vis
1011 1909 1128 1950 esse
1159 1896 1225 1949 ab
1251 1912 1315 1951 eo
1347 1897 1533 1967 longe?
1554 1899 1670 1966 Quo
1693 1900 1811 1965 ibis,
1838 1910 1894 1955 ut

314 1988 470 2057 longe
498 1988 610 2041 sis?
637 1986 768 2041 Nam
795 1987 1013 2058 quidam
1044 1997 1292 2057 peccator
1323 1991 1560 2060 quidem,
1591 1992 1682 2045 sed
1717 2002 1891 2048 tamen

315 2093 435 2131 eum
480 2093 577 2146 spe
614 2078 802 2132 salutis
845 2079 1108 2146 paenitens
1135 2088 1182 2132 et
1218 2080 1406 2137 dolens
1431 2081 1497 2135 de
1530 2085 1795 2151 peccatis,
1842 2095 1895 2140 et

318 2178 561 2221 metuens
583 2169 712 2221 iram
743 2168 923 2244 Dei,.et
954 2170 1134 2222 volens
1162 2171 1371 2238 placare
1405 2172 1589 2239 Deum,
1614 2174 1690 2228 sic
1715 2174 1765 2228 in
1788 2177 1894 2229 alio

317 2261 519 2330 p~almo
551 2261 783 2329 loquitur
807 2279 819 2314 ί
849 2260 961 2326 Quo
989 2261 1068 2314 ibo
1090 2265 1150 2314 ab
1169 2263 1352 2330 apiritu
1375 2264 1499 2316 tuo?
1523 2273 1568 2316 et
1596 2282 1626 2317 a
1656 2268 1782 2336 facie
1807 2276 1895 2320 tua

315 2367 408 2420 quo
431 2351 663 2421 fugiam?
687 2351 748 2405 Si
769 2351 1039 2404 ascendere
1059 2353 1108 2403 in
1130 2353 1330 2418 calum,
1355 2363 1404 2404 tu
1431 2353 1498 2406 ibi
1519 2371 1588 2408 es.
1609 2356 1742 2422 Quid
1769 2373 1894 2426 ergo

317 2440 517 2494 resmt?
534 2440 666 2508 Quia
683 2441 726 2494 si
749 2440 1044 2494 ascenderit
1064 2441 1113 2494 in
1136 2441 1350 2507 cadum,
1372 2442 1440 2496 ibi
1468 2444 1666 2499 invenit
1691 2439 1852 2500 Deum
1877 2465 1891 2501 :

314 2541 371 2586 ut
400 2532 558 2602 longe
585 2532 750 2602 fugiat
775 2548 802 2586 a
833 2532 942 2587 Deo
966 2575 980 2596 ,
1011 2548 1116 2602 quo
1144 2535 1314 2588 iturus
1340 2537 1456 2588 est?
1499 2536 1630 2591 Vide
1655 2539 1778 2607 quid
1809 2539 1890 2593 di-

315 2635 433 2678 eat:
462 2625 524 2680 Si
548 2625 849 2679 descendere
875 2627 943 2679 ad
967 2627 1220 2697 infernum
1240 2669 1254 2694 ,
1283 2627 1402 2683 ades
1429 2628 1597 2697 (Psal.
1628 2646 1890 2699 cxxxvut,

315 2717 460 2784 7,8).
481 2717 533 2772 Si
558 2733 684 2786 ergo
707 2717 1045 2772 ascendendo
1072 2715 1121 2771 iu
1145 2720 1357 2783 coelum,
1383 2720 1451 2773 ibi
1480 2721 1676 2776 invenit
1697 2723 1890 2791 Deum;

313 2809 686 2865 descendendo
707 2810 758 2863 in
783 2808 1066 2873 infernum,
1090 2826 1194 2864 non
1223 2810 1352 2880 fugit
1379 2811 1542 2866 Deum
1565 2831 1576 2865 :
1599 2827 1701 2882 quo
1725 2814 1893 2869 iturus

314 2911 417 2959 est.
444 2917 553 2970 quo
587 2901 849 2972 fugiturus
872 2909 955 2956 est
980 2901 1047 2955 ab
1071 2903 1158 2956 illo
1185 2901 1336 2966 irato,
1365 2903 1466 2958 nisi
1495 2903 1560 2957 ad
1589 2905 1759 2972 ipsum
1791 2906 1896 2975 pla-

312 2995 525 3048 catum?
549 2993 615 3048 Et
639 3002 838 3061 tamen,
861 3007 982 3048 cum
1006 2994 1224 3048 omnino
1245 3008 1402 3049 nemo
1429 2995 1594 3064 possit
1622 2995 1803 3066 fugere
1825 2996 1894 3051 ab

313 3085 404 3140 illo
429 3087 516 3155 qui
549 3085 744 3156 ubique
772 3095 853 3139 est
873 3127 886 3149 ,
915 3086 1016 3140 nisi
1044 3085 1258 3156 quidam
1297 3087 1455 3157 longe
1484 3097 1666 3143 essent
1691 3105 1719 3143 a
1748 3091 1888 3157 Deo,

313 3192 418 3231 non
441 3176 715 3231 diceretur
739 3193 751 3229 :
786 3174 1015 3245 Populus
1042 3177 1135 3231 iste
1158 3177 1304 3230 labiis
1329 3194 1410 3232 me
1435 3179 1670 3244 honorat,
1695 3195 1781 3233 cor
1801 3198 1893 3234 au-

314 3277 412 3319 tem
437 3282 612 3319 eorum
640 3266 788 3336 longe
812 3276 883 3320 est
912 3283 943 3318 a
972 3282 1049 3319 me
1079 3265 1229 3334 (Isai.
1260 3283 1382 3321 xxtx
1404 3311 1419 3334 ,
1452 3269 1576 3338 15).
1609 3269 1724 3324 Non
1765 3286 1894 3341 ergo

313 3356 432 3411 loco
472 3357 700 3426 quisque
749 3357 903 3426 longe
946 3366 1028 3411 est
1066 3372 1094 3410 a
1141 3360 1286 3422 Deo,
1317 3358 1410 3412 sed
1437 3359 1890 3416 dissimilitudine.

314 3449 449 3516 Quid
479 3457 581 3513 est,
610 3447 1078 3503 dissimilitudine?
1118 3449 1250 3503 Mala
1278 3451 1382 3504 vita
1403 3491 1420 3516 ,
1451 3452 1605 3506 malis
1636 3454 1890 3508 moribus.

314 3537 370 3594 Si
396 3539 539 3594 enim
572 3539 728 3594 bouis
753 3537 992 3593 moribus
1019 3540 1403 3610 propinquatur
1433 3541 1572 3608 Deo;
1605 3544 1760 3598 malis
1789 3560 1894 3600 mo-

315 3631 464 3686 ribus
493 3630 762 3686 receditur
782 3647 810 3684 a
838 3629 968 3686 Deo.
996 3629 1144 3686 Unus
1171 3646 1298 3702 ergo
1326 3631 1571 3701 idemque
1599 3633 1757 3689 homo
1779 3651 1894 3690 cor-

316 3736 444 3791 pore
487 3731 638 3775 stans
675 3735 778 3775 uno
822 3720 972 3787 loco,
1005 3728 1058 3776 et
1095 3721 1321 3776 amando
1353 3722 1530 3777 Deum
1575 3725 1780 3779 accedit
1828 3726 1911 3780 ad.

319 3812 505 3874 Deum,
524 3820 580 3866 et
599 3809 826 3865 amando
849 3811 1176 3880 iniquitatem
1194 3811 1396 3866 recedit
1420 3827 1447 3866 a
1479 3813 1585 3866 Deo
1606 3832 1617 3866 :
1637 3830 1892 3884 nusquam

317 3902 479 3972 pedes
504 3911 702 3967 movet,
725 3909 780 3956 et
807 3909 978 3956 tamen
1004 3910 1177 3971 potest
1197 3911 1249 3955 et
1273 3903 1525 3957 accedere
1548 3913 1601 3957 et
1622 3905 1892 3960 recedere.

317 3993 486 4048 Pedes
511 3993 654 4048 enim
681 3993 847 4047 nostri
879 3997 929 4046 in
955 3992 1056 4047 hoc
1083 3993 1294 4056 itinere,
1318 3993 1538 4049 affectus
1562 3997 1725 4050 nostri
1749 4006 1891 4050 sunt.

316 4084 480 4140 I’rout
507 4085 733 4155 quisque
756 4084 1004 4139 affectum
1037 4084 1299 4148 habuerit,
1324 4095 1479 4154 prout
1501 4087 1724 4158 quisque
1746 4104 1896 4142 amo-

317 4193 428 4233 rem
460 4177 739 4243 habuerit,
771 4178 839 4231 ita
867 4175 1072 4232 accedit
1100 4177 1182 4232 vel
1227 4177 1429 4232 recedit
1467 4194 1496 4232 a
1546 4180 1676 4236 Deo.
1711 4183 1894 4238 Nonne

315 4270 628 4338 plerumque
647 4268 893 4333 dicimus,
921 4267 1133 4338 quando
1160 4268 1455 4323 invenimus
1475 4271 1648 4341 aliqua
1673 4272 1894 4328 dissimi-

317 4360 382 4414 lia
410 4378 423 4413 :
449 4359 560 4413 Hoc
589 4359 742 4429 longe
764 4368 847 4415 est
874 4359 942 4413 ab
971 4359 1101 4413 illo?
1122 4360 1343 4425 Quando
1369 4361 1574 4431 aliquos
1599 4363 1732 4418 duos
1758 4364 1894 4420 forte

319 4449 564 4504 homines
591 4463 960 4518 comparamus
978 4492 993 4513 ,
1035 4451 1170 4504 duos
1196 4465 1362 4519 equos
1383 4492 1396 4515 ,
1431 4451 1563 4505 duas
1591 4465 1767 4508 vestes
1788 4497 1802 4518 ,
1842 4465 1895 4510 et

315 4540 516 4595 dixerit
545 4540 735 4607 aliquis
754 4582 768 4605 ,
803 4539 1004 4594 Similis
1031 4549 1112 4594 est
1157 4540 1268 4594 hazc
1292 4546 1477 4604 vestis,
1514 4543 1633 4596 .alis
1663 4553 1744 4598 est
1766 4561 1894 4612 qua-

317 4632 381 4685 lis
408 4632 526 4696 illa;
559 4639 669 4695 aut,
703 4629 805 4685 Iste
834 4630 997 4685 homo
1020 4631 1137 4684 talis
1165 4639 1249 4685 est
1271 4633 1440 4701 qualis
1468 4631 1585 4685 ille:
1612 4633 1734 4701 quid
1757 4636 1892 4690 alius

315 4721 476 4786 dicit,
511 4721 602 4790 qui
632 4721 978 4775 contradicit?
1007 4720 1186 4793 Absit;
1221 4723 1377 4791 longe
1406 4732 1487 4777 est
1515 4723 1582 4776 ab
1614 4724 1723 4778 illo.
1754 4725 1891 4793 Quid

315 4821 414 4880 est,
444 4813 603 4882 longe
647 4820 729 4867 est
772 4811 839 4865 ab
885 4811 1009 4866 illo?
1042 4811 1320 4866 Dissimilis
1368 4822 1449 4867 est
1493 4813 1587 4867 illi.
1639 4815 1702 4868 Et
1744 4816 1892 4883 juxta

315 4911 476 4967 stant,
502 4912 558 4958 et
583 4910 758 4956 tamen
789 4902 886 4955 iste
915 4901 1071 4971 longe
1095 4911 1177 4955 est
1205 4901 1271 4955 ab
1300 4901 1406 4955 illo.
1435 4903 1544 4955 Duo
1575 4918 1702 4959 vero
1729 4905 1892 4974 iniqui

317 5009 471 5062 pares
503 4995 609 5047 vita
642 5003 694 5047 et
724 4993 982 5056 moribus,
1006 4992 1049 5046 si
1073 4981 1210 5046 unus
1239 4993 1308 5047 sit
1338 4996 1388 5048 in
1419 4993 1660 5062 Oriente,
1684 4997 1820 5052 alter
1842 4999 1893 5053 in

315 5084 630 5147 Occidente,
648 5084 805 5153 juxta
835 5083 1060 5138 invicem
1089 5093 1230 5137 sunt.
1253 5084 1320 5137 Et
1347 5084 1450 5138 duo
1471 5085 1602 5155 justi
1626 5087 1889 5154 similiter,

317 5177 450 5233 alter
480 5177 554 5232 sit
583 5178 635 5230 in
665 5176 902 5241 Oriente,
934 5175 1070 5229 alter
1099 5176 1150 5230 in
1181 5175 1502 5240 Occidente,
1533 5192 1711 5232 secum
1743 5189 1891 5248 sunt,

323 5270 434 5341 quia
467 5271 522 5323 in
555 5269 660 5323 Deo
689 5276 833 5322 sunt.
859 5266 1078 5331 Contra,
1113 5282 1250 5321 unus
1268 5267 1459 5336 justus,
1493 5269 1630 5323 alter
1659 5270 1888 5340 iniquus,

315 5361 524 5416 etiamsi
568 5375 672 5415 una
719 5368 910 5415 eatena
956 5359 1202 5430 ligentur,
1249 5359 1473 5414 multum
1509 5375 1538 5414 a
1579 5375 1637 5416 se
1664 5365 1890 5432 separati

317 5464 460 5509 sunt.
495 5455 632 5524 Ergo
661 5455 702 5507 si
729 5453 1162 5509 dissimilitudine
1191 5453 1490 5507 recedimus
1519 5469 1546 5506 a
1580 5454 1709 5520 Deo,
1739 5455 1889 5510 simi-

317 5546 538 5602 litudine
576 5545 878 5601 accedimus
912 5544 978 5599 ad
1024 5544 1210 5598 Deum.
1243 5545 1354 5612 Qua
1395 5544 1771 5600 similitudine?
1809 5546 1925 5602 Ad:

317 5655 472 5708 quam
509 5637 634 5693 facti
663 5653 866 5704 sumus,
897 5653 1054 5709 quam
1086 5637 1137 5692 in
1166 5637 1318 5692 nobis
1346 5637 1612 5706 peccando
1638 5653 1885 5708 corrupe-

317 5748 516 5800 ramus,
540 5747 696 5803 quam
718 5742 1054 5803 peccatorum
1086 5729 1398 5786 remissione
1425 5731 1739 5800 recepimus,
1769 5746 1885 5800 qua:

1401 313 1789 370 ENARRATlO
1828 311 1890 366 ΙΝ
1934 310 2245 368 Ρδλωῐωί
2289 313 2464 369 Χιῖιγ.

3451 328 3583 384 1218

2005 424 2055 478 in
2081 425 2231 478 nobis
2261 437 2545 480 renovatur
2568 428 2708 483 intus
2728 428 2781 486 in
2807 441 3004 498 mente,
3027 441 3084 488 ut
3112 442 3358 505 tanquam
3382 440 3586 494 rescul-

2002 525 2156 582 patur
2187 515 2236 568 in
2273 531 2520 581 nummo,
2553 517 2600 572 id
2637 529 2716 573 est
2737 563 2751 587 ,
2784 521 2832 574 iu
2863 524 3038 577 anima
3066 536 3247 580 nostra
3280 527 3454 598 imago
3491 530 3583 584 Dei

2001 607 2202 672 nostri,
2235 617 2286 661 et
2327 608 2608 663 redeamus
2635 610 2698 664 ad
2735 611 3016 668 thesauros
3043 615 3179 685 ejus.
3228 616 3361 672 Nam
3403 631 3544 675 mute
3565 660 3580 684 .

2001 699 2209 763 fratres,
2240 699 2308 754 de
2335 717 2550 754 nummo
2579 705 2739 758 voluit
2772 705 3024 763 Dominus
3052 719 3233 765 noster
3254 710 3408 766 Jesus
3430 712 3581 767 Chri-

2001 798 2116 843 stus
2145 791 2428 847 ostendere
2469 795 2820 849 tcutatmibus
2852 798 2962 852 suis
2991 798 3114 868 quid
3157 813 3360 871 quaerat
3401 803 3584 858 Deus?

2001 881 2223 948 Quando
2253 885 2393 938 cnitn
2426 885 2494 940 de
2523 888 2717 941 tributo
2743 887 2968 943 Cmsaris
2990 932 3004 955 ,
3031 904 3333 960 quamentes
3363 911 3578 950 causam

1998 976 2278 1030 calumnia:
2299 1019 2312 1040 ,
2346 980 2624 1033 consulere
2652 981 2961 1051 magistrum
2992 984 3230 1042 veritatis
3257 989 3568 1054 voluerunt,

1999 1079 2052 1122 et
2099 1069 2426 1123 consulendo
2476 1079 2680 1125 tentare
2727 1081 2900 1125 utrum
2952 1073 3135 1129 liceret
3176 1077 3424 1150 tributum
3467 1079 3572 1136 dari

1997 1157 2224 1220 Cmsari;
2271 1159 2396 1229 quid
2441 1159 2528 1216 ille
2574 1162 2686 1216 ait?
2720 1161 2856 1230 Quid
2885 1181 2963 1216 me
2993 1167 3194 1219 tentatis
3215 1209 3230 1234 ,
3263 1170 3573 1237 Ityporritw?

2000 1249 2155 1304 Petiit
2182 1250 2356 1306 all‘erri
2390 1253 2488 1306 sibi
2522 1269 2832 1320 nummum,
2867 1266 2920 1309 et
2949 1257 3138 1310 allatus
3168 1268 3268 1313 est.
3301 1259 3457 1329 Cujus
3486 1263 3580 1315 Im.

1999 1343 2098 1406 bet,
2119 1346 2305 1414 inquit,
2324 1347 2590 1413 imaginem
2610 1346 2634 1398 ?
2654 1347 3338 1416 Responderunt:Ctesnris.
3365 1353 3430 1407 Et
3461 1356 3578 1409 ille:

2002 1435 2218 1490 Reddite
2243 1455 2359 1507 ergo
2383 1436 2571 1492 (stari
2594 1456 2705 1508 qum
2723 1439 2939 1493 Ca'saris
2967 1452 3100 1503 sunt,
3133 1453 3180 1496 et
3214 1443 3318 1498 Deo
3345 1463 3457 1514 qua:
3486 1447 3582 1502 Dei

1999 1537 2114 1580 sunt
2143 1527 2356 1596 (Matth.
2386 1545 2512 1591 xxu,
2541 1529 2751 1599 lii-Sil).
2782 1532 3052 1601 Tanquam
3081 1533 3380 1592 diceret:Si
3403 1536 3584 1594 Czesar

1999 1619 2192 1688 quzerit
2223 1621 2274 1673 in
2303 1636 2522 1673 mnnmo
2552 1622 2834 1690 imaginem
2868 1640 3017 1678 suam
3042 1667 3057 1690 ,
3091 1626 3230 1681 Deus
3257 1643 3360 1681 non
3392 1633 3584 1698 qturrit

2000 1708 2053 1762 in
2085 1709 2300 1764 homine
2322 1711 2605 1780 imaginem
2639 1714 2825 1766 suam?
2871 1715 2949 1766 Ad
2997 1714 3131 1770 hanc
3173 1718 3575 1776 similitudinem

2000 1814 2098 1852 nos
2131 1799 2386 1853 Dominus
2410 1813 2590 1854 noster
2615 1801 2770 1855 Jt'SllS
2795 1801 3041 1857 Christus
3067 1805 3320 1869 iuvitaus,
3353 1809 3583 1879 imperat

2001 1887 2256 1959 ttobisgttt
2285 1900 2512 1944 'nostros
2557 1891 2716 1945 etiam
2766 1893 3011 1947 inimicos
3052 1895 3365 1966 diligamus;
3398 1911 3454 1954 et
3493 1902 3582 1956 dat

1999 1980 2298 2050 exenq‘lmu
2330 1983 2396 2036 de
2427 1983 2542 2051 ipso
2574 1984 2684 2038 Deo
2711 2004 2723 2037 :
2757 1986 2900 2040 Sicut
2935 1987 3086 2041 Pater
3107 2001 3281 2053 rester,
3310 1992 3400 2055 ait,
3425 1997 3510 2064 qui
3531 1997 3582 2049 in

1998 2072 2136 2126 oculis
2163 2083 2254 2138 est,
2283 2076 2368 2143 qui
2393 2076 2546 2129 solent
2576 2094 2721 2130 suum
2754 2079 2878 2130 oriri
2900 2081 3020 2148 facit
3044 2098 3197 2151 super
3220 2084 3374 2137 bonos
3396 2097 3441 2138 et
3470 2104 3581 2138 rna-

1999 2163 2094 2227 los,
2127 2176 2172 2217 et
2205 2167 2334 2233 pluit
2365 2184 2516 2234 super
2544 2169 2716 2245 justgs
2745 2179 2789 2222 et
2819 2171 3052 2239 injustas.
3095 2172 3275 2229 .Eslote
3300 2192 3417 2245 ergo
3451 2179 3582 2230 sicut
3642 2155 3654 2165 .

2005 2257 2158 2311 Pater
2184 2270 2340 2312 vester
2367 2262 2576 2328 perfecti
2602 2239 2710 2329 (Ι
2736 2277 2785 2326 v,
2813 2262 2902 2326 45,
2929 2264 3044 2329 48).
3071 2264 3202 2318 Cum
3233 2239 3380 2329 dicit:
3410 2268 3583 2322 lfslole

1998 2347 2128 2400 sicut
2155 2349 2240 2401 ille
2287 2350 2621 2419 perfecti,ad
2669 2352 3073 2407 similitudinem
3123 2371 3220 2408 nos
3268 2358 3474 2412 invitat.
3523 2360 3579 2415 Si

1999 2456 2126 2510 ergo
2153 2441 2216 2494 ad
2248 2442 2650 2496 similitudinem
2684 2459 2779 2496 nos
2811 2445 3014 2510 invitat,
3040 2457 3247 2500 constat
3268 2450 3386 2516 quia
3417 2450 3577 2504 dissi-

1999 2533 2154 2586 miles
2183 2533 2460 2586 existendo
2487 2548 2883 2588 reccsseramns
2911 2551 2937 2587 a
2975 2537 3102 2598 Deo,
3128 2547 3181 2590 et
3213 2537 3332 2592 facti
3364 2555 3579 2595 eramus

1997 2623 2156 2694 longe
2199 2641 2297 2694 per
2337 2625 2841 2688 dissimilitudinem,
2872 2635 2925 2680 et
2968 2627 3233 2682 efficimur
3279 2646 3442 2701 prope
3488 2648 3580 2701 per

1998 2715 2418 2777 similitudinem,
2441 2724 2499 2769 ut
2521 2716 2630 2785 jam
2661 2717 2748 2770 ﬁat
2777 2718 2827 2770 in
2854 2718 3008 2771 nobis
3031 2720 3170 2788 quod
3198 2723 3449 2790 scriptum
3473 2733 3574 2790 est,

1998 2804 2231 2858 Accedite
2253 2806 2318 2858 ad
2349 2804 2542 2870 Deum,
2577 2815 2624 2860 et
2667 2807 3028 2861 illuminamini
3059 2808 3232 2879 (Psal.
3270 2828 3431 2866 xxxttt
3454 2856 3468 2880 ,
3498 2814 3575 2882 5).

1999 2897 2136 2966 Ergo
2158 2896 2469 2967 quibusdam
2500 2899 2654 2967 longe
2682 2900 2866 2968 positis
2888 2909 2940 2954 et
2963 2902 3101 2956 male
3125 2903 3424 2960 viventibus
3448 2908 3580 2975 psal-

1997 3005 2114 3043 mus
2143 2990 2243 3044 iste
2272 2988 2434 3055 dicit,
2469 2989 2673 3056 Venite,
2706 2992 3010 3046 exsultemus
3038 2991 3277 3048 Domino.
3307 2996 3422 3064 Quo
3455 2999 3578 3054 itis?

1996 3096 2103 3151 quo
2131 3080 2536 3150 receditis‘iquo
2565 3080 2876 3135 disceditis?
2901 3097 3006 3150 quo
3037 3081 3238 3153 fugitis,
3263 3086 3580 3144 exsultando

1998 3170 2229 3224 mundo?
2256 3170 2448 3234 Venite,
2463 3171 2766 3225 exsultemus
2790 3171 3158 3239 Domino.Quo
3185 3175 3270 3229 itis
3290 3178 3577 3248 exsultare,

1997 3257 2090 3319 ubi
2126 3264 2386 3319 deficitis?
2419 3265 2639 3331 Venite,
2667 3265 2997 3320 exsultemus
3038 3266 3088 3320 in
3132 3267 3222 3321 illo
3263 3284 3292 3322 a
3322 3284 3429 3338 quo
3456 3269 3580 3328 facti

1997 3375 2201 3414 sumus.
2241 3359 2430 3426 Venite,
2462 3360 2768 3414 exsultemus
2790 3359 3030 3416 Domino.

2068 3450 2121 3504 5.
2147 3448 2432 3503 Jubilemus
2458 3449 2582 3514 Deo,
2609 3451 2821 3504 salutari
2849 3462 3038 3505 nostro.
3061 3453 3196 3520 Quid
3221 3463 3300 3509 est
3317 3455 3581 3524 jubilare?

1998 3539 2257 3595 Gaudium
2289 3540 2464 3594 verbis
2495 3558 2598 3593 non
2632 3555 2786 3609 posse
2817 3543 3088 3610 explicare
3110 3585 3124 3607 ,
3160 3553 3213 3598 et
3241 3553 3417 3599 tamen
3448 3561 3581 3600 voce

2000 3631 2180 3685 testari
2211 3629 2350 3699 quod
2381 3631 2520 3684 intus
2545 3643 2859 3700 conceptum
2892 3642 2972 3686 est
3016 3643 3069 3687 et
3110 3634 3289 3690 verbis
3319 3636 3579 3703 explicari

1998 3735 2102 3773 non
2135 3728 2309 3788 potest
2337 3739 2348 3773 :
2383 3720 2482 3773 hoc
2512 3731 2590 3773 est
2614 3721 2860 3786 jnbilare.
2896 3722 3026 3776 Nam
3055 3724 3359 3779 consideret
3388 3725 3579 3780 Chari-

2001 3819 2081 3863 tas
2113 3810 2300 3864 Vestra
2343 3810 2429 3878 qui
2474 3809 2700 3878 jubilant
2747 3809 2798 3864 in
2846 3812 3122 3866 cantilenis
3153 3813 3484 3883 quibusque,
3517 3824 3586 3871 et‘

1998 3901 2146 3970 quasi
2182 3900 2230 3952 in
2263 3901 2554 3954 certamine
2580 3900 2808 3968 quodam
2842 3901 3037 3955 lﬂ'lllliﬂ
3069 3904 3371 3969 surcularis;
3415 3916 3468 3959 et
3496 3908 3578 3960 vi-

1998 3991 2135 4046 detis
2170 3991 2316 4060 quasi
2362 3991 2498 4043 inter
2526 3991 2730 4043 cantica
2759 3991 2937 4045 verbis
2967 4008 3220 4060 expressa
3246 3996 3578 4054 exundantes

1999 4082 2174 4136 laetitia
2198 4123 2211 4144 ,
2241 4081 2324 4135 cui
2357 4081 2531 4150 lingua
2563 4081 2790 4134 dicendo
2822 4097 2926 4135 non
2961 4083 3156 4138 sufﬁcit
3177 4125 3192 4149 ,
3226 4087 3578 4154 quemadmo-

1999 4174 2123 4229 dum
2150 4174 2396 4243 jnbilent,
2429 4183 2485 4227 ut
2514 4190 2608 4244 per
2630 4175 2769 4227 illam
2801 4189 2984 4230 vocem
3018 4176 3282 4232 indicetur
3305 4181 3467 4234 animi
3496 4182 3578 4235 af-

2000 4265 2187 4330 fectus,
2221 4265 2401 4318 verbis
2427 4265 2694 4333 explicare
2725 4282 2826 4318 non
2852 4267 3074 4320 valentis
3101 4267 3238 4336 quod
3263 4269 3425 4324 corde
3446 4287 3579 4324 con-

1998 4359 2208 4427 cipitur.
2232 4355 2285 4411 Si
2309 4372 2436 4426 ergo
2465 4357 2536 4410 illi
2565 4355 2631 4409 de
2652 4357 2844 4426 gaudio
2867 4365 3083 4412 terreno
3107 4359 3363 4426 jubilant;
3389 4377 3484 4416 nos
3510 4365 3579 4420 de

2006 4449 2198 4518 gaudio
2227 4448 2431 4502 etelesti
2457 4447 2684 4516 junilare
2707 4463 2810 4501 non
2833 4447 3111 4516 debemus,
3140 4450 3279 4519 quod
3311 4467 3436 4507 vere
3463 4471 3578 4508 ver-

2001 4543 2080 4596 bis
2110 4543 2373 4610 explicare
2405 4558 2508 4595 non
2541 4541 2860 4610 pofzsumus?

2070 4632 2298 4704 4.l[rers.
2331 4632 2365 4685 ‘2
2391 4631 2410 4706 ]
2448 4631 2861 4699 Pt'reoccupemus
2888 4631 3065 4700 [aciem
3092 4631 3200 4700 ejus
3229 4631 3280 4684 in
3306 4636 3578 4702 confessio-

2002 4742 2081 4778 ne.
2110 4723 2390 4777 Confessio
2419 4723 2630 4790 quidem
2659 4721 2866 4774 duolms
2890 4721 3062 4775 modis
3081 4722 3340 4790 accipitur
3361 4723 3410 4776 in
3435 4723 3575 4778 Scri-

2003 4818 2189 4886 pturis.
2222 4817 2318 4869 Est
2346 4815 2609 4869 confessio
2637 4813 2922 4876 laudantis,
2953 4823 3034 4868 est
3060 4813 3328 4869 confessio
3355 4831 3574 4884 gemen-

2003 4908 2087 4960 tis.
2135 4906 2410 4960 Confessio
2440 4904 2737 4969 laudantis,
2769 4903 2834 4957 ad
2885 4903 3140 4958 honorem
3193 4907 3420 4975 pertinet
3463 4907 3572 4973 ejus

2000 4997 2087 5066 qui
2132 4996 2376 5050 laudatur
2407 5012 2419 5046 :
2450 4995 2717 5049 confessio
2750 4988 3047 5064 gementis,
3091 4996 3155 5048 ad
3211 4995 3567 5065 pmniteutiaut

2004 5088 2230 5156 pertinet
2257 5087 2371 5154 ejus
2401 5086 2487 5154 qui
2516 5086 2817 5139 confitetur.
2863 5085 3196 5140 Confitentur
3223 5085 3365 5140 enim
3399 5083 3564 5138 homi.

2002 5194 2115 5243 nes,
2147 5193 2264 5231 cum
2296 5175 2512 5230 laudant
2543 5176 2705 5230 Deum
2747 5193 2759 5229 :
2803 5175 3142 5241 confitentur,
3173 5189 3292 5229 cum
3324 5184 3573 5229 accusant

2000 5286 2090 5335 se;
2122 5279 2175 5322 et
2205 5268 2334 5321 nihil
2365 5267 2576 5336 dignius
2607 5266 2728 5320 facit
2757 5266 2954 5336 lingua.
2980 5265 3116 5320 Vere
3146 5275 3272 5334 puto
3297 5264 3436 5332 quod
3462 5265 3573 5333 ipsa

1999 5363 2103 5416 sint
2136 5371 2278 5423 vota,
2308 5360 2373 5414 de
2401 5360 2591 5429 quibus
2612 5357 2738 5412 dicit
2769 5359 2819 5412 in
2848 5358 2952 5411 alio
2979 5358 3202 5427 psalmo.
3229 5355 3456 5409 Reddam
3482 5357 3572 5410 tibi

1998 5464 2111 5508 vola
2146 5469 2255 5506 mea
2273 5494 2288 5516 ,
2315 5467 2427 5522 qua:
2447 5434 2793 5504 distinxerunt.
2814 5449 2948 5503 labia
2973 5465 3082 5501 mea
3115 5447 3282 5518 (Psal.
3309 5463 3441 5516 va,
3473 5450 3566 5512 15,

1999 5544 2108 5616 14).
2137 5542 2275 5597 Nihil
2298 5543 2394 5595 ista
2418 5540 2759 5594 distinctione
2785 5539 3083 5603 sublimius,
3103 5538 3230 5593 nihil
3255 5544 3361 5593 tam
3387 5555 3577 5594 neces-

1997 5636 2195 5690 sarium
2238 5642 2292 5687 et
2332 5631 2397 5685 ad
2444 5629 2842 5699 intelligendum
2873 5637 2927 5684 et
2960 5628 3024 5683 ad
3058 5627 3356 5684 iaciendum
3424 5629 3572 5697 Quo-

2000 5727 2156 5783 modo
2183 5741 2308 5796 crgo
2335 5723 2616 5794 distinguis
2648 5731 2768 5779 vota
2795 5738 2914 5794 qua:
2945 5722 3124 5778 reddis
3156 5722 3300 5780 Deo?
3325 5721 3395 5779 Ut
3423 5722 3570 5777 illum
