3984 6204
425 313 559 368 1919

419 425 622 489 laudes,
657 435 708 478 te
735 439 983 488 accuses;
1013 420 1134 490 quia
1177 417 1319 474 illius
1364 425 1445 472 est
1486 416 1850 472 misericordia
1873 455 1886 479 ,
1939 423 1994 465 ut

420 527 633 584 peccata
676 524 853 568 uestra
884 508 1130 565 dimittat.
1174 505 1308 561 Nam
1356 507 1400 560 si
1449 506 1610 561 vellet
1659 521 1754 574 pro
1794 503 1997 558 meritis

420 620 598 675 agere,
632 622 735 659 non
764 602 1024 656 inveniret
1054 597 1152 652 nisi
1183 613 1319 667 quos
1345 596 1644 651 damnaret.
1682 595 1852 649 Venite
1872 607 1996 662 ergo

421 698 552 750 dixit
576 697 616 759 ί,
652 704 707 748 ιιι
746 676 1055 746 recedamus
1080 688 1192 757 jam
1223 704 1254 742 a
1283 687 1515 758 peccatis
1547 685 1745 740 nostris
1765 727 1779 749 ,
1813 693 1865 738 et
1893 698 1994 738 non

422 788 694 842 nobiscum
721 783 950 838 deducat
985 781 1244 836 rationem
1287 779 1354 834 de
1397 778 1716 850 praeteritis;
1745 777 1837 831 sed
1879 787 1994 831 tan-

423 895 576 946 quam
611 875 802 929 talnthe
833 889 983 928 novre
1015 874 1162 936 liant,
1191 871 1422 926 incensis
1452 871 1701 924 omnibus
1729 868 2000 938 chirogra-

423 969 539 1036 phis
566 967 866 1020 debitorum
901 973 1224 1018 nostrorum.
1273 961 1477 1027 Quanta
1509 976 1636 1029 ergo
1669 960 1806 1013 illius
1845 959 1994 1022 laus,

420 1066 614 1126 quanta
645 1053 1008 1108 misericordia
1029 1095 1043 1118 ,
1073 1052 1424 1105 conﬁteantur
1444 1091 1457 1114 ,
1491 1050 1672 1119 utique
1702 1049 1995 1102 laudantes.

421 1149 554 1204 Nam
581 1147 624 1199 si
655 1161 866 1222 semper
896 1142 1160 1198 confessio
1194 1141 1496 1210 ptenitentis
1524 1149 1684 1205 esset,
1715 1155 1818 1193 non
1850 1139 1997 1193 diec-

421 1246 568 1291 retur
595 1237 647 1289 in
677 1235 964 1304 Evangelio
990 1233 1056 1287 de
1085 1233 1200 1301 ipso
1230 1233 1450 1285 Domino
1471 1229 1562 1284 :In
1580 1231 1671 1283 illa
1688 1232 1813 1283 liora
1829 1229 2000 1283 exsul~
2031 1224 2037 1231 ’

419 1328 540 1380 tavit
566 1324 720 1379 Jesus
746 1326 798 1377 in
826 1324 1024 1393 Spiritu
1050 1334 1240 1384 sancto,
1273 1332 1318 1373 et
1345 1323 1434 1383 ait,
1464 1321 1718 1388 Conﬁteor
1745 1321 1852 1382 tibi,
1893 1319 1994 1372 Pa-

420 1428 515 1481 ter,
532 1416 748 1470 Domine
767 1416 879 1469 caali
903 1425 948 1467 et
979 1425 1142 1478 terras,
1163 1414 1279 1482 quia
1301 1413 1602 1465 abscondisti
1625 1414 1730 1466 ha’c
1757 1429 1786 1464 a
1807 1413 2002 1480 sapien-

421 1512 551 1565 tibus
581 1520 624 1563 et
657 1508 1014 1580 prudentibus,
1044 1518 1089 1561 et
1119 1507 1347 1560 revelasti
1389 1522 1447 1559 ea
1493 1507 1714 1574 parvulis
1751 1503 1899 1572 (Luc.
1934 1521 1995 1570 κ,

419 1601 532 1670 21).
569 1599 827 1670 Numquid
871 1600 990 1668 quia
1034 1598 1278 1652 Christus
1321 1596 1689 1657 conﬁtebatur,
1737 1595 2000 1662 paenitens

421 1692 569 1746 erat?
598 1691 745 1744 Illum
781 1687 906 1742 nihil
938 1689 1197 1758 poenitere
1226 1693 1465 1754 poterat,
1501 1686 1619 1753 quia
1653 1684 1784 1738 nihil
1815 1683 1998 1753 culpa-

419 1782 597 1836 biliter
628 1780 852 1845 fecerat;
877 1780 968 1834 sed
998 1779 1350 1833 conﬁtebatur
1373 1777 1428 1831 in
1461 1776 1613 1830 laude
1643 1775 1835 1830 Patris.
1862 1777 2001 1844 Ergo

419 1875 541 1943 quia
569 1883 619 1926 et
652 1872 736 1925 hic
761 1870 1132 1925 exsultationis
1161 1869 1310 1923 locus
1339 1875 1422 1922 est
1442 1909 1457 1934 ,
1493 1866 1631 1920 forte
1659 1867 1803 1920 iilam
1831 1865 1997 1920 debe-

420 1980 537 2018 mus
566 1962 860 2032 intclligere
889 1958 1279 2014 cenfessionem
1310 1974 1428 2027 quae
1468 1965 1551 2012 est
1592 1957 1644 2010 in
1676 1955 1831 2011 laude
1865 1956 1956 2010 Dei
1983 1974 1996 2009 :

419 2053 560 2109 unde
587 2065 636 2107 et
667 2052 805 2106 Laus
834 2052 1036 2118 cantici,
1069 2060 1128 2105 ut
1158 2065 1262 2104 non
1290 2049 1375 2103 hic
1403 2049 1760 2119 intelligamus
1786 2047 1998 2102 confes~

418 2147 624 2200 sionem
673 2143 1073 2212 ptenitentiutn,
1113 2140 1207 2194 scd
1245 2140 1592 2194 laudantium.
1641 2139 1709 2193 Et
1749 2139 1874 2209 quid
1920 2147 2002 2193 est

419 2235 558 2304 quod
602 2234 854 2287 continuo
893 2246 988 2284 nos
1028 2231 1278 2284 admonet
1305 2231 1370 2284 de
1397 2231 1624 2300 quadam
1665 2228 2002 2284 confessione

418 2341 538 2380 Cllltl
587 2329 705 2377 ait:
749 2323 1125 2378 Prtereniatnus
1173 2323 1353 2393 faciem
1397 2322 1505 2391 ejus
1550 2321 1603 2373 in
1643 2321 2002 2390 confessione?

418 2418 552 2485 Quid
601 2428 714 2479 est,
764 2415 1135 2469 Pricvcniamus
1177 2414 1357 2484 facient
1398 2413 1509 2482 ejus
1553 2412 1606 2465 in
1650 2411 2002 2483 confessione?

421 2510 688 2563 Venturus
707 2518 816 2573 est;
846 2507 1221 2561 Prteveniamus
1244 2505 1424 2576 faciem
1450 2505 1560 2575 ejus
1583 2504 1636 2556 in
1657 2505 1998 2575 confessione,

419 2602 601 2670 prius:
633 2609 917 2670 antequam
960 2597 1168 2662 veniat,
1200 2611 1297 2650 nos
1339 2594 1645 2650 conﬁtendo
1687 2594 2001 2650 damnemus

419 2693 559 2762 quod
582 2694 819 2752 fecimus,
842 2699 897 2743 lll
920 2691 1008 2742 ille
1034 2687 1176 2758 quod
1202 2693 1444 2750 coronet,
1469 2701 1574 2739 non
1596 2685 1734 2754 quod
1762 2685 1998 2753 damnet,

421 2782 675 2836 inveniat.
701 2779 963 2849 Numquid
995 2788 1170 2832 autem
1200 2786 1254 2832 et
1281 2776 1383 2831 hoc
1407 2792 1511 2831 non
1539 2777 1769 2846 pertinet
1791 2775 1856 2830 ad
1888 2776 2002 2830 lau-

420 2872 542 2928 dem
590 2873 714 2936 Dei,
743 2869 952 2939 quando
995 2867 1269 2923 conﬁteris
1315 2875 1530 2936 peccata
1563 2868 1688 2919 tua?
1718 2866 1828 2920 lmo
1870 2881 2000 2920 vero

421 2964 653 3017 maxime
683 2965 911 3031 pertinet
935 2959 997 3013 ad
1029 2957 1236 3012 laudem
1271 2957 1382 3011 Dei.
1411 2955 1586 3021 Quare
1613 2955 1848 3009 maxime
1872 2971 1998 3026 pcr—

421 3055 555 3107 tinet
573 3052 638 3106 ad
668 3051 873 3104 laudem
898 3049 1025 3103 Dei?
1052 3048 1180 3116 Quia
1207 3054 1354 3101 tanto
1375 3047 1600 3115 amplius
1626 3045 1870 3100 laudatur
1891 3061 2001 3099 tne-

419 3145 570 3200 dicus
590 3188 605 3213 ,
634 3155 831 3214 quanto
877 3143 993 3212 plus
1032 3140 1415 3210 despcrabatur
1449 3149 1700 3207 aegrotus.
1732 3137 2000 3192 Confitere

420 3238 597 3308 itaque
623 3244 838 3306 peccata
872 3243 957 3288 tua
978 3275 992 3298 ,
1024 3248 1129 3302 quo
1157 3233 1324 3302 magis
1349 3230 1673 3298 desperabas
1699 3227 1768 3284 de
1794 3238 1847 3283 te
1874 3242 1998 3297 pro-

421 3338 540 3398 pter
562 3327 861 3396 iniquitatcs
887 3335 1022 3377 tuas.
1046 3323 1216 3376 Tanto
1242 3321 1380 3375 enim
1414 3319 1582 3388 major
1611 3319 1722 3372 laus
1748 3330 1827 3373 est
1854 3318 2001 3389 igno-

419 3418 643 3479 scentis,
674 3424 872 3485 quanto
904 3412 1072 3480 major
1101 3409 1437 3480 exaggeratio
1466 3421 1548 3464 εει
1582 3417 1799 3477 peccata
1828 3407 1997 3462 conli-

422 3509 600 3564 tentis.
650 3507 763 3561 Non
811 3521 938 3576 ergo
983 3516 1225 3574 putemus
1272 3502 1563 3556 recessisse
1613 3516 1710 3555 nos
1754 3517 1784 3553 a
1839 3499 1998 3555 laude

420 3599 650 3664 cantici,
677 3597 720 3651 si
755 3597 889 3651 hanc
916 3593 1306 3650 confessionem
1351 3593 1435 3645 hic
1476 3589 1852 3660 intelligimus,
1893 3604 1996 3658 qua

419 3691 734 3746 conﬁtemur
762 3697 978 3758 peccata
1006 3695 1184 3740 nostra
1211 3702 1225 3735 :
1255 3692 1309 3737 et
1336 3683 1437 3736 hoc
1461 3682 1526 3736 ad
1565 3681 1776 3735 laudem
1805 3681 1997 3735 cantici

419 3783 683 3854 pertinet;
715 3781 835 3851 quia
863 3795 983 3834 cum
1023 3787 1233 3849 peccata
1263 3785 1443 3830 nostra
1473 3775 1868 3845 cognoscimus,
1904 3774 1998 3829 Dei

417 3875 638 3944 gloriam
684 3871 1140 3927 commendamus.
1190 3868 1572 3924 Prwveniamus
1603 3868 1782 3940 faciem
1810 3869 1919 3938 ejus
1945 3869 1999 3922 in

417 3965 749 4036 confessione.

491 4057 542 4110 5.
587 4055 652 4109 Et
683 4056 732 4108 in
763 4053 968 4125 psalmis
988 4051 1262 4123 jubilemus
1287 4050 1384 4104 illi.
1429 4048 1548 4104 lam
1593 4048 1827 4104 diximus
1870 4050 1997 4116 quid

417 4149 488 4202 sit
503 4148 758 4216 jubilare;
782 4145 1067 4214 repetitum
1090 4151 1191 4208 est,
1211 4141 1627 4196 utconltrmetur
1648 4140 1698 4192 in
1726 4137 1996 4195 faciendo:

420 4242 532 4311 ipsa
560 4240 808 4310 repetitio
833 4238 1135 4292 exhortatio
1156 4241 1257 4289 est.
1287 4232 1400 4286 Non
1429 4231 1568 4284 enim
1591 4231 1702 4298 jam
1729 4229 1877 4283 obliti
1904 4245 1997 4284 su-

418 4349 568 4398 mus,
599 4341 657 4385 ut
679 4331 789 4400 jam
816 4328 1018 4383 moneri
1047 4341 1143 4379 nos
1169 4323 1395 4377 velimus
1415 4363 1430 4385 ,
1464 4337 1581 4390 qua:
1607 4320 1748 4374 dicta
1776 4321 1883 4374 sint
1906 4336 1998 4374 Stt-

421 4425 618 4494 perius,
650 4431 705 4474 ut
730 4420 1012 4489 jubilemns
1038 4435 1050 4471 :
1076 4414 1171 4470 sed
1199 4414 1509 4483 plerumque
1536 4412 1587 4464 in
1614 4411 1810 4466 aﬁ‘ectu
1835 4411 1997 4466 animi

419 4515 678 4583 repetitur
697 4512 911 4565 verbum
931 4507 1070 4578 quod
1100 4519 1280 4561 notum
1303 4514 1440 4570 erat,
1459 4518 1566 4558 non
1595 4511 1652 4557 ut
1680 4504 1995 4571 innotescat,

417 4606 512 4660 sed
545 4613 601 4658 ut
631 4604 740 4671 ipsa
764 4600 1010 4668 repetitio
1032 4598 1189 4652 faciat
1210 4595 1708 4659 conﬁrmationem;
1738 4595 1999 4662 repetitur

415 4695 559 4750 enim
604 4692 669 4744 ad
715 4689 1108 4758 intelligendum
1153 4685 1401 4740 allectum
1451 4684 1696 4739 dicentis.
1741 4683 1865 4737 Inde
1917 4692 2000 4736 est

416 4784 558 4856 quod
588 4783 715 4837 dicit
749 4781 1022 4844 Dominus,
1051 4779 1230 4840 Amen,
1261 4793 1404 4829 amen
1434 4775 1547 4828 dico
1571 4773 1705 4828 vobis
1731 4773 1910 4843 (Joan.
1945 4789 1993 4837 ι,

416 4878 506 4947 51)
539 4891 554 4941 ;
585 4872 881 4929 sufﬁciebat
919 4869 1076 4923 Amen
1119 4882 1316 4930 unum;
1357 4881 1558 4935 quare,
1588 4864 1747 4917 Amen
1767 4904 1782 4930 ,
1815 4879 1957 4916 amen
1978 4902 1994 4927 ,

415 4968 517 5023 nisi
565 4965 689 5036 quia
737 4962 852 5032 ipsa
899 4960 1145 5031 repetitio
1175 4957 1508 5012 conﬁrmatio
1539 4956 1654 5010 est?
1682 4953 1747 5007 In
1789 4954 1997 5024 psalmis

413 5072 562 5128 ergo,
591 5055 792 5125 inquit,
813 5051 1090 5125 jubilemus
1121 5049 1216 5102 illi.
1249 5047 1316 5101 Et
1343 5062 1461 5117 quae
1501 5046 1740 5100 dicemus
1769 5047 1820 5098 in
1853 5043 1995 5113 psal-

414 5150 549 5204 mis?
575 5165 694 5220 qua:
735 5147 1009 5208 dicemus,
1049 5142 1131 5197 vel
1176 5141 1351 5210 potius
1379 5140 1674 5194 sentiemus
1702 5138 1755 5192 in
1795 5137 1994 5206 jubila-

413 5243 591 5296 tione?
621 5255 739 5310 quae
761 5246 886 5293 sunt
905 5251 1023 5306 qua:
1055 5233 1319 5303 pertinent
1345 5230 1410 5284 ad
1443 5229 1651 5284 laudem
1677 5229 1866 5284 cantici
1895 5227 1995 5282 Ιιιιο

409 5332 530 5402 jus?
558 5331 672 5386 Jam
699 5328 878 5384 audite
901 5343 914 5379 :
941 5324 1191 5392 Quoniam
1226 5321 1358 5375 Deus
1390 5336 1602 5391 magnus
1627 5329 1697 5373 est
1723 5319 1990 5383 Dominus,

412 5434 459 5479 et
486 5439 577 5477 rex
600 5437 812 5493 magnus
838 5434 991 5489 super
1015 5431 1184 5470 omnes
1213 5413 1330 5466 deos
1353 5428 1370 5466 :
1396 5422 1675 5481 propterea
1706 5425 1832 5479 ergo
1852 5409 1964 5476 jnbi
1981 5439 1993 5448 -

411 5517 586 5572 lemus
607 5515 702 5568 illi.
722 5512 972 5580 Quoniam
991 5525 1092 5562 non
1113 5504 1318 5576 repellet
1339 5503 1583 5557 Dominus
1606 5501 1794 5572 plebem
1811 5517 1954 5555 suam
1975 5515 1992 5554 :

410 5729 444 5778 ά
474 5667 490 5698 ι
516 5663 741 5728 Plerique
756 5669 883 5712 Issa
911 5659 1044 5711 Venit
1059 5671 1175 5723 ergo
1197 5657 1376 5708 dicens.
1404 5630 1502 5706 Am.
1527 5662 1578 5705 et
1603 5662 1694 5704 Era
1722 5652 1854 5704 Venit
1878 5665 1992 5716 ergo

445 5739 602 5777 arens.

445 5739 584 5777 occas
590 5761 602 5773 .

1641 303 1696 356 S.
1739 297 2101 358 ΑιτευετιΝι
2141 302 2436 360 EPISCOPI

3547 322 3680 377 ιεξο

2103 413 2390 483 Ξιὼίιειιιιιε
2423 419 2498 472 illi
2556 421 2807 488 Quoniam
2837 425 2885 476 in
2919 442 3067 478 manu
3100 429 3206 497 ejus
3234 431 3245 462 ¹
3273 432 3400 499 ﬂues
3427 442 3602 497 teri-a3,
3635 448 3682 490 et

2102 506 2392 562 altitudines
2419 513 2661 563 montium
2699 514 2858 580 ipsius
2883 525 2998 569 sunt
3022 532 3040 569 :
3069 518 3119 571 in
3149 518 3230 572 his
3259 522 3509 578 omnibus
3533 524 3680 593 jnbi-

2068 580 2070 582 ⁷
2107 595 2276 650 letnus
2307 599 2397 652 illi.
2433 601 2681 664 Quoniam
2707 603 2867 671 ipsius
2892 616 2962 658 est
2988 623 3143 674 mare,
3175 618 3222 662 et
3247 609 3354 680 ipse
3384 613 3498 682 fecit
3527 580 3678 681 illud,

2101 697 2150 740 et
2175 689 2371 743 aridam
2399 701 2584 745 terram
2612 710 2790 748 manus
2815 696 2923 765 ejus
2950 699 3240 766 fittxerunt:
3263 701 3550 771 jubilemus
3581 706 3680 760 illi.

2103 779 2208 835 Sed
2236 780 2350 837 hinc
2370 783 2548 838 omnia
2570 785 2696 854 quid
2723 786 2824 842 sibi
2845 788 3029 853 velint,
3058 789 3103 844 si
3131 803 3488 862 congruenter
3505 795 3685 853 discu—

2105 873 2322 938 tiantur,
2352 883 2560 945 tempus
2586 876 2723 932 forte
2753 893 2856 932 non
2888 881 3082 937 sufﬁcit
3106 900 3119 937 :
3143 883 3236 938 sed
3260 901 3440 943 rursus
3461 890 3505 943 si
3531 892 3681 958 peni-

2105 973 2188 1018 tus
2238 967 2608 1036 negligantur,
2655 969 2923 1026 debitores
2971 977 3389 1034 remanebimus.
3441 981 3682 1038 Breviter

2104 1054 2281 1125 itaque
2326 1072 2421 1126 pro
2467 1067 2706 1128 tempore
2726 1101 2740 1124 ,
2773 1073 3026 1131 quantum
3059 1068 3414 1138 perstringere
3444 1077 3682 1142 potueri-

2104 1165 2244 1215 mus,
2273 1152 2528 1225 accipite;
2556 1154 2675 1223 quia
2705 1167 2756 1210 et
2787 1171 2950 1225 pauca
2971 1159 3173 1214 semina
3198 1161 3519 1221 uberrimam
3542 1183 3684 1222 mes-

2104 1256 2214 1295 sem
2243 1242 2499 1307 referunt,
2533 1246 2576 1297 si
2601 1247 2669 1298 sit
2697 1256 2834 1301 terra
2864 1247 3156 1305 fructifera.

2175 1333 2227 1387 6.
2258 1333 2406 1406 [νει-δ.
2435 1334 2512 1406 5.]
2554 1337 2790 1392 Primum
2821 1355 2987 1408 quare
3011 1341 3304 1409 jubilemus
3325 1385 3340 1408 ,
3371 1359 3535 1414 quare
3563 1347 3679 1402 lau-

2103 1423 2309 1489 demus,
2341 1425 2440 1479 hoe
2471 1428 2682 1495 posuit:
2716 1429 2967 1495 Quoniam
2993 1430 3134 1485 Deus
3156 1449 3366 1504 magnus
3395 1447 3468 1490 est
3500 1437 3680 1492 Domi-

2105 1531 2217 1577 nus,
2243 1525 2288 1568 et
2315 1532 2404 1568 rea:
2429 1534 2636 1587 magnus
2661 1535 2811 1585 super
2832 1536 3002 1573 omnes
3025 1522 3164 1574 deos.
3182 1522 3316 1578 Sunt
3343 1540 3468 1594 ergo
3495 1527 3566 1582 dii
3593 1544 3683 1583 su-

2107 1619 2199 1674 per
2223 1621 2356 1674 quos
2383 1608 2451 1661 sit
2477 1624 2696 1676 magnus
2731 1611 2866 1663 Deus
2893 1621 3096 1674 noster,
3130 1613 3212 1666 cui
3248 1611 3565 1683 jubilatnus,
3595 1621 3682 1676 cui

2105 1698 2571 1763 exsultatnus,eui
2619 1700 2798 1754 laudes
2845 1702 3035 1755 cantici
3081 1703 3344 1768 dicimus;
3392 1719 3543 1773 sunt,
3585 1711 3682 1766 sed

2104 1805 2210 1843 non
2256 1791 2427 1844 nobis.
2475 1793 2759 1860 Apostolus
2802 1793 2940 1846 enim
2993 1794 3068 1847 ait
3109 1812 3122 1846 :
3166 1813 3184 1846 ι
3233 1795 3364 1850 Nam
3408 1800 3508 1854 etsi
3559 1811 3685 1857 Sunt

2104 1883 2192 1951 qui
2233 1882 2480 1934 dicuntur
2509 1883 2600 1947 dii,
2625 1883 2738 1937 sive
2779 1884 2829 1937 in
2867 1883 3025 1948 etelo,
3061 1887 3173 1940 sive
3213 1887 3265 1940 in
3309 1896 3469 1956 terra,
3496 1905 3685 1960 quem-

2104 1972 2389 2025 admodum
2426 1984 2548 2026 sunt
2573 1974 2645 2026 dii
2689 1975 2837 2028 multi
2868 1985 2919 2028 et
2949 1975 3151 2030 domini
3184 1977 3335 2032 multi
3366 1996 3380 2031 :
3416 1980 3569 2036 nobis
3599 1992 3680 2036 ta-

2105 2078 2227 2116 men
2273 2078 2408 2116 unus
2461 2065 2631 2127 Deus,
2665 2080 2727 2118 ex
2758 2080 2864 2134 quo
2889 2065 3063 2119 omnia
3084 2106 3098 2132 ,
3129 2077 3182 2120 et
3210 2082 3309 2122 nos
3353 2084 3447 2138 per
3477 2071 3678 2140 ipsum,

2106 2162 2161 2208 et
2197 2170 2330 2208 unus
2374 2154 2628 2208 Dominus
2669 2169 2850 2210 noster
2882 2155 3038 2210 Jcsns
3080 2155 3357 2223 Christus,
3401 2175 3496 2229 per
3523 2178 3681 2232 quem

2105 2245 2304 2304 omnia,
2335 2253 2388 2296 et
2418 2258 2514 2298 nos
2545 2241 2592 2296 in
2623 2245 2737 2313 ipso
2771 2265 2788 2297 ι
2827 2245 2879 2315 (l
2909 2245 3027 2300 Cor.
3055 2263 3177 2310 vnt,
3209 2247 3304 2302 ὕει
3329 2249 3360 2304 6
3385 2253 3424 2319 ).
3452 2251 3506 2306 Si
3553 2267 3683 2322 ergo

2107 2348 2210 2385 non
2268 2334 2450 2398 nobis,
2485 2334 2722 2403 quibus?
2769 2335 2906 2389 Audi
2959 2352 3024 2390 ex
3079 2337 3182 2392 alio
3230 2340 3434 2407 psalmo
3477 2359 3490 2395 :
3537 2343 3681 2409 Quo-

2105 2423 2242 2475 niam
2267 2422 2339 2475 dii
2367 2422 2601 2476 Gentium
2628 2423 2908 2489 daemonia;
2949 2425 3192 2480 Dominus
3224 2438 3391 2482 autem
3423 2433 3573 2486 (celas
3609 2437 3684 2504 fe-

2106 2518 2172 2570 cit
2199 2516 2371 2590 (Psal.
2394 2533 2518 2583 xcv,
2542 2518 2617 2588 5).
2649 2518 3066 2588 Magniﬁcentins
3095 2530 3149 2576 et
3175 2522 3386 2578 brevius
3417 2525 3506 2580 tibi
3538 2541 3685 2581 rom-

2108 2609 2359 2664 mendare
2387 2625 2492 2663 non
2533 2611 2699 2679 potuit
2735 2611 2963 2681 Spiritus
2983 2623 3199 2668 sanctus
3229 2629 3322 2683 per
3353 2615 3677 2687 Prophetatn

2107 2699 2270 2754 Deum
2294 2710 2349 2756 et
2377 2701 2654 2756 Dominum
2679 2711 2844 2756 tuum.
2877 2703 3068 2758 Parum
3098 2705 3240 2760 enim
3265 2718 3378 2762 erat
3416 2711 3536 2778 quia
3570 2721 3683 2764 ter-

2105 2789 2273 2846 ribilis
2317 2807 2477 2860 super
2503 2792 2680 2845 omnia
2713 2792 2972 2846 dtemonia
3005 2793 3148 2848 Deus
3179 2813 3192 2849 :
3222 2796 3345 2864 quid
3393 2815 3640 2869 magnum
3664 2842 3682 2866 ,

2105 2896 2224 2937 esse
2249 2898 2408 2951 super
2431 2883 2605 2936 omnia
2637 2883 2930 2937 daemonia?
2959 2883 3090 2948 Quia
3119 2886 3189 2938 dii
3219 2885 3450 2943 Gentium
3479 2891 3678 2946 dieme-

2104 2976 2208 3027 nia.
2241 2973 2336 3030 Ubi
2367 2984 2541 3028 autem
2575 2975 2712 3028 Deus
2745 2975 2899 3028 tuus?
2933 2975 3176 3031 Dominus
3216 2988 3381 3032 autem
3415 2982 3565 3035 caelos
3601 2988 3683 3054 fe-

2102 3067 2189 3119 cit.
2213 3065 2344 3120 Illud
2372 3066 2490 3120 fecit
2514 3065 2764 3120 Dominus
2791 3073 2932 3130 tuus,
2963 3067 3048 3121 ubi
3075 3083 3178 3122 non
3201 3079 3422 3138 possunt
3443 3070 3684 3132 habitare

2103 3156 2359 3210 daemonia
2393 3174 2409 3210 :
2440 3156 2505 3210 de
2531 3156 2679 3210 oculis
2707 3157 2848 3211 enim
2875 3158 3076 3227 dejecta
3101 3170 3222 3214 sunt
3240 3161 3526 3218 dtemonia.
3547 3165 3683 3224 σαξιί

2105 3256 2481 3316 praeponuntur
2507 3248 2804 3312 daemoniis,
2839 3249 3094 3304 Dominus
3117 3260 3237 3305 tuus
3264 3261 3318 3307 et
3346 3256 3528 3322 caelis;
3558 3259 3682 3327 quia

2104 3339 2357 3394 Dominus
2387 3350 2504 3393 tuus
2530 3351 2583 3394 et
2625 3342 2791 3396 ccelos
2816 3339 2958 3396 fecit.
2988 3343 3195 3409 Quanto
3224 3360 3351 3416 ergo
3384 3348 3541 3403 altior
3566 3349 3684 3405 dac-

2103 3431 2298 3483 moniis
2321 3430 2420 3484 diis
2445 3429 2713 3496 Gentium,
2746 3433 2834 3500 qui
2864 3433 3021 3487 altior
3047 3441 3130 3488 est
3148 3435 3297 3490 cmlis
3321 3476 3336 3500 ,
3367 3437 3508 3493 unde
3535 3441 3679 3502 ceci-

2103 3520 2296 3575 derunt
2320 3523 2490 3590 angeli
2517 3564 2532 3588 ,
2563 3534 2618 3576 ut
2641 3524 2832 3578 ﬁerent
2859 3523 3121 3579 dtemoitia
3144 3526 3167 3579 ?
3198 3528 3260 3581 Et
3292 3537 3466 3583 tamen
3496 3543 3684 3600 gentes

2103 3627 2290 3667 omnes
2311 3613 2410 3666 sub
2431 3612 2762 3669 daemonibus
2799 3625 2952 3670 erant
2981 3633 2993 3668 :
3027 3616 3357 3673 daemonibus
3380 3623 3574 3691 templa
3602 3624 3684 3675 fa-

2103 3701 2303 3759 bricata
2333 3713 2473 3769 sunt,
2497 3703 2827 3761 daemonibus
2854 3722 2962 3762 arte
2981 3717 3324 3776 constructae,
3350 3711 3706 3770 daemonibus-

2103 3796 2408 3851 sacerdotes
2435 3797 2680 3862 instituti,
2709 3798 3038 3853 daemonibus
3063 3799 3238 3855 oblata
3259 3803 3540 3871 sacriﬁcia,
3573 3804 3683 3858 da:-

2103 3889 2348 3942 monibus
2376 3889 2639 3957 arreptitii
2670 3897 2916 3960 tanquam
2937 3901 3084 3946 vates
3105 3892 3324 3948 inducti.
3352 3895 3475 3950 llagc
3498 3899 3678 3953 omnia

2104 3978 2438 4034 daemonibus
2475 3988 2662 4050 gentes
2709 3981 3109 4050 exhibuerunt;
3160 3983 3275 4040 haec
3323 3989 3499 4044 omnia
3554 4004 3683 4046 vera

2103 4072 2314 4126 nonnisi
2348 4073 2434 4126 uni
2466 4087 2658 4142 magno
2684 4073 2793 4127 Deo
2820 4073 3078 4129 debentur
3108 4090 3123 4129 :
3157 4077 3411 4147 templum
3443 4078 3685 4138 fecerunt

2104 4173 2291 4232 gentes
2330 4164 2701 4240 daemonibus;
2736 4164 2896 4220 habet
2940 4167 3081 4222 Deus
3107 4169 3358 4238 templum
3387 4187 3401 4222 :
3430 4172 3684 4227 sacerdo-

2107 4262 2185 4306 tes
2216 4253 2452 4307 l'ecerunt
2477 4263 2662 4323 gentes
2690 4255 3057 4323 darmonibus;
3086 4257 3246 4314 habet
3268 4259 3406 4314 Deus
3426 4263 3684 4317 sacerdo-

2105 4353 2210 4398 tem
2239 4347 2260 4376 ¹
2287 4364 2300 4399 :
2329 4345 2647 4400 sacriﬁcium
2693 4346 3046 4404 exhibuerunt
3087 4360 3271 4419 gentes
3312 4351 3682 4420 daemonibus;

2105 4433 2263 4488 habet
2284 4435 2423 4489 Deus
2450 4434 2790 4492 sacriﬁcium.
2817 4438 3025 4493 Etenim
3049 4440 3122 4494 illi
3144 4441 3413 4498 daemones
3443 4445 3685 4499 volentes

2107 4524 2273 4580 videri
2295 4525 2366 4580 dii
2391 4567 2406 4592 ,
2430 4542 2534 4581 non
2566 4528 2665 4582 sibi
2713 4531 2811 4583 ista
2848 4531 3122 4601 exigerent
3169 4541 3226 4587 ut
3269 4533 3551 4600 fallerent,
3580 4538 3682 4591 nisi

2104 4617 2224 4685 quia
2245 4617 2418 4671 sciunt
2437 4633 2498 4672 ea
2527 4617 2710 4673 deberi
2741 4635 2868 4674 vero
2890 4621 3016 4676 Deo.
3044 4621 3154 4677 Hoc
3177 4624 3318 4678 enim
3345 4639 3460 4679 mos
3486 4638 3567 4680 est
3588 4627 3684 4680 dc-

2105 4706 2216 4761 beri
2248 4723 2375 4762 vero
2408 4709 2534 4773 Deo,
2559 4709 2696 4778 quod
2735 4710 2834 4763 sibi
2858 4711 3018 4780 exigit
3049 4712 3209 4768 falsus
3246 4713 3396 4768 deus.
3425 4715 3564 4785 Ergo
3589 4733 3682 4770 ve-

2103 4815 2220 4854 rum
2264 4801 2516 4870 templum
2555 4800 2644 4855 Dei
2684 4803 3041 4872 agnoscimus.
3091 4803 3352 4873 Templum
3396 4809 3529 4861 enim
3585 4809 3684 4863 Dei

2102 4902 2334 4947 sanctum
2377 4902 2450 4948 est
2471 4933 2485 4956 ,
2519 4893 2714 4963 inquit,
2742 4895 2879 4964 quod
2911 4895 3029 4950 estis
3056 4912 3141 4950 nos
3169 4896 3212 4968 (l
3240 4897 3358 4952 Cor.
3381 4915 3457 4964 Ill,
3488 4899 3599 4971 17).
3623 4901 3680 4957 Si

2103 4997 2231 5052 ergo
2272 4997 2371 5038 nos
2399 4997 2582 5038 sumus
2609 4984 2860 5054 templum
2895 4985 2986 5040 Dei
3011 5003 3025 5050 ;
3057 5001 3148 5041 ara
3178 4987 3269 5043 Dei
3293 4989 3466 5044 anima
3497 5003 3678 5048 nostra

2102 5081 2203 5127 est.
2253 5071 2583 5128 Sacriﬁcium
2637 5074 2727 5128 Dei
2770 5074 2897 5144 quid
2950 5075 3074 5130 est?
3104 5076 3264 5132 Forte
3312 5077 3414 5134 hoc
3458 5079 3680 5134 facimus

2104 5162 2265 5217 modo
2290 5205 2304 5226 ,
2331 5163 2659 5232 imponimus
2689 5163 2740 5217 in
2770 5179 2859 5218 ara
2885 5166 3204 5221 sacriﬁcium
3228 5208 3246 5236 ,
3268 5169 3481 5238 quando
3511 5170 3675 5224 Deum

2102 5252 2412 5318 laudamus;
2441 5253 2597 5308 docet
2626 5255 2766 5308 enim
2813 5271 2910 5310 nos
2940 5257 3174 5326 psalmus
3193 5300 3208 5324 ,
3234 5259 3418 5316 dicens
3447 5279 3462 5316 :
3494 5261 3674 5316 Sacri-

2101 5345 2270 5412 ﬁcium
2292 5344 2457 5400 laudis
2472 5346 2769 5414 gloriﬁcabit
2795 5363 2892 5413 me,
2919 5357 2964 5400 et
2986 5349 3055 5402 ibi
3080 5350 3158 5402 via
3181 5361 3276 5416 est,
3305 5351 3390 5406 ubi
3419 5353 3676 5405 ostendam

2099 5434 2175 5488 illi
2202 5433 2425 5487 salutare
2455 5433 2552 5488 Dei
2576 5433 2746 5507 (Psal.
2776 5452 2919 5502 χιιι,
2947 5437 3060 5508 25).
3095 5440 3164 5494 At
3189 5455 3318 5496 vero
3344 5441 3674 5496 sacerdotem

2097 5589 2474 5700 "SLAﬁpggpov.
2496 5589 2709 5640 additum
2734 5598 2826 5652 est,
2876 5603 3036 5644 manes
3049 5605 3068 5656 ;
3090 5594 3218 5657 quod
3239 5594 3301 5644 ab
3321 5593 3427 5646 aliis
3442 5595 3553 5646 ωδ.
3581 5603 3630 5646 ει
3645 5608 3672 5645 a

2166 5714 2184 5742 ¹
2211 5715 2279 5762 Sic
2303 5718 2407 5763 Mss.
2431 5721 2485 5764 st
2509 5713 2640 5776 Edd.,
2665 5714 2953 5766 sacerdotes.
