4012 6202
333 241 468 298 ιεέι

329 361 375 411 si
407 355 646 426 requ'ras
672 393 688 418 ,
711 365 874 419 super
917 347 1082 403 cmlos
1111 353 1224 410 est;
1257 344 1554 413 interpellat
1586 356 1679 411 pro
1711 349 1760 392 te
1782 380 1795 400 ,
1823 337 1914 407 qui

333 450 387 501 iu
443 457 584 501 terra
636 451 882 497 mortuus
925 449 1008 494 est
1059 454 1154 508 pro
1177 447 1227 492 te
1275 435 1450 504 (Rom.
1480 451 1568 488 vm
1595 475 1608 497 ,
1637 433 1750 502 3i).
1781 431 1920 499 Ergo

337 537 478 590 Deus
507 550 721 604 magnus
751 543 823 586 est
857 530 1126 592 Dominus,
1158 539 1204 582 et
1228 543 1316 581 rex
1343 541 1556 595 magnus
1581 538 1732 592 super
1746 536 1920 574 omnes

339 635 484 681 deos.
521 625 619 680 llic
648 624 830 691 accipe
857 620 1103 677 homines
1129 619 1247 673 deos
1274 633 1292 671 :
1323 632 1426 670 non
1453 617 1592 669 enim
1626 630 1716 668 rex
1741 611 1922 666 Domi-

337 733 440 770 nus
465 731 630 784 super
655 713 937 768 dzemoiiia.
975 711 1038 764 Et
1071 709 1194 763 hinc
1242 708 1497 761 habemus
1523 704 1812 773 Scripturae
1841 712 1924 756 te-

334 809 648 862 stimouimn
685 823 698 858 :
737 804 871 858 Deus
897 803 1028 857 stetit
1055 802 1107 855 in
1133 816 1388 871 synagoga
1415 797 1618 850 deorum
1646 812 1660 858 ;
1687 796 1737 848 in
1764 793 1926 846 mrdio

335 913 508 954 autem
540 899 658 952 deos
692 897 976 950 discernere
1008 895 1022 924 ί
1058 893 1226 965 (Psal.
1277 905 1454 952 Lxxxt,
1497 890 1568 956 1).
1616 885 1750 938 Deos
1795 883 1929 938 dixit

338 991 770 1062 participatione,
803 1002 908 1040 non
955 994 1170 1046 natura;
1197 981 1359 1051 gratia
1385 1021 1398 1042 ,
1423 993 1525 1046 qua
1566 976 1727 1028 voluit
1755 974 1930 1028 facere

338 1085 492 1137 deos.
523 1082 764 1146 Quantus
793 1079 930 1131 Deus
957 1074 1144 1144 estqui
1175 1073 1296 1126 facit
1322 1070 1483 1124 deos?
1512 1071 1616 1122 Aut
1645 1068 1830 1137 quales
1851 1066 1927 1120 dii

337 1182 468 1230 sunt
509 1187 648 1243 quos
688 1170 811 1224 facit
845 1167 1041 1222 homo?
1080 1165 1246 1230 Quam
1288 1162 1376 1216 ille
1418 1176 1639 1231 magnus
1682 1159 1810 1213 deos
1851 1157 1930 1210 fa—

339 1264 570 1327 ciendo,
605 1271 710 1317 tam
741 1261 824 1314 isti
857 1258 986 1312 nihil
1017 1257 1106 1326 qui
1130 1254 1197 1309 ab
1225 1253 1434 1308 homine
1470 1251 1591 1306 facti
1619 1257 1759 1303 sunt.
1793 1249 1931 1303 Deus

340 1371 504 1408 verus
556 1353 680 1407 facit
715 1351 843 1405 deos
881 1347 1159 1402 credentes
1186 1345 1236 1398 in
1268 1359 1360 1408 se,
1391 1343 1582 1412 quibus
1611 1340 1755 1395 dedit
1785 1347 1931 1407 pote-

341 1456 537 1500 statem
563 1444 698 1497 filios
729 1442 818 1496 Dei
852 1441 960 1494 fieri
1009 1438 1186 1508 (Ioan.
1217 1453 1254 1503 ι,
1286 1436 1397 1503 12).
1445 1435 1510 1489 Et
1546 1433 1664 1488 ideo
1695 1433 1807 1501 ipse
1834 1445 1926 1485 ve-

343 1553 440 1590 rus
466 1537 627 1600 Deus,
653 1535 773 1604 quia
807 1533 943 1585 Deus
971 1547 1074 1585 non
1109 1531 1277 1584 factus
1303 1537 1385 1582 est
1410 1547 1423 1582 :
1454 1542 1551 1581 nos
1575 1535 1752 1579 autem
1786 1523 1926 1588 facti,

347 1644 456 1680 non
501 1626 611 1679 veri
651 1625 758 1688 dii,
789 1623 1038 1676 meliores
1081 1630 1254 1675 tamen
1297 1619 1400 1673 illis
1437 1632 1569 1688 quos
1599 1616 1758 1670 homo
1790 1615 1931 1668 facit.

344 1717 613 1783 Quoniam
660 1712 941 1766 simulacra
996 1710 1246 1765 Gentium
1296 1718 1574 1778 argentum
1619 1716 1673 1760 et
1723 1720 1931 1769 aurum,

346 1823 486 1875 Opus
515 1821 772 1860 manuum
817 1805 1084 1858 hoiniuum
1113 1821 1126 1856 :
1155 1817 1216 1856 os
1244 1801 1439 1855 habent
1460 1843 1473 1864 ,
1505 1809 1559 1854 et
1584 1815 1688 1852 non
1717 1798 1936 1866 loquen-

349 1910 440 1953 tur
463 1915 477 1962 ;
497 1899 684 1952 oculos
713 1897 906 1950 habent
927 1906 980 1949 et
1009 1910 1112 1949 non
1140 1895 1391 1949 videbunt
1414 1892 1565 1963 (Psal
1608 1908 1752 1953 cxnt,
1772 1892 1823 1951 4,
1856 1891 1932 1959 5).

349 1988 515 2043 Nobis
542 2000 719 2041 autem
750 1987 890 2040 Deus
916 1995 1095 2039 noster
1113 1986 1292 2039 oculos
1316 1985 1556 2038 videntes
1579 1983 1719 2036 fecit.
1753 1981 1861 2035 Nec
1883 1982 1934 2034 in

348 2097 416 2136 eo
445 2091 622 2136 tamen
652 2095 751 2134 nos
786 2080 916 2133 deos
944 2078 1066 2132 fecit
1089 2118 1104 2142 ,
1138 2077 1255 2147 quia
1290 2077 1528 2130 videntes
1555 2074 1739 2129 oculos
1782 2073 1936 2126 nobis

351 2173 514 2236 fecit;
550 2188 670 2226 nam
706 2171 828 2224 fecit
859 2170 960 2224 hoc
986 2179 1038 2223 ct
1065 2167 1346 2238 pecoribus
1381 2185 1393 2217 :
1427 2166 1519 2220 sed
1549 2166 1666 2218 ideo
1691 2179 1786 2218 nos
1808 2163 1937 2217 deos

353 2263 520 2326 fecit,
579 2264 700 2331 quia
760 2260 1040 2313 interiores
1100 2258 1281 2310 oeulos
1337 2266 1545 2310 nostros
1603 2255 1934 2308 illuminavit.

353 2355 497 2423 Ergo
547 2355 615 2407 sit
667 2352 784 2406 laus
814 2351 906 2413 illi,
961 2349 1225 2403 confessio
1273 2348 1368 2408 illi.
1415 2349 1481 2400 sit
1531 2346 1775 2414 jubilatio
1815 2345 1932 2397 illi:

356 2442 494 2510 Quia
523 2457 736 2512 magnus
762 2449 835 2493 est
866 2438 1131 2498 Dominus.
1163 2448 1207 2491 et
1235 2454 1323 2491 rex
1348 2454 1557 2507 magnus
1582 2453 1732 2506 super
1770 2451 1940 2489 omnes

354 2535 496 2585 deos.

431 2625 482 2676 7.
509 2622 643 2689 Quia
671 2639 769 2674 non
790 2620 994 2690 repellet
1018 2618 1265 2672 Dominus
1295 2617 1480 2687 plebem
1501 2633 1643 2670 suam
1667 2632 1686 2668 :
1705 2617 1818 2669 laus
1841 2615 1938 2680 illi,

353 2715 595 2785 jubilatio
625 2714 697 2766 illi
727 2755 739 2773 .
764 2711 930 2779 Quam
975 2711 1178 2778 plebem
1223 2725 1325 2762 non
1376 2708 1636 2782 repellet?
1670 2709 1763 2760 llic
1791 2708 1941 2762 nobis

355 2803 694 2873 interpretari
727 2801 921 2870 aliquid
950 2815 1050 2854 non
1081 2800 1236 2852 licet:
1273 2798 1635 2867 pr;eseriptnm
1676 2796 1941 2852 habemus

356 2897 429 2950 ab
455 2894 732 2964 Apostolo,
757 2891 1001 2965 exliosuit
1025 2891 1126 2944 hoc
1155 2888 1438 2958 Apostolus
1483 2887 1622 2940 unde
1652 2887 1716 2939 sit
1744 2887 1941 2940 dictum

361 2987 540 3060 (Rom.
578 3003 655 3051 xt,
690 2987 763 3052 1).
798 2985 923 3038 Erat
944 2984 1084 3037 enim
1114 2982 1264 3051 plebs
1295 2981 1499 3045 Jud:ea,
1535 2980 1680 3047 plebs
1712 2978 1801 3032 ubi
1830 2977 1945 3032 fue-

360 3091 487 3135 runt
527 3078 828 3147 PrOphetm,
862 3075 1013 3145 plebs
1039 3074 1130 3129 ubi
1159 3075 1370 3128 fuerunt
1402 3071 1724 3126 Patriarcha:
1746 3112 1760 3134 ,
1793 3071 1944 3139 plebs

363 3173 524 3224 etiam
552 3167 844 3222 secundum
889 3181 1100 3220 carnem
1130 3173 1415 3235 propagata
1442 3163 1508 3217 de
1545 3163 1748 3217 semine
1778 3161 1944 3217 Abra-

363 3263 484 3326 h:e;
519 3261 669 3331 plebs
710 3260 759 3312 iu
806 3274 908 3327 qua
953 3265 1338 3326 praecesserunt
1382 3256 1556 3308 otnnia
1612 3262 1943 3308 sacramenta

365 3356 703 3408 Salvatorem
745 3358 984 3402 nostrum
1019 3347 1413 3417 promittentia;
1447 3347 1594 3414 plebs
1620 3345 1707 3397 ubi
1732 3345 1945 3398 institu-

371 3458 482 3500 tum
511 3453 593 3496 est
619 3439 906 3508 templum,
944 3437 1146 3499 unctio.
1179 3435 1425 3490 sacerdos
1447 3437 1466 3466 ³
1495 3435 1559 3487 ad
1598 3434 1816 3503 ﬁguram
1842 3475 1855 3498 ,
1893 3441 1950 3486 ut

371 3522 503 3592 cum
533 3532 868 3601 omnesipsae
906 3529 1105 3583 umbrm
1136 3527 1496 3596 praiterirent,
1529 3527 1638 3594 ipsa
1669 3526 1754 3578 lux
1782 3524 1948 3578 adve-

371 3625 511 3674 niret
542 3663 554 3674 .
605 3629 721 3672 erat
761 3635 886 3686 ergo
931 3619 1028 3670 ista
1074 3617 1223 3686 plebs
1265 3617 1386 3680 Dei;
1413 3616 1477 3668 ad
1519 3631 1634 3668 eam
1671 3614 1950 3682 Prophette

371 3709 522 3763 ιιιὶεεί
550 3710 600 3762 in
634 3704 721 3761 illa
750 3709 856 3761 nati
882 3708 967 3775 qui
1011 3707 1154 3780 missi
1181 3723 1195 3770 ;
1221 3706 1267 3760 ei
1311 3705 1501 3759 tradita
1529 3715 1582 3758 et
1611 3704 1809 3758 credita
1841 3705 1954 3758 elo-

367 3799 500 3866 quia
546 3797 669 3850 Dei.
718 3797 852 3864 Quid
880 3797 1042 3866 ergo?
1088 3804 1253 3849 totum
1302 3794 1428 3850 illud
1473 3795 1780 3848 damnatum
1831 3793 1953 3847 est?

379 3889 548 3945 Absit.
596 3889 772 3944 Arbor
812 3889 966 3943 oliva:
1009 3888 1121 3956 ipsa
1161 3887 1298 3942 dicta
1342 3895 1424 3940 est
1463 3885 1718 3954 Apostolo
1742 3926 1756 3947 ,
1793 3884 1956 3953 coepit

376 3984 518 4035 enim
564 3980 664 4034 ista
695 3979 856 4033 arbor
880 3994 906 4030 a
951 3975 1308 4033 Patriarchis:
1341 3975 1435 4029 sed
1467 3974 1680 4029 fueruil’t
1719 3975 1788 4027 ibi
1821 3974 1954 4040 rami

374 4071 543 4134 aridi,
577 4070 699 4140 quia
739 4069 895 4122 nimis
923 4067 1012 4121 alti
1057 4082 1152 4136 per
1179 4066 1480 4134 superbiant:
1503 4082 1530 4142 ;_
1570 4065 1773 4134 prmcisi
1829 4078 1957 4130 ergo

377 4170 598 4232 propter
626 4159 960 4213 sterilitatem
986 4199 1000 4224 ,
1029 4158 1259 4212 insertus
1287 4155 1516 4210 oleaster
1540 4165 1754 4224 propter
1782 4155 1956 4207 immi-

379 4253 608 4306 litatem.
637 4249 1036 4313 Verumtamen,
1065 4246 1383 4309 charissimi,
1411 4261 1477 4299 ne
1501 4245 1799 4313 superbiret
1824 4246 1956 4300 olea-

378 4352 493 4396 ster
523 4342 776 4404 insertus,
803 4338 928 4409 quid
960 4341 1034 4393 ait
1077 4337 1402 4408 Apostolus?
1434 4354 1452 4388 ι
1479 4336 1532 4390 Si
1563 4345 1616 4389 tu
1639 4351 1703 4389 ex
1727 4335 1958 4390 naturali

381 4435 584 4488 incisus
629 4434 897 4496 oleastro,
927 4439 981 4485 et
1029 4437 1215 4484 contra
1265 4436 1506 4481 naturam
1550 4427 1778 4480 insertus
1822 4441 1880 4480 es
1908 4426 1959 4479 in

384 4530 575 4582 bonam
607 4527 836 4591 olivam;
868 4531 1063 4594 quanto
1095 4521 1260 4590 magis
1285 4521 1372 4589 qui
1399 4519 1690 4574 secundum
1720 4527 1961 4572 naturam

379 4627 528 4684 sunt,
554 4618 855 4670 inserantur
877 4628 986 4667 suae
1015 4612 1168 4665 oliva:
1201 4628 1219 4661 ι
1253 4608 1439 4680 (Ibid,
1473 4607 1698 4676 16-24)?
1724 4607 1793 4661 Ut
1820 4621 1961 4676 quo-

381 4709 544 4762 modo
569 4715 624 4760 tu
654 4721 757 4759 non
803 4717 1118 4774 permanens
1155 4701 1205 4754 iu
1247 4699 1551 4753 infidelitate
1572 4740 1586 4764 ,
1619 4698 1856 4752 meruisti
1886 4697 1966 4751 in-

381 4799 484 4851 seri
516 4799 568 4850 in
610 4795 804 4850 olivam
826 4833 841 4859 ,
872 4807 991 4846 eum
1038 4804 1186 4845 esses
1222 4790 1479 4851 oleaster;
1509 4789 1588 4843 sic
1616 4788 1701 4840 isti
1741 4787 1963 4842 correcti

385 4886 593 4940 [mulius
622 4900 735 4939 suae
761 4884 911 4938 oliva:
936 4882 1245 4937 naturaliter
1266 4863 1564 4936 inserantur
1594 4896 1608 4932 :
1642 4879 1744 4934 hoc
1769 4879 1834 4933 de
1862 4879 1966 4933 illis

387 4979 697 5050 Apostolus.
732 4977 871 5046 Ergo
901 4976 1012 5045 ipsa
1043 4984 1125 5028 est
1168 4974 1368 5038 arbor;
1398 4973 1498 5028 etsi
1526 4973 1687 5043 aliqui
1713 4989 1776 5026 ex
1805 4973 1968 5028 ramis
2006 5016 2010 5021 .

387 5071 540 5124 fracti
571 5079 716 5129 sunt,
746 5083 853 5122 non
880 5082 1087 5122 omnes.
1116 5065 1246 5120 Nam
1286 5064 1329 5119 si
1361 5079 1548 5119 onmes
1598 5065 1727 5119 rami
1759 5063 1969 5134 frange-

387 5171 594 5227 rentur,
624 5161 767 5215 unde
797 5159 1021 5215 Petrus?
1053 5159 1193 5214 unde
1221 5157 1496 5213 Joannes?
1520 5158 1661 5213 unde
1700 5157 1969 5212 Thomas?

388 5253 528 5306 unde
557 5250 871 5306 Mattlneus?
894 5249 1032 5304 unde
1055 5249 1347 5304 Andrteas?
1369 5248 1506 5303 unde
1529 5249 1601 5303 illi
1625 5264 1810 5304 omnes
1830 5249 1973 5318 Apo-

386 5343 558 5398 stoli?
589 5339 730 5397 unde
757 5341 870 5411 ipse
893 5340 1090 5395 Paulus
1119 5339 1389 5410 apostolus
1419 5339 1510 5408 qui
1537 5339 1850 5410 loquebatur
1874 5379 1889 5404 ,
1917 5347 1972 5394 et

380 5575 395 5585 ο
454 5511 901 5623 ὶξξῖιὲιάξδεενιήι.
924 5518 979 5561 At
1002 5519 1128 5569 Mss,
1169 5509 1486 5563 discernere:
1516 5518 1566 5562 et
1590 5514 1658 5562 sic
1683 5513 1973 5576 Augustinus

380 5589 430 5623 In
574 5610 585 5622 .
671 5610 683 5620 .

376 5589 430 5626 ιιι
461 5589 585 5623 ι’διι.
602 5589 683 5622 δι.

456 5637 479 5668 ⁸
505 5635 696 5697 aliquot
714 5641 840 5698 κει,
863 5638 1021 5684 unctio
1043 5632 1320 5684 sacerdotis.

1327 273 1330 276 μ
1405 223 1796 285 ESARRATIO
1839 222 1899 277 lN
1941 220 2254 278 PSMMUM
2291 220 2466 276 XCIV.

2031 351 2129 390 suo
2172 337 2345 391 fructu
2406 336 2638 390 olivam‘
2673 337 3000 393 testabatur?
3041 338 3228 396 Nonne
3273 339 3360 395 isti
3414 353 3604 396 omnes

2031 428 2194 482 inde?
2227 428 2376 484 Unde
2402 429 2560 482 etiam
2586 430 2854 500 quingenti
2880 431 2952 485 illi
2981 430 3169 487 fratres
3194 433 3387 502 quibus
3417 432 3598 487 Domi-

2031 535 2130 574 nus
2174 530 2291 588 post
2343 521 2789 576 resurrectiou'm
2838 525 3080 592 apparuit
3130 524 3310 596 (lCor.
3367 541 3456 592 xv,
3509 524 3596 594 6)?

2031 613 2172 668 unde
2200 622 2277 667 tot
2303 614 2464 668 millia
2496 615 2561 669 ad
2590 631 2773 670 vocem
2805 617 2945 671 Petri
2969 659 2983 684 ,
3015 619 3226 688 quando
3255 619 3452 687 Spiritu
3478 635 3606 673 san-

2032 714 2118 758 cto
2145 705 2330 774 repleti
2370 706 2607 775 Apostoli
2651 709 2884 761 omnium
2927 708 3162 778 gentium
3215 711 3406 779 linguis
3447 711 3608 765 locuti

2034 805 2157 849 sunt
2184 837 2198 860 ,
2231 805 2372 849 tanta
2401 797 2652 850 aviditate
2698 799 2789 852 Dei
2817 799 2985 851 laudis
3016 808 3070 852 et
3107 816 3215 854 sua:
3256 802 3610 855 accusationis

2035 887 2277 943 conversi
2302 897 2449 952 sunt,
2481 897 2535 941 ut
2562 889 2650 956 qui
2684 889 2855 958 primo
2880 891 3190 960 sanguinem
3221 892 3427 946 Domini
3462 892 3610 947 fnde-

2036 987 2158 1030 runt
2189 976 2470 1032 saevientes
2495 1021 2508 1042 ,
2540 978 2721 1032 bibere
2751 979 3016 1034 discerent
3043 980 3151 1049 jam
3182 982 3500 1037 credentes?
3525 984 3614 1039 Sic

2037 1075 2214 1121 autem
2248 1069 2422 1122 omnia
2449 1069 2533 1123 illa
2562 1084 2816 1124 conversa
2854 1081 2977 1125 sunt
3011 1072 3173 1126 millia
3213 1073 3484 1128 hominum
3510 1117 3525 1142 ,
3556 1085 3613 1130 ut

2038 1175 2126 1214 res
2151 1175 2273 1215 suas
2298 1161 2608 1228 venderent,
2639 1171 2693 1216 et
2721 1164 2887 1232 pretia
2922 1179 3098 1218 rerum
3131 1178 3342 1219 suarum
3365 1176 3485 1220 ante
3514 1182 3606 1236 pe-

2043 1249 2139 1304 des
2170 1251 2548 1318 Apostolorum
2590 1263 2848 1321 ponerent
2892 1253 3029 1322 (Act.
3071 1271 3128 1320 ιι,
3159 1254 3252 1325 tv).
3293 1255 3440 1324 Quod
3468 1257 3616 1314 dives

2039 1357 2175 1395 unus
2203 1357 2304 1394 non
2326 1341 2470 1408 fecit,
2500 1344 2712 1412 quando
2738 1361 2832 1399 ore
2865 1345 3072 1399 Domini
3105 1346 3343 1412 audivit,
3374 1356 3426 1401 et
3451 1363 3479 1400 ει
3510 1349 3616 1402 Do-

2039 1432 2185 1485 mino
2214 1432 2378 1487 tristis
2406 1433 2664 1488 abscessit
2689 1433 2898 1505 (Matth.
2930 1452 3042 1499 xix,
3067 1437 3157 1502 21,
3183 1435 3275 1510 2‘2.)
3299 1480 3311 1502 ,
3347 1438 3446 1492 hoc
3475 1438 3620 1492 fece-

2041 1531 2164 1574 runt
2192 1522 2365 1576 subito
2396 1531 2471 1576 tot
2497 1524 2658 1578 tniliia
2686 1541 2870 1578 eorum
2913 1525 3185 1580 hominum
3207 1569 3219 1590 ,
3250 1544 3473 1597 quorum
3507 1544 3623 1584 nta-

2043 1611 2198 1665 nibus
2217 1612 2461 1667 Christus
2484 1613 2657 1668 fuerat
2675 1615 2978 1671 crucifixus.
2997 1610 3212 1683 Quanto
3239 1617 3410 1686 majus
3432 1619 3626 1676 vulnus

2043 1716 2158 1757 erat
2185 1705 2236 1758 iu
2265 1706 2427 1760 corde
2453 1707 2686 1774 ipsorum
2715 1749 2727 1770 ,
2765 1716 2910 1761 tanto
2939 1708 3148 1763 avidius
3177 1710 3439 1765 medicum
3471 1729 3622 1782 qua:-

2043 1794 2264 1848 sicrunt.
2293 1796 2422 1849 Cum
2469 1812 2597 1865 ergo
2639 1798 2759 1850 inde
2797 1799 2870 1852 illi
2903 1814 3089 1854 omnes
3127 1799 3374 1866 fuerunt,
3402 1803 3468 1856 de
3495 1802 3626 1872 ipsis

2042 1883 2168 1938 dicit
2203 1886 2360 1938 modo
2387 1887 2628 1944 Psalmus
2660 1907 2671 1942 :
2711 1888 2964 1955 Quoniam
2999 1907 3098 1944 non
3127 1893 3332 1960 repellet
3375 1893 3626 1949 Dominus

2043 1977 2232 2045 plebem
2260 1995 2424 2031 suam.
2471 1979 2600 2032 Nam
2633 1980 2732 2034 hoc
2765 1982 3070 2036 testimonio
3100 1981 3316 2046 Psalmi,
3348 1998 3469 2038 cum
3502 1985 3624 2041 hinc

2044 2067 2364 2136 loqueretur,
2390 2085 2514 2124 usus
2545 2083 2624 2126 est
2657 2074 2961 2142 Apostolus,
2990 2084 3041 2129 et
3064 2075 3234 2130 dixit:
3278 2096 3296 2127 ‹
3331 2077 3464 2145 Quid
3495 2094 3624 2149 ergo

2043 2155 2300 2222 dicemus,
2328 2159 2546 2213 fratres?
2566 2160 2829 2230 Numquid
2857 2165 2992 2217 Deus
3009 2166 3200 2232 repulit
3225 2167 3428 2234 plebem
3451 2183 3624 2235 suam;

2043 2262 2198 2317 quam
2229 2250 2530 2316 pr:escivit?
2557 2252 2709 2309 Absit
2740 2271 2751 2304 :
2785 2271 2904 2306 nam
2929 2271 2982 2308 et
3010 2271 3106 2324 ego
3131 2257 3361 2311 Israelita
3393 2274 3531 2323 sum,
3560 2277 3627 2316 ex

2044 2340 2247 2393 Semiue
2277 2341 2522 2405 Abralne,
2548 2342 2614 2396 de
2647 2345 2782 2398 tribu
2815 2345 3106 2414 Benjamiu.
3131 2348 3243 2402 Non
3270 2352 3461 2419 repulit
3488 2352 3627 2408 Deus

2045 2430 2255 2499 plebem
2282 2446 2451 2498 suam,
2484 2449 2640 2502 quam
2669 2436 2933 2503 prtescivit
2952 2455 2969 2488 ι
3003 2437 3174 2503 (Rom.
3209 2456 3279 2505 xl,
3304 2442 3326 2494 1
3351 2451 3395 2494 et
3415 2442 3494 2512 2).
3513 2442 3630 2498 Uti-

2046 2537 2150 2591 que
2180 2523 2222 2576 si
2255 2525 2538 2592 repelleret
2585 2527 2839 2580 Dominus
2885 2529 3092 2596 plebem
3128 2545 3276 2585 suam
3304 2573 3318 2594 ,
3348 2548 3450 2586 non
3481 2543 3628 2588 esset

2048 2614 2187 2666 unde
2217 2624 2359 2668 eSset
2390 2617 2499 2683 ipse
2542 2619 2828 2687 Apostolus
2860 2637 2871 2670 :
2906 2620 3042 2673 unde
3063 2629 3237 2674 autem
3271 2621 3402 2691 ipse,
3429 2623 3551 2678 mde
3575 2633 3630 2680 ct

2047 2707 2155 2759 alii.
2184 2705 2240 2759 In
2263 2708 2342 2760 his
2364 2709 2508 2777 plebs
2541 2711 2767 2778 Demini,
2795 2729 2896 2765 non
2923 2715 2971 2766 in
3001 2716 3277 2780 omnibus;
3305 2717 3420 2784 sed,
3450 2735 3632 2787 quem-

2048 2799 2330 2852 admodum
2354 2802 2606 2869 scriptum
2633 2813 2734 2866 est,
2771 2805 3015 2872 Reliquiw
3036 2806 3190 2860 salva:
3214 2820 3358 2863 erunt
3387 2810 3522 2880 (lsai
3550 2829 3580 2865 κ
3608 2855 3624 2879 ,

2048 2886 2150 2953 2‘2;
2176 2899 2219 2941 et
2247 2891 2398 2944 Rom.
2429 2909 2501 2956 ix,
2531 2894 2644 2960 '27).
2675 2895 2792 2950 Non
2835 2899 2884 2948 in
2913 2899 3196 2964 omnibus;
3221 2902 3313 2955 sed
3340 2918 3462 2956 area
3496 2921 3626 2959 ven-

2050 2979 2214 3044 tilata,
2243 2996 2413 3034 massa
2457 2985 2595 3037 intro
2617 2987 2774 3038 missa
2807 2997 2910 3048 est,
2941 2990 3088 3056 palea
3131 2991 3273 3060 jacet
3313 2993 3519 3061 (Matth.
3548 3012 3626 3061 ut,

2051 3068 2160 3136 12).
2193 3070 2380 3124 Totum
2412 3073 2666 3140 quidquid
2709 3076 2854 3129 vides
2882 3077 3186 3134 Judaeorum
3233 3083 3580 3152 reproborum
3601 3127 3617 3152 ,

2053 3159 2255 3227 paleam
2303 3161 2467 3214 vides.
2520 3162 2671 3218 Unde
2702 3165 2848 3219 vides
2893 3168 3045 3221 istam
3089 3171 3326 3238 paleam,
3356 3176 3459 3239 jam
3507 3176 3632 3232 inde

2002 3290 2007 3295 ,
2051 3249 2180 3302 exiit
2207 3266 2374 3302 massa
2400 3292 2414 3315 ,
2441 3253 2548 3320 jam
2578 3255 2625 3306 in
2665 3254 2860 3310 horreo
2888 3259 3158 3320 recondita
3185 3272 3280 3315 est.
3309 3263 3506 3320 Ambas
3546 3282 3636 3321 res

2058 3339 2354 3403 videamus,
2386 3343 2567 3394 ambas
2599 3345 2981 3402 disceruamus.

2123 3429 2176 3484 8.
2219 3429 2378 3502 [eers.
2421 3431 2510 3504 4.]
2541 3433 2674 3500 Quid
2713 3436 2954 3490 Psalmus
2997 3439 3273 3509 adjungit?
3306 3442 3554 3508 Quoniam
3581 3446 3637 3500 in

2052 3536 2208 3574 manu
2247 3522 2356 3593 ejus
2380 3523 2507 3591 ﬁnes
2547 3533 2710 3578 terrw.
2753 3526 3103 3594 Aguoscimus
3150 3529 3375 3599 lapidem
3414 3536 3634 3602 angula-

2054 3629 2196 3679 rem;
2234 3615 2366 3684 Iapis
2416 3617 2682 3686 angularis
2707 3659 2720 3682 ,
2747 3619 3006 3672 Christus.
3041 3616 3154 3674 Non
3183 3632 3356 3689 potest
3384 3639 3501 3680 esse
3544 3643 3640 3681 an.

2055 3705 2227 3772 gulus,
2259 3706 2357 3759 nisi
2385 3705 2519 3760 duos
2551 3707 2600 3758 in
2629 3721 2688 3761 se
2716 3709 3047 3775 copulaverit
3072 3711 3302 3780 parietes
3331 3730 3342 3766 :
3375 3714 3438 3766 ad
3467 3731 3636 3785 angit-

2057 3794 2164 3847 lum
2219 3794 2286 3847 de
2336 3794 2547 3849 diverso
2591 3799 2842 3864 veniunt,
2897 3798 2989 3851 sed
3043 3801 3094 3853 in
3140 3802 3333 3871 angulo
3374 3805 3472 3858 sibi
3532 3822 3636 3862 non

2058 3883 2421 3938 adversantur.
2450 3885 2607 3940 Venit
2631 3903 2695 3942 ex
2723 3904 2823 3940 una
2850 3899 2997 3956 parte
3022 3893 3377 3961 circumcisio,
3405 3899 3550 3950 venit
3572 3915 3638 3953 rx

2060 3975 2160 4028 alia
2191 3986 2338 4044 parte
2383 3978 2696 4045 prreputium
2725 3996 2737 4031 :
2767 3979 2818 4032 in
2855 3977 3068 4035 Christo
3109 3984 3266 4038 ambo
3299 3988 3479 4056 populi
3506 4005 3640 4042 con-

2062 4064 2453 4130 cordaverunt;
2479 4067 2599 4135 quia
2632 4067 2722 4122 ille
2754 4068 2923 4123 t‘actus
2963 4082 3044 4125 est
3076 4073 3210 4142 lapis
3235 4116 3248 4137 ,
3277 4075 3342 4128 de
3372 4093 3478 4146 quo
3506 4081 3641 4133 scri-

2062 4166 2208 4228 ptum
2231 4167 2328 4222 est,
2362 4158 2602 4229 Lapidem
2630 4178 2774 4231 quem
2794 4162 3183 4232 reprobaverunt
3213 4167 3539 4235 a'diﬁcautes,
3562 4173 3641 4226 hic

2064 4252 2226 4318 factus
2249 4256 2319 4301 est
2359 4248 2411 4300 in
2452 4259 2603 4317 caput
2641 4251 2817 4319 anguli
2860 4251 3028 4321 (Psal.
3073 4269 3233 4320 cxvn,
3268 4257 3382 4326 22).
3431 4260 3485 4317 Si
3515 4276 3644 4329 ergo

2064 4337 2306 4393 Christus
2337 4338 2386 4391 in
2419 4350 2576 4408 caput
2607 4342 2783 4410 anguli
2810 4383 2824 4404 ,
2854 4356 2960 4396 non
2991 4344 3330 4401 attendamus
3365 4349 3646 4406 diversita-

2067 4437 2171 4482 tem
2185 4428 2251 4482 de
2273 4429 2426 4499 longe
2446 4431 2790 4496 venientium,
2818 4437 2912 4487 sed
2935 4435 3379 4506 prepinquitatem
3404 4442 3456 4495 in
3479 4441 3640 4498 Chri-

2067 4528 2151 4573 sto
2180 4518 2579 4575 coinmrentium.
2635 4522 2706 4577 lbi
2733 4524 2924 4593 agitur,
2955 4525 3025 4579 ibi
3067 4527 3360 4596 videamus,
3396 4531 3647 4597 Quoniam

2070 4625 2168 4662 non
2193 4608 2398 4680 repellet
2433 4609 2675 4666 Dominus
2696 4613 2886 4682 plebem
2909 4631 3074 4669 suam.
3108 4619 3243 4674 Ecce
3283 4636 3416 4696 pnus
3444 4625 3643 4693 paries,

2071 4701 2121 4754 in
2149 4717 2256 4771 quo
2277 4702 2385 4772 jam
2403 4745 2418 4769 ,
2448 4712 2506 4757 ut
2541 4703 2773 4758 diximus
2794 4747 2808 4772 ,
2839 4722 2938 4760 non
2959 4709 3146 4777 repulit
3170 4711 3420 4770 Dominus
3457 4718 3646 4786 plebem

2069 4809 2232 4845 suam.
2264 4793 2389 4848 inde
2415 4794 2654 4863 Apostoli
2672 4835 2686 4860 ,
2715 4795 2836 4851 inde
2861 4795 3116 4854 Israelitze
3140 4817 3326 4858 omnes
3351 4807 3436 4874 qui
3469 4808 3648 4861 credi-

2071 4883 2281 4948 derunt,
2311 4899 2373 4939 ac
2401 4884 2736 4939 venditarum
2765 4902 2943 4942 rerum
2971 4905 3184 4944 suarum
3219 4893 3381 4960 pretia
3408 4904 3531 4950 ante
3557 4911 3649 4967 pe-

2074 4973 2168 5028 des
2194 4975 2566 5043 Apostolorum
2611 4987 2936 5045 posuerunt;
2964 4981 3236 5037 voluntate
3277 4999 3554 5054 pauperes,
3584 4991 3653 5042 do

2076 5065 2185 5120 Deo
2221 5066 2430 5120 divites.
2477 5068 2801 5137 Agnovimus
2841 5086 3002 5125 unum
3053 5072 3346 5141 parietem;
3377 5076 3650 5144 impletum

2077 5171 2194 5210 esse
2224 5155 2292 5209 ibi
2319 5156 2459 5225 quod
2485 5156 2732 5222 diximus,
2768 5159 2900 5225 Quia
2926 5177 3028 5214 non
3052 5162 3256 5232 repellet
3281 5162 3529 5220 Dominus
3551 5170 3651 5237 ple-

2076 5244 2181 5297 bem
2208 5262 2353 5298 suam
2376 5263 2395 5300 :
2420 5246 2692 5303 videamus
2720 5258 2775 5304 et
2812 5249 2971 5304 alium
3013 5251 3291 5320 parietem.
3323 5253 3578 5320 Quoniam
3605 5262 3657 5315 in

2079 5352 2231 5390 manu
2257 5353 2364 5408 ejus
2394 5337 2521 5405 ﬁnes
2550 5349 2714 5393 terras.
2759 5339 2898 5395 Ecce
2936 5342 3072 5397 alius
3104 5345 3277 5412 paries
3319 5345 3369 5400 in
3411 5351 3658 5407 omnibus

2076 5429 2359 5498 gentibus:
2392 5427 2455 5482 In
2486 5447 2639 5483 manu
2678 5433 2786 5500 ejus
2808 5432 2934 5499 ﬁnes
2970 5442 3136 5488 terrae.
3184 5435 3457 5494 Venerunt
3497 5443 3660 5499 etiam

2077 5535 2263 5574 omnes
2298 5529 2485 5590 gentes
2516 5522 2582 5575 ad
2624 5521 2854 5592 lapidem
2897 5523 3203 5592 angularem
3228 5564 3245 5594 ,
3289 5529 3380 5584 ubi
3422 5532 3660 5589 osculum

2151 5634 2165 5664 ¹
2193 5635 2264 5682 sic
2283 5640 2389 5684 Mss.
2419 5642 2471 5684 Αι
2495 5633 2625 5694 Edd.,
2653 5632 2802 5684 aliae.

3462 225 3676 281 ιω.
