4012 6202
335 444 484 516 pacis
509 444 866 514 agnoverunt;
895 437 945 490 in
975 433 1120 488 illum
1160 444 1324 485 unum
1353 428 1444 501 qui
1468 428 1536 485 de
1560 427 1767 482 duobus
1788 424 1916 480 fecit

335 514 500 594 unum
535 553 549 589 :
579 550 684 588 non
718 524 1158 601 quemadmodum
1201 521 1436 578 liaeretici
1455 563 1470 585 ,
1499 521 1587 590 qui
1614 518 1681 573 de
1702 532 1808 572 uno
1837 514 1917 570 fe-

338 639 526 686 cerunt
546 628 670 682 duo.
706 625 815 679 Hoc
841 620 981 674 enim
1011 617 1264 672 idem‘ait
1291 613 1565 685 apostolus
1599 612 1667 666 de
1696 610 1918 665 Domino

339 721 554 777 Christo
586 715 737 783 :Ipse
773 720 843 766 est
881 709 1035 774 enim,
1081 706 1282 777 inquit,
1325 720 1429 776 pax
1465 712 1668 767 nostra,
1696 700 1783 766 qui
1804 699 1919 769 ferit

340 821 548 879 utraque
597 820 748 858 unum
793 800 1007 871 (Epftes.
1049 814 1108 860 tt,
1156 794 1269 867 id).
1314 796 1452 864 Ergo
1486 791 1773 862 juhilenzus
1821 788 1917 842 illi.

343 899 557 969 Quare?
587 896 719 963 Quia
758 910 855 947 non
881 890 1091 962 repellet
1134 888 1382 943 Dominus
1405 885 1593 955 plebem
1618 899 1783 937 suam.
1810 881 1919 935 lte-

341 1008 455 1047 rum
483 985 684 1058 quare?
713 984 963 1052 Quoniam
984 983 1036 1035 in
1052 995 1205 1034 manu
1233 979 1342 1049 ejus
1380 977 1506 1046 fines
1532 985 1698 1040 terrae,
1728 981 1772 1027 et
1801 972 1922 1025 alti-

340 1082 538 1137 tudines
582 1078 827 1133 montium
866 1075 1025 1146 ipsius
1073 1080 1209 1126 sunt.
1261 1067 1584 1125 Altitudines
1638 1065 1918 1127 moatium,

342 1173 694 1228 sublimitates
722 1179 1003 1223 terrarum.
1050 1163 1346 1232 Aliquando
1377 1160 1492 1214 ista:
1521 1157 1877 1211 sublimitates
1900 1192 1917 1221 ,

341 1265 391 1319 id
422 1272 524 1324 est.
550 1263 678 1331 ipsze
701 1269 925 1314 terrenze
949 1263 1257 1325 poteStates,
1276 1251 1568 1307 adversatae
1590 1248 1715 1304 sunt
1740 1245 1924 1300 Eccle-

343 1358 475 1418 siae;
520 1355 665 1423 leges
703 1359 887 1406 contra
924 1346 1217 1403 Ecclesium
1263 1342 1696 1414 promulgarunt,
1726 1352 1922 1392 nomen

342 1446 693 1502 christianum
723 1442 791 1497 de
818 1450 957 1496 terra
988 1439 1168 1494 delere
1195 1434 1370 1492 conati
1400 1441 1521 1488 sunt
1550 1430 1678 1485 :sed
1709 1434 1921 1499 patea-

288 1609 295 1616 .
343 1555 502 1610 quam
532 1537 803 1607 impletum
834 1541 915 1589 est
939 1530 1078 1602 quod
1113 1529 1480 1599 prophetatum
1505 1534 1605 1587 est,
1630 1521 1924 1577 Adorabunt

284 1696 285 1699 η
342 1649 455 1686 eum
498 1646 669 1685 omnes
709 1643 845 1698 reges
879 1635 1025 1679 terra:
1058 1622 1233 1693 (Psaf.
1277 1637 1397 1677 LXXI
1424 1659 1439 1685 ,
1471 1616 1594 1690 il);
1624 1617 1815 1671 factum
1843 1624 1927 1668 est

351 1722 492 1793 quod
522 1722 606 1777 hic
635 1720 833 1779 dictum
857 1729 959 1781 est,
985 1716 1291 1773 Altitudines
1306 1714 1548 1767 montium
1572 1711 1731 1781 ipsius
1751 1716 1886 1763 sunt.

417 1814 471 1870 9.
513 1811 674 1884 [vers.
706 1808 794 1883 5.]
834 1808 941 1864 Sed
961 1806 1098 1862 forte
1130 1815 1184 1860 tu
1214 1805 1281 1860 de
1312 1801 1687 1860 tentationibus
1707 1798 1922 1868 satagis,

346 1914 407 1960 ut
429 1902 749 1959 constitutus
777 1900 827 1953 in
861 1906 1004 1953 tanta
1034 1897 1201 1966 gratia
1227 1893 1638 1965 promissionum
1668 1889 1782 1952 Dei,
1811 1902 1927 1957 pro-

349 2007 467 2067 pter
496 1992 740 2048 scandala
770 1989 951 2044 mundi
985 1986 1252 2042 turheris?
1274 1984 1384 2040 Nec
1410 1984 1524 2053 ipsa
1555 1980 1801 2036 scandala
1824 1979 1924 2033 alt-

349 2087 477 2157 quid
510 2085 602 2139 tibi
652 2082 888 2144 faciunt;
919 2078 1169 2151 quoniam
1198 2089 1502 2131 mensuram
1529 2088 1557 2127 a
1584 2071 1814 2127 Domino
1840 2083 1928 2124 ac-

349 2185 647 2247 ceperunt:
680 2173 933 2242 Quoniam
969 2171 1129 2242 ipsius
1161 2177 1234 2224 est
1276 2183 1429 2222 mare.
1465 2164 1562 2220 Est
1594 2164 1738 2219 enim
1780 2176 1927 2217 mare

346 2267 576 2322 mundus
613 2262 869 2331 iste,-sed
905 2271 960 2317 et
1005 2274 1151 2315 mare
1196 2259 1335 2314 Deus
1385 2255 1551 2313 fecit:
1597 2268 1697 2310 nec
1737 2253 1929 2308 saivire

346 2359 538 2413 fluctus
560 2364 820 2427 possunt,
851 2353 951 2409 nisi
980 2367 1145 2423 usque
1173 2350 1238 2405 ad
1271 2350 1450 2413 littus,
1478 2347 1566 2403 ubi
1592 2348 1707 2419 ipse
1736 2344 1926 2401 termi-

350 2465 479 2505 num
511 2449 704 2519 posuit.
727 2446 877 2502 Nulla
909 2460 1037 2515 ergo
1065 2443 1286 2500 tentatio
1311 2483 1326 2507 ,
1354 2440 1454 2495 nisi
1483 2439 1748 2507 acceperit
1772 2452 1927 2492 men-

351 2557 531 2598 suram
560 2556 589 2595 a
613 2539 861 2595 Domino.
887 2537 1005 2592 Sint
1033 2550 1163 2605 ergo
1191 2532 1512 2589 tentationes
1529 2572 1546 2598 ,
1573 2529 1682 2584 sint
1708 2528 1931 2582 tribula-

353 2635 550 2698 tioncs;
620 2627 1008 2685 consummaris
1068 2625 1180 2689 eis,
1238 2638 1343 2678 non
1390 2620 1741 2677 consumeris.
1796 2616 1930 2673 Vide

354 2732 533 2778 utrum
575 2721 704 2792 ipsae
746 2718 1066 2773 tentationes
1103 2730 1208 2769 non
1255 2701 1928 2783 prosint..Attenchpo-

352 2815 546 2872 stolum
578 2829 594 2868 :
621 2810 816 2866 Fidelis
843 2807 978 2863 Deus
997 2849 1012 2874 ,
1041 2807 1127 2877 qui
1159 2822 1259 2860 non
1288 2820 1373 2858 vos
1407 2803 1534 2857 sinet
1568 2800 1748 2855 tentari
1772 2806 1931 2869 supra

352 2922 506 2976 quam
553 2903 757 2972 potestis
799 2903 969 2979 ferre;
992 2900 1081 2953 sed
1126 2899 1276 2969 faciet
1313 2912 1429 2950 cum
1471 2895 1745 2965 tentatione
1780 2892 1930 2947 etiam

304 3042 313 3048 .
355 2998 567 3064 exitum,
608 3004 662 3049 ut
700 2992 902 3065 possitis
927 2991 1173 3046 sustinere
1210 2987 1253 3060 (1
1283 2987 1402 3042 Cor.
1433 3003 1501 3050 ι,
1526 2987 1637 3055 15).
1677 2982 1794 3040 Νοη
1833 2982 1928 3050 ait,

354 3089 470 3144 Non
499 3100 593 3141 vos
621 3085 762 3141 sinet
782 3081 975 3138 tentari
998 3080 1238 3136 omnino.
1265 3076 1323 3134 Si
1347 3077 1489 3132 enim
1512 3089 1788 3131 recusares
1811 3083 1932 3129 ten-

357 3182 613 3237 tationem
634 3218 648 3241 ,
674 3188 955 3233 recusares
995 3170 1364 3228 refectionem.
1398 3168 1538 3237 Ergo
1582 3165 1851 3228 reficeris;
1880 3170 1932 3218 et

359 3271 406 3325 si
436 3266 696 3331 reficeris,
726 3265 779 3319 in
798 3260 1047 3317 manibus
1065 3257 1284 3316 artificis
1311 3271 1390 3312 es.
1421 3254 1633 3325 Aliquid
1659 3253 1750 3308 tibi
1774 3253 1927 3319 tollit,

358 3358 555 3430 aliquid
585 3357 823 3427 corrigit,
850 3353 1048 3424 aliquid
1082 3351 1403 3420 complanet,
1432 3346 1633 3416 aliquid
1670 3346 1888 3401 mundat
1916 3363 1931 3401 :

359 3450 467 3520 agit
489 3445 806 3520 quibusdam
838 3441 1177 3499 ferramentis
1203 3440 1348 3504 suis;
1383 3439 1497 3509 ipsa
1531 3444 1656 3493 sunt
1686 3435 1935 3491 scandala

362 3539 521 3610 hujus
558 3536 778 3595 saeculi:
814 3544 870 3589 tu
915 3541 1119 3588 tantum
1151 3530 1220 3586 de
1263 3542 1426 3583 manu
1461 3527 1683 3582 artificis
1708 3526 1815 3581 noli
1842 3540 1935 3580 ca-

361 3631 511 3687 dere.
538 3628 689 3685 Nihil.
721 3624 1027 3683 tentationis
1065 3621 1286 3681 accedet
1312 3621 1449 3676 ultra
1478 3619 1621 3675 vires
1663 3627 1798 3674 tuas.
1826 3616 1939 3673 Hoc

363 3721 617 3795 permittit
664 3719 804 3773 Deus
845 3716 912 3771 ad
954 3714 1234 3771 utilitatem
1277 3722 1419 3767 tuam
1443 3752 1458 3776 ,
1491 3710 1631 3765 unde
1672 3718 1728 3763 tu
1765 3708 1939 3779 possis

371 3813 647 3887 proficere.
692 3808 932 3879 Denique
969 3807 1140 3877 ipsum
1187 3801 1499 3875 Apostolum
1530 3799 1667 3855 audi
1682 3798 1782 3855 hoc
1806 3812 1942 3853 con-

362 3907 669 3977 jungentem
699 3918 713 3955 :
748 3898 857 3957 Sed
876 3897 1025 3970 faciet
1059 3912 1172 3950 cum
1213 3893 1484 3948 tentatione
1504 3891 1652 3945 etiam
1680 3888 1867 3944 exitum
1885 3897 1941 3942 ut

269 4028 276 4035 -
367 3996 567 4069 possitis
609 3993 872 4048 sustinere.
914 3988 1056 4059 Ergo
1092 4000 1243 4041 mare
1278 3983 1419 4039 forte
1454 3979 1795 4037 metuendum
1844 3979 1941 4033 tibi

365 4090 521 4148 erat?
547 4085 665 4142 Noli
709 4084 933 4139 timere:
967 4078 1221 4149 Quoniam
1259 4075 1421 4146 ipsius
1459 4082 1531 4128 est
1554 4086 1694 4127 mare
1715 4113 1731 4138 ,
1762 4082 1806 4125 et
1836 4071 1943 4140 ipse

367 4182 483 4253 fecit
511 4177 660 4234 illud.
689 4176 733 4231 Α
767 4173 1013 4246 gentibus
1037 4172 1193 4225 times
1218 4165 1515 4223 scandala?
1545 4164 1612 4219 Et
1639 4165 1783 4233 ipsas
1806 4178 1940 4232 gen-

368 4281 451 4327 tes
483 4270 597 4339 ipse
645 4266 806 4324 fecit;
834 4277 940 4317 non
969 4260 1242 4331 permittet
1284 4256 1404 4311 illas
1444 4255 1580 4309 ultra
1611 4268 1729 4309 eam
1755 4253 1945 4308 smvire

368 4374 526 4430 quam
554 4355 701 4412 novit
725 4353 814 4407 ille
852 4363 1189 4414 menSuram,
1219 4347 1305 4401 ex'
1326 4359 1431 4415 qua
1460 4342 1730 4415 proficias.
1758 4341 1945 4398 Nonne

369 4450 499 4504 dicit
522 4447 658 4500 alius
681 4442 916 4513 psalmus
935 4479 952 4507 ,
988 4438 1172 4493 Omnes
1190 4445 1359 4507 gentes
1384 4442 1623 4506 quotquot
1642 4433 1832 4505 fecisti,
1864 4448 1948 4488 ve-

372 4540 509 4595 nient
535 4545 584 4592 et
603 4532 886 4589 adorabunt
910 4544 1081 4585 coram
1106 4535 1173 4592 te,
1202 4524 1421 4581 Domine
1443 4523 1611 4596 (Psaf.
1636 4538 1827 4589 Lxxxv,
1849 4522 1946 4594 9)?

373 4630 430 4687 Si
479 4640 670 4684 omnes
705 4631 892 4695 gentes
923 4625 1185 4691 quotquot
1222 4615 1424 4680 fecisti,
1468 4613 1814 4669 manifestum
1864 4620 1949 4668 est

373 4722 496 4794 quia
522 4728 577 4774 et
601 4725 789 4788 gentes
832 4714 948 4783 ipse
991 4710 1154 4766 fecit:
1186 4707 1342 4774 ideo,
1371 4704 1543 4776 Ipsius
1584 4711 1657 4759 est
1699 4719 1870 4765 mare,
1901 4713 1948 4757 et

371 4818 481 4885 ipse
506 4810 622 4883 fecit
637 4806 788 4873 illud,
816 4815 864 4861 et
886 4802 1085 4859 aridam
1118 4811 1305 4856 terram
1330 4813 1513 4853 manus
1537 4797 1647 4867 ejus
1671 4795 1946 4865 finxerunt.

376 4906 507 4962 Esto
537 4912 594 4958 tu
621 4899 768 4956 arida
794 4907 958 4962 terra,
981 4894 1067 4951 siti
1096 4893 1319 4965 gratiam
1350 4888 1466 4956 Del,
1497 4897 1556 4944 ut
1581 4887 1763 4943 veniat
1788 4899 1950 4956 super

378 5011 431 5055 te
454 4995 627 5053 imber
644 4989 837 5054 dulcis,
861 4986 1096 5043 inveniat
1119 4985 1171 5038 ln
1199 4992 1253 5040 te
1268 4981 1520 5037 fructum.
1539 4978 1656 5034 Non
1687 4976 1952 5047 permittit

380 5090 570 5145 fluctus
596 5082 810 5154 operire
851 5076 993 5150 quod
1024 5074 1160 5131 sevit
1189 5076 1207 5107 ⁸
1239 5091 1253 5128 :
1284 5070 1355 5127 Et
1380 5071 1579 5125 aridam
1619 5078 1803 5123 terram
1841 5083 1952 5121 nta-

306 5185 313 5208 '
376 5198 471 5235 nus
491 5179 597 5249 ejus
625 5176 898 5247 finxerunt.
928 5169 1070 5238 Ergo
1097 5175 1153 5221 et
1180 5164 1303 5220 hinc
1326 5163 1613 5233 jubilemus
1632 5160 1728 5216 illi.

390 5286 395 5289 ·
447 5273 535 5328 to.
569 5267 728 5343 [nem
757 5263 836 5339 6.]
862 5263 993 5319 Nam
1023 5257 1270 5330 quoniam
1298 5254 1414 5309 haec
1437 5255 1507 5309 ita
1528 5262 1671 5316 sunt,
1701 5250 1952 5321 quoniam

381 5373 522 5420 tanta
552 5360 935 5432 esplicavimus
964 5352 1031 5410 ad
1060 5351 1267 5407 laudem
1294 5349 1386 5404 Dei
1415 5346 1757 5418 pertinentia,
1784 5343 1955 5398 redite

381 5453 447 5507 ad
474 5452 602 5507 illud
630 5451 772 5506 unde
796 5454 1068 5519 coeperat:
1106 5441 1306 5504 Venite,
1331 5440 1618 5500 adoremus,
1648 5446 1693 5490 et
1719 5435 1956 5505 procida-

382 5558 490 5596 ntus
522 5542 588 5607 ei,
627 5550 673 5595 et
709 5542 962 5610 ploremus
998 5545 1115 5592 ante
1141 5532 1413 5589 Dominum
1439 5530 1523 5598 qui
1548 5529 1664 5595 fecit
1692 5541 1803 5580 nos.
1834 5523 1958 5578 ldeo

380 5765 559 5811 servat.

1559 317 1617 373 s.
1660 308 2023 372 AUGUSTINI
2062 308 2363 391 Episcopi

443 5697 462 5733 ι
487 5696 560 5746 sic
580 5692 761 5756 aliquot
783 5700 891 5744 Mss.
932 5701 984 5743 At
1016 5700 1112 5741 Am.
1145 5698 1197 5740 et
1219 5696 1311 5749 Er.,
1337 5684 1464 5749 quod
1491 5681 1651 5734 servit.
1692 5687 1820 5738 Lov.,
1842 5688 1959 5742 quos
2016 5720 2027 5737 ,

3420 321 3427 328 ’
3462 307 3605 363 ηέιὶ

2021 423 2162 478 enim
2192 422 2546 488 exsultcmus,
2571 422 2696 492 quia
2726 419 2848 477 fecit
2876 420 3004 476 illud
3030 428 3084 476 ct
3107 420 3256 476 illud.
3284 418 3351 475 Et
3368 435 3610 477 commeo

2022 514 2247 568 moravit
2275 513 2438 568 multa
2458 555 2473 579 ,
2512 523 2565 568 et
2596 528 2736 568 nunc
2764 514 2956 583 repetit
2990 511 3420 568 exhortationem
3451 531 3464 567 :
3509 513 3607 570 Ve-

2023 606 2144 671 nite,
2171 605 2456 671 adoremus,
2487 613 2534 658 et
2562 604 2883 673 procidamus
2908 605 2971 663 ei.
3002 613 3047 657 et
3075 604 3329 674 ploremus
3356 614 3472 659 ante
3498 604 3609 659 Do.

2022 696 2213 748 minam
2231 695 2318 764 qui
2341 694 2455 766 fecit
2480 710 2593 748 nos.
2611 693 2727 749 iam
2748 694 3178 749 commemoratis
3199 710 3226 746 a
3251 710 3336 750 me
3361 694 3614 751 laudibus

2024 786 2138 851 Dei,
2173 785 2334 840 nolite
2365 785 2496 855 pigri
2524 799 2663 850 esse,
2691 793 2747 859 et
2773 784 2929 854 longe
2952 784 3058 838 vita
3088 794 3140 838 et
3171 785 3408 840 moribus
3427 794 3573 841 stare
3593 804 3611 841 ;

2033 876 2226 946 Venite,
2257 878 2543 941 adoremus,
2565 886 2612 931 et
2636 874 2959 948 procidamus
2986 876 3051 929 ei.
3084 875 3189 930 Sed
3221 874 3356 931 forte
3383 874 3450 931 de
3476 891 3613 945 pec-

2025 971 2157 1023 catis
2186 968 2412 1034 vestris,
2441 983 2560 1038 quae
2586 983 2680 1023 vos
2704 964 2860 1034 longe
2888 966 3123 1022 fecerant
3155 980 3185 1020 a
3227 966 3364 1030 Deo,
3394 966 3615 1022 solliciti

2024 1061 2185 1127 estis;
2216 1060 2469 1115 faciamus
2492 1060 2767 1131 sequentia
2793 1076 2806 1111 :
2836 1057 2902 1112 Et
2930 1059 3190 1129 plorentus
3224 1074 3393 1112 coram
3423 1058 3614 1112 Domi-

2026 1173 2113 1221 no,
2140 1156 2225 1227 qui
2245 1155 2361 1226 fecit
2386 1169 2497 1208 nos.
2527 1150 2878 1208 Ardes'forte
2918 1151 3242 1206 conscientia
3287 1150 3502 1215 delicti;
3534 1152 3615 1205 la-

2026 1248 2223 1319 crymis
2252 1246 2530 1317 exstingue
2556 1244 2823 1300 ﬂammam
2846 1244 3066 1314 peccati,
3099 1244 3246 1314 plora
3273 1251 3398 1299 ante
3422 1245 3611 1298 Domi-

2028 1354 2190 1392 num:
2239 1353 2459 1393 securus
2500 1338 2651 1406 plora
2698 1344 2821 1392 ante
2853 1335 3054 1401 Deum,
3086 1335 3175 1405 qui
3219 1343 3270 1390 te
3312 1335 3466 1401 fecit;
3500 1351 3532 1389 n
3558 1352 3614 1390 tn

2027 1430 2168 1483 enim
2199 1444 2332 1499 opus
2374 1443 2626 1483 manuum
2673 1442 2888 1483 suarum
2930 1426 3222 1482 contemnit
3268 1427 3320 1481 in
3373 1436 3442 1482 te.
3491 1426 3615 1481 Noli

2030 1511 2216 1590 putare
2241 1520 2361 1590 quia
2397 1528 2547 1589 potes
2569 1532 2599 1573 a
2627 1528 2679 1574 te
2703 1517 2873 1573 refici.
2903 1519 2944 1572 A
2984 1526 3036 1573 te
3074 1516 3304 1573 deficere
3339 1526 3487 1587 potes
3507 1561 3521 1580 ,
3553 1526 3615 1573 tu

2030 1610 2252 1679 teipsum
2283 1609 2503 1665 reﬁcere
2534 1626 2637 1663 non
2668 1616 2855 1677 potes:
2885 1608 2973 1663 ille
3015 1609 3184 1663 reficit
3232 1610 3320 1678 qui
3365 1617 3417 1663 te
3462 1607 3614 1664 fecit.

2029 1699 2298 1755 Pforemus
2326 1710 2441 1754 ante
2467 1699 2735 1754 Dominum
2760 1699 2849 1769 qui
2877 1716 2967 1753 nos
2996 1699 3113 1771 fecit
3133 1719 3151 1751 :
3174 1699 3465 1769 lacrymare
3483 1710 3618 1756 ante

2031 1790 2199 1854 illum,
2228 1789 2482 1845 confitere
2507 1788 2602 1856 illi,
2634 1788 2864 1858 prmveni
2896 1787 3080 1843 faciem
3108 1787 3220 1858 ejus
3242 1789 3294 1844 in
3322 1788 3619 1843 confessio-

2031 1899 2118 1937 ne.
2142 1882 2272 1951 Quis
2302 1881 2441 1936 enim
2467 1896 2528 1936 es
2553 1889 2606 1935 tu
2637 1880 2728 1951 qui
2761 1878 2833 1935 illi
2864 1879 3064 1950 ploras,
3104 1888 3158 1934 et
3198 1878 3273 1933 illi
3313 1880 3612 1945 confiteris,
3640 1894 3647 1898 ·

2032 1974 2135 2029 nisi
2161 1988 2320 2042 quem
2353 1971 2649 2029 fecit?Non
2683 1986 2858 2042 parva:
2887 1970 3094 2025 fiducia:
3131 1979 3213 2025 est
3254 1971 3321 2024 ad
3356 1969 3613 2024 factorem

2032 2082 2119 2122 res
2146 2065 2307 2131 facta,
2338 2073 2391 2121 et
2417 2082 2520 2120 non
2549 2063 3046 2136 quomodocumque
3074 2063 3230 2131 facta,
3262 2063 3353 2119 sed
3382 2063 3447 2118 ad
3478 2064 3618 2118 ima-

2031 2159 2208 2228 ginem
2239 2164 2293 2211 et
2320 2156 2715 2210 similitudinem
2745 2154 2908 2224 ipsius
2940 2172 2953 2208 :
2996 2153 3202 2219 Venite,
3228 2154 3495 2208 adoremus
3515 2194 3531 2220 ,
3563 2163 3616 2207 et

2032 2249 2355 2319 procidamus
2388 2248 2466 2314 ei,
2496 2258 2541 2302 et
2580 2247 2833 2318 ploremus
2869 2255 2985 2300 ante
3026 2245 3337 2313 Dominum,
3368 2247 3452 2316 qui
3491 2249 3618 2319 fecit

2033 2356 2145 2393 nos.

2105 2430 2192 2484 H.
2218 2426 2366 2503 [vers.
2396 2426 2472 2500 7.]
2498 2428 2749 2495 Quoniam
2774 2428 2880 2497 ipse
2904 2436 2975 2481 est
2997 2424 3244 2480 Dominus
3267 2426 3398 2482 Deus
3424 2439 3613 2484 noster.

2036 2517 2102 2574 Ut
2129 2529 2307 2572 autem
2336 2518 2509 2571 securi
2535 2527 2659 2572 ante
2689 2517 2837 2571 illum
2868 2515 3202 2586 procidamus
3226 2526 3280 2571 et
3312 2518 3607 2587 ploremus,

2033 2625 2133 2666 nos
2161 2610 2284 2680 quid
2316 2610 2532 2685 sumus?
2560 2608 2673 2664 Nos
2710 2619 2875 2663 autem
2913 2610 3130 2680 populus
3159 2625 3360 2678 pascua
3395 2612 3533 2680 ejus,
3565 2620 3619 2664 et

2034 2718 2145 2756 oves
2165 2717 2405 2755 manuum
2432 2703 2558 2773 ejus.
2592 2700 2720 2756 Vide
2749 2716 2907 2771 quam
2929 2702 3200 2770 eleganter
3221 2702 3499 2755 verborum
3525 2718 3622 2755 or-

2033 2792 2211 2847 dinem
2238 2793 2598 2857 commntavit,
2624 2799 2678 2846 et
2706 2802 2955 2861 tanquam
2983 2806 3086 2845 non
3116 2792 3325 2860 pr0pria
3352 2791 3617 2857 reddidit,

2034 2894 2093 2939 ut
2116 2884 2260 2955 ipsos
2288 2883 2646 2953 intelligamus
2673 2897 2831 2947 oves,
2877 2882 2965 2953 qni
3009 2890 3133 2936 sunt
3172 2890 3226 2938 et
3272 2883 3467 2952 populi.
3492 2881 3620 2939 Non

2035 2976 2201 3041 dixit,
2233 2975 2372 3035 Oves
2414 2988 2623 3045 pascua:
2653 2974 2768 3044 ejus
2812 2983 2867 3029 et
2914 2973 3141 3044 populus
3170 2989 3419 3028 manuum
3461 2973 3616 3044 ejus,

2035 3068 2177 3141 quod
2209 3069 2375 3140 magis
2403 3068 2683 3138 putabatur
2713 3081 2868 3135 posse
2892 3081 3209 3137 congruere,
3239 3067 3362 3136 quia
3387 3082 3514 3122 oves
3544 3070 3617 3121 ad

2038 3177 2231 3234 pascua
2258 3162 2523 3231 pertinent
2548 3177 2563 3214 :
2586 3159 2680 3214 sed
2709 3158 2821 3224 ait,
2857 3160 3074 3228 papulas
3104 3175 3323 3227 pascuw.
3350 3158 3486 3229 Ergo
3517 3174 3621 3228 po—

2038 3253 2193 3325 pulus
2213 3267 2340 3308 oves
2366 3259 2509 3317 sunt,
2532 3250 2653 3320 quia
2681 3249 2829 3314 dicit,
2860 3249 3076 3320 populus
3097 3265 3302 3316 pascua:
3329 3250 3472 3320 ejus;
3501 3248 3624 3319 ipse

2039 3342 2266 3416 pOpnlus
2301 3357 2428 3397 oves
2471 3349 2611 3395 sunt.
2653 3339 2757 3395 Sed
2788 3354 3009 3403 rursus,
3055 3339 3177 3408 quia
3219 3354 3316 3393 nos
3359 3339 3625 3394 habemus

2039 3449 2167 3491 oves
2191 3448 2323 3504 quas
2347 3423 2577 3490 emimus
2595 3473 2610 3498 ,
2643 3446 2745 3486 non
2771 3445 2901 3501 quas
2928 3429 3183 3496 fecimus;
3207 3429 3412 3485 dixerat
3439 3439 3623 3484 autem

2039 3526 2317 3596 superius,
2367 3523 2699 3579 Procidamus
2735 3522 2780 3576 ei
2824 3522 2908 3591 qui
2943 3522 3060 3594 fecit
3096 3538 3186 3575 nos
3211 3537 3229 3575 :
3252 3530 3396 3576 recte
3416 3522 3623 3576 dictum

2040 3627 2142 3684 est,
2161 3632 2273 3672 oves
2293 3631 2530 3669 manuum
2546 3617 2674 3685 ejus.
2693 3613 2878 3668 Nullus
2899 3612 3170 3667 hominum
3191 3612 3293 3667 sibi
3311 3612 3431 3667 facit
3451 3628 3583 3668 oves
3601 3632 3620 3667 :

2041 3725 2224 3766 emere
2246 3715 2439 3779 potest,
2470 3708 2653 3762 donari
2682 3714 2922 3775 possunt,
2947 3705 3189 3761 invenire
3214 3714 3409 3775 potest,
3431 3720 3625 3775 aggre-

2042 3814 2168 3870 gare
2196 3806 2392 3869 potest,
2421 3806 2690 3867 postremo
2721 3794 2884 3850 furari
2911 3803 3118 3865 potest;
3150 3794 3323 3850 facere
3355 3810 3482 3849 oves
3511 3810 3624 3850 non

2042 3898 2235 3960 potest.
2260 3889 2327 3944 At
2352 3903 2478 3942 vero
2511 3887 2762 3941 Dominus
2785 3895 2966 3940 noster
2993 3884 3117 3939 fecit
3142 3899 3271 3947 nos;
3304 3883 3423 3938 ideo
3453 3901 3612 3955 papu-

2044 3981 2123 4036 fus
2153 3996 2354 4055 pascat?
2392 3980 2501 4049 ejus
2539 3988 2583 4033 et
2617 3993 2731 4032 oves
2763 3992 3003 4030 manuum
3031 3976 3159 4046 ejus,
3188 3976 3316 4045 ipsa:
3342 3986 3465 4030 sunt
3488 3991 3624 4045 quas

2045 4072 2144 4127 sibi
2177 4073 2288 4141 ipse
2317 4071 2489 4125 facere
2510 4069 2753 4139 dignatus
2779 4077 2862 4122 est
2878 4068 3044 4139 gratia
3067 4080 3182 4121 sua.
3207 4065 3313 4121 Has
3333 4067 3471 4121 enim
3492 4081 3629 4121 oves

2047 4164 2225 4219 laudat
2254 4174 2305 4219 et
2336 4164 2386 4217 in
2409 4162 2639 4218 Canticis
2660 4161 3005 4224 canticorum,
3032 4160 3294 4229 perfectos
3316 4159 3574 4229 quosdam
3605 4159 3626 4189 ι

2047 4253 2229 4309 dicens
2256 4262 2501 4322 tanquam
2529 4251 2715 4306 dentes
2738 4249 2990 4305 Ecclesia:
3014 4242 3208 4303 saneta:
3234 4262 3443 4316 sponsa:
3470 4260 3581 4302 suae
3607 4264 3625 4301 :

2046 4346 2332 4402 Dentes'tui
2355 4346 2481 4400 sicut
2502 4360 2624 4415 grex
2644 4343 2966 4397 detonsarum
2993 4341 3368 4396 ascendentium
3393 4339 3455 4392 de
3482 4340 3631 4391 lava-

2049 4454 2155 4506 cro,
2201 4444 2313 4506 qut‘e
2354 4436 2577 4508 grminos
2625 4435 2849 4506 pariunt,
2881 4442 2928 4488 et
2966 4429 3151 4487 sterilis
3179 4448 3280 4486 non
3319 4438 3392 4483 est
3426 4430 3478 4483 in
3520 4430 3632 4484 illis

2054 4529 2224 4601 (Cant.
2248 4543 2325 4593 tv,
2351 4526 2418 4589 2;
2451 4532 2497 4579 et
2522 4541 2592 4590 γι,
2617 4525 2691 4595 5).
2716 4523 2851 4590 Quid
2880 4530 2965 4578 est
2982 4564 2997 4588 ,
3028 4520 3217 4576 Dentes
3239 4520 3349 4575 tui?
3370 4519 3472 4574 Per
3490 4533 3633 4588 quos

2051 4619 2285 4691 loqueris
2312 4636 2326 4673 :
2353 4617 2541 4673 dentes
2578 4615 2720 4670 enim
2768 4614 3050 4681 Ecclesiae,
3083 4626 3178 4683 per
3219 4624 3353 4681 quos
3391 4609 3634 4680 loquitur

2050 4708 2309 4766 Ecclesia.
2335 4707 2528 4774 Quales
2555 4704 2742 4760 dentes
2782 4702 2888 4758 lui?
2917 4701 3180 4772 Tanquam
3222 4715 3346 4771 grex
3391 4698 3637 4751 detonsa-

2050 4815 2183 4857 rum.
2210 4800 2385 4869 Quare
2412 4794 2776 4853 detonset-um?
2804 4794 2937 4862 Quia
2963 4792 3202 4847 sarcinas
3232 4788 3412 4847 saeculi
3438 4802 3639 4858 posue-

2052 4901 2196 4949 runt.
2219 4889 2407 4946 Nonne
2425 4887 2663 4942 detonsa:
2689 4894 2841 4940 erant
2863 4899 2991 4939 oves
3014 4877 3143 4949 illae,
3164 4880 3234 4937 de
3253 4881 3446 4952 quibus
3471 4879 3640 4948 paulo

2054 4992 2179 5038 ante
2222 4978 2494 5043 dicebam,
2535 4991 2671 5046 quos
2708 4980 3031 5046 praeceptum
3058 4973 3155 5029 Dei
3185 4968 3517 5034 totonderat,
3545 4967 3639 5022 di-

2054 5072 2226 5129 centis
2255 5088 2268 5124 :
2304 5068 2462 5133 Vade,
2484 5066 2639 5121 vende
2657 5066 2826 5120 omnia
2845 5074 2950 5132 tua,
2974 5064 3039 5118 da
3061 5061 3384 5134 pauperibus,
3415 5070 3460 5115 et
3481 5058 3646 5112 Imbe-

2055 5166 2130 5222 bis
2156 5167 2442 5221 thesaurum
2465 5164 2517 5217 in
2538 5163 2708 5226 stetis;
2735 5171 2782 5216 et
2806 5160 2935 5225 veni,
2957 5173 3161 5228 sequere
3181 5173 3259 5211 me
3287 5150 3494 5227 (Matth.
3520 5167 3641 5217 XIX,

2055 5257 2191 5328 21)?
2219 5255 2483 5312 Fecerunt
2510 5255 2610 5308 hoc
2636 5261 2995 5323 prreceptum;
3023 5248 3233 5303 detonsi
3264 5254 3541 5300 venerunt.
3571 5240 3649 5295 Et

2059 5350 2181 5422 quia
2210 5348 2460 5419 baptizati
2506 5355 2628 5402 sunt
2672 5343 2954 5400 credentes
2999 5342 3052 5395 in
3090 5339 3383 5401 Christum,
3413 5332 3538 5405 quid
3566 5331 3649 5387 ibi
3716 5385 3757 5398 κ

2060 5441 2290 5496 dicitur?
2310 5438 2699 5493 Ascendentium
2740 5436 2801 5490 de
2844 5435 3079 5498 lauacro;
3123 5431 3174 5486 id
3203 5438 3284 5486 est
3306 5470 3320 5495 ,
3346 5424 3655 5481 ascenden-

2064 5534 2192 5587 tium
2220 5531 2287 5586 de
2318 5529 2681 5584 mundatione.
2716 5525 2785 5580 Et
2823 5540 2995 5580 omnes
3021 5522 3244 5594 geminos
3266 5527 3440 5576 creant
3462 5530 3483 5572 :
3507 5528 3655 5585 quos

2063 5622 2337 5694 geminos?
2364 5620 2478 5675 Duo
2505 5619 2591 5673 illa
2621 5626 2882 5688 praecepta
2902 5656 2917 5683 ,
2945 5616 2998 5671 in
3024 5615 3215 5686 quibus
3240 5621 3348 5668 tota
3377 5610 3486 5666 Lcs
3515 5622 3659 5678 pen-

2133 5735 2149 5764 ι
2176 5739 2275 5780 Duo
2290 5738 2417 5792 Mss,
2442 5731 2679 5795 perfectus
2699 5724 2915 5795 quidam.
