3984 6204
230 347 361 404 ιξέδ

226 464 376 514 dcch
410 458 706 528 Prophetm.
735 456 843 511 Nos
865 472 988 527 ergo
1013 459 1228 528 papulas
1249 474 1448 528 pascua?
1467 459 1593 528 ejus,
1617 467 1662 511 et
1685 473 1795 511 ores

223 570 463 608 manuum
487 553 616 622 ejus.

290 643 376 697 l2.
412 644 574 717 (vers.
598 643 648 697 8.
674 643 690 714 ]
720 643 861 714 Ergo
883 687 895 707 ,
933 641 1099 697 Hodie
1123 643 1167 697 si
1190 659 1356 696 vocem
1382 644 1491 714 ejus
1518 642 1795 696 audieritis.

225 735 268 792 0
297 736 454 806 plebs
483 752 641 798 mea,
689 735 834 804 plebs
881 735 1007 789 Dei!
1051 734 1350 804 Alloquitur
1393 733 1598 803 plebem
1648 717 1796 786 suam

224 827 380 889 Deus,
412 842 520 880 non
546 827 717 880 solum
743 827 883 880 illam
909 825 1111 895 plebem
1135 840 1282 879 suam
1307 841 1462 895 quam
1487 840 1590 878 non
1620 823 1797 893 repel-

223 919 310 982 let,
341 917 444 971 sed
474 919 636 972 etiam
666 933 876 972 omnem
909 917 1113 986 plebem
1145 931 1312 970 suam.
1353 914 1608 985 Loquitur
1654 914 1792 968 enim

225 1010 270 1062 in
299 1010 503 1078 angulo
529 1009 735 1078 utrique
781 1009 964 1076 parieti
996 1010 1015 1077 (
1043 1007 1228 1077 Eplies.
1253 1023 1318 1072 n,
1351 1006 1421 1060 20
1441 1005 1498 1076 );
1528 1005 1577 1059 id
1607 1015 1708 1072 est,
1743 1005 1793 1059 in

223 1101 437 1153 Christo
462 1099 735 1168 prophetia
765 1099 1021 1170 loquitur,
1065 1108 1118 1154 ct
1151 1100 1343 1168 populo
1366 1097 1668 1152 Judmorum
1695 1139 1709 1165 ,
1741 1108 1795 1150 et

226 1193 417 1259 pupnlo
442 1191 712 1247 Gentium.
741 1189 905 1244 Hodie
931 1192 974 1245 si
997 1208 1163 1244 vocem
1193 1181 1303 1261 eius
1327 1191 1583 1245 audieritis
1603 1233 1617 1255 ,
1643 1192 1796 1244 nolite

223 1283 468 1336 obdurare
493 1285 644 1336 corda
670 1294 850 1336 vestra.
875 1282 1169 1351 Aliquando
1202 1283 1340 1336 enim
1362 1281 1583 1337 audistis
1611 1297 1789 1336 vocem

193 1375 352 1428 illius
402 1391 499 1443 per
528 1374 780 1443 Moysen,
827 1384 880 1432 et
923 1373 1224 1428 obdurastis
1262 1373 1420 1426 corda
1466 1382 1658 1428 vestra.
1691 1371 1792 1426 Per

223 1481 518 1534 prteconem
552 1466 756 1519 locu'ns
787 1475 885 1530 est,
914 1465 1124 1534 quando
1168 1464 1465 1518 obdurastis
1493 1463 1652 1517 corda
1694 1479 1788 1516 ve-

224 1567 348 1619 stra;
384 1572 481 1624 per
511 1572 566 1608 se
609 1571 748 1608 nunc
785 1556 1033 1624 loquitur,
1071 1555 1381 1609 mollescunt
1406 1554 1564 1608 corda
1590 1561 1784 1608 vestra.

225 1647 312 1714 Qui
345 1661 622 1715 prarcones
658 1657 780 1699 ante
806 1661 863 1700 sc
891 1645 1131 1700 mittebat
1157 1685 1172 1711 ,
1205 1645 1314 1714 ipse
1344 1646 1524 1699 venire
1545 1644 1787 1715 dignatus

224 1749 328 1799 est;
381 1753 478 1792 ore
527 1755 622 1791 suo
675 1738 760 1792 hic
805 1737 1060 1806 loquitur,
1092 1737 1179 1806 qui
1210 1737 1521 1806 loquebatur
1564 1751 1657 1806 per
1693 1751 1784 1790 ora

226 1831 619 1900 Prophetarum.
659 1829 822 1882 Hodie
846 1845 971 1900 ergo
999 1830 1042 1883 si
1067 1846 1231 1883 vocem
1257 1830 1362 1900 ejus
1387 1829 1662 1893 audieritis,
1695 1846 1786 1882 no-

226 1925 301 1974 lite
320 1922 572 1975 obdurare
594 1922 744 1974 corda
766 1931 949 1974 vestra.

291 2017 372 2069 13.
399 2015 562 2086 (vers.
593 2013 688 2088 9.]
718 2012 889 2081 Quare
913 2014 1124 2078 dixisti,
1160 2013 1333 2066 Nolite
1362 2014 1607 2068 obdurare
1631 2014 1783 2067 corda

224 2108 407 2158 castra?
443 2109 576 2172 Quia
621 2105 934 2159 meministis
974 2103 1099 2175 quid
1143 2105 1347 2159 Soleant
1398 2105 1570 2158 facere
1609 2115 1782 2174 patres

226 2198 391 2248 vestri.
437 2196 616 2249 Nolite
657 2195 904 2249 obdurare
945 2197 1098 2247 corda
1136 2205 1297 2248 vestra
1321 2209 1338 2247 :
1365 2194 1781 2264 quemadmodmn

223 2289 268 2340 iu
297 2289 378 2340 illa
408 2288 802 2349 antariratione,
833 2286 1104 2340 secundum
1140 2287 1268 2338 diem
1311 2285 1592 2339 tentationis
1619 2287 1671 2338 in
1696 2285 1782 2337 de-

149 2429 160 2442 ,
223 2390 356 2432 serto.
383 2379 636 2433 ReCnIitis
664 2389 828 2443 certe,
858 2377 1068 2441 fratres,
1094 2378 1231 2447 quod
1260 2379 1345 2431 ille
1369 2378 1590 2448 populus
1615 2387 1783 2431 tenta-

225 2472 284 2524 rit
317 2473 475 2525 Deum
517 2470 726 2546 (Exod.
766 2487 853 2523 ιιι
875 2513 889 2533 ,
915 2469 950 2523 2
970 2513 984 2536 ,
1013 2471 1078 2535 5;
1103 2479 1146 2523 et
1176 2486 1278 2524 xvn
1298 2513 1310 2533 ,
1334 2469 1432 2523 2-7
1458 2472 1497 2541 ),
1520 2470 1780 2541 acceperit

224 2563 544 2632 disciplinam
567 2603 583 2624 ,
611 2574 664 2616 et
694 2571 868 2618 rectus
896 2564 962 2617 sit
986 2564 1037 2616 in
1063 2560 1273 2617 deserto
1297 2571 1539 2632 tanquam
1561 2565 1627 2617 ab
1647 2565 1779 2632 opti-

224 2672 303 2707 mo
330 2670 541 2708 sessore
561 2698 574 2717 ,
603 2654 768 2708 frenis
797 2656 967 2725 legum
988 2697 1000 2717 ,
1034 2653 1200 2708 frenis
1242 2664 1655 2724 praeceptorum;
1683 2671 1780 2710 nec

223 2749 283 2800 sit
308 2748 543 2802 desertus
573 2757 746 2800 tamen
774 2762 802 2801 a
832 2747 938 2801 Deo
963 2747 1119 2802 etiam
1146 2746 1453 2811 indomitus,
1483 2762 1583 2799 non
1609 2749 1777 2802 solum

224 2837 482 2892 beneficiis
509 2839 890 2908 prmsentihns,
921 2837 1011 2892 sed
1041 2838 1198 2892 etiam
1223 2837 1363 2906 virga
1395 2837 1779 2891 emendationis

227 2947 316 2984 non
340 2931 645 2985 desistente.
675 2928 843 2985 Nolite
871 2945 996 2996 ergo
1023 2929 1267 2982 obdurare
1290 2928 1442 2980 corda
1463 2937 1621 2981 vestra
1645 2943 1663 2981 :
1689 2928 1782 2980 sic-

225 3033 273 3073 ut
292 3023 335 3074 in
356 3023 731 3083 amaricatione,
758 3021 1030 3075 secundum
1051 3020 1180 3073 diem
1197 3019 1482 3073 tentatiouis
1498 3021 1548 3073 in
1565 3020 1776 3086 deserto,

227 3115 302 3167 ubi
327 3105 634 3169 ientaverunt
677 3133 754 3168 me
797 3125 960 3184 patres
999 3115 1163 3167 vestri.
1193 3113 1306 3168 Jam
1355 3114 1483 3168 tales
1524 3129 1628 3168 non
1676 3115 1782 3169 sint

227 3216 389 3272 patres
409 3208 602 3272 vestri;
630 3206 793 3260 nolite
820 3221 909 3260 eos
939 3205 1154 3260 imitari.
1184 3205 1367 3260 Patres
1395 3203 1553 3259 vestri
1587 3214 1776 3270 erant;

227 3300 310 3352 Sed
341 3301 383 3355 si
410 3317 510 3354 non
556 3301 741 3354 imitati
770 3299 974 3354 fueritis
994 3341 1008 3364 ,
1057 3308 1230 3368 patres
1264 3298 1422 3352 vestri
1453 3313 1555 3351 non
1587 3309 1736 3350 erunt
1764 3317 1776 3352 :

229 3402 390 3445 tamen
417 3393 532 3461 quia
566 3391 631 3445 de
659 3391 740 3444 his
767 3390 873 3443 nati
901 3390 1050 3455 estis,
1076 3399 1252 3458 patres
1275 3389 1432 3442 vestri
1458 3397 1626 3442 erant.
1654 3386 1717 3440 Et
1736 3389 1777 3442 si

229 3483 410 3538 Gentes
453 3484 722 3536 venientes
761 3483 826 3536 ab
855 3493 1092 3536 extremo
1120 3491 1294 3543 terrae,
1325 3479 1459 3533 sicut
1481 3480 1607 3533 dicit
1635 3478 1781 3534 .Icrc-

231 3577 370 3638 inias,
395 3575 469 3626 Ad
493 3585 539 3628 te
568 3573 748 3628 Gentes
770 3574 960 3626 venient
992 3571 1052 3624 ab
1078 3583 1298 3625 extremo
1325 3583 1488 3635 terror,
1522 3580 1566 3625 et
1594 3571 1776 3635 dicent,

238 3665 368 3720 Vera:
392 3668 650 3720 mendacia
693 3664 952 3719 coluerunt
991 3675 1156 3734 patres
1195 3664 1384 3726 nostri,
1425 3663 1691 3716 simulacra
1727 3663 1781 3713 in

229 3760 387 3825 quibus
415 3776 511 3810 non
539 3767 612 3810 est
642 3757 831 3809 utilitas
858 3753 1084 3828 (.Ierem.
1109 3771 1217 3818 XVI,
1245 3755 1338 3823 l9)
1366 3772 1378 3806 ε
1408 3754 1450 3807 si
1477 3753 1672 3809 Gentes
1695 3753 1778 3806 di-

232 3849 466 3902 miserunt
492 3848 772 3902 simulacra
805 3862 920 3907 sna,
954 3857 1008 3898 nt
1036 3846 1278 3899 venirent
1304 3845 1368 3897 ad
1396 3845 1556 3896 Deum
1579 3842 1740 3896 Israel
1763 3859 1776 3905 ;

230 3956 351 4007 quos
385 3940 489 4008 ipse
523 3939 660 3992 Dens
703 3937 857 3991 Israel
902 3936 965 3989 de
1001 3935 1230 4006 Egypto
1271 3949 1362 4003 per
1392 3949 1534 3986 mare
1565 3921 1800 3985 ruln'utn'

231 4030 396 4093 duxit,
428 4033 477 4084 in
522 4047 626 4099 quo
658 4029 899 4081 inimicos
935 4044 1118 4080 corum
1163 4033 1546 4093 ennscqttcntes
1575 4024 1782 4092 operuit

233 4122 405 4188 (Exod.
437 4139 540 4186 xw,
562 4122 624 4176 9.1
665 4121 788 4190 5t);
821 4136 954 4189 quos
976 4119 1025 4171 in
1051 4118 1317 4172 desertum
1347 4115 1558 4175 eduxit.
1593 4129 1781 4168 manna

232 4217 360 4283 parn
389 4215 494 4283 (Id.
519 4232 621 4278 xrt,
657 4215 721 4268 15
749 4213 863 4281 '53),
894 4227 1158 4282 nunquam
1189 4211 1386 4279 virgam
1415 4225 1562 4262 suam
1597 4209 1663 4262 ab
1693 4223 1782 4263 co-

233 4324 337 4361 rum
367 4307 631 4376 disciplina
664 4307 800 4370 tulit,
833 4321 1097 4374 nunquam
1133 4302 1384 4356 beneticia
1408 4301 1783 4356 misericordia:

233 4399 508 4460 Subtraxit;
548 4400 644 4468 ipsi
691 4399 886 4452 delwttt
927 4397 1174 4450 deserere
1223 4396 1380 4447 Deum
1429 4410 1580 4448 suum
1607 4435 1620 4458 ,
1663 4409 1781 4446 cum

234 4487 416 4542 Gentes
459 4491 700 4543 venerint
743 4488 806 4540 ad
856 4488 1016 4541 Deum
1049 4486 1317 4554 ipsorum?
1359 4483 1454 4538 Ubi
1480 4493 1785 4538 tentarerunt

232 4597 306 4633 me
335 4591 489 4649 patres
517 4582 698 4643 vestri;
727 4580 1058 4650 probaverunt
1084 4581 1121 4639 ¹,
1149 4589 1195 4631 et
1221 4578 1446 4630 viderunt
1476 4593 1625 4646 opera
1655 4593 1783 4628 mea.

235 4674 568 4742 Quadraginta
601 4674 753 4725 annis
792 4673 1033 4724 viderunt
1076 4686 1234 4739 opera
1267 4684 1380 4722 mea
1402 4710 1414 4730 ,
1443 4667 1785 4736 quadraginta

237 4767 373 4816 annis
390 4765 835 4817 exaret-lm-nrnnt
855 4779 938 4814 me
961 4780 972 4814 :
1000 4772 1122 4815 ante
1140 4761 1257 4813 illos
1283 4758 1529 4812 miracula
1557 4759 1607 4810 in
1632 4774 1787 4811 manu

239 4853 384 4923 Moysi
415 4855 668 4909 faciebam
690 4895 705 4919 ,
743 4863 796 4905 et
825 4853 920 4922 ipsi
951 4851 1113 4920 magis
1142 4851 1409 4919 magisque
1437 4848 1592 4902 corda
1619 4847 1787 4901 obdu-

244 4948 427 4998 rahant.

304 5040 377 5091 Ii.
408 5037 552 5110 (vers.
581 5034 692 5108 10.]
727 5035 1074 5105 Quadraginta
1103 5034 1248 5086 annis
1275 5033 1530 5102 proximus
1553 5033 1627 5101 fui
1645 5048 1788 5100 gene-

240 5133 400 5182 ηιιὲοηὶ
426 5133 558 5183 Imic.
583 5129 718 5194 Quid
746 5138 847 5187 est,
887 5127 1143 5196 proximus
1187 5126 1304 5196 fui?
1345 5124 1660 5176 Pra-sentavi
1706 5137 1791 5175 me

241 5219 285 5270 in
311 5221 463 5288 signis
495 5230 546 5274 et
572 5219 854 5272 virtutibus
882 5218 1015 5270 meis
1045 5235 1056 5270 :
1089 5233 1190 5268 non
1226 5229 1329 5266 uno
1367 5214 1482 5277 die,
1523 5229 1625 5266 non
1655 5211 1789 5264 dno-

242 5311 353 5372 bus;
387 5311 476 5365 SCtl
499 5354 512 5375 ,
543 5311 893 5379 Quadraginta
929 5308 1076 5360 annis
1106 5305 1362 5376 proximus
1380 5306 1457 5374 [ui
1485 5302 1792 5373 generationi

245 5403 362 5464 ltuic;
383 5414 424 5456 et
446 5403 575 5467 dixi,
597 5401 808 5469 Semper
834 5400 915 5453 isti
943 5407 1109 5451 errant
1126 5394 1292 5449 corde.
1329 5396 1439 5449 lloc
1466 5394 1794 5463 signiﬁcave-

264 5658 269 5664 .
295 5598 307 5627 ‘
334 5596 462 5664 ald,
485 5595 917 5664 probareruntme.
945 5594 1108 5664 Abest,
1132 5606 1232 5650 me,
1258 5605 1284 5640 a
1310 5599 1430 5664 Mss.‘
1447 5592 1541 5660 qui.
1572 5589 1795 5664 plerique

227 5652 300 5706 Sic
317 5652 689 5720 im'seqnuntur,
709 5664 753 5706 et
775 5655 993 5720 viderunt
1009 5668 1162 5720 ppera
1181 5667 1285 5720 utea
1303 5652 1623 5720 quadraginta
1638 5652 1793 5720 armis.

245 5674 300 5706 ἰιι
337 5674 689 5720 msequuntur,
709 5674 753 5706 ει
775 5674 992 5706 macrum
1016 5674 1162 5718 opera
1181 5674 1285 5704 mea
1303 5674 1429 5716 qttuu
1437 5674 1623 5714 rugutm
1638 5674 1793 5700 mutu.

245 5674 458 5770 Viderunt
480 5732 627 5782 opem
650 5731 755 5767 mea
781 5717 1100 5782 quadraginta
1137 5714 1293 5778 anuis,
1331 5723 1374 5766 et
1394 5712 1796 5764 exacerbaturqu

239 5789 304 5831 me

591 5864 860 5922 ΡΑτιιοι.
908 5859 1232 5920 XXXVII.

1343 342 1732 400 ENARIIATIO
1771 343 1832 397 IN
1874 341 2188 399 PSAIMU.“
2231 344 2405 402 XCIV.

3341 353 3475 407 1996

1912 466 2034 510 runt
2061 458 2404 528 quadraginta
2431 462 2553 514 anni
2581 503 2593 521 ,
2627 464 2766 530 quod
2792 472 2845 516 et
2869 479 3076 534 semper.
3103 467 3470 540 Qnadragena-

1907 550 2018 602 rius
2052 551 2190 604 enim
2235 552 2332 606 iste
2371 561 2620 607 utnnerus
2650 555 2842 608 indicat
2873 557 3220 626 integritatem
3247 564 3467 616 szcculo-

1906 655 2042 704 rum,
2067 651 2309 712 tanquam
2336 645 2672 711 perficiantur
2689 647 2876 700 sarcula
2896 663 2988 717 per
3009 648 3148 706 hunc
3168 667 3462 713 numerum.

1905 732 2028 786 Ideo
2052 733 2303 788 Dominus
2328 735 2668 806 quadraginta
2697 737 2883 792 diebus
2905 739 3162 809 jejunarit
3182 784 3196 806 ,
3237 747 3462 812 quadra-

1903 826 2043 891 ginta
2065 823 2252 878 diebus
2282 835 2508 881 tentatus
2533 835 2617 882 est
2642 829 2692 882 in
2723 845 2902 885 eremo
2928 832 3151 901 (Matth.
3181 852 3250 901 IV,
3282 839 3462 908 l-ll),

1904 922 1957 966 et
1983 916 2324 984 quadraginta
2350 916 2535 972 diebus
2565 919 2662 972 fuit
2689 936 2808 974 cum
2840 921 3108 992 discipulis
3137 936 3254 993 post
3283 943 3463 982 resur-

1900 1007 2186 1062 rcc1ionem
2229 1008 2380 1078 (Act.
2432 1027 2484 1072 ι,
2532 1012 2625 1081 5).
2667 1011 2856 1067 Primis
2897 1015 3237 1086 quadraginta
3279 1020 3464 1077 diebus

1901 1098 2259 1162 tentationem,
2285 1102 2666 1168 posterioribus
2689 1104 3031 1175 quadraginta
3058 1105 3243 1163 diebus
3267 1125 3460 1167 conso-

1899 1188 2144 1243 latiOncm
2190 1192 2450 1255 ostendit;
2501 1195 2618 1263 quia
2668 1210 2785 1249 cum
2834 1206 3111 1263 tentamur,
3146 1201 3260 1254 sine
3302 1203 3461 1256 dubio

1895 1279 2249 1333 consolamur.
2278 1280 2481 1350 Corpus
2511 1284 2650 1336 enim
2675 1285 2811 1354 ejus,
2853 1286 2901 1340 id
2943 1296 3024 1342 est
3067 1289 3297 1344 Ecclesia
3323 1331 3338 1355 ,
3367 1307 3460 1348 ne-

1895 1383 2044 1424 cesse
2072 1379 2152 1422 est
2179 1372 2493 1425 teutationes
2523 1375 2750 1443 patiatur
2777 1377 2825 1442 in
2851 1376 2949 1431 hoc
2977 1379 3206 1442 saeculo;
3235 1381 3326 1433 sed
3353 1399 3451 1433 non

1894 1460 2043 1514 deest
2065 1461 2150 1515 ille
2178 1463 2479 1516 consolator
2503 1467 2587 1532 qui
2617 1465 2748 1518 dixit
2772 1485 2782 1519 :
2810 1467 2940 1520 Ecce
2964 1486 3050 1537 ego
3077 1472 3327 1523 uobiscum
3347 1490 3453 1524 sunt

1897 1567 2049 1618 usque
2073 1552 2124 1604 iu
2148 1555 2620 1608 consummationem
2644 1559 2814 1609 surculi
2838 1556 2859 1629 (
2885 1557 3066 1612 Matth.
3096 1576 3262 1616 xxvtn
3283 1603 3297 1625 ,
3323 1562 3392 1616 20
3413 1564 3450 1631 ).

1893 1641 1961 1696 Et
1986 1645 2112 1709 disci,
2137 1645 2348 1716 Semper
2371 1649 2454 1701 isti
2475 1660 2638 1702 errant
2663 1652 2830 1705 corde.
2859 1652 2936 1705 Ad
2979 1653 3077 1708 hoc
3105 1669 3222 1709 cum
3256 1657 3357 1710 illis
3381 1659 3451 1710 fui

1890 1737 2231 1807 quadraginta
2258 1741 2429 1808 annis,
2464 1743 2873 1797 ntostcndcrem
2921 1760 3088 1815 genus
3131 1747 3238 1803 tale
3283 1748 3438 1804 homi-

1891 1841 2012 1880 num
2039 1869 2054 1894 ,
2096 1829 2233 1897 quod
2277 1847 2363 1886 me
2403 1848 2611 1902 semper
2657 1836 2938 1890 exacerbat
2983 1852 3144 1907 usque
3192 1839 3244 1894 in
3292 1839 3449 1894 linem

1889 1920 2068 1973 seaculi
2094 1937 2107 1970 :
2137 1923 2256 1990 quia
2289 1938 2386 1992 per
2411 1925 2529 1978 illos
2559 1927 2900 1998 quadraginta
2930 1945 3128 1996 annuos,
3159 1940 3321 1986 totum
3349 1948 3446 1985 sae-

1887 2007 2060 2062 CuImn
2086 2011 2380 2081 signiﬁcare
2409 2016 2590 2069 voluit.

1960 2102 2046 2156 15.
2077 2101 2236 2174 (vers.
2265 2106 2349 2159 Ν.
2374 2104 2392 2178 ]
2417 2107 2554 2174 Quid
2586 2109 2750 2176 ergo?
2788 2125 2882 2179 pro
2909 2111 3010 2167 illis
3035 2128 3136 2167 non
3180 2123 3335 2168 erunt
3360 2113 3446 2168 alii
3491 2147 3496 2152 -

1885 2193 1973 2260 qui
1996 2193 2191 2248 intrent
2213 2196 2264 2250 in
2291 2198 2524 2266 requiem
2554 2200 2642 2253 Dei
2665 2201 2687 2253 ?
2711 2200 2990 2269 Improbati
3021 2214 3142 2257 sunt
3160 2205 3234 2258 illi
3261 2205 3449 2274 quibus

1886 2283 2151 2350 diSplicuit
2179 2287 2534 2342 misericordia
2565 2291 2686 2355 Dei,
2715 2293 2802 2361 qui
2827 2292 3132 2348 restiterunt
3153 2293 3267 2349 Deo
3287 2296 3446 2350 corde

1887 2373 2160 2439 indurato;
2214 2379 2314 2431 illis
2356 2378 2662 2448 improbatis
2688 2422 2701 2444 ,
2747 2385 2997 2452 numquid
3046 2385 3272 2454 perdidit
3311 2387 3445 2439 Dens

1887 2465 2135 2532 p0pulum
2166 2467 2357 2521 suum?
2381 2469 2494 2523 Non
2517 2471 2616 2524 erit
2644 2485 2846 2536 verum,
2886 2471 3075 2528 Potens
3116 2483 3186 2528 est
3219 2474 3355 2531 Deus
3387 2479 3446 2528 de

1885 2555 2136 2626 lapidibus
2160 2560 2269 2613 istis
2291 2561 2534 2616 suscitare
2561 2563 2694 2630 ﬁlios
2717 2563 2931 2616 Abi-aha:
2951 2563 3060 2636 (Id.
3085 2581 3161 2632 ιιι,
3183 2565 3266 2637 9)?
3285 2566 3443 2636 Ergo.

1885 2647 2010 2712 dixi,
2045 2648 2257 2718 Semper
2279 2651 2360 2703 isti
2388 2662 2555 2705 errant
2583 2653 2748 2707 corde.
2776 2652 2845 2706 Et
2882 2655 2964 2708 isti
2991 2671 3090 2708 non
3115 2667 3445 2726 cognoverunt

1885 2741 1987 2792 vias
2015 2755 2166 2803 meas,
2200 2741 2377 2810 quibus
2397 2742 2570 2812 ῥωναυὶ
2604 2745 2658 2797 in
2692 2745 2770 2797 ira
2800 2761 2907 2798 mea
2927 2785 2942 2812 ,
2985 2745 3042 2801 Si
3083 2747 3356 2802 introibant
3391 2750 3443 2802 in

1884 2830 2100 2896 requiem
2124 2847 2302 2883 meam.
2339 2831 2527 2898 Quibus
2553 2835 2726 2903 juravi
2751 2837 2802 2890 in
2831 2837 2908 2890 ira
2941 2854 3049 2892 mea
3068 2878 3082 2902 ,
3110 2841 3154 2892 si
3178 2841 3445 2895 introibant

1882 2919 1935 2969 in
1962 2920 2176 2988 requiem
2205 2937 2401 2974 meam:
2422 2939 2638 2993 magnus
2661 2936 2849 2980 terror.
2877 2927 2956 2981 Ab
2974 2931 3318 2984 exsultatione
3337 2947 3445 2985 εω-

1885 3009 2075 3077 pimus,
2107 3011 2199 3066 sed
2230 3012 2296 3066 ad
2342 3029 2586 3084 magnum
2629 3015 2870 3072 timorem
2915 3021 3172 3074 conclusit
3216 3021 3444 3090 psalmus

1885 3100 1982 3153 iste
2011 3119 2023 3153 :
2057 3100 2245 3164 Quibus
2260 3103 2432 3173 juravi
2452 3106 2503 3158 in
2531 3106 2607 3158 ira
2633 3123 2761 3171 mea,
2787 3107 2848 3162 Si
2868 3109 3137 3162 introibant
3157 3113 3208 3162 in
3229 3113 3442 3180 requiem

1884 3191 2068 3248 meum.
2092 3192 2259 3263 Loqui
2301 3195 2577 3250 Dominum
2617 3212 2863 3268 magnum
2893 3209 3004 3265 est;
3048 3210 3246 3270 quanto
3283 3204 3445 3271 magis

1884 3285 2065 3350 iurare
2096 3286 2298 3340 Deum?
2321 3287 2595 3341 Jnrantem
2638 3289 2904 3344 hominem
2932 3291 3096 3347 debes
3126 3293 3315 3348 timere
3334 3333 3349 3356 ,
3381 3311 3446 3347 ne

1881 3384 2098 3444 propter
2136 3376 2456 3444 juratinnem
2504 3379 2660 3433 faciat
2701 3380 2841 3450 quod
2884 3393 3064 3435 eorum
3117 3386 3441 3440 voluntatem

1883 3467 1998 3535 ejus
2025 3478 2136 3533 est;
2159 3481 2359 3538 quanto
2388 3472 2552 3538 magis
2570 3473 2755 3536 Deum,
2781 3475 2867 3542 qui
2891 3476 3018 3528 nihil
3046 3485 3244 3532 temere
3265 3478 3444 3547 jurarc

1884 3561 2097 3628 potest?
2138 3560 2462 3617 Jurationem
2507 3565 2572 3616 ad
2618 3567 3070 3622 conﬁrmationem
3099 3571 3260 3624 voluit
3303 3587 3442 3627 csse.

1885 3651 1949 3704 Et
1977 3667 2070 3720 per
2091 3669 2247 3722 quem
2273 3655 2415 3723 jurat
2443 3657 2614 3710 Deus?
2640 3658 2740 3711 Per
2759 3661 3101 3730 semetipsum
3130 3679 3143 3715 :
3174 3679 3276 3716 non
3304 3665 3445 3717 enim

1887 3741 2044 3797 habet
2073 3744 2322 3814 majorem
2352 3763 2444 3814 per
2468 3763 2625 3815 quem
2648 3747 2792 3816 juret
2832 3748 3027 3822 (llebr.
3069 3767 3141 3816 γι,
3187 3751 3306 3822 15).
3352 3752 3449 3806 Per

1884 3837 2225 3902 seminipsutn
2256 3839 2534 3891 conﬁrmat
2562 3840 2816 3907 promissa
2839 3856 2953 3904 sua,
2980 3856 3074 3910 per
3097 3845 3442 3912 semetipsum

1885 3927 2162 3979 contirmat
2187 3930 2355 3980 minas
2381 3942 2523 3980 snas.
2551 3928 2715 3982 Nemo
2737 3931 2880 3984 dicat
2913 3932 2963 3984 in
2995 3933 3154 3986 corde
3176 3947 3273 3986 suo
3297 3953 3310 3986 :
3340 3933 3447 3988 Vo-

1887 4033 2001 4070 rum
2039 4027 2122 4070 est
2149 4019 2286 4086 quod
2317 4020 2603 4089 promittit;
2654 4019 2844 4074 falsum
2889 4031 2971 4077 est
3013 4023 3152 4092 quod
3200 4025 3444 4079 minatur.
3513 4039 3519 4056 θ

1885 4114 2030 4168 Sicut
2053 4131 2232 4170 rerum
2260 4125 2342 4169 est
2369 4115 2510 4184 quod
2536 4117 2820 4186 promittit,
2864 4118 2942 4171 sic
2978 4128 3181 4171 certum
3207 4128 3290 4173 est
3314 4119 3451 4184 quod

1888 4206 2136 4261 minatur.
2164 4207 2291 4260 Tam
2321 4217 2498 4262 certus
2525 4222 2643 4262 esse
2671 4209 2832 4262 debes
2861 4209 2929 4264 de
2959 4211 3161 4279 requie,
3192 4210 3259 4265 de
3289 4209 3452 4264 fclici-

1888 4307 2015 4362 tate,
2047 4297 2112 4350 de
2137 4298 2451 4363 mternitate,
2480 4299 2546 4352 de
2577 4299 2991 4361 immortalitate,
3021 4301 3064 4353 si
3098 4302 3285 4355 feceris
3312 4317 3449 4369 prac-

1889 4400 2037 4458 eepta
2071 4390 2251 4458 ipsius,
2285 4405 2440 4459 quam
2463 4399 2639 4444 certus
2667 4405 2786 4444 esse
2810 4391 2972 4444 debes
3012 4390 3078 4444 de
3116 4392 3361 4456 interitu,
3390 4393 3456 4446 de

1888 4481 2077 4534 ardore
2106 4481 2236 4549 ignis
2262 4481 2443 4533 interni
2465 4522 2478 4544 ,
2506 4481 2574 4535 de
2603 4480 2939 4535 damnatione
2973 4495 3092 4535 eum
3132 4482 3343 4535 diabolo
3367 4523 3380 4545 ,
3411 4485 3456 4535 si

1893 4571 2277 4639 contempseris
2306 4581 2564 4640 przcm‘pta
2607 4571 2740 4639 ejus.
2769 4571 2972 4624 Jnravit
2999 4587 3125 4640 ergo
3165 4571 3266 4625 illis
3297 4572 3347 4623 in
3381 4572 3456 4624 ira

1891 4678 2004 4726 sua,
2050 4678 2114 4714 ne
2159 4663 2354 4715 intrent
2381 4663 2430 4714 in
2462 4661 2700 4730 requiem
2731 4662 2895 4729 ipsius
2921 4678 2933 4713 :
2964 4671 3016 4714 et
3045 4671 3218 4714 tamen
3247 4669 3458 4728 oportet

1892 4757 2094 4824 aliquos
2122 4749 2324 4809 intrare
2346 4755 2395 4808 in
2425 4755 2658 4824 requiem
2683 4755 2878 4822 ipsius;
2911 4770 3012 4805 non
3041 4755 3181 4805 enim
3209 4753 3337 4805 nulli
3363 4753 3458 4805 da-

1894 4848 2032 4901 bitur
2070 4849 2280 4916 rcqnies
2311 4846 2495 4914 ipsius.
2526 4845 2632 4899 Illis
2661 4863 2786 4915 ergo
2814 4845 3140 4913 reprobatis,
3169 4860 3266 4898 nos
3297 4846 3461 4897 intra-

1894 4942 2067 4994 bimus
2094 4959 2106 4994 :
2136 4943 2253 5010 quia
2285 4941 2382 4994 etsi
2413 4940 2574 5009 aliqui
2605 4955 2671 4994 ex
2708 4941 2867 4993 ramis
2910 4939 3057 4991 fracti
3099 4948 3220 4992 sunt
3251 4947 3462 5004 propter

1896 5033 2376 5087 diSsimilitudinmn
2404 5041 2457 5086 ct
2488 5033 2848 5086 infidelitatem
2868 5073 2882 5096 ,
2925 5047 3022 5084 nos
3061 5039 3272 5099 propter
3302 5027 3456 5079 tidem

1896 5134 1949 5176 ct
1977 5109 2317 5176 humilitatem
2340 5121 2816 5193 iuseremm-(llom.
2846 5138 2917 5176 χι.
2946 5119 3191 5187 ἱθριὲῡ).
3217 5117 3322 5171 Nos
3338 5130 3464 5183 ergo

1900 5219 2159 5272 intremus
2187 5217 2238 5269 in
2264 5216 2500 5283 requiem
2527 5217 2664 5283 ejus.
2694 5214 2844 5270 Unde
2887 5225 3062 5267 autem
3105 5214 3364 5264 intrarunt
3392 5210 3464 5264 illi

1899 5313 1986 5381 qui
2010 5311 2290 5371 intrarunt,
2325 5309 2400 5362 illi
2428 5310 2514 5378 qui
2541 5309 2694 5362 electi
2725 5317 2847 5362 sunt
2869 5348 2881 5368 ,
2919 5306 3008 5374 qui
3051 5319 3153 5357 non
3184 5301 3347 5354 corde
3367 5301 3460 5352 ob-

1899 5405 2088 5458 durato
2117 5402 2460 5457 restitcrunt?
2484 5399 2613 5468 Qnia
2644 5416 2826 5455 verum
2857 5411 2939 5452 est
2965 5397 3104 5467 quod
3129 5413 3229 5449 non
3265 5396 3469 5464 repellet

1902 5500 2150 5554 Dominus
2173 5498 2361 5570 plebem
2388 5515 2551 5552 suam.

2807 5849 3268 5928 (Trente—neuf.
3280 5849 3303 5924 )
