4012 6202
672 367 2152 396 _-—__——————~

1045 401 1126 461 IN
1166 396 1538 465 PSALMUM
1578 405 1744 467 XCV

1168 501 1587 560 ENARRATIO.

1267 608 1438 651 scium
1465 591 1560 668 (a).

661 682 712 738 1.
736 680 882 757 [vers.
903 681 1237 755 1.]Dominus
1250 693 1305 740 et
1319 684 1479 740 frater
1498 701 1648 741 meus
1662 686 1964 763 Severus(b)
1997 693 2171 750 adhuc

609 776 781 831 dill‘ert
793 775 1023 831 lietitiam
1042 784 1276 831 nostram
1292 776 1360 833 de
1375 792 1620 834 sermone
1636 796 1790 850 quem
1805 783 1955 839 nobis
1968 784 2124 841 debet
2148 801 2165 841 :

607 884 727 923 nam
774 868 913 940 quod
955 868 1163 924 debitor
1199 878 1458 938 teneatur,
1504 875 1759 941 agnoscit.
1799 872 1995 930 Omnes
2024 877 2165 932 enim

602 960 867 1016 Eeclesias
906 975 1234 1030 quacumque
1259 961 1536 1016 transitum
1560 961 1703 1030 fecit,
1754 964 2037 1021 lietificavit
2060 967 2166 1020 Do-

602 1053 775 1106 minus
819 1067 917 1121 per
954 1066 1015 1106 os
1050 1052 1218 1121 ipsius
1246 1068 1260 1106 :
1287 1053 1452 1106 multo
1487 1053 1653 1123 magis
1694 1068 1822 1124 ergo
1855 1056 1953 1110 ista
1991 1055 2163 1136 laetifi-

600 1142 765 1197 cauda
784 1149 883 1208 est,
916 1139 984 1195 de
1014 1156 1115 1210 qua
1157 1141 1364 1196 caeteris
1392 1155 1513 1196 eum
1542 1141 1793 1196 Dominus
1829 1148 2159 1216 propagavit.

598 1230 705 1287 Sed
725 1230 849 1301 quid
874 1229 1058 1285 facturi
1078 1245 1281 1297 sumus,
1296 1230 1396 1285 nisi
1419 1239 1475 1286 ut
1496 1231 1787 1286 serviamus
1808 1234 2061 1289 voluntati
2081 1235 2156 1306 ip-

596 1321 737 1375 sius?
763 1319 980 1389 Differre
1010 1319 1156 1374 illum
1184 1332 1356 1376 tamen
1384 1319 1513 1388 dixi,
1537 1320 1744 1386 fratres,
1763 1331 1867 1377 n‘ou
1889 1323 2155 1380 fraudare.

596 1410 776 1481 Itaque
820 1416 994 1464 tenete
1031 1408 1355 1476 debitorem,
1398 1425 1498 1465 nee
1544 1410 1849 1479 dimittatis,
1893 1413 1991 1468 nisi
2034 1429 2155 1469 eum

594 1501 831 1557 solverit.
883 1500 1142 1555 Advertat
1173 1501 1350 1572 itaque
1373 1501 1615 1557 Charitas
1656 1511 1831 1558 vestra
1859 1521 1874 1559 :
1902 1513 2154 1575 quantum

592 1592 752 1647 donat
774 1591 1048 1658 Dominus,
1067 1590 1135 1647 de
1158 1592 1259 1646 isto
1294 1592 1495 1661 psalmo
1531 1592 1767 1649 dicamus
1802 1594 1996 1673 aliquid
2015 1596 2153 1667 quod
2184 1632 2189 1643 ς

590 1684 800 1754 quidem
818 1682 926 1752 jam
946 1684 1141 1748 nostis;
1163 1682 1254 1738 sed
1273 1683 1440 1738 dulcis
1457 1693 1539 1739 est
1562 1686 1995 1742 commemoratio
2013 1688 2153 1743 veri-

589 1778 730 1833 tatis.
760 1777 922 1833 Forte
961 1792 1080 1832 eum
1121 1777 1553 1848 pronuntiaretur
1603 1778 1784 1834 titulus
1835 1778 1980 1850 ejus,
2029 1795 2149 1835 cum

587 1867 934 1922 admiratione
988 1867 1147 1936 aliqui
1190 1867 1486 1923 audierunt.
1528 1867 1835 1924 luscribitur
1877 1869 2019 1925 enim
2079 1871 2148 1925 ti-

588 1958 725 2013 tulus
771 1957 967 2013 Psalmi
995 1975 1010 2013 :
1041 1956 1254 2024 Quando
1303 1957 1482 2012 damus
1517 1957 1860 2026 tudiﬁcabatur
1900 1968 2013 2030 post
2057 1976 2147 2014 ca-

585 2049 875 2119 ptivitatem.
926 2046 1040 2103 Hoc
1081 2048 1232 2103 titulo
1269 2044 1550 2118 prindieto,
1582 2047 1692 2117 jam
1752 2049 1803 2103 in
1842 2049 1956 2119 ipso
2002 2058 2147 2106 textu

585 2138 778 2194 Psahui
798 2139 1185 2209 exspectabatis
1214 2135 1439 2192 fortasse
1470 2137 1556 2208 qui
1576 2138 1775 2208 lapides
1799 2139 2148 2210 priecideren-

583 2241 668 2285 tur
683 2231 748 2286 de
765 2231 1052 2295 montibus,
1073 2246 1190 2302 quis
1210 2232 1378 2286 moles
1394 2230 1803 2296 attralierentur,
1823 2247 1941 2302 qua:
1960 2230 2146 2288 funda-

580 2312 754 2375 menta
784 2318 1105 2388 iacerentur,
1123 2334 1240 2390 quas
1277 2319 1454 2375 trabes
1474 2319 1891 2390 imponerentur,
1909 2336 2026 2393 qua:
2050 2337 2142 2376 co-

579 2412 769 2466 lumnae
812 2411 1156 2482 erigerentur.
1198 2409 1338 2465 Nihil
1363 2409 1553 2465 horum
1587 2418 1763 2465 cantat
1785 2428 1798 2464 :
1821 2421 1877 2465 et
1912 2412 1959 2466 si
1995 2412 2138 2467 aliud

575 2500 789 2571 aliquid,
814 2515 916 2555 non
938 2516 1064 2571 ergo
1087 2508 1342 2555 consonat
1366 2500 1601 2555 Psalmus
1622 2501 1771 2555 titulo
1790 2511 1981 2568 suo,'et
1996 2503 2142 2558 aliud

574 2600 747 2661 portat
762 2591 814 2645 in
835 2591 1026 2657 fronte,
1049 2589 1188 2643 aliud
1207 2589 1256 2643 in
1280 2589 1447 2644 voce?
1469 2588 1578 2642 lmo
1605 2589 1735 2644 nihil
1755 2590 1916 2658 aliud,
1931 2591 2024 2646 sed
2051 2593 2135 2646 in-

577 2682 876 2735 tellectores
904 2680 1110 2750 quierit.
1140 2678 1394 2750 Loquitur
1419 2678 1561 2734 enim
1583 2679 1650 2735 de
1678 2680 2024 2737 mdificatione
2046 2684 2142 2738 do-

572 2786 710 2826 inus.
725 2770 922 2826 Omnes
932 2769 1132 2840 lapides
1148 2769 1312 2841 ipsius
1326 2769 1514 2825 domus
1530 2769 1849 2843 intelligant‘
1865 2773 2004 2844 quod
2015 2768 2140 2829 caii-

572 2870 766 2917 tarunt.
786 2860 1102 2918 Ediﬁcatur
1129 2860 1269 2915 enim
1296 2860 1485 2916 domus
1509 2861 1640 2926 Deo,
1659 2877 1764 2918 non
1787 2862 1878 2918 illo
1902 2864 2021 2920 loco
2050 2863 2138 2920 tibi

570 2955 849 3010 aedificavit
867 2954 1136 3009 Salomon.
1151 2952 1450 3010 Atidilicavit
1465 2954 1608 3010 enim
1628 2956 1879 3026 templum
1900 2954 1985 3030 (ill
2006 2957 2132 3028 Reg.

568 3060 645 3112 vi,
676 3043 763 3116 t):
789 3043 932 3100 etde
960 3043 1075 3112 ipso
1122 3042 1318 3114 templo
1347 3043 1568 3099 audistis
1605 3044 1765 3100 modo
1790 3061 1910 3116 quae
1945 3045 2135 3102 dixerit

566 3135 836 3191 Dominus.
854 3134 985 3190 Cum
1008 3146 1138 3188 Saxa
1159 3134 1342 3204 templi
1368 3143 1422 3188 et
1450 3135 1616 3190 moles
1640 3136 1881 3205 ingentes
1904 3136 2135 3191 admira-

566 3233 749 3280 rentur
775 3224 1039 3294 discipuli,
1072 3224 1441 3279 indicaverunt
1466 3225 1690 3278 Domino
1731 3225 2130 3283 admirationem

569 3323 622 3368 et
646 3324 918 3384 stuporem
945 3328 1099 3369 suum
1119 3331 1133 3379 ;
1157 3323 1211 3369 et
1227 3313 1478 3369 Dominus
1501 3315 1604 3369 illis
1624 3331 1639 3369 :
1662 3316 1816 3369 Amen
1829 3317 1943 3370 dico
1971 3319 2126 3387 vobis,

563 3421 661 3459 non
695 3403 1005 3474 relinquetur
1051 3404 1132 3457 hic
1174 3403 1304 3473 lapis
1340 3406 1489 3475 super
1507 3405 1743 3474 lapidem,
1765 3407 1852 3475 qui
1895 3423 1995 3461 non
2035 3409 2125 3463 de-

559 3503 778 3549 struetur
803 3493 1010 3567 (Matth.
1034 3509 1178 3561 χχιιι,
1208 3494 1259 3559 1,
1281 3494 1361 3564 2).
1387 3493 1500 3549 Non
1532 3495 1652 3551 talis
1695 3495 1987 3553 aedificatur
2024 3499 2122 3554 do-

560 3600 696 3639 tuus.
714 3584 843 3639 Nam
873 3583 1047 3639 videte
1078 3583 1168 3638 ubi
1207 3584 1515 3650 aedificatur,
1541 3586 1662 3656 quia
1694 3601 1798 3641 non
1851 3601 1957 3642 uno
1982 3588 2118 3656 loco,

556 3677 727 3746 aliqua
760 3677 812 3730 in
842 3684 1011 3746 parte.
1040 3675 1130 3733 Sic
1156 3676 1297 3731 enim
1325 3676 1504 3747 incipit
1537 3695 1550 3731 :

623 3767 678 3821 2.
705 3766 916 3823 Cautate
935 3765 1150 3821 Domino
1169 3767 1415 3821 canticum
1454 3783 1654 3835 novum,
1676 3779 1873 3824 cantate
1904 3769 2123 3826 Domino

554 3859 715 3913 omnis
740 3868 890 3912 terra.
920 3855 977 3913 Si
1002 3856 1263 3912 canticum
1315 3873 1507 3912 novum
1524 3868 1719 3914 cantat
1747 3863 1922 3917 omnis
1946 3871 2116 3927 terra;

552 3951 628 4006 sic
658 3950 969 4016 :cdificatttr,
999 3960 1120 4005 cum
1144 3957 1317 4005 cantat
1350 3967 1362 4003 :
1396 3951 1565 4020 ipsum
1592 3960 1831 4019 cantare,
1857 3949 2119 4008 aedificare

549 4041 779 4109 est;.sed
807 4042 851 4095 si
888 4056 996 4097 non
1023 4048 1176 4097 vetus
1219 4049 1414 4095 cantet.
1436 4040 1602 4096 Vetus
1646 4052 1823 4097 cantat
1860 4044 2118 4113 cupiditas

546 4132 722 4187 carnis
752 4150 765 4184 :
796 4142 990 4185 ιιονιιιιι
1014 4138 1192 4185 cantat
1230 4130 1465 4185 charitas
1491 4130 1600 4184 Dei.
1625 4131 1884 4201 Quidquid
1930 4144 2111 4188 canta-

548 4222 687 4275 veris
713 4220 781 4274 de
804 4220 1113 4289 cupiditate,
1155 4229 1307 4273 vetus
1331 4230 1542 4283 cautas;
1573 4221 1704 4274 ctsi'
1729 4231 1919 4275 sonant
1944 4224 1994 4277 in
2021 4239 2114 4278 ore

547 4309 706 4363 verba
749 4310 940 4362 cantici
969 4308 1110 4373 novi,
1144 4322 1249 4361 non
1275 4318 1356 4361 est
1377 4310 1613 4376 speciosa
1646 4309 1759 4366 laus
1789 4312 1838 4365 in
1863 4328 1956 4366 orn
1986 4329 2110 4383 pec—

542 4401 737 4455 catoris
763 4398 1052 4468 (Eccli.xv,
1070 4398 1149 4469 9).
1168 4398 1352 4454 Melius
1380 4410 1457 4454 est
1479 4411 1711 4457 utnovus
1736 4414 1932 4469 taceas,
1953 4422 2107 4478 quam

542 4494 601 4545 ut
634 4497 799 4544 vetus
840 4497 1053 4553 cantes;
1093 4488 1214 4558 quia
1259 4488 1302 4542 si
1346 4487 1510 4542 fueris
1553 4505 1742 4559 novus,
1768 4505 1821 4547 et
1861 4497 2105 4561 tacueris,

540 4581 756 4636 auribus
800 4580 1076 4635 hominum
1133 4596 1238 4635 non
1287 4591 1481 4635 sonat:
1516 4595 1635 4635 nam
1673 4599 1766 4637 cor
1810 4593 1952 4640 tuum
2003 4604 2104 4641 non

543 4680 680 4726 tacet
719 4671 983 4726 canticum
1023 4682 1249 4737 novum;
1276 4681 1329 4726 et
1355 4671 1595 4738 pervenit
1615 4673 1679 4726 ad
1705 4688 1859 4728 aures
1886 4676 1998 4739 Dei,
2016 4679 2105 4747 qui

538 4771 588 4815 te
614 4760 739 4815 fecit
779 4746 1044 4816 hominem
1092 4775 1310 4816 novum.
1348 4760 1549 4832 Diligis,
1580 4770 1636 4817 ct
1677 4772 1819 4818 taces
1851 4781 1865 4817 :
1893 4746 2104 4823 dilectio

538 4854 646 4921 ipsa
671 4854 769 4906 vo;
793 4860 875 4906 est
914 4851 982 4906 ad
1010 4853 1195 4915 Deum,
1226 4862 1280 4907 et
1306 4852 1415 4922 ipsa
1452 4852 1664 4908 dilecuo
1687 4857 1950 4912 canticum
2005 4875 2101 4916 no-

537 4960 656 4998 vum
683 4954 784 5000 est.
816 4943 951 4997 Audi
987 4943 1105 5011 quia
1151 4944 1411 4998 canticum
1452 4959 1646 4999 novum
1694 4955 1776 5000 est
1804 4966 1816 5000 :
1849 4948 2102 5005 Dominus

532 5035 677 5101 dicit,
710 5031 1009 5088 Mandatum
1045 5049 1223 5086 novum
1251 5034 1316 5087 do
1334 5034 1492 5099 vobis,
1525 5045 1578 5088 ut
1622 5052 1708 5089 vos
1737 5038 1943 5110 invicem
1978 5040 2096 5093 dili-

530 5128 657 5196 gatis
686 5125 865 5199 (Joau.
903 5141 1020 5191 xui,
1052 5126 1165 5195 54).
1211 5125 1395 5181 Omnis
1442 5143 1568 5197 ergo
1596 5138 1732 5183 terra
1764 5141 1942 5187 cantat
1975 5148 2100 5188 can-

531 5220 688 5273 ticum
733 5233 925 5274 novum
957 5236 970 5272 :
1001 5217 1071 5273 ibi
1120 5217 1408 5272 mdilicatur
1447 5218 1693 5274 domus’.
1741 5222 1925 5279 Omnis
1969 5240 2097 5295 ergo

578 5333 606 5365 .i
635 5329 858 5394 plerique
869 5336 997 5394 “55.,
1015 5326 1300 5394 intelligunt,

589 5394 610 5421 ²
635 5390 835 5449 Edd.,.'et
860 5390 901 5443 si
928 5404 1022 5458 non
1043 5390 1223 5458 sonant.
1242 5391 1413 5458 abest,
1440 5403 1548 5458 non,
1572 5404 1599 5440 a
1623 5396 1726 5458 Mss.

594 5452 612 5529 ἲ
634 5452 828 5529 ἓίὲ.ιῑεβυ
856 5453 1057 5529 Αεείῖάη
1072 5452 1152 5529 ἐίῖί
1173 5450 1632 5529 φάίβξαέιινέρπιειδ
1654 5452 1683 5503 ⁵⁷
1792 5518 1803 5528 .
1890 5520 1928 5529 ,.

589 5511 662 5578 i9)
686 5515 880 5564 Habitus
898 5514 1024 5578 forte
1046 5511 1164 5565 ante
1186 5511 1397 5574 anim,
1438 5514 1627 5578 quando
1648 5529 1735 5578 per
1761 5518 1854 5566 vim
1884 5520 2090 5567 Circum-

524 5570 1073 5651 cellauruxesaeteu
1092 5577 1361 5651 οοητιιίξιεεν
1384 5570 1533 5651 an.
1560 5570 1660 5651 νεῖ
1759 5640 1769 5651 .

592 5631 660 5695 (b)
694 5631 1190 5711 scilicet'tuilevitanus
1203 5631 1472 5711 episcopus,
1489 5639 1571 5699 qui
1596 5638 1740 5711 etiam
1757 5640 1805 5711 in
1819 5638 1982 5711 Psalmi
1990 5642 2082 5711 ‘15l

523 5693 852 5755 enarratione,
874 5700 1090 5758 proximo
1109 5706 1220 5748 ante
1238 5693 1663 5748 'buue'sernionem
1681 5700 1766 5750 die
1786 5700 1963 5764 habita,
1990 5699 2089 5751 lau-

1866 242 1925 298 S.
1963 243 2325 306 AUGUSTINI
2364 255 2659 315 EPISCOPI

3686 288 3802 343 52:73

2286 375 2421 423 terra
2447 373 2740 430 estdomus
2773 377 2883 433 Dei.
2917 380 2972 435 Si
3007 385 3179 439 omnis
3218 395 3357 443 terra
3384 390 3567 447 domus
3600 395 3699 466 Dei,
3723 406 3800 470 qui

2278 472 2384 512 non
2415 460 2579 517 lueret
2606 466 2748 520 omni
2790 478 2963 538 terrai,
2995 475 3147 529 ruina
3174 486 3276 543 est,
3307 493 3411 534 non
3437 479 3647 552 domus;
3675 494 3800 547 ruina

2276 549 2361 603 illa
2388 561 2560 621 vetus,
2590 556 2741 626 cujus
2767 561 3004 616 umbram
3046 565 3270 639 habebat
3294 573 3544 639 templum
3561 549 3690 635 illud
3727 596 3805 639 ve-

2275 647 2379 696 tus.
2408 642 2479 698 lbi
2509 646 2650 702 enim
2676 648 2981 709 diruebatur
3004 636 3259 723 venustas,
3288 670 3347 715 ut
3372 636 3576 727 novitas
3596 669 3804 728 aedifica-

2272 740 2436 785 retur.
2450 733 2520 788 Et
2542 739 2804 806 quomodo
2824 741 3048 798 diruitur
3075 732 3521 833 vetustas?
3545 754 3658 811 dico
3670 761 3801 828 vobis,

2269 818 2457 892 inquit,
2495 843 2594 880 non
2616 830 2937 919 .relinquctur
2978 835 3107 906 lapis
3144 856 3303 910 super.
3718 818 3804 909 non

2267 911 2567 971 destruetur.
2610 892 2784 991 Lapis.
2801 892 3043 984 Christus
3068 944 3149 985 εει

2266 1004 2369 1073 lus,
2394 1008 2645 1081 Quotquot
2663 1013 2715 1067 in
2735 1013 2932 1071 Christo
2955 1020 3193 1090 baptisati
3217 1012 3356 1093 estis,
3386 1004 3804 1090 ‘Cltrisltuin'iudui-

2262 1095 2353 1150 stis
2364 1095 2560 1169 (Galat.
2585 1117 2661 1170 in,
2679 1103 2796 1176 27).
2812 1106 2866 1161 Si
2881 1107 3143 1166 Christum
3169 1114 3334 1170 induit
3347 1118 3581 1190 quisquis
3596 1122 3801 1193 baptiza-

2263 1189 2415 1243 turin
2432 1190 2676 1261 Christo,
2694 1197 2810 1265 quis
2832 1201 2977 1268 ponit
3002 1200 3223 1272 lapidem
3253 1221 3412 1277 super
3437 1189 3680 1279 lapidem,
3714 1218 3802 1272 nisi

2259 1278 2349 1348 qui
2374 1278 2694 1351 Baptismum
2716 1302 2875 1356 super
2894 1290 3217 1361 Baptismum
3234 1296 3455 1367 imponit
3480 1300 3504 1355 2
3523 1302 3627 1357 Sed
3657 1278 3801 1363 nolite

2259 1372 2478 1440 terreri;
2510 1391 2610 1431 non
2636 1376 2941 1451 relinquetur
2984 1385 3071 1452 qui
3114 1404 3216 1441 non
3258 1389 3557 1447 destruetur.
3596 1395 3799 1467 Lapides

2256 1464 2397 1518 enim
2426 1465 2492 1521 ad
2533 1468 2782 1528 fabricam
2826 1490 3039 1542 novam,
3089 1494 3206 1549 quae
3248 1482 3540 1541 mdificatttr
3582 1464 3696 1558 post
3726 1507 3800 1545 ca-

2255 1554 2584 1626 ptivitatem,
2620 1561 2698 1615 sic
2728 1563 3064 1636 colliguntur,
3112 1576 3168 1624 et
3208 1571 3287 1626 sic
3330 1574 3449 1630 illos
3489 1554 3798 1635 Cha-ritasin

2255 1644 2454 1703 unitate
2475 1655 2802 1725 constringit,
2823 1666 2880 1710 ut
2902 1672 3009 1711 non
3039 1659 3107 1712 sit
3128 1659 3259 1730 lapis
3275 1679 3433 1734 super
3460 1666 3701 1735 lapidein,
3716 1673 3795 1725 sed

2253 1750 2386 1792 unus
2410 1738 2543 1808 lapis
2562 1741 2666 1797 sint
2686 1758 2871 1801 omnes
2892 1746 3110 1819 lapides.
3131 1751 3209 1807 Ne
3229 1754 3491 1812 miremini
3523 1777 3536 1812 :
3566 1760 3668 1817 hoc
3693 1763 3796 1819 fecit

2249 1828 2510 1885 canticum
2532 1847 2745 1902 novum,
2759 1835 2928 1905 idest,
2950 1838 3051 1896 hoc
3076 1841 3200 1898 fecit
3223 1845 3494 1904 innovatio
3521 1850 3792 1908 charitatis.

2248 1916 2331 1971 Ad
2380 1917 2544 1987 ipsam
2587 1931 2903 1982 structuram
2947 1945 3042 1986 nes
3084 1935 3371 2007 cumpingit
3415 1943 3716 2010 Apostolus,
3743 1954 3791 2000 et

2264 2008 2315 2064 in
2345 2011 2432 2066 illa
2477 2014 2674 2072 unitate
2716 2034 2811 2073 nos
2845 2024 3159 2080 constrictos
3202 2008 3556 2101 compaginat,
3585 2008 3753 2091 dicens
3781 2056 3791 2089 :

2248 2099 2555 2168 Sit/ferentes
2577 2106 2786 2164 invicem
2810 2112 2862 2165 in
2893 2113 3173 2182 dilectione,
3199 2099 3451 2177 studentes
3473 2141 3673 2180 servare
3697 2129 3795 2180 uni-

2246 2203 2393 2249 tatem
2430 2200 2658 2268 spiritus,
2687 2202 2740 2257 in
2768 2204 2986 2281 vinculo.
3006 2210 3146 2277 pacis
3175 2209 3389 2283 (Ep/tes.
3423 2231 3492 2279 tv,
3523 2217 3578 2280 2,
3612 2217 3682 2291 5).
3711 2219 3794 2275 Ubi

2245 2286 2419 2341 unitas
2448 2288 2694 2359 Spiritus,
2728 2309 2863 2349 unus
2894 2296 3055 2366 lapis;
3082 2300 3172 2354 sed
3202 2319 3336 2359 unus
3364 2306 3496 2376 lapis
3524 2308 3593 2363 de
3635 2286 3793 2364 multis

2243 2373 2430 2433 factus.
2460 2379 2738 2447 Quomodo
2773 2384 2840 2440 de
2868 2388 3049 2444 multis
3091 2407 3224 2447 unus
3269 2373 3476 2452 factus?
3500 2399 3798 2456 Suﬂ'erendo
3841 2410 3853 2422 '

2243 2467 2467 2525 invicem
2495 2473 2549 2526 in
2573 2472 2874 2532 dilectione.
2902 2477 3213 2537 Edificatur
3238 2500 3365 2554 ergo
3389 2486 3575 2543 domus
3608 2490 3794 2546 Domini

2242 2559 2336 2616 Dei
2367 2565 2551 2630 nostri,
2572 2567 2864 2625 mdificatnr
2894 2590 2907 2625 :
2939 2572 3038 2628 hoc
3068 2573 3149 2642 fit,
3176 2575 3277 2632 hoc
3303 2580 3492 2649 agitur,
3513 2581 3618 2638 hoc
3642 2600 3786 2639 voces

2241 2649 2354 2705 ista:
2380 2663 2558 2724 agunt,
2588 2655 2690 2712 boe
2734 2658 3010 2726 lectiones,
3038 2662 3139 2719 hoc
3183 2667 3485 2734 praedicatio
3535 2672 3792 2743 Evangelit

2239 2751 2350 2798 toto
2371 2745 2498 2805 orbe
2526 2755 2818 2812 terrarum;
2849 2753 3021 2809 adhuc
3049 2757 3358 2814 :edificatur.
3372 2760 3550 2818 Crevit
3581 2768 3795 2821 multum

2235 2832 2425 2890 domus
2449 2835 2582 2903 haec,
2613 2849 2667 2894 et
2696 2841 2888 2898 multas
2925 2854 3112 2914 gentes
3141 2848 3374 2919 implevit
3405 2871 3417 2906 :
3450 2856 3685 2911 nondum
3725 2867 3795 2910 ta-

2236 2942 2358 2983 men
2403 2943 2589 2985 omnes
2630 2933 2815 3001 gentes
2878 2941 3154 3007 occupavit
3199 2957 3211 2993 :
3257 2944 3545 3001 crescendo
3617 2949 3793 3002 multas

2233 3021 2419 3089 tenuit,
2454 3036 2639 3079 omnes
2666 3037 2984 3097 occupatura
3011 3040 3121 3097 est;
3153 3042 3207 3087 et
3225 3036 3605 3093 contradicitur
3633 3040 3697 3095 ab
3718 3042 3790 3096 eis

2230 3112 2319 3182 qui
2340 3112 2656 3171 domesticos
2671 3117 2790 3187 ejus
2814 3134 2871 3174 se
2890 3136 3007 3177 esse
3031 3124 3340 3193 gloriantur,
3365 3138 3419 3184 et
3442 3130 3653 3199 dicitur,
3675 3133 3787 3189 Jam

2229 3200 2483 3257 decrevit.
2510 3204 2695 3262 Adhuc
2718 3210 2932 3277 crescit,
2959 3212 3133 3268 adhuc
3159 3216 3438 3274 creditum:
3462 3232 3586 3277 sunt
3616 3240 3790 3279 omnes

2227 3299 2413 3360 gentes
2453 3311 2571 3366 quae
2618 3299 2851 3355 nondum
2893 3303 3230 3362 crediderunt
3262 3327 3275 3363 :
3306 3325 3373 3365 ne
3400 3312 3516 3380 quis
3542 3312 3705 3381 dicat,
3732 3315 3791 3371 Et

2227 3383 2315 3438 illa
2356 3385 2532 3458 lingua
2581 3390 2847 3448 creditura
2892 3396 3005 3450 est?
3029 3407 3083 3453 et
3112 3398 3327 3456 Barbari
3358 3405 3611 3461 credituri
3638 3410 3792 3463 sunt?

2224 3478 2293 3534 Et
2317 3481 2443 3550 quid
2473 3482 2573 3539 sibi
2596 3485 2710 3540 vult
2737 3487 2878 3557 quod
2921 3489 3146 3561 Spiritus
3193 3505 3409 3567 sanctus
3452 3502 3701 3570 apparuit
3739 3502 3791 3555 in

2223 3568 2413 3641 linguis
2440 3572 2606 3644 igneis
2634 3574 2770 3647 (Act.
2797 3594 2854 3645 ιι,
2883 3579 2960 3650 si.
2986 3581 3085 3636 nisi
3110 3583 3232 3653 quia
3258 3587 3451 3643 nullius
3474 3568 3665 3661 linguae
3692 3593 3787 3652 du-

2223 3661 2339 3715 ritia
2365 3672 2446 3718 est
2463 3680 2581 3735 quin
2610 3682 2711 3721 non
2744 3668 2832 3722 illo
2860 3669 2978 3740 igne
3003 3672 3279 3730 solvatur?
3296 3676 3475 3749 Neque
3514 3683 3658 3737 enim
3688 3698 3789 3737 non

2222 3750 2472 3808 habemus
2520 3756 2632 3825 jam
2687 3760 2879 3816 multas
2931 3773 3118 3831 gentes
3182 3765 3440 3825 Barbarus
3498 3774 3786 3829 credidisse

2219 3840 2428 3899 Christo
2456 3862 2470 3898 :
2498 3860 2603 3915 quo
2629 3848 2859 3903 nondum
2889 3862 3184 3921 porrectum
3221 3867 3303 3912 est
3347 3858 3645 3919 Romanum
3692 3866 3789 3920 im-

2221 3934 2443 4003 perium,
2468 3935 2576 4005 jam
2606 3938 2850 3997 Christus
2876 3944 3137 4012 possidet;
3166 3949 3305 4016 quod
3330 3949 3504 4007 adhuc
3541 3954 3781 4010 clausum

2216 4035 2299 4080 est
2314 4027 2391 4083 eis
2405 4030 2495 4098 qui
2521 4029 2660 4085 ferro
2686 4044 2938 4103 pugnant,
2958 4052 3061 4091 non
3082 4046 3166 4094 est
3183 4038 3421 4096 clausum
3445 4044 3516 4099 illi
3539 4049 3630 4115 qui
3648 4049 3786 4118 ligno

2218 4134 2429 4188 pugnat.
2461 4121 2710 4179 Dominus
2746 4126 2886 4180 enim
2928 4130 3165 4199 regnavit
3191 4146 3223 4186 a
3245 4131 3406 4203 ligno.
3434 4134 3559 4203 Quis
3583 4148 3671 4193 est
3694 4141 3787 4210 qui

2217 4210 2358 4279 ligno
2385 4214 2615 4283 pugnat?
2639 4215 2902 4273 Christus.
2931 4220 3005 4273 De
3033 4237 3193 4279 cruce
3230 4239 3322 4279 sua
3352 4227 3478 4282 vicit
3524 4244 3702 4301 reges,
3731 4240 3787 4287 et

2214 4300 2506 4371 subjugatis
2535 4304 2700 4373 ipsam
2727 4321 2937 4363 crucem
2966 4310 3018 4365 in
3045 4311 3214 4368 fronte
3236 4313 3383 4382 ﬁxit;
3416 4326 3469 4372 et
3487 4319 3787 4389 gloriantur

2211 4388 2277 4444 de
2299 4391 2404 4456 illa,
2431 4393 2548 4463 quia
2579 4393 2649 4448 ibi
2690 4407 2772 4450 est
2791 4399 2934 4453 salus
2958 4416 3162 4457 eorum.
3192 4403 3305 4459 Hoc
3337 4388 3528 4478 agitur,
3557 4412 3638 4466 sic
3663 4428 3785 4468 cre-

2212 4482 2309 4535 Sf'il
2338 4482 2546 4547 domus,
2574 4488 2649 4542 sic
2673 4489 2962 4545 :rdifieatur
2994 4511 3005 4544 :
3037 4504 3090 4550 et
3116 4504 3173 4549 ut
3213 4499 3485 4562 noveritis,
3505 4504 3783 4572 sequentia

2212 4570 2401 4626 Psaltni
2448 4574 2654 4638 audite;
2704 4578 2873 4634 videte
2915 4596 3193 4653 operantcs
3220 4595 3273 4641 et
3319 4570 3644 4648 fabricantes
3684 4576 3784 4663 de:

2209 4677 2374 4716 tuum.
2405 4664 2612 4719 Cantale
2652 4667 2866 4725 Domino
2905 4675 3155 4729 canticum
3194 4693 3392 4743 novum,
3423 4692 3623 4737 cantate
3670 4684 3783 4740 Do-

2208 4753 2341 4806 mino
2368 4756 2528 4808 omnis
2558 4766 2708 4809 terra.
2977 4786 2985 4794 ι
3253 4832 3258 4837 θ

2273 4842 2326 4896 3.
2372 4843 2518 4915 [vers.
2549 4847 2603 4911 2,
2632 4845 2707 4920 3].
2733 4848 2944 4904 Cantate
2966 4851 3180 4910 Domino
3211 4858 3251 4921 ¹,
3284 4858 3554 4915 benedicite
3593 4880 3785 4920 nomen

2203 4933 2334 4999 ejus,
2355 4933 2474 4987 bene
2491 4938 2718 4989 nuntiate
2738 4939 2800 4991 de
2821 4940 2902 4992 die
2926 4941 2976 4994 iu
3006 4943 3134 4996 diem
3157 4947 3378 5002 salutare
3401 4949 3528 5021 ejus.
3549 4952 3791 5018 Quomo-

2202 5026 2271 5076 do
2298 5027 2487 5079 crescit
2520 5027 2839 5082 :rditicintu?
2859 5031 3010 5098 Bene,
3042 5036 3229 5105 inquit,
3267 5045 3492 5099 nuntiate
3510 5044 3572 5098 de
3598 5047 3691 5101 die
3734 5048 3789 5102 in

2201 5114 2331 5166 diem
2375 5116 2596 5171 salutare
2632 5120 2760 5189 ejus.
2806 5122 2879 5176 Dc
2906 5122 2993 5179 die
3033 5125 3083 5178 in
3128 5127 3268 5183 diem
3317 5132 3671 5200 praedicetur;
3718 5139 3791 5193 de

2199 5205 2285 5261 die
2339 5207 2391 5261 in
2444 5207 2617 5271 dicm,’
2677 5212 2862 5282 inquit,
2925 5214 3250 5283 aediﬁcetur;
3301 5235 3540 5289 crescat,
3595 5226 3791 5297 inquit

2262 5356 2435 5439 ‘_F£ldl.,
2457 5366 2502 5439 et
2519 5358 3071 5439 bqnedieite._Partietila,
3089 5375 3152 5425 et,
3168 5371 3320 5439 abest
3338 5381 3491 5439 a_tts_s.
3517 5377 3597 5438 qui
3629 5380 3788 5439 paulo

2197 5426 2311 5498 post
2326 5419 2521 5498 habent,
2547 5421 2661 5473 bene
2680 5424 2890 5476 nuntiate
2911 5427 3038 5479 diem
3056 5419 3122 5480 ea:
3143 5419 3225 5481 die
3250 5419 3381 5483 ἷέάι
3413 5419 3789 5498 aliis-loca];

2196 5477 2275 5528 die
2294 5478 2344 5527 in
2366 5477 2512 5530 diem.

2192 5579 2332 5655 dantur
2370 5581 2506 5633 hisee
2540 5585 2705 5655 verbis
2729 5601 2792 5655 τη(
2810 5595 2994 5641 Iustum
3016 5594 3211 5655 quidem
3235 5603 3357 5655 erat,
3390 5599 3686 5653 charissitui.
3728 5615 3784 5653 ut

2200 5656 2222 5685 α
2246 5641 2440 5723 fratrem
2472 5647 2631 5723 potius
2666 5650 2943 5723 audiremus
2974 5641 3213 5723 collegam
3241 5641 3448 5723 312-qu
3452 5641 3793 5723 ’ῥιῖέῗέὶ-ἱὶὶςὶὶὲ

2200 5721 2221 5748 ι
2246 5706 2657 5759 οιιιιιϋιιιδόοιιὶεε
2684 5717 2734 5760 et
2756 5714 2894 5763 modo
2927 5729 3022 5765 non
3047 5706 3264 5781 negavit;
3288 5706 3782 5789 sedidisiulit‘ﬁ
