  <div class='ocr_page' id='page_1' title='image "/cluster/home/n/w/nwhite01/storage/ocr_20150623/37/hvd.32044096580592/110.png"; bbox 0 0 3984 6204; ppageno 0'>
   <div class='ocr_carea' id='block_1_1' title="bbox 241 331 416 414">
    <p class='ocr_par' dir='ltr' id='par_1_1' title="bbox 241 331 416 414">
     <span class='ocr_line' id='line_1_1' title="bbox 241 331 416 414; baseline -0.023 -22"><span class='ocrx_word' id='word_1_1' title='bbox 241 410 244 414; x_wconf 29' lang='grc'><strong>,</strong></span> <span class='ocrx_word' id='word_1_2' title='bbox 275 331 416 392; x_wconf 69' lang='lat' dir='ltr'><strong>n29</strong></span> 
     </span>
    </p>
   </div>
   <div class='ocr_carea' id='block_1_2' title="bbox 269 447 1842 519">
    <p class='ocr_par' dir='ltr' id='par_1_2' title="bbox 269 447 1842 519">
     <span class='ocr_line' id='line_1_2' title="bbox 269 447 1842 519; baseline -0.001 -14"><span class='ocrx_word' id='word_1_3' title='bbox 269 451 442 514; x_wconf 81' lang='lat' dir='ltr'><strong>Deus,</strong></span> <span class='ocrx_word' id='word_1_4' title='bbox 500 448 692 504; x_wconf 85' lang='lat' dir='ltr'><strong>domus</strong></span> <span class='ocrx_word' id='word_1_5' title='bbox 736 463 869 503; x_wconf 84' lang='lat' dir='ltr'><strong>mea.</strong></span> <span class='ocrx_word' id='word_1_6' title='bbox 919 447 984 503; x_wconf 83' lang='lat' dir='ltr'><strong>Et</strong></span> <span class='ocrx_word' id='word_1_7' title='bbox 1039 450 1187 518; x_wconf 88' lang='lat' dir='ltr'><strong>quasi</strong></span> <span class='ocrx_word' id='word_1_8' title='bbox 1232 450 1494 503; x_wconf 79' lang='lat' dir='ltr'><strong>diceretur</strong></span> <span class='ocrx_word' id='word_1_9' title='bbox 1547 451 1613 503; x_wconf 88' lang='lat' dir='ltr'><strong>ab</strong></span> <span class='ocrx_word' id='word_1_10' title='bbox 1655 465 1842 519; x_wconf 84' lang='lat' dir='ltr'><strong>opera-</strong></span> 
     </span>
    </p>
   </div>
   <div class='ocr_carea' id='block_1_3' title="bbox 267 540 1842 612">
    <p class='ocr_par' dir='ltr' id='par_1_3' title="bbox 267 540 1842 612">
     <span class='ocr_line' id='line_1_3' title="bbox 267 540 1842 612; baseline -0.001 -18"><span class='ocrx_word' id='word_1_11' title='bbox 267 542 400 604; x_wconf 88' lang='lat' dir='ltr'><strong>riis,</strong></span> <span class='ocrx_word' id='word_1_12' title='bbox 461 540 567 612; x_wconf 87' lang='lat' dir='ltr'><strong>Ubi</strong></span> <span class='ocrx_word' id='word_1_13' title='bbox 604 541 758 608; x_wconf 88' lang='lat' dir='ltr'><strong>jubes</strong></span> <span class='ocrx_word' id='word_1_14' title='bbox 819 540 1113 594; x_wconf 81' lang='lat' dir='ltr'><strong>:edilicari?</strong></span> <span class='ocrx_word' id='word_1_15' title='bbox 1167 540 1251 592; x_wconf 90' lang='lat' dir='ltr'><strong>ubi</strong></span> <span class='ocrx_word' id='word_1_16' title='bbox 1320 543 1396 593; x_wconf 84' lang='lat' dir='ltr'><strong>vis</strong></span> <span class='ocrx_word' id='word_1_17' title='bbox 1453 554 1694 594; x_wconf 81' lang='lat' dir='ltr'><strong>crescere</strong></span> <span class='ocrx_word' id='word_1_18' title='bbox 1743 541 1842 593; x_wconf 92' lang='lat' dir='ltr'><strong>do-</strong></span> 
     </span>
    </p>
   </div>
   <div class='ocr_carea' id='block_1_4' title="bbox 266 630 1836 708">
    <p class='ocr_par' dir='ltr' id='par_1_4' title="bbox 266 630 1836 708">
     <span class='ocr_line' id='line_1_4' title="bbox 266 630 1836 708; baseline -0.001 -25"><span class='ocrx_word' id='word_1_19' title='bbox 266 648 419 685; x_wconf 86' lang='lat' dir='ltr'><strong>mum</strong></span> <span class='ocrx_word' id='word_1_20' title='bbox 470 630 650 684; x_wconf 86' lang='lat' dir='ltr'><strong>tuam?</strong></span> <span class='ocrx_word' id='word_1_21' title='bbox 693 630 841 700; x_wconf 82' lang='lat' dir='ltr'><strong>Elige</strong></span> <span class='ocrx_word' id='word_1_22' title='bbox 892 631 1041 684; x_wconf 84' lang='lat' dir='ltr'><strong>nobis</strong></span> <span class='ocrx_word' id='word_1_23' title='bbox 1067 632 1292 699; x_wconf 75' lang='lat' dir='ltr'><strong>aliquem</strong></span> <span class='ocrx_word' id='word_1_24' title='bbox 1347 632 1514 682; x_wconf 85' lang='lat' dir='ltr'><strong>locum</strong></span> <span class='ocrx_word' id='word_1_25' title='bbox 1560 632 1836 708; x_wconf 77' lang='lat' dir='ltr'><strong>:cqnalcm,</strong></span> 
     </span>
    </p>
   </div>
   <div class='ocr_carea' id='block_1_5' title="bbox 261 709 1840 795">
    <p class='ocr_par' dir='ltr' id='par_1_5' title="bbox 261 709 1840 795">
     <span class='ocr_line' id='line_1_5' title="bbox 261 709 1840 795; baseline -0.001 -19"><span class='ocrx_word' id='word_1_26' title='bbox 261 726 497 795; x_wconf 78' lang='lat' dir='ltr'><strong>aliquem</strong></span> <span class='ocrx_word' id='word_1_27' title='bbox 527 725 700 778; x_wconf 90' lang='lat' dir='ltr'><strong>locum</strong></span> <span class='ocrx_word' id='word_1_28' title='bbox 732 723 1042 791; x_wconf 82' lang='lat' dir='ltr'><strong>Spatiosum,</strong></span> <span class='ocrx_word' id='word_1_29' title='bbox 1073 726 1115 777; x_wconf 88' lang='lat' dir='ltr'><strong>si</strong></span> <span class='ocrx_word' id='word_1_30' title='bbox 1147 723 1236 776; x_wconf 94' lang='lat' dir='ltr'><strong>tibi</strong></span> <span class='ocrx_word' id='word_1_31' title='bbox 1267 723 1495 790; x_wconf 82' lang='lat' dir='ltr'><strong>amplam</strong></span> <span class='ocrx_word' id='word_1_32' title='bbox 1521 709 1732 775; x_wconf 83' lang='lat' dir='ltr'><strong>domum</strong></span> <span class='ocrx_word' id='word_1_33' title='bbox 1763 723 1840 774; x_wconf 81' lang='lat' dir='ltr'><strong>vis</strong></span> 
     </span>
    </p>
   </div>
   <div class='ocr_carea' id='block_1_6' title="bbox 261 813 1836 884">
    <p class='ocr_par' dir='ltr' id='par_1_6' title="bbox 261 813 1836 884">
     <span class='ocr_line' id='line_1_6' title="bbox 261 813 1836 884; baseline 0.001 -17"><span class='ocrx_word' id='word_1_34' title='bbox 261 813 541 872; x_wconf 70' lang='lat' dir='ltr'><strong>ardilicari.</strong></span> <span class='ocrx_word' id='word_1_35' title='bbox 578 815 679 872; x_wconf 84' lang='lat' dir='ltr'><strong>Ubi</strong></span> <span class='ocrx_word' id='word_1_36' title='bbox 716 815 872 884; x_wconf 90' lang='lat' dir='ltr'><strong>iubes</strong></span> <span class='ocrx_word' id='word_1_37' title='bbox 916 824 971 869; x_wconf 92' lang='lat' dir='ltr'><strong>ut</strong></span> <span class='ocrx_word' id='word_1_38' title='bbox 1018 816 1154 871; x_wconf 82' lang='lat' dir='ltr'><strong>bene</strong></span> <span class='ocrx_word' id='word_1_39' title='bbox 1199 820 1501 872; x_wconf 89' lang='lat' dir='ltr'><strong>nuntiemus</strong></span> <span class='ocrx_word' id='word_1_40' title='bbox 1542 819 1608 872; x_wconf 92' lang='lat' dir='ltr'><strong>de</strong></span> <span class='ocrx_word' id='word_1_41' title='bbox 1651 818 1738 871; x_wconf 90' lang='lat' dir='ltr'><strong>die</strong></span> <span class='ocrx_word' id='word_1_42' title='bbox 1787 819 1836 869; x_wconf 92' lang='lat' dir='ltr'><strong>in</strong></span> 
     </span>
    </p>
   </div>
   <div class='ocr_carea' id='block_1_7' title="bbox 263 905 1838 982">
    <p class='ocr_par' dir='ltr' id='par_1_7' title="bbox 263 905 1838 982">
     <span class='ocr_line' id='line_1_7' title="bbox 263 905 1838 982; baseline 0.001 -26"><span class='ocrx_word' id='word_1_43' title='bbox 263 905 454 982; x_wconf 62' lang='lat' dir='ltr'><strong>diem?</strong></span> <span class='ocrx_word' id='word_1_44' title='bbox 479 905 913 960; x_wconf 85' lang='lat' dir='ltr'><strong>Ostenditlocum</strong></span> <span class='ocrx_word' id='word_1_45' title='bbox 949 924 970 960; x_wconf 91' lang='lat'><strong>:-</strong></span> <span class='ocrx_word' id='word_1_46' title='bbox 999 906 1301 961; x_wconf 77' lang='lat' dir='ltr'><strong>Annuntiate</strong></span> <span class='ocrx_word' id='word_1_47' title='bbox 1312 910 1363 961; x_wconf 88' lang='lat' dir='ltr'><strong>in</strong></span> <span class='ocrx_word' id='word_1_48' title='bbox 1384 911 1608 979; x_wconf 75' lang='lat' dir='ltr'><strong>gentibus</strong></span> <span class='ocrx_word' id='word_1_49' title='bbox 1627 909 1838 978; x_wconf 82' lang='lat' dir='ltr'><strong>gloriam</strong></span> 
     </span>
    </p>
   </div>
   <div class='ocr_carea' id='block_1_8' title="bbox 259 994 1838 1070">
    <p class='ocr_par' dir='ltr' id='par_1_8' title="bbox 259 994 1838 1070">
     <span class='ocr_line' id='line_1_8' title="bbox 259 994 1838 1070; baseline 0.001 -20"><span class='ocrx_word' id='word_1_50' title='bbox 259 997 402 1066; x_wconf 65' lang='lat' dir='ltr'><strong>eius.</strong></span> <span class='ocrx_word' id='word_1_51' title='bbox 453 994 699 1061; x_wconf 74' lang='lat' dir='ltr'><strong>Gloriam,</strong></span> <span class='ocrx_word' id='word_1_52' title='bbox 749 996 938 1067; x_wconf 89' lang='lat' dir='ltr'><strong>inquit,</strong></span> <span class='ocrx_word' id='word_1_53' title='bbox 993 999 1102 1068; x_wconf 83' lang='lat' dir='ltr'><strong>ejus</strong></span> <span class='ocrx_word' id='word_1_54' title='bbox 1141 1002 1434 1053; x_wconf 83' lang='lat' dir='ltr'><strong>annuntiate</strong></span> <span class='ocrx_word' id='word_1_55' title='bbox 1472 1001 1526 1054; x_wconf 84' lang='lat' dir='ltr'><strong>in</strong></span> <span class='ocrx_word' id='word_1_56' title='bbox 1564 1001 1792 1070; x_wconf 74' lang='lat' dir='ltr'><strong>gentibus</strong></span> <span class='ocrx_word' id='word_1_57' title='bbox 1820 1015 1838 1052; x_wconf 90' lang='lat'><strong><em>:</em></strong></span> 
     </span>
    </p>
   </div>
   <div class='ocr_carea' id='block_1_9' title="bbox 260 1087 1840 1168">
    <p class='ocr_par' dir='ltr' id='par_1_9' title="bbox 260 1087 1840 1168">
     <span class='ocr_line' id='line_1_9' title="bbox 260 1087 1840 1168; baseline 0.002 -27"><span class='ocrx_word' id='word_1_58' title='bbox 260 1089 486 1158; x_wconf 80' lang='lat' dir='ltr'><strong>gloriam</strong></span> <span class='ocrx_word' id='word_1_59' title='bbox 516 1087 648 1158; x_wconf 87' lang='lat' dir='ltr'><strong>eius,</strong></span> <span class='ocrx_word' id='word_1_60' title='bbox 681 1102 784 1143; x_wconf 90' lang='lat' dir='ltr'><strong>non</strong></span> <span class='ocrx_word' id='word_1_61' title='bbox 813 1089 1030 1157; x_wconf 80' lang='lat' dir='ltr'><strong>gloriam</strong></span> <span class='ocrx_word' id='word_1_62' title='bbox 1061 1101 1304 1144; x_wconf 81' lang='lat' dir='ltr'><strong>vestram.</strong></span> <span class='ocrx_word' id='word_1_63' title='bbox 1327 1090 1372 1146; x_wconf 88' lang='grc' dir='ltr'>Ο</span> <span class='ocrx_word' id='word_1_64' title='bbox 1400 1100 1708 1168; x_wconf 75' lang='lat' dir='ltr'><strong>structores,</strong></span> <span class='ocrx_word' id='word_1_65' title='bbox 1735 1091 1840 1160; x_wconf 78' lang='lat' dir='ltr'><strong>glo-</strong></span> 
     </span>
    </p>
   </div>
   <div class='ocr_carea' id='block_1_10' title="bbox 263 1179 1835 1251">
    <p class='ocr_par' dir='ltr' id='par_1_10' title="bbox 263 1179 1835 1251">
     <span class='ocr_line' id='line_1_10' title="bbox 263 1179 1835 1251; baseline 0.003 -20"><span class='ocrx_word' id='word_1_66' title='bbox 263 1180 400 1231; x_wconf 84' lang='lat' dir='ltr'><strong>riam</strong></span> <span class='ocrx_word' id='word_1_67' title='bbox 452 1179 570 1246; x_wconf 86' lang='lat' dir='ltr'><strong>ejus</strong></span> <span class='ocrx_word' id='word_1_68' title='bbox 614 1179 746 1233; x_wconf 88' lang='lat' dir='ltr'><strong>bene</strong></span> <span class='ocrx_word' id='word_1_69' title='bbox 799 1180 1034 1234; x_wconf 75' lang='lat' dir='ltr'><strong>multiate</strong></span> <span class='ocrx_word' id='word_1_70' title='bbox 1078 1181 1128 1233; x_wconf 92' lang='lat' dir='ltr'><strong>in</strong></span> <span class='ocrx_word' id='word_1_71' title='bbox 1175 1181 1436 1251; x_wconf 84' lang='lat' dir='ltr'><strong>gentibus.</strong></span> <span class='ocrx_word' id='word_1_72' title='bbox 1506 1183 1560 1235; x_wconf 89' lang='lat' dir='ltr'><strong>Si</strong></span> <span class='ocrx_word' id='word_1_73' title='bbox 1620 1183 1835 1251; x_wconf 80' lang='lat' dir='ltr'><strong>gloriam</strong></span> 
     </span>
    </p>
   </div>
   <div class='ocr_carea' id='block_1_11' title="bbox 264 1273 1837 1342">
    <p class='ocr_par' dir='ltr' id='par_1_11' title="bbox 264 1273 1837 1342">
     <span class='ocr_line' id='line_1_11' title="bbox 264 1273 1837 1342; baseline 0.006 -22"><span class='ocrx_word' id='word_1_74' title='bbox 264 1282 498 1324; x_wconf 79' lang='lat' dir='ltr'><strong>vestram</strong></span> <span class='ocrx_word' id='word_1_75' title='bbox 544 1274 857 1326; x_wconf 88' lang='lat' dir='ltr'><strong>annuntiare</strong></span> <span class='ocrx_word' id='word_1_76' title='bbox 903 1273 1194 1333; x_wconf 84' lang='lat' dir='ltr'><strong>volueritis.</strong></span> <span class='ocrx_word' id='word_1_77' title='bbox 1227 1275 1460 1336; x_wconf 78' lang='lat' dir='ltr'><strong>cadetis;</strong></span> <span class='ocrx_word' id='word_1_78' title='bbox 1492 1275 1534 1326; x_wconf 95' lang='lat' dir='ltr'><strong>si</strong></span> <span class='ocrx_word' id='word_1_79' title='bbox 1565 1275 1678 1342; x_wconf 83' lang='lat' dir='ltr'><strong>eius</strong></span> <span class='ocrx_word' id='word_1_80' title='bbox 1706 1275 1837 1328; x_wconf 70' lang='lat' dir='ltr'><strong>tedi-</strong></span> 
     </span>
    </p>
   </div>
   <div class='ocr_carea' id='block_1_12' title="bbox 263 1363 1834 1434">
    <p class='ocr_par' dir='ltr' id='par_1_12' title="bbox 263 1363 1834 1434">
     <span class='ocr_line' id='line_1_12' title="bbox 263 1363 1834 1434; baseline 0.003 -18"><span class='ocrx_word' id='word_1_81' title='bbox 263 1363 576 1424; x_wconf 77' lang='lat' dir='ltr'><strong>licahimini,</strong></span> <span class='ocrx_word' id='word_1_82' title='bbox 605 1379 722 1416; x_wconf 87' lang='lat' dir='ltr'><strong>cum</strong></span> <span class='ocrx_word' id='word_1_83' title='bbox 773 1363 1066 1418; x_wconf 81' lang='lat' dir='ltr'><strong>:edilicatis.</strong></span> <span class='ocrx_word' id='word_1_84' title='bbox 1114 1364 1236 1417; x_wconf 73' lang='lat' dir='ltr'><strong>Ideo</strong></span> <span class='ocrx_word' id='word_1_85' title='bbox 1291 1366 1378 1432; x_wconf 92' lang='lat' dir='ltr'><strong>qui</strong></span> <span class='ocrx_word' id='word_1_86' title='bbox 1425 1366 1643 1434; x_wconf 81' lang='lat' dir='ltr'><strong>gloriam</strong></span> <span class='ocrx_word' id='word_1_87' title='bbox 1689 1381 1834 1420; x_wconf 91' lang='lat' dir='ltr'><strong>suam</strong></span> 
     </span>
    </p>
   </div>
   <div class='ocr_carea' id='block_1_13' title="bbox 262 1454 1832 1518">
    <p class='ocr_par' dir='ltr' id='par_1_13' title="bbox 262 1454 1832 1518">
     <span class='ocr_line' id='line_1_13' title="bbox 262 1454 1832 1518; baseline 0.001 -12"><span class='ocrx_word' id='word_1_88' title='bbox 262 1454 581 1508; x_wconf 87' lang='lat' dir='ltr'><strong>annuntiare</strong></span> <span class='ocrx_word' id='word_1_89' title='bbox 623 1454 918 1516; x_wconf 69' lang='lat' dir='ltr'><strong>voluerunt,</strong></span> <span class='ocrx_word' id='word_1_90' title='bbox 965 1455 1245 1508; x_wconf 88' lang='lat' dir='ltr'><strong>noluerunt</strong></span> <span class='ocrx_word' id='word_1_91' title='bbox 1288 1471 1411 1509; x_wconf 87' lang='lat' dir='ltr'><strong>esse</strong></span> <span class='ocrx_word' id='word_1_92' title='bbox 1437 1457 1488 1508; x_wconf 92' lang='lat' dir='ltr'><strong>in</strong></span> <span class='ocrx_word' id='word_1_93' title='bbox 1517 1457 1614 1509; x_wconf 88' lang='lat' dir='ltr'><strong>ista</strong></span> <span class='ocrx_word' id='word_1_94' title='bbox 1642 1456 1832 1518; x_wconf 88' lang='lat' dir='ltr'><strong>domo;</strong></span> 
     </span>
    </p>
   </div>
   <div class='ocr_carea' id='block_1_14' title="bbox 261 1533 1835 1612">
    <p class='ocr_par' dir='ltr' id='par_1_14' title="bbox 261 1533 1835 1612">
     <span class='ocr_line' id='line_1_14' title="bbox 261 1533 1835 1612; baseline 0.001 -14"><span class='ocrx_word' id='word_1_95' title='bbox 261 1552 317 1598; x_wconf 89' lang='lat' dir='ltr'><strong>et</strong></span> <span class='ocrx_word' id='word_1_96' title='bbox 343 1533 624 1612; x_wconf 63' lang='lat' dir='ltr'><strong>prop&#39;tcrea</strong></span> <span class='ocrx_word' id='word_1_97' title='bbox 657 1559 760 1596; x_wconf 90' lang='lat' dir='ltr'><strong>non</strong></span> <span class='ocrx_word' id='word_1_98' title='bbox 790 1554 1003 1597; x_wconf 80' lang='lat' dir='ltr'><strong>cantant</strong></span> <span class='ocrx_word' id='word_1_99' title='bbox 1026 1549 1282 1599; x_wconf 89' lang='lat' dir='ltr'><strong>canticum</strong></span> <span class='ocrx_word' id='word_1_100' title='bbox 1312 1559 1500 1599; x_wconf 85' lang='lat' dir='ltr'><strong>novum</strong></span> <span class='ocrx_word' id='word_1_101' title='bbox 1547 1561 1666 1600; x_wconf 89' lang='lat' dir='ltr'><strong>cum</strong></span> <span class='ocrx_word' id='word_1_102' title='bbox 1690 1549 1835 1600; x_wconf 92' lang='lat' dir='ltr'><strong>omni</strong></span> 
     </span>
    </p>
   </div>
   <div class='ocr_carea' id='block_1_15' title="bbox 263 1635 1834 1692">
    <p class='ocr_par' dir='ltr' id='par_1_15' title="bbox 263 1635 1834 1692">
     <span class='ocr_line' id='line_1_15' title="bbox 263 1635 1834 1692; baseline 0.001 -2"><span class='ocrx_word' id='word_1_103' title='bbox 263 1646 429 1691; x_wconf 86' lang='lat' dir='ltr'><strong>terra.</strong></span> <span class='ocrx_word' id='word_1_104' title='bbox 460 1635 575 1689; x_wconf 84' lang='lat' dir='ltr'><strong>Non</strong></span> <span class='ocrx_word' id='word_1_105' title='bbox 625 1636 766 1690; x_wconf 89' lang='lat' dir='ltr'><strong>enim</strong></span> <span class='ocrx_word' id='word_1_106' title='bbox 807 1637 1198 1691; x_wconf 88' lang='lat' dir='ltr'><strong>communicant</strong></span> <span class='ocrx_word' id='word_1_107' title='bbox 1235 1639 1478 1691; x_wconf 82' lang='lat' dir='ltr'><strong>universo</strong></span> <span class='ocrx_word' id='word_1_108' title='bbox 1521 1639 1634 1692; x_wconf 86' lang='lat' dir='ltr'><strong>orbi</strong></span> <span class='ocrx_word' id='word_1_109' title='bbox 1667 1647 1834 1692; x_wconf 78' lang='lat' dir='ltr'><strong>terra-</strong></span> 
     </span>
    </p>
   </div>
   <div class='ocr_carea' id='block_1_16' title="bbox 263 1726 1840 1798">
    <p class='ocr_par' dir='ltr' id='par_1_16' title="bbox 263 1726 1840 1798">
     <span class='ocr_line' id='line_1_16' title="bbox 263 1726 1840 1798; baseline 0.003 -18"><span class='ocrx_word' id='word_1_110' title='bbox 263 1743 378 1780; x_wconf 93' lang='lat' dir='ltr'><strong>rum</strong></span> <span class='ocrx_word' id='word_1_111' title='bbox 416 1744 428 1779; x_wconf 94' lang='lat'><strong>:</strong></span> <span class='ocrx_word' id='word_1_112' title='bbox 464 1736 516 1780; x_wconf 88' lang='lat' dir='ltr'><strong>et</strong></span> <span class='ocrx_word' id='word_1_113' title='bbox 545 1726 664 1781; x_wconf 90' lang='lat' dir='ltr'><strong>ideo</strong></span> <span class='ocrx_word' id='word_1_114' title='bbox 703 1742 806 1780; x_wconf 91' lang='lat' dir='ltr'><strong>non</strong></span> <span class='ocrx_word' id='word_1_115' title='bbox 846 1737 968 1781; x_wconf 90' lang='lat' dir='ltr'><strong>sunt</strong></span> <span class='ocrx_word' id='word_1_116' title='bbox 991 1727 1312 1782; x_wconf 75' lang='lat' dir='ltr'><strong>aedificantes</strong></span> <span class='ocrx_word' id='word_1_117' title='bbox 1342 1729 1393 1782; x_wconf 92' lang='lat' dir='ltr'><strong>in</strong></span> <span class='ocrx_word' id='word_1_118' title='bbox 1418 1728 1597 1793; x_wconf 91' lang='lat' dir='ltr'><strong>domo,</strong></span> <span class='ocrx_word' id='word_1_119' title='bbox 1624 1729 1714 1783; x_wconf 88' lang='lat' dir='ltr'><strong>sed</strong></span> <span class='ocrx_word' id='word_1_120' title='bbox 1746 1731 1840 1798; x_wconf 62' lang='lat' dir='ltr'><strong>paJ</strong></span> 
     </span>
    </p>
   </div>
   <div class='ocr_carea' id='block_1_17' title="bbox 266 1818 1831 1885">
    <p class='ocr_par' dir='ltr' id='par_1_17' title="bbox 266 1818 1831 1885">
     <span class='ocr_line' id='line_1_17' title="bbox 266 1818 1831 1885; baseline 0.004 -15"><span class='ocrx_word' id='word_1_121' title='bbox 266 1819 450 1872; x_wconf 86' lang='lat' dir='ltr'><strong>rietem</strong></span> <span class='ocrx_word' id='word_1_122' title='bbox 477 1818 777 1874; x_wconf 83' lang='lat' dir='ltr'><strong>dealbatam</strong></span> <span class='ocrx_word' id='word_1_123' title='bbox 819 1829 1120 1875; x_wconf 84' lang='lat' dir='ltr'><strong>erexerunt.</strong></span> <span class='ocrx_word' id='word_1_124' title='bbox 1169 1821 1374 1885; x_wconf 84' lang='lat' dir='ltr'><strong>Quanta</strong></span> <span class='ocrx_word' id='word_1_125' title='bbox 1422 1820 1652 1875; x_wconf 85' lang='lat' dir='ltr'><strong>minatur</strong></span> <span class='ocrx_word' id='word_1_126' title='bbox 1695 1821 1831 1876; x_wconf 89' lang='lat' dir='ltr'><strong>Deus</strong></span> 
     </span>
    </p>
   </div>
   <div class='ocr_carea' id='block_1_18' title="bbox 267 1912 1831 1982">
    <p class='ocr_par' dir='ltr' id='par_1_18' title="bbox 267 1912 1831 1982">
     <span class='ocr_line' id='line_1_18' title="bbox 267 1912 1831 1982; baseline 0.001 -16"><span class='ocrx_word' id='word_1_127' title='bbox 267 1913 452 1978; x_wconf 82' lang='lat' dir='ltr'><strong>parieti</strong></span> <span class='ocrx_word' id='word_1_128' title='bbox 506 1912 786 1966; x_wconf 89' lang='lat' dir='ltr'><strong>dealbato?</strong></span> <span class='ocrx_word' id='word_1_129' title='bbox 815 1913 950 1967; x_wconf 86' lang='lat' dir='ltr'><strong>Sunt</strong></span> <span class='ocrx_word' id='word_1_130' title='bbox 997 1914 1293 1967; x_wconf 89' lang='lat' dir='ltr'><strong>testimonia</strong></span> <span class='ocrx_word' id='word_1_131' title='bbox 1338 1913 1719 1982; x_wconf 89' lang='lat' dir='ltr'><strong>Pr0phetarum</strong></span> <span class='ocrx_word' id='word_1_132' title='bbox 1751 1914 1831 1967; x_wconf 84' lang='lat' dir='ltr'><strong>in—</strong></span> 
     </span>
    </p>
   </div>
   <div class='ocr_carea' id='block_1_19' title="bbox 268 2003 1835 2072">
    <p class='ocr_par' dir='ltr' id='par_1_19' title="bbox 268 2003 1835 2072">
     <span class='ocr_line' id='line_1_19' title="bbox 268 2003 1835 2072; baseline 0.001 -18"><span class='ocrx_word' id='word_1_133' title='bbox 268 2018 511 2064; x_wconf 74' lang='lat' dir='ltr'><strong>ltllmCl’a,</strong></span> <span class='ocrx_word' id='word_1_134' title='bbox 546 2003 683 2056; x_wconf 91' lang='lat' dir='ltr'><strong>unde</strong></span> <span class='ocrx_word' id='word_1_135' title='bbox 729 2003 996 2058; x_wconf 87' lang='lat' dir='ltr'><strong>maledicit</strong></span> <span class='ocrx_word' id='word_1_136' title='bbox 1041 2003 1568 2072; x_wconf 71' lang='lat' dir='ltr'><strong>parieti&#39;dealbato‘?</strong></span> <span class='ocrx_word' id='word_1_137' title='bbox 1594 2004 1726 2070; x_wconf 84' lang='lat' dir='ltr'><strong>Quid</strong></span> <span class='ocrx_word' id='word_1_138' title='bbox 1754 2012 1835 2058; x_wconf 88' lang='lat' dir='ltr'><strong>est</strong></span> 
     </span>
    </p>
   </div>
   <div class='ocr_carea' id='block_1_20' title="bbox 269 2091 1835 2163">
    <p class='ocr_par' dir='ltr' id='par_1_20' title="bbox 269 2091 1835 2163">
     <span class='ocr_line' id='line_1_20' title="bbox 269 2091 1835 2163; baseline 0.004 -23"><span class='ocrx_word' id='word_1_139' title='bbox 269 2093 440 2158; x_wconf 58' lang='lat' dir='ltr'><strong>piries</strong></span> <span class='ocrx_word' id='word_1_140' title='bbox 497 2091 790 2154; x_wconf 87' lang='lat' dir='ltr'><strong>dealbatus,</strong></span> <span class='ocrx_word' id='word_1_141' title='bbox 826 2094 923 2146; x_wconf 85' lang='lat' dir='ltr'><strong>nisi</strong></span> <span class='ocrx_word' id='word_1_142' title='bbox 960 2092 1276 2163; x_wconf 83' lang='lat' dir='ltr'><strong>hypocrisis,</strong></span> <span class='ocrx_word' id='word_1_143' title='bbox 1307 2094 1357 2148; x_wconf 91' lang='lat' dir='ltr'><strong>id</strong></span> <span class='ocrx_word' id='word_1_144' title='bbox 1405 2103 1488 2148; x_wconf 90' lang='lat' dir='ltr'><strong>est</strong></span> <span class='ocrx_word' id='word_1_145' title='bbox 1533 2094 1835 2148; x_wconf 86' lang='lat' dir='ltr'><strong>simulatio?</strong></span> 
     </span>
    </p>
   </div>
   <div class='ocr_carea' id='block_1_21' title="bbox 264 2182 1830 2252">
    <p class='ocr_par' dir='ltr' id='par_1_21' title="bbox 264 2182 1830 2252">
     <span class='ocr_line' id='line_1_21' title="bbox 264 2182 1830 2252; baseline 0.002 -17"><span class='ocrx_word' id='word_1_146' title='bbox 264 2182 420 2235; x_wconf 78' lang='lat' dir='ltr'><strong>Foris</strong></span> <span class='ocrx_word' id='word_1_147' title='bbox 445 2183 618 2243; x_wconf 86' lang='lat' dir='ltr'><strong>lucet,</strong></span> <span class='ocrx_word' id='word_1_148' title='bbox 653 2183 793 2237; x_wconf 86' lang='lat' dir='ltr'><strong>intus</strong></span> <span class='ocrx_word' id='word_1_149' title='bbox 842 2183 1008 2237; x_wconf 91' lang='lat' dir='ltr'><strong>lutum</strong></span> <span class='ocrx_word' id='word_1_150' title='bbox 1060 2194 1160 2238; x_wconf 90' lang='lat' dir='ltr'><strong>est.</strong></span> <span class='ocrx_word' id='word_1_151' title='bbox 1189 2185 1336 2252; x_wconf 90' lang='lat' dir='ltr'><strong>Quod</strong></span> <span class='ocrx_word' id='word_1_152' title='bbox 1390 2185 1627 2239; x_wconf 90' lang='lat' dir='ltr'><strong>dicturus</strong></span> <span class='ocrx_word' id='word_1_153' title='bbox 1673 2201 1830 2251; x_wconf 91' lang='lat' dir='ltr'><strong>sum,</strong></span> 
     </span>
    </p>
   </div>
   <div class='ocr_carea' id='block_1_22' title="bbox 264 2274 1831 2344">
    <p class='ocr_par' dir='ltr' id='par_1_22' title="bbox 264 2274 1831 2344">
     <span class='ocr_line' id='line_1_22' title="bbox 264 2274 1831 2344; baseline 0.002 -19"><span class='ocrx_word' id='word_1_154' title='bbox 264 2274 369 2342; x_wconf 84' lang='lat' dir='ltr'><strong>iam</strong></span> <span class='ocrx_word' id='word_1_155' title='bbox 425 2274 624 2327; x_wconf 88' lang='lat' dir='ltr'><strong>dictum</strong></span> <span class='ocrx_word' id='word_1_156' title='bbox 665 2275 911 2338; x_wconf 83' lang='lat' dir='ltr'><strong>est,&#39;sed</strong></span> <span class='ocrx_word' id='word_1_157' title='bbox 957 2276 1076 2343; x_wconf 84' lang='lat' dir='ltr'><strong>quia</strong></span> <span class='ocrx_word' id='word_1_158' title='bbox 1119 2291 1186 2330; x_wconf 83' lang='lat' dir='ltr'><strong>eo</strong></span> <span class='ocrx_word' id='word_1_159' title='bbox 1225 2276 1411 2344; x_wconf 85' lang='lat' dir='ltr'><strong>Spiritu</strong></span> <span class='ocrx_word' id='word_1_160' title='bbox 1456 2276 1653 2330; x_wconf 87' lang='lat' dir='ltr'><strong>dictum</strong></span> <span class='ocrx_word' id='word_1_161' title='bbox 1712 2286 1831 2339; x_wconf 89' lang='lat' dir='ltr'><strong>est,</strong></span> 
     </span>
    </p>
   </div>
   <div class='ocr_carea' id='block_1_23' title="bbox 265 2366 1836 2436">
    <p class='ocr_par' dir='ltr' id='par_1_23' title="bbox 265 2366 1836 2436">
     <span class='ocr_line' id='line_1_23' title="bbox 265 2366 1836 2436; baseline 0.003 -21"><span class='ocrx_word' id='word_1_162' title='bbox 265 2382 420 2430; x_wconf 84' lang='lat' dir='ltr'><strong>quem</strong></span> <span class='ocrx_word' id='word_1_163' title='bbox 489 2366 641 2418; x_wconf 86' lang='lat' dir='ltr'><strong>nobis</strong></span> <span class='ocrx_word' id='word_1_164' title='bbox 703 2381 910 2435; x_wconf 89' lang='lat' dir='ltr'><strong>quoque</strong></span> <span class='ocrx_word' id='word_1_165' title='bbox 960 2367 1210 2420; x_wconf 89' lang='lat' dir='ltr'><strong>Dominus</strong></span> <span class='ocrx_word' id='word_1_166' title='bbox 1268 2368 1534 2436; x_wconf 88' lang='lat' dir='ltr'><strong>impertire</strong></span> <span class='ocrx_word' id='word_1_167' title='bbox 1591 2367 1836 2436; x_wconf 87' lang='lat' dir='ltr'><strong>dignatus</strong></span> 
     </span>
    </p>
   </div>
   <div class='ocr_carea' id='block_1_24' title="bbox 265 2456 1831 2526">
    <p class='ocr_par' dir='ltr' id='par_1_24' title="bbox 265 2456 1831 2526">
     <span class='ocr_line' id='line_1_24' title="bbox 265 2456 1831 2526; baseline 0.003 -20"><span class='ocrx_word' id='word_1_168' title='bbox 265 2468 380 2516; x_wconf 66' lang='lat' dir='ltr'><strong>est,</strong></span> <span class='ocrx_word' id='word_1_169' title='bbox 413 2471 528 2523; x_wconf 81' lang='lat' dir='ltr'><strong>nos</strong></span> <span class='ocrx_word' id='word_1_170' title='bbox 557 2456 682 2510; x_wconf 89' lang='lat' dir='ltr'><strong>illud</strong></span> <span class='ocrx_word' id='word_1_171' title='bbox 736 2457 992 2521; x_wconf 79' lang='lat' dir='ltr'><strong>diximus;</strong></span> <span class='ocrx_word' id='word_1_172' title='bbox 1038 2465 1092 2511; x_wconf 89' lang='lat' dir='ltr'><strong>et</strong></span> <span class='ocrx_word' id='word_1_173' title='bbox 1140 2457 1388 2526; x_wconf 78' lang='lat' dir='ltr'><strong>quidquid</strong></span> <span class='ocrx_word' id='word_1_174' title='bbox 1439 2459 1596 2512; x_wconf 90' lang='lat' dir='ltr'><strong>modo</strong></span> <span class='ocrx_word' id='word_1_175' title='bbox 1645 2458 1831 2512; x_wconf 88' lang='lat' dir='ltr'><strong>eodem</strong></span> 
     </span>
    </p>
   </div>
   <div class='ocr_carea' id='block_1_25' title="bbox 226 2548 1835 2618">
    <p class='ocr_par' dir='ltr' id='par_1_25' title="bbox 226 2548 1835 2618">
     <span class='ocr_line' id='line_1_25' title="bbox 226 2548 1835 2618; baseline 0.002 -18"><span class='ocrx_word' id='word_1_176' title='bbox 226 2548 466 2615; x_wconf 77' lang='lat' dir='ltr'><strong>&#39;Spiritu</strong></span> <span class='ocrx_word' id='word_1_177' title='bbox 517 2548 781 2613; x_wconf 84' lang='lat' dir='ltr'><strong>dicimus,</strong></span> <span class='ocrx_word' id='word_1_178' title='bbox 839 2549 910 2602; x_wconf 89' lang='lat' dir='ltr'><strong>illi</strong></span> <span class='ocrx_word' id='word_1_179' title='bbox 958 2549 1212 2603; x_wconf 83' lang='lat' dir='ltr'><strong>dixerunt</strong></span> <span class='ocrx_word' id='word_1_180' title='bbox 1263 2551 1349 2618; x_wconf 91' lang='lat' dir='ltr'><strong>qui</strong></span> <span class='ocrx_word' id='word_1_181' title='bbox 1423 2548 1651 2604; x_wconf 82' lang='lat' dir='ltr'><strong>fuerumt</strong></span> <span class='ocrx_word' id='word_1_182' title='bbox 1713 2559 1835 2604; x_wconf 87' lang='lat' dir='ltr'><strong>ante</strong></span> 
     </span>
    </p>
   </div>
   <div class='ocr_carea' id='block_1_26' title="bbox 267 2640 1832 2710">
    <p class='ocr_par' dir='ltr' id='par_1_26' title="bbox 267 2640 1832 2710">
     <span class='ocr_line' id='line_1_26' title="bbox 267 2640 1832 2710; baseline 0.004 -19"><span class='ocrx_word' id='word_1_183' title='bbox 267 2657 383 2692; x_wconf 74' lang='lat' dir='ltr'><strong>nos.</strong></span> <span class='ocrx_word' id='word_1_184' title='bbox 436 2640 551 2693; x_wconf 70' lang='lat' dir='ltr'><strong>Non</strong></span> <span class='ocrx_word' id='word_1_185' title='bbox 607 2650 690 2694; x_wconf 87' lang='lat' dir='ltr'><strong>est</strong></span> <span class='ocrx_word' id='word_1_186' title='bbox 737 2657 863 2710; x_wconf 84' lang='lat' dir='ltr'><strong>ergo</strong></span> <span class='ocrx_word' id='word_1_187' title='bbox 925 2642 1465 2710; x_wconf 71' lang='lat' dir='ltr'><strong>przetermittendum.</strong></span> <span class='ocrx_word' id='word_1_188' title='bbox 1511 2644 1599 2696; x_wconf 77' lang='lat' dir='ltr'><strong>sed</strong></span> <span class='ocrx_word' id='word_1_189' title='bbox 1649 2644 1832 2698; x_wconf 82' lang='lat' dir='ltr'><strong>dicen-</strong></span> 
     </span>
    </p>
   </div>
   <div class='ocr_carea' id='block_1_27' title="bbox 266 2731 1834 2800">
    <p class='ocr_par' dir='ltr' id='par_1_27' title="bbox 266 2731 1834 2800">
     <span class='ocr_line' id='line_1_27' title="bbox 266 2731 1834 2800; baseline 0.002 -18"><span class='ocrx_word' id='word_1_190' title='bbox 266 2731 390 2783; x_wconf 89' lang='lat' dir='ltr'><strong>dum</strong></span> <span class='ocrx_word' id='word_1_191' title='bbox 437 2741 538 2788; x_wconf 89' lang='lat' dir='ltr'><strong>est.</strong></span> <span class='ocrx_word' id='word_1_192' title='bbox 587 2733 710 2800; x_wconf 84' lang='lat' dir='ltr'><strong>quia</strong></span> <span class='ocrx_word' id='word_1_193' title='bbox 743 2731 883 2784; x_wconf 92' lang='lat' dir='ltr'><strong>dono</strong></span> <span class='ocrx_word' id='word_1_194' title='bbox 907 2732 996 2785; x_wconf 88' lang='lat' dir='ltr'><strong>Dei</strong></span> <span class='ocrx_word' id='word_1_195' title='bbox 1025 2732 1221 2785; x_wconf 86' lang='lat' dir='ltr'><strong>dietum</strong></span> <span class='ocrx_word' id='word_1_196' title='bbox 1251 2741 1351 2785; x_wconf 89' lang='lat' dir='ltr'><strong>est.</strong></span> <span class='ocrx_word' id='word_1_197' title='bbox 1382 2732 1606 2798; x_wconf 88' lang='lat' dir='ltr'><strong>Quidam</strong></span> <span class='ocrx_word' id='word_1_198' title='bbox 1638 2732 1705 2787; x_wconf 89' lang='lat' dir='ltr'><strong>de</strong></span> <span class='ocrx_word' id='word_1_199' title='bbox 1734 2735 1834 2786; x_wconf 68' lang='lat' dir='ltr'><strong>isto</strong></span> 
     </span>
    </p>
   </div>
   <div class='ocr_carea' id='block_1_28' title="bbox 269 2821 1845 2889">
    <p class='ocr_par' dir='ltr' id='par_1_28' title="bbox 269 2821 1845 2889">
     <span class='ocr_line' id='line_1_28' title="bbox 269 2821 1845 2889; baseline 0.002 -15"><span class='ocrx_word' id='word_1_200' title='bbox 269 2823 468 2889; x_wconf 80' lang='lat' dir='ltr'><strong>pariete</strong></span> <span class='ocrx_word' id='word_1_201' title='bbox 510 2822 753 2875; x_wconf 73' lang='lat' dir='ltr'><strong>dealbato</strong></span> <span class='ocrx_word' id='word_1_202' title='bbox 798 2837 916 2875; x_wconf 83' lang='lat' dir='ltr'><strong>cum</strong></span> <span class='ocrx_word' id='word_1_203' title='bbox 964 2821 1182 2886; x_wconf 85' lang='lat' dir='ltr'><strong>(liceret,</strong></span> <span class='ocrx_word' id='word_1_204' title='bbox 1211 2821 1310 2875; x_wconf 88' lang='lat' dir='ltr'><strong>hoc</strong></span> <span class='ocrx_word' id='word_1_205' title='bbox 1357 2823 1472 2875; x_wconf 84' lang='lat' dir='ltr'><strong>ait:</strong></span> <span class='ocrx_word' id='word_1_206' title='bbox 1511 2841 1528 2872; x_wconf 76' lang='grc' dir='ltr'><strong>ι</strong></span> <span class='ocrx_word' id='word_1_207' title='bbox 1561 2821 1845 2889; x_wconf 59' lang='grc' dir='ltr'>ριιοιιιοάοιλ</span> 
     </span>
    </p>
   </div>
   <div class='ocr_carea' id='block_1_29' title="bbox 270 2911 1834 2983">
    <p class='ocr_par' dir='ltr' id='par_1_29' title="bbox 270 2911 1834 2983">
     <span class='ocr_line' id='line_1_29' title="bbox 270 2911 1834 2983; baseline 0.003 -20"><span class='ocrx_word' id='word_1_208' title='bbox 270 2913 318 2963; x_wconf 91' lang='lat' dir='ltr'><strong>in</strong></span> <span class='ocrx_word' id='word_1_209' title='bbox 349 2913 550 2979; x_wconf 75' lang='lat' dir='ltr'><strong>pariete</strong></span> <span class='ocrx_word' id='word_1_210' title='bbox 599 2927 702 2964; x_wconf 91' lang='lat' dir='ltr'><strong>non</strong></span> <span class='ocrx_word' id='word_1_211' title='bbox 745 2913 1024 2979; x_wconf 85' lang='lat' dir='ltr'><strong>coniuncto</strong></span> <span class='ocrx_word' id='word_1_212' title='bbox 1053 2911 1170 2964; x_wconf 89' lang='lat' dir='ltr'><strong>aliis</strong></span> <span class='ocrx_word' id='word_1_213' title='bbox 1201 2912 1501 2981; x_wconf 83' lang='lat' dir='ltr'><strong>parietibus,</strong></span> <span class='ocrx_word' id='word_1_214' title='bbox 1530 2913 1621 2966; x_wconf 90' lang='lat' dir='ltr'><strong>sed</strong></span> <span class='ocrx_word' id='word_1_215' title='bbox 1652 2913 1834 2983; x_wconf 84' lang='lat' dir='ltr'><strong>singu-</strong></span> 
     </span>
    </p>
   </div>
   <div class='ocr_carea' id='block_1_30' title="bbox 269 3002 1836 3074">
    <p class='ocr_par' dir='ltr' id='par_1_30' title="bbox 269 3002 1836 3074">
     <span class='ocr_line' id='line_1_30' title="bbox 269 3002 1836 3074; baseline 0.003 -20"><span class='ocrx_word' id='word_1_216' title='bbox 269 3002 447 3056; x_wconf 83' lang='lat' dir='ltr'><strong>lariler</strong></span> <span class='ocrx_word' id='word_1_217' title='bbox 500 3011 698 3065; x_wconf 70' lang='lat' dir='ltr'><strong>erecto,</strong></span> <span class='ocrx_word' id='word_1_218' title='bbox 749 3003 792 3055; x_wconf 91' lang='lat' dir='ltr'><strong>si</strong></span> <span class='ocrx_word' id='word_1_219' title='bbox 839 3004 1030 3056; x_wconf 87' lang='lat' dir='ltr'><strong>ostium</strong></span> <span class='ocrx_word' id='word_1_220' title='bbox 1077 3003 1253 3066; x_wconf 77' lang='lat' dir='ltr'><strong>facias,</strong></span> <span class='ocrx_word' id='word_1_221' title='bbox 1289 3004 1532 3074; x_wconf 71' lang='lat' dir='ltr'><strong>quisquis,</strong></span> <span class='ocrx_word' id='word_1_222' title='bbox 1561 3005 1836 3060; x_wconf 85' lang='lat' dir='ltr'><strong>intraverit</strong></span> 
     </span>
    </p>
   </div>
   <div class='ocr_carea' id='block_1_31' title="bbox 270 3096 1832 3166">
    <p class='ocr_par' dir='ltr' id='par_1_31' title="bbox 270 3096 1832 3166">
     <span class='ocr_line' id='line_1_31' title="bbox 270 3096 1832 3166; baseline 0.003 -18"><span class='ocrx_word' id='word_1_223' title='bbox 270 3097 394 3150; x_wconf 78' lang='lat' dir='ltr'><strong>loris</strong></span> <span class='ocrx_word' id='word_1_224' title='bbox 424 3107 538 3160; x_wconf 89' lang='lat' dir='ltr'><strong>est;</strong></span> <span class='ocrx_word' id='word_1_225' title='bbox 574 3096 649 3150; x_wconf 89' lang='lat' dir='ltr'><strong>sic</strong></span> <span class='ocrx_word' id='word_1_226' title='bbox 680 3097 729 3149; x_wconf 90' lang='lat' dir='ltr'><strong>in</strong></span> <span class='ocrx_word' id='word_1_227' title='bbox 765 3097 847 3150; x_wconf 88' lang='lat' dir='ltr'><strong>illa</strong></span> <span class='ocrx_word' id='word_1_228' title='bbox 876 3106 1022 3165; x_wconf 87' lang='lat' dir='ltr'><strong>parte</strong></span> <span class='ocrx_word' id='word_1_229' title='bbox 1067 3113 1184 3166; x_wconf 74' lang='lat' dir='ltr'><strong>qua:</strong></span> <span class='ocrx_word' id='word_1_230' title='bbox 1235 3098 1402 3151; x_wconf 90' lang='lat' dir='ltr'><strong>noluit</strong></span> <span class='ocrx_word' id='word_1_231' title='bbox 1449 3108 1663 3152; x_wconf 90' lang='lat' dir='ltr'><strong>cantare</strong></span> <span class='ocrx_word' id='word_1_232' title='bbox 1712 3114 1832 3152; x_wconf 90' lang='lat' dir='ltr'><strong>cum</strong></span> 
     </span>
    </p>
   </div>
   <div class='ocr_carea' id='block_1_32' title="bbox 270 3188 1830 3257">
    <p class='ocr_par' dir='ltr' id='par_1_32' title="bbox 270 3188 1830 3257">
     <span class='ocr_line' id='line_1_32' title="bbox 270 3188 1830 3257; baseline 0.003 -17"><span class='ocrx_word' id='word_1_233' title='bbox 270 3188 426 3240; x_wconf 81' lang='lat' dir='ltr'><strong>dumo</strong></span> <span class='ocrx_word' id='word_1_234' title='bbox 448 3190 466 3217; x_wconf 83' lang='grc'><strong><em>²</em></strong></span> <span class='ocrx_word' id='word_1_235' title='bbox 489 3189 752 3241; x_wconf 85' lang='lat' dir='ltr'><strong>canticum</strong></span> <span class='ocrx_word' id='word_1_236' title='bbox 787 3203 999 3253; x_wconf 82' lang='lat' dir='ltr'><strong>novum,</strong></span> <span class='ocrx_word' id='word_1_237' title='bbox 1027 3189 1118 3241; x_wconf 87' lang='lat' dir='ltr'><strong>sed</strong></span> <span class='ocrx_word' id='word_1_238' title='bbox 1149 3190 1397 3257; x_wconf 87' lang='lat' dir='ltr'><strong>parietem</strong></span> <span class='ocrx_word' id='word_1_239' title='bbox 1420 3190 1585 3244; x_wconf 85' lang='lat' dir='ltr'><strong>voluit</strong></span> <span class='ocrx_word' id='word_1_240' title='bbox 1605 3199 1830 3254; x_wconf 86' lang='lat' dir='ltr'><strong>struere,</strong></span> 
     </span>
    </p>
   </div>
   <div class='ocr_carea' id='block_1_33' title="bbox 269 3271 1833 3350">
    <p class='ocr_par' dir='ltr' id='par_1_33' title="bbox 269 3271 1833 3350">
     <span class='ocr_line' id='line_1_33' title="bbox 269 3271 1833 3350; baseline 0.006 -21"><span class='ocrx_word' id='word_1_241' title='bbox 269 3289 323 3330; x_wconf 85' lang='lat' dir='ltr'><strong>ct</strong></span> <span class='ocrx_word' id='word_1_242' title='bbox 355 3280 493 3332; x_wconf 91' lang='lat' dir='ltr'><strong>hunc</strong></span> <span class='ocrx_word' id='word_1_243' title='bbox 545 3279 867 3342; x_wconf 87' lang='lat' dir='ltr'><strong>dcalbatum,</strong></span> <span class='ocrx_word' id='word_1_244' title='bbox 901 3293 1004 3332; x_wconf 89' lang='lat' dir='ltr'><strong>non</strong></span> <span class='ocrx_word' id='word_1_245' title='bbox 1032 3280 1310 3334; x_wconf 80' lang='lat' dir='ltr'><strong>solidatam</strong></span> <span class='ocrx_word' id='word_1_246' title='bbox 1330 3280 1350 3310; x_wconf 81' lang='grc'>³</span> <span class='ocrx_word' id='word_1_247' title='bbox 1375 3271 1498 3350; x_wconf 85' lang='lat' dir='ltr'><strong>quid</strong></span> <span class='ocrx_word' id='word_1_248' title='bbox 1531 3283 1669 3337; x_wconf 88' lang='lat' dir='ltr'><strong>valet</strong></span> <span class='ocrx_word' id='word_1_249' title='bbox 1694 3284 1833 3350; x_wconf 88' lang='lat' dir='ltr'><strong>quod</strong></span> 
     </span>
    </p>
   </div>
   <div class='ocr_carea' id='block_1_34' title="bbox 275 3369 1835 3441">
    <p class='ocr_par' dir='ltr' id='par_1_34' title="bbox 275 3369 1835 3441">
     <span class='ocr_line' id='line_1_34' title="bbox 275 3369 1835 3441; baseline 0.004 -19"><span class='ocrx_word' id='word_1_250' title='bbox 275 3371 429 3424; x_wconf 87' lang='lat' dir='ltr'><strong>habet</strong></span> <span class='ocrx_word' id='word_1_251' title='bbox 476 3370 733 3438; x_wconf 73' lang='lat' dir='ltr'><strong>ianuam?</strong></span> <span class='ocrx_word' id='word_1_252' title='bbox 763 3371 815 3424; x_wconf 87' lang='lat' dir='ltr'><strong>Si</strong></span> <span class='ocrx_word' id='word_1_253' title='bbox 855 3371 1152 3434; x_wconf 77' lang='lat' dir='ltr'><strong>intraveris,</strong></span> <span class='ocrx_word' id='word_1_254' title='bbox 1187 3369 1312 3425; x_wconf 83' lang='lat' dir='ltr'><strong>foris</strong></span> <span class='ocrx_word' id='word_1_255' title='bbox 1353 3373 1621 3438; x_wconf 85' lang='lat' dir='ltr'><strong>inveniris.</strong></span> <span class='ocrx_word' id='word_1_256' title='bbox 1655 3393 1674 3425; x_wconf 69' lang='grc' dir='ltr'><strong>ι</strong></span> <span class='ocrx_word' id='word_1_257' title='bbox 1703 3374 1835 3441; x_wconf 84' lang='lat' dir='ltr'><strong>Quia</strong></span> 
     </span>
    </p>
   </div>
   <div class='ocr_carea' id='block_1_35' title="bbox 272 3457 1836 3544">
    <p class='ocr_par' dir='ltr' id='par_1_35' title="bbox 272 3457 1836 3544">
     <span class='ocr_line' id='line_1_35' title="bbox 272 3457 1836 3544; baseline 0.001 -26"><span class='ocrx_word' id='word_1_258' title='bbox 272 3466 408 3519; x_wconf 89' lang='lat' dir='ltr'><strong>enim</strong></span> <span class='ocrx_word' id='word_1_259' title='bbox 435 3466 533 3534; x_wconf 87' lang='lat' dir='ltr'><strong>ipsi</strong></span> <span class='ocrx_word' id='word_1_260' title='bbox 565 3481 669 3518; x_wconf 88' lang='lat' dir='ltr'><strong>non</strong></span> <span class='ocrx_word' id='word_1_261' title='bbox 718 3457 812 3532; x_wconf 77' lang='lat' dir='ltr'><strong>per</strong></span> <span class='ocrx_word' id='word_1_262' title='bbox 836 3464 1046 3531; x_wconf 89' lang='lat' dir='ltr'><strong>ianuam</strong></span> <span class='ocrx_word' id='word_1_263' title='bbox 1079 3466 1407 3544; x_wconf 82' lang='lat' dir='ltr'><strong>introierunt,</strong></span> <span class='ocrx_word' id='word_1_264' title='bbox 1437 3474 1489 3518; x_wconf 91' lang='lat' dir='ltr'><strong>et</strong></span> <span class='ocrx_word' id='word_1_265' title='bbox 1509 3466 1665 3534; x_wconf 89' lang='lat' dir='ltr'><strong>ianua</strong></span> <span class='ocrx_word' id='word_1_266' title='bbox 1696 3468 1836 3536; x_wconf 87' lang='lat' dir='ltr'><strong>ipso-</strong></span> 
     </span>
    </p>
   </div>
   <div class='ocr_carea' id='block_1_36' title="bbox 272 3552 1835 3630">
    <p class='ocr_par' dir='ltr' id='par_1_36' title="bbox 272 3552 1835 3630">
     <span class='ocr_line' id='line_1_36' title="bbox 272 3552 1835 3630; baseline 0.003 -20"><span class='ocrx_word' id='word_1_267' title='bbox 272 3573 385 3610; x_wconf 85' lang='lat' dir='ltr'><strong>rum</strong></span> <span class='ocrx_word' id='word_1_268' title='bbox 413 3575 515 3611; x_wconf 90' lang='lat' dir='ltr'><strong>non</strong></span> <span class='ocrx_word' id='word_1_269' title='bbox 561 3557 879 3610; x_wconf 82' lang='lat' dir='ltr'><strong>intromittit.</strong></span> <span class='ocrx_word' id='word_1_270' title='bbox 911 3557 1162 3611; x_wconf 89' lang='lat' dir='ltr'><strong>Dominus</strong></span> <span class='ocrx_word' id='word_1_271' title='bbox 1188 3558 1325 3610; x_wconf 89' lang='lat' dir='ltr'><strong>enim</strong></span> <span class='ocrx_word' id='word_1_272' title='bbox 1358 3552 1498 3612; x_wconf 71' lang='lat' dir='ltr'><strong>’dieit</strong></span> <span class='ocrx_word' id='word_1_273' title='bbox 1530 3575 1542 3613; x_wconf 93' lang='lat'><strong>:</strong></span> <span class='ocrx_word' id='word_1_274' title='bbox 1577 3559 1686 3630; x_wconf 80' lang='lat' dir='ltr'><strong>Ego</strong></span> <span class='ocrx_word' id='word_1_275' title='bbox 1725 3577 1835 3614; x_wconf 87' lang='lat' dir='ltr'><strong>sum</strong></span> 
     </span>
    </p>
   </div>
   <div class='ocr_carea' id='block_1_37' title="bbox 272 3647 1832 3721">
    <p class='ocr_par' dir='ltr' id='par_1_37' title="bbox 272 3647 1832 3721">
     <span class='ocr_line' id='line_1_37' title="bbox 272 3647 1832 3721; baseline 0.004 -23"><span class='ocrx_word' id='word_1_276' title='bbox 272 3648 464 3718; x_wconf 72' lang='lat' dir='ltr'><strong>ianua;</strong></span> <span class='ocrx_word' id='word_1_277' title='bbox 493 3664 584 3716; x_wconf 70' lang='lat' dir='ltr'><strong>per</strong></span> <span class='ocrx_word' id='word_1_278' title='bbox 611 3663 690 3699; x_wconf 87' lang='lat' dir='ltr'><strong>me</strong></span> <span class='ocrx_word' id='word_1_279' title='bbox 714 3648 950 3701; x_wconf 83' lang='lat' dir='ltr'><strong>intratur.</strong></span> <span class='ocrx_word' id='word_1_280' title='bbox 987 3647 1086 3714; x_wconf 88' lang='lat' dir='ltr'><strong>Qui</strong></span> <span class='ocrx_word' id='word_1_281' title='bbox 1117 3658 1238 3701; x_wconf 88' lang='lat' dir='ltr'><strong>sunt</strong></span> <span class='ocrx_word' id='word_1_282' title='bbox 1261 3649 1345 3716; x_wconf 87' lang='lat' dir='ltr'><strong>qui</strong></span> <span class='ocrx_word' id='word_1_283' title='bbox 1379 3649 1573 3703; x_wconf 85' lang='lat' dir='ltr'><strong>intrant</strong></span> <span class='ocrx_word' id='word_1_284' title='bbox 1619 3666 1710 3719; x_wconf 88' lang='lat' dir='ltr'><strong>per</strong></span> <span class='ocrx_word' id='word_1_285' title='bbox 1748 3652 1832 3721; x_wconf 86' lang='lat' dir='ltr'><strong>ia—</strong></span> 
     </span>
    </p>
   </div>
   <div class='ocr_carea' id='block_1_38' title="bbox 275 3738 1828 3808">
    <p class='ocr_par' dir='ltr' id='par_1_38' title="bbox 275 3738 1828 3808">
     <span class='ocr_line' id='line_1_38' title="bbox 275 3738 1828 3808; baseline 0.004 -18"><span class='ocrx_word' id='word_1_286' title='bbox 275 3739 464 3791; x_wconf 85' lang='lat' dir='ltr'><strong>nuam?</strong></span> <span class='ocrx_word' id='word_1_287' title='bbox 515 3739 615 3804; x_wconf 83' lang='lat' dir='ltr'><strong>Qui</strong></span> <span class='ocrx_word' id='word_1_288' title='bbox 671 3739 890 3807; x_wconf 81' lang='lat' dir='ltr'><strong>gloriam</strong></span> <span class='ocrx_word' id='word_1_289' title='bbox 935 3738 1138 3792; x_wconf 87' lang='lat' dir='ltr'><strong>Domini</strong></span> <span class='ocrx_word' id='word_1_290' title='bbox 1169 3739 1441 3808; x_wconf 72' lang='lat' dir='ltr'><strong>&#39;qutcrunt,</strong></span> <span class='ocrx_word' id='word_1_291' title='bbox 1496 3756 1599 3794; x_wconf 92' lang='lat' dir='ltr'><strong>non</strong></span> <span class='ocrx_word' id='word_1_292' title='bbox 1657 3757 1828 3796; x_wconf 88' lang='lat' dir='ltr'><strong>suam.</strong></span> 
     </span>
    </p>
   </div>
   <div class='ocr_carea' id='block_1_39' title="bbox 274 3827 1831 3898">
    <p class='ocr_par' dir='ltr' id='par_1_39' title="bbox 274 3827 1831 3898">
     <span class='ocr_line' id='line_1_39' title="bbox 274 3827 1831 3898; baseline 0.003 -21"><span class='ocrx_word' id='word_1_293' title='bbox 274 3829 371 3893; x_wconf 87' lang='lat' dir='ltr'><strong>Qui</strong></span> <span class='ocrx_word' id='word_1_294' title='bbox 399 3828 597 3881; x_wconf 87' lang='lat' dir='ltr'><strong>intrant</strong></span> <span class='ocrx_word' id='word_1_295' title='bbox 627 3843 719 3895; x_wconf 87' lang='lat' dir='ltr'><strong>per</strong></span> <span class='ocrx_word' id='word_1_296' title='bbox 742 3827 990 3895; x_wconf 85' lang='lat' dir='ltr'><strong>ianuam?</strong></span> <span class='ocrx_word' id='word_1_297' title='bbox 1014 3828 1111 3894; x_wconf 89' lang='lat' dir='ltr'><strong>Qui</strong></span> <span class='ocrx_word' id='word_1_298' title='bbox 1143 3827 1337 3883; x_wconf 79' lang='lat' dir='ltr'><strong>faciunt</strong></span> <span class='ocrx_word' id='word_1_299' title='bbox 1356 3829 1493 3898; x_wconf 90' lang='lat' dir='ltr'><strong>quod</strong></span> <span class='ocrx_word' id='word_1_300' title='bbox 1514 3829 1710 3883; x_wconf 85' lang='lat' dir='ltr'><strong>dictum</strong></span> <span class='ocrx_word' id='word_1_301' title='bbox 1730 3841 1831 3894; x_wconf 90' lang='lat' dir='ltr'><strong>est,</strong></span> 
     </span>
    </p>
   </div>
   <div class='ocr_carea' id='block_1_40' title="bbox 276 3917 1837 3990">
    <p class='ocr_par' dir='ltr' id='par_1_40' title="bbox 276 3917 1837 3990">
     <span class='ocr_line' id='line_1_40' title="bbox 276 3917 1837 3990; baseline 0.003 -20"><span class='ocrx_word' id='word_1_302' title='bbox 276 3917 405 3971; x_wconf 76' lang='lat' dir='ltr'><strong>Bene</strong></span> <span class='ocrx_word' id='word_1_303' title='bbox 428 3920 654 3972; x_wconf 84' lang='lat' dir='ltr'><strong>nuntiate</strong></span> <span class='ocrx_word' id='word_1_304' title='bbox 684 3918 736 3971; x_wconf 86' lang='lat' dir='ltr'><strong>in</strong></span> <span class='ocrx_word' id='word_1_305' title='bbox 774 3918 998 3986; x_wconf 77' lang='lat' dir='ltr'><strong>gentibus</strong></span> <span class='ocrx_word' id='word_1_306' title='bbox 1033 3918 1246 3988; x_wconf 81' lang='lat' dir='ltr'><strong>gloriam</strong></span> <span class='ocrx_word' id='word_1_307' title='bbox 1274 3920 1398 3989; x_wconf 74' lang='lat' dir='ltr'><strong>ejus.</strong></span> <span class='ocrx_word' id='word_1_308' title='bbox 1428 3919 1524 3982; x_wconf 83' lang='lat' dir='ltr'><strong>Qut</strong></span> <span class='ocrx_word' id='word_1_309' title='bbox 1558 3920 1710 3972; x_wconf 85' lang='lat' dir='ltr'><strong>intrat</strong></span> <span class='ocrx_word' id='word_1_310' title='bbox 1748 3939 1837 3990; x_wconf 81' lang='lat' dir='ltr'><strong>per</strong></span> 
     </span>
    </p>
   </div>
   <div class='ocr_carea' id='block_1_41' title="bbox 275 4007 1834 4080">
    <p class='ocr_par' dir='ltr' id='par_1_41' title="bbox 275 4007 1834 4080">
     <span class='ocr_line' id='line_1_41' title="bbox 275 4007 1834 4080; baseline 0.003 -22"><span class='ocrx_word' id='word_1_311' title='bbox 275 4010 497 4080; x_wconf 70' lang='lat' dir='ltr'><strong>ianuam,</strong></span> <span class='ocrx_word' id='word_1_312' title='bbox 551 4018 721 4077; x_wconf 77' lang='lat' dir='ltr'><strong>pastor</strong></span> <span class='ocrx_word' id='word_1_313' title='bbox 757 4008 920 4060; x_wconf 83' lang='lat' dir='ltr'><strong>ovium</strong></span> <span class='ocrx_word' id='word_1_314' title='bbox 960 4017 1052 4071; x_wconf 86' lang='lat' dir='ltr'><strong>est,</strong></span> <span class='ocrx_word' id='word_1_315' title='bbox 1094 4009 1169 4060; x_wconf 88' lang='lat' dir='ltr'><strong>ait</strong></span> <span class='ocrx_word' id='word_1_316' title='bbox 1211 4007 1495 4072; x_wconf 88' lang='lat' dir='ltr'><strong>Dominus;</strong></span> <span class='ocrx_word' id='word_1_317' title='bbox 1540 4010 1626 4075; x_wconf 84' lang='lat' dir='ltr'><strong>qui</strong></span> <span class='ocrx_word' id='word_1_318' title='bbox 1669 4022 1834 4063; x_wconf 78' lang='lat' dir='ltr'><strong>autem</strong></span> 
     </span>
    </p>
   </div>
   <div class='ocr_carea' id='block_1_42' title="bbox 277 4098 1830 4168">
    <p class='ocr_par' dir='ltr' id='par_1_42' title="bbox 277 4098 1830 4168">
     <span class='ocr_line' id='line_1_42' title="bbox 277 4098 1830 4168; baseline 0.003 -17"><span class='ocrx_word' id='word_1_319' title='bbox 277 4117 362 4166; x_wconf 78' lang='lat' dir='ltr'><strong>per</strong></span> <span class='ocrx_word' id='word_1_320' title='bbox 379 4100 530 4153; x_wconf 83' lang='lat' dir='ltr'><strong>aliam</strong></span> <span class='ocrx_word' id='word_1_321' title='bbox 554 4110 742 4168; x_wconf 80' lang='lat' dir='ltr'><strong>partem</strong></span> <span class='ocrx_word' id='word_1_322' title='bbox 779 4099 1017 4162; x_wconf 76' lang='lat' dir='ltr'><strong>ascendit,</strong></span> <span class='ocrx_word' id='word_1_323' title='bbox 1043 4099 1129 4152; x_wconf 83' lang='lat' dir='ltr'><strong>ille</strong></span> <span class='ocrx_word' id='word_1_324' title='bbox 1155 4098 1237 4165; x_wconf 80' lang='lat' dir='ltr'><strong>fur</strong></span> <span class='ocrx_word' id='word_1_325' title='bbox 1255 4109 1325 4152; x_wconf 86' lang='lat' dir='ltr'><strong>est</strong></span> <span class='ocrx_word' id='word_1_326' title='bbox 1353 4109 1399 4152; x_wconf 88' lang='lat' dir='ltr'><strong>et</strong></span> <span class='ocrx_word' id='word_1_327' title='bbox 1423 4100 1551 4153; x_wconf 87' lang='lat' dir='ltr'><strong>latro</strong></span> <span class='ocrx_word' id='word_1_328' title='bbox 1576 4100 1753 4168; x_wconf 84' lang='lat' dir='ltr'><strong>(Joan.</strong></span> <span class='ocrx_word' id='word_1_329' title='bbox 1776 4118 1830 4165; x_wconf 68' lang='grc' dir='ltr'>κ,</span> 
     </span>
    </p>
   </div>
   <div class='ocr_carea' id='block_1_43' title="bbox 279 4190 1834 4264">
    <p class='ocr_par' dir='ltr' id='par_1_43' title="bbox 279 4190 1834 4264">
     <span class='ocr_line' id='line_1_43' title="bbox 279 4190 1834 4264; baseline 0.004 -23"><span class='ocrx_word' id='word_1_330' title='bbox 279 4191 327 4252; x_wconf 84' lang='lat'><strong>7,</strong></span> <span class='ocrx_word' id='word_1_331' title='bbox 359 4207 411 4260; x_wconf 85' lang='lat'><strong>9.</strong></span> <span class='ocrx_word' id='word_1_332' title='bbox 445 4192 498 4254; x_wconf 89' lang='grc'><strong>1,</strong></span> <span class='ocrx_word' id='word_1_333' title='bbox 529 4191 609 4259; x_wconf 65' lang='lat'><strong>2).</strong></span> <span class='ocrx_word' id='word_1_334' title='bbox 633 4190 732 4256; x_wconf 88' lang='lat' dir='ltr'><strong>Qui</strong></span> <span class='ocrx_word' id='word_1_335' title='bbox 764 4206 857 4258; x_wconf 85' lang='lat' dir='ltr'><strong>per</strong></span> <span class='ocrx_word' id='word_1_336' title='bbox 893 4190 1104 4259; x_wconf 87' lang='lat' dir='ltr'><strong>ianuam</strong></span> <span class='ocrx_word' id='word_1_337' title='bbox 1137 4191 1312 4257; x_wconf 85' lang='lat' dir='ltr'><strong>intrat,</strong></span> <span class='ocrx_word' id='word_1_338' title='bbox 1345 4191 1558 4246; x_wconf 88' lang='lat' dir='ltr'><strong>humilis</strong></span> <span class='ocrx_word' id='word_1_339' title='bbox 1585 4204 1698 4257; x_wconf 87' lang='lat' dir='ltr'><strong>est;</strong></span> <span class='ocrx_word' id='word_1_340' title='bbox 1747 4197 1834 4264; x_wconf 90' lang='lat' dir='ltr'><strong>qui</strong></span> 
     </span>
    </p>
   </div>
   <div class='ocr_carea' id='block_1_44' title="bbox 279 4281 1836 4350">
    <p class='ocr_par' dir='ltr' id='par_1_44' title="bbox 279 4281 1836 4350">
     <span class='ocr_line' id='line_1_44' title="bbox 279 4281 1836 4350; baseline 0.005 -18"><span class='ocrx_word' id='word_1_341' title='bbox 279 4296 372 4347; x_wconf 87' lang='lat' dir='ltr'><strong>per</strong></span> <span class='ocrx_word' id='word_1_342' title='bbox 398 4281 555 4334; x_wconf 88' lang='lat' dir='ltr'><strong>aliam</strong></span> <span class='ocrx_word' id='word_1_343' title='bbox 585 4291 782 4348; x_wconf 88' lang='lat' dir='ltr'><strong>partem</strong></span> <span class='ocrx_word' id='word_1_344' title='bbox 813 4281 1067 4342; x_wconf 87' lang='lat' dir='ltr'><strong>ascendit,</strong></span> <span class='ocrx_word' id='word_1_345' title='bbox 1097 4282 1354 4350; x_wconf 84' lang='lat' dir='ltr'><strong>superbus</strong></span> <span class='ocrx_word' id='word_1_346' title='bbox 1383 4292 1464 4336; x_wconf 90' lang='lat' dir='ltr'><strong>est</strong></span> <span class='ocrx_word' id='word_1_347' title='bbox 1498 4302 1510 4336; x_wconf 94' lang='lat'>:</span> <span class='ocrx_word' id='word_1_348' title='bbox 1540 4283 1659 4338; x_wconf 88' lang='lat' dir='ltr'><strong>ideo</strong></span> <span class='ocrx_word' id='word_1_349' title='bbox 1689 4286 1836 4340; x_wconf 90' lang='lat' dir='ltr'><strong>illum</strong></span> 
     </span>
    </p>
   </div>
   <div class='ocr_carea' id='block_1_45' title="bbox 274 4370 1838 4436">
    <p class='ocr_par' dir='ltr' id='par_1_45' title="bbox 274 4370 1838 4436">
     <span class='ocr_line' id='line_1_45' title="bbox 274 4370 1838 4436; baseline 0.004 -13"><span class='ocrx_word' id='word_1_350' title='bbox 274 4370 411 4424; x_wconf 73' lang='lat' dir='ltr'><strong>dixit</strong></span> <span class='ocrx_word' id='word_1_351' title='bbox 440 4370 654 4436; x_wconf 84' lang='lat' dir='ltr'><strong>intrare,</strong></span> <span class='ocrx_word' id='word_1_352' title='bbox 678 4371 824 4424; x_wconf 91' lang='lat' dir='ltr'><strong>illum</strong></span> <span class='ocrx_word' id='word_1_353' title='bbox 853 4371 1160 4424; x_wconf 76' lang='lat' dir='ltr'><strong>ascendere.</strong></span> <span class='ocrx_word' id='word_1_354' title='bbox 1191 4371 1293 4426; x_wconf 86' lang='lat' dir='ltr'><strong>Sed</strong></span> <span class='ocrx_word' id='word_1_355' title='bbox 1334 4372 1420 4427; x_wconf 90' lang='lat' dir='ltr'><strong>ille</strong></span> <span class='ocrx_word' id='word_1_356' title='bbox 1463 4373 1707 4428; x_wconf 89' lang='lat' dir='ltr'><strong>intrando</strong></span> <span class='ocrx_word' id='word_1_357' title='bbox 1753 4391 1838 4430; x_wconf 91' lang='lat' dir='ltr'><strong>re-</strong></span> 
     </span>
    </p>
   </div>
   <div class='ocr_carea' id='block_1_46' title="bbox 275 4461 1838 4530">
    <p class='ocr_par' dir='ltr' id='par_1_46' title="bbox 275 4461 1838 4530">
     <span class='ocr_line' id='line_1_46' title="bbox 275 4461 1838 4530; baseline 0.005 -18"><span class='ocrx_word' id='word_1_358' title='bbox 275 4461 502 4530; x_wconf 83' lang='lat' dir='ltr'><strong>cipitur;</strong></span> <span class='ocrx_word' id='word_1_359' title='bbox 535 4461 623 4514; x_wconf 86' lang='lat' dir='ltr'><strong>ille</strong></span> <span class='ocrx_word' id='word_1_360' title='bbox 648 4461 982 4516; x_wconf 87' lang='lat' dir='ltr'><strong>ascendendo</strong></span> <span class='ocrx_word' id='word_1_361' title='bbox 1023 4463 1403 4530; x_wconf 63' lang='lat' dir='ltr'><strong>pra&#39;cipitatur.</strong></span> <span class='ocrx_word' id='word_1_362' title='bbox 1435 4465 1738 4519; x_wconf 77' lang='lat' dir='ltr'><strong>Aannntinte</strong></span> <span class='ocrx_word' id='word_1_363' title='bbox 1785 4469 1838 4520; x_wconf 87' lang='lat' dir='ltr'><strong>in</strong></span> 
     </span>
    </p>
   </div>
   <div class='ocr_carea' id='block_1_47' title="bbox 277 4549 1840 4626">
    <p class='ocr_par' dir='ltr' id='par_1_47' title="bbox 277 4549 1840 4626">
     <span class='ocr_line' id='line_1_47' title="bbox 277 4549 1840 4626; baseline 0.006 -24"><span class='ocrx_word' id='word_1_364' title='bbox 277 4552 498 4620; x_wconf 69' lang='lat' dir='ltr'><strong>gentibus</strong></span> <span class='ocrx_word' id='word_1_365' title='bbox 517 4552 728 4620; x_wconf 84' lang='lat' dir='ltr'><strong>gloriam</strong></span> <span class='ocrx_word' id='word_1_366' title='bbox 741 4552 866 4620; x_wconf 82' lang='lat' dir='ltr'><strong>ejus.</strong></span> <span class='ocrx_word' id='word_1_367' title='bbox 883 4549 1014 4618; x_wconf 85' lang='lat' dir='ltr'><strong>Quid</strong></span> <span class='ocrx_word' id='word_1_368' title='bbox 1028 4561 1125 4612; x_wconf 88' lang='lat' dir='ltr'><strong>est.</strong></span> <span class='ocrx_word' id='word_1_369' title='bbox 1141 4553 1192 4604; x_wconf 85' lang='lat' dir='ltr'><strong>in</strong></span> <span class='ocrx_word' id='word_1_370' title='bbox 1211 4554 1468 4621; x_wconf 81' lang='lat' dir='ltr'><strong>gentibus?</strong></span> <span class='ocrx_word' id='word_1_371' title='bbox 1491 4555 1644 4610; x_wconf 82' lang='lat' dir='ltr'><strong>Forte</strong></span> <span class='ocrx_word' id='word_1_372' title='bbox 1655 4568 1840 4626; x_wconf 80' lang='lat' dir='ltr'><strong>gentes</strong></span> 
     </span>
    </p>
   </div>
   <div class='ocr_carea' id='block_1_48' title="bbox 281 4643 1841 4728">
    <p class='ocr_par' dir='ltr' id='par_1_48' title="bbox 281 4643 1841 4728">
     <span class='ocr_line' id='line_1_48' title="bbox 281 4643 1841 4728; baseline 0.006 -36"><span class='ocrx_word' id='word_1_373' title='bbox 281 4643 616 4695; x_wconf 87' lang='lat' dir='ltr'><strong>nominantur</strong></span> <span class='ocrx_word' id='word_1_374' title='bbox 659 4651 714 4696; x_wconf 89' lang='lat' dir='ltr'><strong>et</strong></span> <span class='ocrx_word' id='word_1_375' title='bbox 766 4657 973 4710; x_wconf 71' lang='lat' dir='ltr'><strong>paucae;</strong></span> <span class='ocrx_word' id='word_1_376' title='bbox 1002 4644 1265 4728; x_wconf 46' lang='lat' dir='ltr'><strong>et‘adhuc</strong></span> <span class='ocrx_word' id='word_1_377' title='bbox 1320 4643 1482 4708; x_wconf 80' lang='lat' dir='ltr'><strong>habet,</strong></span> <span class='ocrx_word' id='word_1_378' title='bbox 1517 4647 1654 4714; x_wconf 90' lang='lat' dir='ltr'><strong>quod</strong></span> <span class='ocrx_word' id='word_1_379' title='bbox 1704 4648 1841 4701; x_wconf 87' lang='lat' dir='ltr'><strong>dicat</strong></span> 
     </span>
    </p>
   </div>
   <div class='ocr_carea' id='block_1_49' title="bbox 280 4733 1838 4803">
    <p class='ocr_par' dir='ltr' id='par_1_49' title="bbox 280 4733 1838 4803">
     <span class='ocr_line' id='line_1_49' title="bbox 280 4733 1838 4803; baseline 0.005 -19"><span class='ocrx_word' id='word_1_380' title='bbox 280 4733 362 4785; x_wconf 87' lang='lat' dir='ltr'><strong>illa</strong></span> <span class='ocrx_word' id='word_1_381' title='bbox 392 4748 512 4802; x_wconf 85' lang='lat' dir='ltr'><strong>pars</strong></span> <span class='ocrx_word' id='word_1_382' title='bbox 536 4749 655 4802; x_wconf 67' lang='lat' dir='ltr'><strong>quae</strong></span> <span class='ocrx_word' id='word_1_383' title='bbox 685 4733 853 4792; x_wconf 80' lang='lat' dir='ltr'><strong>erexit</strong></span> <span class='ocrx_word' id='word_1_384' title='bbox 880 4735 1131 4802; x_wconf 84' lang='lat' dir='ltr'><strong>parietem</strong></span> <span class='ocrx_word' id='word_1_385' title='bbox 1160 4734 1458 4789; x_wconf 87' lang='lat' dir='ltr'><strong>dealbatum</strong></span> <span class='ocrx_word' id='word_1_386' title='bbox 1496 4755 1508 4789; x_wconf 93' lang='lat'><strong>:</strong></span> <span class='ocrx_word' id='word_1_387' title='bbox 1536 4738 1709 4803; x_wconf 82' lang='lat' dir='ltr'><strong>Quare</strong></span> <span class='ocrx_word' id='word_1_388' title='bbox 1735 4755 1838 4793; x_wconf 89' lang='lat' dir='ltr'><strong>non</strong></span> 
     </span>
    </p>
   </div>
   <div class='ocr_carea' id='block_1_50' title="bbox 276 4829 1842 4902">
    <p class='ocr_par' dir='ltr' id='par_1_50' title="bbox 276 4829 1842 4902">
     <span class='ocr_line' id='line_1_50' title="bbox 276 4829 1842 4902; baseline 0.004 -22"><span class='ocrx_word' id='word_1_389' title='bbox 276 4839 458 4896; x_wconf 78' lang='lat' dir='ltr'><strong>gentes</strong></span> <span class='ocrx_word' id='word_1_390' title='bbox 483 4840 607 4884; x_wconf 89' lang='lat' dir='ltr'><strong>sunt</strong></span> <span class='ocrx_word' id='word_1_391' title='bbox 636 4829 862 4897; x_wconf 81' lang='lat' dir='ltr'><strong>Gctulia,</strong></span> <span class='ocrx_word' id='word_1_392' title='bbox 895 4830 1156 4895; x_wconf 79' lang='lat' dir='ltr'><strong>Numidia,</strong></span> <span class='ocrx_word' id='word_1_393' title='bbox 1179 4832 1502 4892; x_wconf 88' lang='lat' dir='ltr'><strong>Mauritania.</strong></span> <span class='ocrx_word' id='word_1_394' title='bbox 1534 4833 1842 4902; x_wconf 84' lang='lat' dir='ltr'><strong>Byzacium?</strong></span> 
     </span>
    </p>
   </div>
   <div class='ocr_carea' id='block_1_51' title="bbox 285 4920 1839 4997">
    <p class='ocr_par' dir='ltr' id='par_1_51' title="bbox 285 4920 1839 4997">
     <span class='ocr_line' id='line_1_51' title="bbox 285 4920 1839 4997; baseline 0.003 -26"><span class='ocrx_word' id='word_1_395' title='bbox 285 4920 569 4974; x_wconf 79' lang='lat' dir='ltr'><strong>Provinciae</strong></span> <span class='ocrx_word' id='word_1_396' title='bbox 617 4922 802 4988; x_wconf 78' lang='lat' dir='ltr'><strong>gentes</strong></span> <span class='ocrx_word' id='word_1_397' title='bbox 844 4922 1015 4997; x_wconf 64' lang='lat' dir='ltr'><strong>su_nt‘.</strong></span> <span class='ocrx_word' id='word_1_398' title='bbox 1067 4923 1282 4977; x_wconf 77' lang='lat' dir='ltr'><strong>Auferat</strong></span> <span class='ocrx_word' id='word_1_399' title='bbox 1325 4938 1625 4978; x_wconf 86' lang='lat' dir='ltr'><strong>sermonem</strong></span> <span class='ocrx_word' id='word_1_400' title='bbox 1672 4927 1839 4995; x_wconf 84' lang='lat' dir='ltr'><strong>hypo-</strong></span> 
     </span>
    </p>
   </div>
   <div class='ocr_carea' id='block_1_52' title="bbox 279 5010 1840 5079">
    <p class='ocr_par' dir='ltr' id='par_1_52' title="bbox 279 5010 1840 5079">
     <span class='ocr_line' id='line_1_52' title="bbox 279 5010 1840 5079; baseline 0.003 -16"><span class='ocrx_word' id='word_1_401' title='bbox 279 5011 398 5064; x_wconf 81' lang='lat' dir='ltr'><strong>crisi</strong></span> <span class='ocrx_word' id='word_1_402' title='bbox 419 5012 439 5041; x_wconf 78' lang='grc'><strong>⁵</strong></span> <span class='ocrx_word' id='word_1_403' title='bbox 471 5011 657 5079; x_wconf 76' lang='lat' dir='ltr'><strong>parieti</strong></span> <span class='ocrx_word' id='word_1_404' title='bbox 688 5010 950 5070; x_wconf 82' lang='lat' dir='ltr'><strong>dealbato.</strong></span> <span class='ocrx_word' id='word_1_405' title='bbox 976 5029 1160 5072; x_wconf 74' lang='lat' dir='ltr'><strong>sermo,</strong></span> <span class='ocrx_word' id='word_1_406' title='bbox 1181 5014 1292 5077; x_wconf 87' lang='lat' dir='ltr'><strong>Dei,</strong></span> <span class='ocrx_word' id='word_1_407' title='bbox 1325 5014 1588 5067; x_wconf 77' lang='lat' dir='ltr'><strong>:edilieans</strong></span> <span class='ocrx_word' id='word_1_408' title='bbox 1627 5015 1840 5068; x_wconf 90' lang='lat' dir='ltr'><strong>domum</strong></span> 
     </span>
    </p>
   </div>
   <div class='ocr_carea' id='block_1_53' title="bbox 283 5104 1846 5174">
    <p class='ocr_par' dir='ltr' id='par_1_53' title="bbox 283 5104 1846 5174">
     <span class='ocr_line' id='line_1_53' title="bbox 283 5104 1846 5174; baseline 0.003 -20"><span class='ocrx_word' id='word_1_409' title='bbox 283 5113 390 5155; x_wconf 82' lang='lat' dir='ltr'><strong>toto</strong></span> <span class='ocrx_word' id='word_1_410' title='bbox 418 5104 546 5156; x_wconf 83' lang='lat' dir='ltr'><strong>orbe</strong></span> <span class='ocrx_word' id='word_1_411' title='bbox 573 5113 855 5157; x_wconf 87' lang='lat' dir='ltr'><strong>terrarum.</strong></span> <span class='ocrx_word' id='word_1_412' title='bbox 887 5105 1075 5158; x_wconf 78' lang='lat' dir='ltr'><strong>Parum</strong></span> <span class='ocrx_word' id='word_1_413' title='bbox 1101 5113 1181 5158; x_wconf 84' lang='lat' dir='ltr'><strong>est</strong></span> <span class='ocrx_word' id='word_1_414' title='bbox 1208 5104 1348 5174; x_wconf 88' lang='lat' dir='ltr'><strong>quod</strong></span> <span class='ocrx_word' id='word_1_415' title='bbox 1376 5106 1524 5170; x_wconf 66' lang='lat' dir='ltr'><strong>dixit,</strong></span> <span class='ocrx_word' id='word_1_416' title='bbox 1545 5106 1846 5159; x_wconf 82' lang='lat' dir='ltr'><strong>Annuntiate</strong></span> 
     </span>
    </p>
   </div>
   <div class='ocr_carea' id='block_1_54' title="bbox 345 5277 1720 5342">
    <p class='ocr_par' dir='ltr' id='par_1_54' title="bbox 345 5277 1720 5342">
     <span class='ocr_line' id='line_1_54' title="bbox 345 5277 1720 5342; baseline 0.003 -16"><span class='ocrx_word' id='word_1_417' title='bbox 345 5279 358 5308; x_wconf 86' lang='grc'>¹</span> <span class='ocrx_word' id='word_1_418' title='bbox 388 5279 610 5340; x_wconf 66' lang='lat' dir='ltr'><strong>Plerique</strong></span> <span class='ocrx_word' id='word_1_419' title='bbox 636 5285 760 5335; x_wconf 57' lang='lat' dir='ltr'><strong>Mssa.</strong></span> <span class='ocrx_word' id='word_1_420' title='bbox 786 5277 1031 5342; x_wconf 61' lang='lat' dir='ltr'><strong>nominere</strong></span> <span class='ocrx_word' id='word_1_421' title='bbox 1052 5293 1102 5329; x_wconf 86' lang='lat' dir='ltr'><strong>se</strong></span> <span class='ocrx_word' id='word_1_422' title='bbox 1142 5278 1260 5342; x_wconf 81' lang='lat' dir='ltr'><strong>dicit</strong></span> <span class='ocrx_word' id='word_1_423' title='bbox 1294 5281 1468 5342; x_wconf 71' lang='lat' dir='ltr'><strong>parieti</strong></span> <span class='ocrx_word' id='word_1_424' title='bbox 1488 5281 1720 5330; x_wconf 83' lang='lat' dir='ltr'><strong>deatbato.</strong></span> 
     </span>
    </p>
   </div>
   <div class='ocr_carea' id='block_1_55' title="bbox 283 5338 1847 5449">
    <p class='ocr_par' dir='ltr' id='par_1_55' title="bbox 283 5338 1847 5449">
     <span class='ocr_line' id='line_1_55' title="bbox 283 5338 1847 5448; baseline 0.005 -63"><span class='ocrx_word' id='word_1_425' title='bbox 283 5400 316 5448; x_wconf 57' lang='grc' dir='ltr'>ά</span> <span class='ocrx_word' id='word_1_426' title='bbox 342 5342 360 5368; x_wconf 69' lang='grc' dir='ltr'><em>ἰ</em></span> <span class='ocrx_word' id='word_1_427' title='bbox 385 5338 542 5397; x_wconf 72' lang='grc' dir='ltr'><strong>1.ογ.,“</strong></span> <span class='ocrx_word' id='word_1_428' title='bbox 567 5354 676 5388; x_wconf 83' lang='lat' dir='ltr'><strong>cum</strong></span> <span class='ocrx_word' id='word_1_429' title='bbox 717 5338 930 5390; x_wconf 80' lang='lat' dir='ltr'><strong>Domino.</strong></span> <span class='ocrx_word' id='word_1_430' title='bbox 973 5342 1141 5388; x_wconf 78' lang='lat' dir='ltr'><strong>Verius</strong></span> <span class='ocrx_word' id='word_1_431' title='bbox 1185 5338 1304 5389; x_wconf 53' lang='grc' dir='ltr'><strong>ΒΜ(</strong></span> <span class='ocrx_word' id='word_1_432' title='bbox 1332 5340 1410 5391; x_wconf 85' lang='lat' dir='ltr'><strong>alii</strong></span> <span class='ocrx_word' id='word_1_433' title='bbox 1457 5350 1508 5390; x_wconf 89' lang='lat' dir='ltr'><strong>et</strong></span> <span class='ocrx_word' id='word_1_434' title='bbox 1554 5351 1692 5400; x_wconf 64' lang='lat' dir='ltr'><strong>Mss,</strong></span> <span class='ocrx_word' id='word_1_435' title='bbox 1737 5357 1847 5393; x_wconf 86' lang='lat' dir='ltr'><strong>cum</strong></span> 
     </span>
     <span class='ocr_line' id='line_1_56' title="bbox 317 5414 435 5449; baseline 0 -1"><span class='ocrx_word' id='word_1_436' title='bbox 317 5414 435 5449; x_wconf 65' lang='lat' dir='ltr'><strong>anno.</strong></span> 
     </span>
    </p>
   </div>
   <div class='ocr_carea' id='block_1_56' title="bbox 346 5435 1845 5525">
    <p class='ocr_par' dir='ltr' id='par_1_56' title="bbox 346 5435 1845 5525">
     <span class='ocr_line' id='line_1_57' title="bbox 346 5435 1845 5525; baseline 0.003 -15"><span class='ocrx_word' id='word_1_437' title='bbox 346 5435 459 5512; x_wconf 63' lang='lat' dir='ltr'><strong>i&#39;Ei&#39;c</strong></span> <span class='ocrx_word' id='word_1_438' title='bbox 481 5469 586 5511; x_wconf 77' lang='lat' dir='ltr'><strong>Mss.</strong></span> <span class='ocrx_word' id='word_1_439' title='bbox 606 5469 665 5525; x_wconf 51' lang='lat' dir='ltr'><strong>at</strong></span> <span class='ocrx_word' id='word_1_440' title='bbox 683 5463 814 5519; x_wconf 69' lang='lat' dir='ltr'><strong>add,</strong></span> <span class='ocrx_word' id='word_1_441' title='bbox 844 5461 1196 5525; x_wconf 7' lang='lat' dir='ltr'><strong>partemgvotuit</strong></span> <span class='ocrx_word' id='word_1_442' title='bbox 1216 5468 1419 5525; x_wconf 77' lang='lat' dir='ltr'><strong>struere,</strong></span> <span class='ocrx_word' id='word_1_443' title='bbox 1445 5471 1490 5513; x_wconf 84' lang='lat' dir='ltr'><strong>et</strong></span> <span class='ocrx_word' id='word_1_444' title='bbox 1511 5462 1634 5514; x_wconf 69' lang='lat' dir='ltr'><strong>Italic</strong></span> <span class='ocrx_word' id='word_1_445' title='bbox 1654 5465 1845 5514; x_wconf 68' lang='lat' dir='ltr'><strong>dealba-</strong></span> 
     </span>
    </p>
   </div>
   <div class='ocr_carea' id='block_1_57' title="bbox 284 5523 1845 5592">
    <p class='ocr_par' dir='ltr' id='par_1_57' title="bbox 284 5523 1845 5592">
     <span class='ocr_line' id='line_1_58' title="bbox 284 5523 1845 5592; baseline 0.003 -22"><span class='ocrx_word' id='word_1_446' title='bbox 284 5531 510 5592; x_wconf 54' lang='lat' dir='ltr'><strong>tauunon</strong></span> <span class='ocrx_word' id='word_1_447' title='bbox 544 5523 798 5574; x_wconf 78' lang='lat' dir='ltr'><strong>solidatam</strong></span> <span class='ocrx_word' id='word_1_448' title='bbox 823 5523 920 5574; x_wconf 81' lang='lat' dir='ltr'><strong>:ac</strong></span> <span class='ocrx_word' id='word_1_449' title='bbox 943 5523 1081 5585; x_wconf 86' lang='lat' dir='ltr'><strong>paulo</strong></span> <span class='ocrx_word' id='word_1_450' title='bbox 1107 5531 1228 5585; x_wconf 84' lang='lat' dir='ltr'><strong>post,</strong></span> <span class='ocrx_word' id='word_1_451' title='bbox 1249 5524 1404 5586; x_wconf 85' lang='lat' dir='ltr'><strong>janua</strong></span> <span class='ocrx_word' id='word_1_452' title='bbox 1427 5527 1549 5589; x_wconf 76' lang='lat' dir='ltr'><strong>ipsos</strong></span> <span class='ocrx_word' id='word_1_453' title='bbox 1571 5541 1664 5576; x_wconf 85' lang='lat' dir='ltr'><strong>non</strong></span> <span class='ocrx_word' id='word_1_454' title='bbox 1700 5527 1845 5576; x_wconf 70' lang='lat' dir='ltr'><strong>intro-</strong></span> 
     </span>
    </p>
   </div>
   <div class='ocr_carea' id='block_1_58' title="bbox 369 5594 380 5620">
    <p class='ocr_par' dir='ltr' id='par_1_58' title="bbox 369 5594 380 5620">
     <span class='ocr_line' id='line_1_59' title="bbox 369 5594 380 5620; baseline 0 0"><span class='ocrx_word' id='word_1_455' title='bbox 369 5594 380 5620; x_wconf 83' lang='grc' dir='ltr'><strong><em>Ι</em></strong></span> 
     </span>
    </p>
   </div>
   <div class='ocr_carea' id='block_1_59' title="bbox 285 5592 1847 5713">
    <p class='ocr_par' dir='ltr' id='par_1_59' title="bbox 285 5592 1847 5713">
     <span class='ocr_line' id='line_1_60' title="bbox 369 5594 380 5620; baseline 0 0"><span class='ocrx_word' id='word_1_456' title='bbox 369 5594 380 5620; x_wconf 78' lang='grc' dir='ltr'><strong><em>Ι</em></strong></span> 
     </span>
     <span class='ocr_line' id='line_1_61' title="bbox 285 5592 1847 5713; baseline 0.04 -43"><span class='ocrx_word' id='word_1_457' title='bbox 285 5592 524 5713; x_wconf 38' lang='lat' dir='ltr'><strong>Wfﬁn,</strong></span> <span class='ocrx_word' id='word_1_458' title='bbox 545 5655 642 5713; x_wconf 56' lang='grc' dir='ltr'><strong>ινφ</strong></span> <span class='ocrx_word' id='word_1_459' title='bbox 659 5653 819 5713; x_wconf 64' lang='lat' dir='ltr'><strong>ﬂauas</strong></span> <span class='ocrx_word' id='word_1_460' title='bbox 841 5653 1044 5713; x_wconf 50' lang='lat' dir='ltr'><strong>sunt”...</strong></span> <span class='ocrx_word' id='word_1_461' title='bbox 1089 5639 1355 5696; x_wconf 74' lang='lat' dir='ltr'><strong>Lizantium</strong></span> <span class='ocrx_word' id='word_1_462' title='bbox 1375 5645 1616 5713; x_wconf 61' lang='grc' dir='ltr'><strong>Ρτονίηεθα</strong></span> <span class='ocrx_word' id='word_1_463' title='bbox 1637 5652 1658 5698; x_wconf 67' lang='grc' dir='ltr'><strong>ῖ’</strong></span> <span class='ocrx_word' id='word_1_464' title='bbox 1685 5657 1847 5699; x_wconf 57' lang='lat' dir='ltr'><strong>“em”</strong></span> 
     </span>
    </p>
   </div>
   <div class='ocr_carea' id='block_1_60' title="bbox 290 5709 1012 5762">
    <p class='ocr_par' dir='ltr' id='par_1_60' title="bbox 290 5709 1012 5762">
     <span class='ocr_line' id='line_1_62' title="bbox 290 5709 1012 5762; baseline 0.004 -10"><span class='ocrx_word' id='word_1_465' title='bbox 290 5711 406 5754; x_wconf 77' lang='lat' dir='ltr'><strong>sunt.</strong></span> <span class='ocrx_word' id='word_1_466' title='bbox 439 5709 801 5757; x_wconf 68' lang='lat' dir='ltr'><strong>Emendavimus</strong></span> <span class='ocrx_word' id='word_1_467' title='bbox 819 5709 878 5756; x_wconf 82' lang='lat' dir='ltr'><strong>ad</strong></span> 
     </span>
    </p>
   </div>
   <div class='ocr_carea' id='block_1_61' title="bbox 349 5767 1322 5833">
    <p class='ocr_par' dir='ltr' id='par_1_61' title="bbox 349 5767 1322 5833">
     <span class='ocr_line' id='line_1_63' title="bbox 349 5767 1322 5833; baseline 0.001 -15"><span class='ocrx_word' id='word_1_468' title='bbox 349 5768 369 5798; x_wconf 84' lang='grc'>⁸</span> <span class='ocrx_word' id='word_1_469' title='bbox 385 5777 454 5819; x_wconf 65' lang='grc' dir='ltr'><strong>δια</strong></span> <span class='ocrx_word' id='word_1_470' title='bbox 476 5768 779 5832; x_wconf 84' lang='lat' dir='ltr'><strong>aliquot</strong></span> <span class='ocrx_word' id='word_1_471' title='bbox 807 5778 860 5817; x_wconf 76' lang='lat' dir='ltr'><strong>At</strong></span> <span class='ocrx_word' id='word_1_472' title='bbox 884 5770 1016 5827; x_wconf 83' lang='lat' dir='ltr'><strong>Edd.,</strong></span> <span class='ocrx_word' id='word_1_473' title='bbox 1043 5767 1322 5833; x_wconf 75' lang='lat' dir='ltr'><strong>hypocrisis.</strong></span> 
     </span>
    </p>
   </div>
   <div class='ocr_carea' id='block_1_62' title="bbox 1393 328 2428 394">
    <p class='ocr_par' dir='ltr' id='par_1_62' title="bbox 1393 328 2428 394">
     <span class='ocr_line' id='line_1_64' title="bbox 1393 328 2428 394; baseline 0.001 -3"><span class='ocrx_word' id='word_1_474' title='bbox 1393 328 1876 392; x_wconf 67' lang='grc' dir='ltr'><strong>ΕΝΛΒΒΑΤΪΟἸΝ</strong></span> <span class='ocrx_word' id='word_1_475' title='bbox 1914 335 2231 392; x_wconf 75' lang='lat' dir='ltr'><strong>PSALMUM</strong></span> <span class='ocrx_word' id='word_1_476' title='bbox 2272 337 2428 394; x_wconf 79' lang='lat' dir='ltr'><strong>XCV.</strong></span> 
     </span>
    </p>
   </div>
   <div class='ocr_carea' id='block_1_63' title="bbox 3384 359 3520 416">
    <p class='ocr_par' dir='ltr' id='par_1_63' title="bbox 3384 359 3520 416">
     <span class='ocr_line' id='line_1_65' title="bbox 3384 359 3520 416; baseline 0.022 -3"><span class='ocrx_word' id='word_1_477' title='bbox 3384 359 3405 406; x_wconf 79' lang='grc' dir='ltr'><strong>Ι</strong></span> <span class='ocrx_word' id='word_1_478' title='bbox 3414 359 3520 416; x_wconf 67' lang='lat'><strong>230</strong></span> 
     </span>
    </p>
   </div>
   <div class='ocr_carea' id='block_1_64' title="bbox 1934 450 3521 543">
    <p class='ocr_par' dir='ltr' id='par_1_64' title="bbox 1934 450 3521 543">
     <span class='ocr_line' id='line_1_66' title="bbox 1934 450 3521 543; baseline 0.017 -42"><span class='ocrx_word' id='word_1_479' title='bbox 1934 450 2003 501; x_wconf 86' lang='lat' dir='ltr'><strong>&#39;in</strong></span> <span class='ocrx_word' id='word_1_480' title='bbox 2031 451 2255 519; x_wconf 77' lang='lat' dir='ltr'><strong>gentibus</strong></span> <span class='ocrx_word' id='word_1_481' title='bbox 2296 453 2506 521; x_wconf 78' lang='lat' dir='ltr'><strong>gloriam</strong></span> <span class='ocrx_word' id='word_1_482' title='bbox 2552 455 2691 522; x_wconf 80' lang='lat' dir='ltr'><strong>ejus;</strong></span> <span class='ocrx_word' id='word_1_483' title='bbox 2721 472 2784 509; x_wconf 89' lang='lat' dir='ltr'><strong>ne</strong></span> <span class='ocrx_word' id='word_1_484' title='bbox 2835 458 3038 530; x_wconf 84' lang='lat' dir='ltr'><strong>aliquas</strong></span> <span class='ocrx_word' id='word_1_485' title='bbox 3062 475 3245 534; x_wconf 78' lang='lat' dir='ltr'><strong>gentes</strong></span> <span class='ocrx_word' id='word_1_486' title='bbox 3269 480 3521 543; x_wconf 79' lang='lat' dir='ltr'><strong>exceptas</strong></span> 
     </span>
    </p>
   </div>
   <div class='ocr_carea' id='block_1_65' title="bbox 1950 544 3519 625">
    <p class='ocr_par' dir='ltr' id='par_1_65' title="bbox 1950 544 3519 625">
     <span class='ocr_line' id='line_1_67' title="bbox 1950 544 3519 625; baseline 0.018 -36"><span class='ocrx_word' id='word_1_487' title='bbox 1950 553 2180 606; x_wconf 85' lang='lat' dir='ltr'><strong>putares,</strong></span> <span class='ocrx_word' id='word_1_488' title='bbox 2213 544 2521 610; x_wconf 78' lang='lat' dir='ltr'><strong>sequ-itaret</strong></span> <span class='ocrx_word' id='word_1_489' title='bbox 2549 544 2692 604; x_wconf 80' lang='lat' dir='ltr'><strong>dicit.</strong></span> <span class='ocrx_word' id='word_1_490' title='bbox 2725 545 2786 600; x_wconf 90' lang='lat' dir='ltr'><strong>In</strong></span> <span class='ocrx_word' id='word_1_491' title='bbox 2826 551 3052 605; x_wconf 87' lang='lat' dir='ltr'><strong>omnibus</strong></span> <span class='ocrx_word' id='word_1_492' title='bbox 3093 557 3293 625; x_wconf 83' lang='lat' dir='ltr'><strong>populis</strong></span> <span class='ocrx_word' id='word_1_493' title='bbox 3317 563 3519 616; x_wconf 80' lang='lat' dir='ltr'><strong>mirabi-</strong></span> 
     </span>
    </p>
   </div>
   <div class='ocr_carea' id='block_1_66' title="bbox 1946 631 2165 701">
    <p class='ocr_par' dir='ltr' id='par_1_66' title="bbox 1946 631 2165 701">
     <span class='ocr_line' id='line_1_68' title="bbox 1946 631 2165 701; baseline 0.009 -19"><span class='ocrx_word' id='word_1_494' title='bbox 1946 631 2019 682; x_wconf 74' lang='lat' dir='ltr'><strong>lia</strong></span> <span class='ocrx_word' id='word_1_495' title='bbox 2039 633 2165 701; x_wconf 81' lang='lat' dir='ltr'><strong>ejus.</strong></span> 
     </span>
    </p>
   </div>
   <div class='ocr_carea' id='block_1_67' title="bbox 2015 720 3516 798">
    <p class='ocr_par' dir='ltr' id='par_1_67' title="bbox 2015 720 3516 798">
     <span class='ocr_line' id='line_1_69' title="bbox 2015 720 3516 798; baseline 0.014 -25"><span class='ocrx_word' id='word_1_496' title='bbox 2015 722 2070 774; x_wconf 68' lang='lat'><strong>4.</strong></span> <span class='ocrx_word' id='word_1_497' title='bbox 2103 721 2248 793; x_wconf 64' lang='lat' dir='ltr'><strong>iners.</strong></span> <span class='ocrx_word' id='word_1_498' title='bbox 2278 720 2356 793; x_wconf 77' lang='grc'><strong>4.]</strong></span> <span class='ocrx_word' id='word_1_499' title='bbox 2389 723 2635 790; x_wconf 83' lang='lat' dir='ltr'><strong>Quoniam</strong></span> <span class='ocrx_word' id='word_1_500' title='bbox 2663 743 2872 798; x_wconf 86' lang='lat' dir='ltr'><strong>magnus</strong></span> <span class='ocrx_word' id='word_1_501' title='bbox 2898 730 3145 789; x_wconf 86' lang='lat' dir='ltr'><strong>Dominus</strong></span> <span class='ocrx_word' id='word_1_502' title='bbox 3170 747 3219 789; x_wconf 82' lang='lat' dir='ltr'><strong>et</strong></span> <span class='ocrx_word' id='word_1_503' title='bbox 3245 738 3516 794; x_wconf 76' lang='lat' dir='ltr'><strong>laudabilis</strong></span> 
     </span>
    </p>
   </div>
   <div class='ocr_carea' id='block_1_68' title="bbox 1945 813 3602 900">
    <p class='ocr_par' dir='ltr' id='par_1_68' title="bbox 1945 813 3602 900">
     <span class='ocr_line' id='line_1_70' title="bbox 1945 813 3602 900; baseline 0.015 -37"><span class='ocrx_word' id='word_1_504' title='bbox 1945 813 2111 867; x_wconf 81' lang='lat' dir='ltr'><strong>nimis.</strong></span> <span class='ocrx_word' id='word_1_505' title='bbox 2149 814 2279 882; x_wconf 83' lang='lat' dir='ltr'><strong>Quis</strong></span> <span class='ocrx_word' id='word_1_506' title='bbox 2307 814 2554 870; x_wconf 63' lang='lat' dir='ltr'><strong>Dabimus</strong></span> <span class='ocrx_word' id='word_1_507' title='bbox 2573 819 2718 880; x_wconf 85' lang='lat' dir='ltr'><strong>,-nisi</strong></span> <span class='ocrx_word' id='word_1_508' title='bbox 2741 820 2896 876; x_wconf 83' lang='lat' dir='ltr'><strong>Jesus</strong></span> <span class='ocrx_word' id='word_1_509' title='bbox 2925 824 3164 880; x_wconf 87' lang='lat' dir='ltr'><strong>Christus</strong></span> <span class='ocrx_word' id='word_1_510' title='bbox 3183 867 3199 895; x_wconf 92' lang='lat'><strong>,</strong></span> <span class='ocrx_word' id='word_1_511' title='bbox 3231 847 3443 900; x_wconf 84' lang='lat' dir='ltr'><strong>magnus</strong></span> <span class='ocrx_word' id='word_1_512' title='bbox 3470 843 3517 886; x_wconf 84' lang='lat' dir='ltr'><strong>et</strong></span> <span class='ocrx_word' id='word_1_513' title='bbox 3596 861 3602 866; x_wconf 70' lang='grc' dir='ltr'><strong>σ</strong></span> 
     </span>
    </p>
   </div>
   <div class='ocr_carea' id='block_1_69' title="bbox 1945 903 3511 990">
    <p class='ocr_par' dir='ltr' id='par_1_69' title="bbox 1945 903 3511 990">
     <span class='ocr_line' id='line_1_71' title="bbox 1945 903 3511 990; baseline 0.015 -36"><span class='ocrx_word' id='word_1_514' title='bbox 1945 903 2214 958; x_wconf 86' lang='lat' dir='ltr'><strong>laudabilis</strong></span> <span class='ocrx_word' id='word_1_515' title='bbox 2241 906 2433 960; x_wconf 86' lang='lat' dir='ltr'><strong>nimis?</strong></span> <span class='ocrx_word' id='word_1_516' title='bbox 2474 907 2650 963; x_wconf 86' lang='lat' dir='ltr'><strong>Nostis</strong></span> <span class='ocrx_word' id='word_1_517' title='bbox 2691 920 2832 965; x_wconf 88' lang='lat' dir='ltr'><strong>certe</strong></span> <span class='ocrx_word' id='word_1_518' title='bbox 2871 917 2990 980; x_wconf 89' lang='lat' dir='ltr'><strong>quia</strong></span> <span class='ocrx_word' id='word_1_519' title='bbox 3034 916 3190 972; x_wconf 90' lang='lat' dir='ltr'><strong>homo</strong></span> <span class='ocrx_word' id='word_1_520' title='bbox 3231 925 3511 990; x_wconf 87' lang='lat' dir='ltr'><strong>apparuit;</strong></span> 
     </span>
    </p>
   </div>
   <div class='ocr_carea' id='block_1_70' title="bbox 1944 997 3512 1079">
    <p class='ocr_par' dir='ltr' id='par_1_70' title="bbox 1944 997 3512 1079">
     <span class='ocr_line' id='line_1_72' title="bbox 1944 997 3512 1079; baseline 0.013 -31"><span class='ocrx_word' id='word_1_521' title='bbox 1944 997 2114 1050; x_wconf 90' lang='lat' dir='ltr'><strong>nostis</strong></span> <span class='ocrx_word' id='word_1_522' title='bbox 2139 1007 2282 1052; x_wconf 88' lang='lat' dir='ltr'><strong>certe</strong></span> <span class='ocrx_word' id='word_1_523' title='bbox 2311 1000 2430 1067; x_wconf 87' lang='lat' dir='ltr'><strong>quia</strong></span> <span class='ocrx_word' id='word_1_524' title='bbox 2463 1001 2512 1053; x_wconf 87' lang='lat' dir='ltr'><strong>in</strong></span> <span class='ocrx_word' id='word_1_525' title='bbox 2543 1012 2693 1056; x_wconf 87' lang='lat' dir='ltr'><strong>utero</strong></span> <span class='ocrx_word' id='word_1_526' title='bbox 2725 1003 2932 1078; x_wconf 65' lang='lat' dir='ltr'><strong>feminae</strong></span> <span class='ocrx_word' id='word_1_527' title='bbox 2955 1020 3241 1078; x_wconf 83' lang='lat' dir='ltr'><strong>conceptus</strong></span> <span class='ocrx_word' id='word_1_528' title='bbox 3270 1022 3382 1079; x_wconf 80' lang='lat' dir='ltr'><strong>est,</strong></span> <span class='ocrx_word' id='word_1_529' title='bbox 3413 1032 3512 1069; x_wconf 88' lang='lat' dir='ltr'><strong>no-</strong></span> 
     </span>
    </p>
   </div>
   <div class='ocr_carea' id='block_1_71' title="bbox 1943 1085 3510 1170">
    <p class='ocr_par' dir='ltr' id='par_1_71' title="bbox 1943 1085 3510 1170">
     <span class='ocr_line' id='line_1_73' title="bbox 1943 1085 3510 1170; baseline 0.014 -33"><span class='ocrx_word' id='word_1_530' title='bbox 1943 1085 2041 1138; x_wconf 90' lang='lat' dir='ltr'><strong>stis</strong></span> <span class='ocrx_word' id='word_1_531' title='bbox 2069 1087 2188 1152; x_wconf 75' lang='lat' dir='ltr'><strong>quia</strong></span> <span class='ocrx_word' id='word_1_532' title='bbox 2219 1103 2281 1142; x_wconf 79' lang='lat' dir='ltr'><strong>ex</strong></span> <span class='ocrx_word' id='word_1_533' title='bbox 2311 1097 2460 1144; x_wconf 85' lang='lat' dir='ltr'><strong>utero</strong></span> <span class='ocrx_word' id='word_1_534' title='bbox 2492 1100 2643 1144; x_wconf 89' lang='lat' dir='ltr'><strong>natus</strong></span> <span class='ocrx_word' id='word_1_535' title='bbox 2670 1101 2746 1146; x_wconf 83' lang='lat' dir='ltr'><strong>est</strong></span> <span class='ocrx_word' id='word_1_536' title='bbox 2770 1135 2784 1158; x_wconf 97' lang='lat'><strong>,</strong></span> <span class='ocrx_word' id='word_1_537' title='bbox 2819 1096 2984 1148; x_wconf 86' lang='lat' dir='ltr'><strong>nostis</strong></span> <span class='ocrx_word' id='word_1_538' title='bbox 3012 1098 3128 1166; x_wconf 86' lang='lat' dir='ltr'><strong>quia</strong></span> <span class='ocrx_word' id='word_1_539' title='bbox 3161 1101 3378 1159; x_wconf 85' lang='lat' dir='ltr'><strong>laetatus</strong></span> <span class='ocrx_word' id='word_1_540' title='bbox 3408 1115 3510 1170; x_wconf 89' lang='lat' dir='ltr'><strong>est,</strong></span> 
     </span>
    </p>
   </div>
   <div class='ocr_carea' id='block_1_72' title="bbox 1943 1178 3512 1264">
    <p class='ocr_par' dir='ltr' id='par_1_72' title="bbox 1943 1178 3512 1264">
     <span class='ocr_line' id='line_1_74' title="bbox 1943 1178 3512 1264; baseline 0.015 -39"><span class='ocrx_word' id='word_1_541' title='bbox 1943 1178 2063 1243; x_wconf 87' lang='lat' dir='ltr'><strong>quia</strong></span> <span class='ocrx_word' id='word_1_542' title='bbox 2107 1179 2350 1233; x_wconf 91' lang='lat' dir='ltr'><strong>manibus</strong></span> <span class='ocrx_word' id='word_1_543' title='bbox 2390 1191 2622 1248; x_wconf 86' lang='lat' dir='ltr'><strong>portatus</strong></span> <span class='ocrx_word' id='word_1_544' title='bbox 2662 1192 2761 1247; x_wconf 87' lang='lat' dir='ltr'><strong>est,</strong></span> <span class='ocrx_word' id='word_1_545' title='bbox 2810 1185 2930 1254; x_wconf 87' lang='lat' dir='ltr'><strong>quia</strong></span> <span class='ocrx_word' id='word_1_546' title='bbox 2973 1189 3346 1254; x_wconf 87' lang='lat' dir='ltr'><strong>circumcisus,</strong></span> <span class='ocrx_word' id='word_1_547' title='bbox 3389 1197 3512 1264; x_wconf 88' lang='lat' dir='ltr'><strong>quia</strong></span> 
     </span>
    </p>
   </div>
   <div class='ocr_carea' id='block_1_73' title="bbox 1944 1266 3506 1348">
    <p class='ocr_par' dir='ltr' id='par_1_73' title="bbox 1944 1266 3506 1348">
     <span class='ocr_line' id='line_1_75' title="bbox 1944 1266 3506 1348; baseline 0.011 -29"><span class='ocrx_word' id='word_1_548' title='bbox 1944 1266 2112 1320; x_wconf 87' lang='lat' dir='ltr'><strong>hostia</strong></span> <span class='ocrx_word' id='word_1_549' title='bbox 2141 1285 2238 1339; x_wconf 86' lang='lat' dir='ltr'><strong>pro</strong></span> <span class='ocrx_word' id='word_1_550' title='bbox 2273 1271 2364 1324; x_wconf 90' lang='lat' dir='ltr'><strong>illo</strong></span> <span class='ocrx_word' id='word_1_551' title='bbox 2393 1273 2564 1326; x_wconf 87' lang='lat' dir='ltr'><strong>oblata</strong></span> <span class='ocrx_word' id='word_1_552' title='bbox 2596 1283 2697 1340; x_wconf 83' lang='lat' dir='ltr'><strong>est,</strong></span> <span class='ocrx_word' id='word_1_553' title='bbox 2728 1276 2846 1343; x_wconf 87' lang='lat' dir='ltr'><strong>quia</strong></span> <span class='ocrx_word' id='word_1_554' title='bbox 2877 1278 3080 1343; x_wconf 83' lang='lat' dir='ltr'><strong>crevit;</strong></span> <span class='ocrx_word' id='word_1_555' title='bbox 3115 1291 3381 1348; x_wconf 88' lang='lat' dir='ltr'><strong>postremo</strong></span> <span class='ocrx_word' id='word_1_556' title='bbox 3413 1302 3506 1338; x_wconf 87' lang='lat' dir='ltr'><strong>no-</strong></span> 
     </span>
    </p>
   </div>
   <div class='ocr_carea' id='block_1_74' title="bbox 1941 1360 3508 1440">
    <p class='ocr_par' dir='ltr' id='par_1_74' title="bbox 1941 1360 3508 1440">
     <span class='ocr_line' id='line_1_76' title="bbox 1941 1360 3508 1440; baseline 0.012 -28"><span class='ocrx_word' id='word_1_557' title='bbox 1941 1360 2038 1413; x_wconf 86' lang='lat' dir='ltr'><strong>stis</strong></span> <span class='ocrx_word' id='word_1_558' title='bbox 2061 1364 2178 1429; x_wconf 87' lang='lat' dir='ltr'><strong>quia</strong></span> <span class='ocrx_word' id='word_1_559' title='bbox 2203 1366 2535 1431; x_wconf 78' lang='lat' dir='ltr'><strong>expahuatus</strong></span> <span class='ocrx_word' id='word_1_560' title='bbox 2565 1377 2664 1430; x_wconf 86' lang='lat' dir='ltr'><strong>est,</strong></span> <span class='ocrx_word' id='word_1_561' title='bbox 2687 1379 2993 1436; x_wconf 79' lang='lat' dir='ltr'><strong>consputus,</strong></span> <span class='ocrx_word' id='word_1_562' title='bbox 3020 1373 3186 1438; x_wconf 79' lang='lat' dir='ltr'><strong>spinis</strong></span> <span class='ocrx_word' id='word_1_563' title='bbox 3206 1388 3508 1440; x_wconf 85' lang='lat' dir='ltr'><strong>coronatus,</strong></span> 
     </span>
    </p>
   </div>
   <div class='ocr_carea' id='block_1_75' title="bbox 1942 1454 3508 1532">
    <p class='ocr_par' dir='ltr' id='par_1_75' title="bbox 1942 1454 3508 1532">
     <span class='ocr_line' id='line_1_77' title="bbox 1942 1454 3508 1532; baseline 0.011 -29"><span class='ocrx_word' id='word_1_564' title='bbox 1942 1454 2226 1507; x_wconf 80' lang='lat' dir='ltr'><strong>crueilixus</strong></span> <span class='ocrx_word' id='word_1_565' title='bbox 2261 1466 2376 1520; x_wconf 77' lang='lat' dir='ltr'><strong>est,</strong></span> <span class='ocrx_word' id='word_1_566' title='bbox 2419 1469 2656 1512; x_wconf 86' lang='lat' dir='ltr'><strong>mortuus</strong></span> <span class='ocrx_word' id='word_1_567' title='bbox 2695 1468 2806 1521; x_wconf 90' lang='lat' dir='ltr'><strong>est,</strong></span> <span class='ocrx_word' id='word_1_568' title='bbox 2839 1460 3021 1515; x_wconf 73' lang='lat' dir='ltr'><strong>lancea</strong></span> <span class='ocrx_word' id='word_1_569' title='bbox 3067 1479 3351 1532; x_wconf 74' lang='lat' dir='ltr'><strong>percussus</strong></span> <span class='ocrx_word' id='word_1_570' title='bbox 3391 1481 3508 1532; x_wconf 80' lang='lat' dir='ltr'><strong>est;</strong></span> 
     </span>
    </p>
   </div>
   <div class='ocr_carea' id='block_1_76' title="bbox 1943 1547 3511 1627">
    <p class='ocr_par' dir='ltr' id='par_1_76' title="bbox 1943 1547 3511 1627">
     <span class='ocr_line' id='line_1_78' title="bbox 1943 1547 3511 1627; baseline 0.011 -31"><span class='ocrx_word' id='word_1_571' title='bbox 1943 1547 2110 1600; x_wconf 83' lang='lat' dir='ltr'><strong>nostis</strong></span> <span class='ocrx_word' id='word_1_572' title='bbox 2153 1548 2272 1614; x_wconf 86' lang='lat' dir='ltr'><strong>quia</strong></span> <span class='ocrx_word' id='word_1_573' title='bbox 2321 1548 2434 1602; x_wconf 68' lang='lat' dir='ltr'><strong>base</strong></span> <span class='ocrx_word' id='word_1_574' title='bbox 2477 1552 2649 1603; x_wconf 87' lang='lat' dir='ltr'><strong>omnia</strong></span> <span class='ocrx_word' id='word_1_575' title='bbox 2703 1567 2886 1619; x_wconf 66' lang='lat' dir='ltr'><strong>pasws</strong></span> <span class='ocrx_word' id='word_1_576' title='bbox 2931 1564 3014 1608; x_wconf 84' lang='lat' dir='ltr'><strong>est</strong></span> <span class='ocrx_word' id='word_1_577' title='bbox 3051 1573 3064 1608; x_wconf 86' lang='lat'><strong>:</strong></span> <span class='ocrx_word' id='word_1_578' title='bbox 3107 1555 3326 1627; x_wconf 78' lang='lat' dir='ltr'><strong>Magnus</strong></span> <span class='ocrx_word' id='word_1_579' title='bbox 3354 1572 3511 1613; x_wconf 84' lang='lat' dir='ltr'><strong>estet</strong></span> 
     </span>
    </p>
   </div>
   <div class='ocr_carea' id='block_1_77' title="bbox 1941 1635 3509 1714">
    <p class='ocr_par' dir='ltr' id='par_1_77' title="bbox 1941 1635 3509 1714">
     <span class='ocr_line' id='line_1_79' title="bbox 1941 1635 3509 1714; baseline 0.013 -28"><span class='ocrx_word' id='word_1_580' title='bbox 1941 1635 2210 1690; x_wconf 84' lang='lat' dir='ltr'><strong>laudabilis</strong></span> <span class='ocrx_word' id='word_1_581' title='bbox 2237 1638 2402 1691; x_wconf 83' lang='lat' dir='ltr'><strong>nimis.</strong></span> <span class='ocrx_word' id='word_1_582' title='bbox 2445 1640 2614 1694; x_wconf 81' lang='lat' dir='ltr'><strong>Nolite</strong></span> <span class='ocrx_word' id='word_1_583' title='bbox 2650 1651 2987 1698; x_wconf 85' lang='lat' dir='ltr'><strong>Contemnere</strong></span> <span class='ocrx_word' id='word_1_584' title='bbox 3027 1662 3274 1714; x_wconf 84' lang='lat' dir='ltr'><strong>parvum.</strong></span> <span class='ocrx_word' id='word_1_585' title='bbox 3315 1651 3509 1705; x_wconf 84' lang='lat' dir='ltr'><strong>intelli-</strong></span> 
     </span>
    </p>
   </div>
   <div class='ocr_carea' id='block_1_78' title="bbox 1941 1725 3504 1804">
    <p class='ocr_par' dir='ltr' id='par_1_78' title="bbox 1941 1725 3504 1804">
     <span class='ocr_line' id='line_1_80' title="bbox 1941 1725 3504 1804; baseline 0.012 -28"><span class='ocrx_word' id='word_1_586' title='bbox 1941 1725 2047 1792; x_wconf 86' lang='lat' dir='ltr'><strong>gite</strong></span> <span class='ocrx_word' id='word_1_587' title='bbox 2075 1741 2340 1796; x_wconf 88' lang='lat' dir='ltr'><strong>magnum.</strong></span> <span class='ocrx_word' id='word_1_588' title='bbox 2385 1729 2586 1784; x_wconf 85' lang='lat' dir='ltr'><strong>Parvus</strong></span> <span class='ocrx_word' id='word_1_589' title='bbox 2632 1733 2798 1785; x_wconf 86' lang='lat' dir='ltr'><strong>lactus</strong></span> <span class='ocrx_word' id='word_1_590' title='bbox 2825 1741 2939 1795; x_wconf 88' lang='lat' dir='ltr'><strong>est,</strong></span> <span class='ocrx_word' id='word_1_591' title='bbox 2968 1735 3086 1799; x_wconf 87' lang='lat' dir='ltr'><strong>quia</strong></span> <span class='ocrx_word' id='word_1_592' title='bbox 3130 1738 3272 1804; x_wconf 83' lang='lat' dir='ltr'><strong>parvi</strong></span> <span class='ocrx_word' id='word_1_593' title='bbox 3303 1742 3462 1794; x_wconf 84' lang='lat' dir='ltr'><strong>eratis</strong></span> <span class='ocrx_word' id='word_1_594' title='bbox 3489 1756 3504 1802; x_wconf 86' lang='lat'><strong>;</strong></span> 
     </span>
    </p>
   </div>
   <div class='ocr_carea' id='block_1_79' title="bbox 1939 1816 3504 1895">
    <p class='ocr_par' dir='ltr' id='par_1_79' title="bbox 1939 1816 3504 1895">
     <span class='ocr_line' id='line_1_81' title="bbox 1939 1816 3504 1895; baseline 0.011 -26"><span class='ocrx_word' id='word_1_595' title='bbox 1939 1816 2260 1887; x_wconf 80' lang='lat' dir='ltr'><strong>intelligatur</strong></span> <span class='ocrx_word' id='word_1_596' title='bbox 2297 1836 2544 1891; x_wconf 83' lang='lat' dir='ltr'><strong>magnus.</strong></span> <span class='ocrx_word' id='word_1_597' title='bbox 2578 1833 2630 1877; x_wconf 92' lang='lat' dir='ltr'><strong>et</strong></span> <span class='ocrx_word' id='word_1_598' title='bbox 2659 1825 2709 1877; x_wconf 90' lang='lat' dir='ltr'><strong>in</strong></span> <span class='ocrx_word' id='word_1_599' title='bbox 2739 1824 2825 1878; x_wconf 93' lang='lat' dir='ltr'><strong>illo</strong></span> <span class='ocrx_word' id='word_1_600' title='bbox 2855 1827 3025 1895; x_wconf 82' lang='lat' dir='ltr'><strong>magni</strong></span> <span class='ocrx_word' id='word_1_601' title='bbox 3052 1828 3216 1882; x_wconf 78' lang='lat' dir='ltr'><strong>eritis.</strong></span> <span class='ocrx_word' id='word_1_602' title='bbox 3250 1829 3338 1885; x_wconf 91' lang='lat' dir='ltr'><strong>Sic</strong></span> <span class='ocrx_word' id='word_1_603' title='bbox 3365 1834 3504 1886; x_wconf 88' lang='lat' dir='ltr'><strong>enim</strong></span> 
     </span>
    </p>
   </div>
   <div class='ocr_carea' id='block_1_80' title="bbox 1941 1908 3502 1989">
    <p class='ocr_par' dir='ltr' id='par_1_80' title="bbox 1941 1908 3502 1989">
     <span class='ocr_line' id='line_1_82' title="bbox 1941 1908 3502 1989; baseline 0.01 -30"><span class='ocrx_word' id='word_1_604' title='bbox 1941 1908 2230 1962; x_wconf 64' lang='lat' dir='ltr'><strong>mdilicatur</strong></span> <span class='ocrx_word' id='word_1_605' title='bbox 2255 1909 2462 1976; x_wconf 83' lang='lat' dir='ltr'><strong>domus,</strong></span> <span class='ocrx_word' id='word_1_606' title='bbox 2495 1913 2572 1966; x_wconf 91' lang='lat' dir='ltr'><strong>sic</strong></span> <span class='ocrx_word' id='word_1_607' title='bbox 2602 1913 2873 1982; x_wconf 87' lang='lat' dir='ltr'><strong>eriguntur</strong></span> <span class='ocrx_word' id='word_1_608' title='bbox 2901 1917 3069 1970; x_wconf 84' lang='lat' dir='ltr'><strong>moles</strong></span> <span class='ocrx_word' id='word_1_609' title='bbox 3096 1920 3145 1971; x_wconf 91' lang='lat' dir='ltr'><strong>in</strong></span> <span class='ocrx_word' id='word_1_610' title='bbox 3176 1920 3282 1989; x_wconf 77' lang='lat' dir='ltr'><strong>ipsa</strong></span> <span class='ocrx_word' id='word_1_611' title='bbox 3313 1920 3502 1977; x_wconf 86' lang='lat' dir='ltr'><strong>domo:</strong></span> 
     </span>
    </p>
   </div>
   <div class='ocr_carea' id='block_1_81' title="bbox 1939 2003 3508 2074">
    <p class='ocr_par' dir='ltr' id='par_1_81' title="bbox 1939 2003 3508 2074">
     <span class='ocr_line' id='line_1_83' title="bbox 1939 2003 3508 2074; baseline 0.011 -22"><span class='ocrx_word' id='word_1_612' title='bbox 1939 2012 2188 2055; x_wconf 86' lang='lat' dir='ltr'><strong>crescunt</strong></span> <span class='ocrx_word' id='word_1_613' title='bbox 2227 2003 2426 2072; x_wconf 85' lang='lat' dir='ltr'><strong>lapides</strong></span> <span class='ocrx_word' id='word_1_614' title='bbox 2455 2005 2541 2074; x_wconf 90' lang='lat' dir='ltr'><strong>qui</strong></span> <span class='ocrx_word' id='word_1_615' title='bbox 2567 2005 2832 2061; x_wconf 88' lang='lat' dir='ltr'><strong>ducuntur</strong></span> <span class='ocrx_word' id='word_1_616' title='bbox 2855 2007 2921 2063; x_wconf 83' lang='lat' dir='ltr'><strong>ad</strong></span> <span class='ocrx_word' id='word_1_617' title='bbox 2947 2007 3248 2066; x_wconf 62' lang='lat' dir='ltr'><strong>aedilicium.</strong></span> <span class='ocrx_word' id='word_1_618' title='bbox 3274 2012 3508 2069; x_wconf 83' lang='lat' dir='ltr'><strong>Crescite</strong></span> 
     </span>
    </p>
   </div>
   <div class='ocr_carea' id='block_1_82' title="bbox 1937 2094 3508 2172">
    <p class='ocr_par' dir='ltr' id='par_1_82' title="bbox 1937 2094 3508 2172">
     <span class='ocr_line' id='line_1_84' title="bbox 1937 2094 3508 2172; baseline 0.01 -28"><span class='ocrx_word' id='word_1_619' title='bbox 1937 2105 2103 2161; x_wconf 85' lang='lat' dir='ltr'><strong>ergo,</strong></span> <span class='ocrx_word' id='word_1_620' title='bbox 2145 2094 2416 2165; x_wconf 78' lang='lat' dir='ltr'><strong>intelligite</strong></span> <span class='ocrx_word' id='word_1_621' title='bbox 2455 2095 2720 2151; x_wconf 88' lang='lat' dir='ltr'><strong>Christum</strong></span> <span class='ocrx_word' id='word_1_622' title='bbox 2760 2115 3003 2169; x_wconf 84' lang='lat' dir='ltr'><strong>magnum</strong></span> <span class='ocrx_word' id='word_1_623' title='bbox 3043 2109 3142 2157; x_wconf 85' lang='lat' dir='ltr'><strong>:et</strong></span> <span class='ocrx_word' id='word_1_624' title='bbox 3171 2118 3360 2172; x_wconf 64' lang='lat' dir='ltr'><strong>par-rus</strong></span> <span class='ocrx_word' id='word_1_625' title='bbox 3397 2121 3508 2159; x_wconf 81' lang='lat' dir='ltr'><strong>ma-</strong></span> 
     </span>
    </p>
   </div>
   <div class='ocr_carea' id='block_1_83' title="bbox 1937 2188 3508 2254">
    <p class='ocr_par' dir='ltr' id='par_1_83' title="bbox 1937 2188 3508 2254">
     <span class='ocr_line' id='line_1_85' title="bbox 1937 2188 3508 2254; baseline 0.011 -22"><span class='ocrx_word' id='word_1_626' title='bbox 1937 2196 2073 2250; x_wconf 83' lang='lat' dir='ltr'><strong>gnus</strong></span> <span class='ocrx_word' id='word_1_627' title='bbox 2101 2192 2215 2246; x_wconf 87' lang='lat' dir='ltr'><strong>est,</strong></span> <span class='ocrx_word' id='word_1_628' title='bbox 2246 2200 2466 2254; x_wconf 88' lang='lat' dir='ltr'><strong>magnus</strong></span> <span class='ocrx_word' id='word_1_629' title='bbox 2506 2188 2683 2242; x_wconf 90' lang='lat' dir='ltr'><strong>nimis.</strong></span> <span class='ocrx_word' id='word_1_630' title='bbox 2727 2188 2924 2243; x_wconf 83' lang='lat' dir='ltr'><strong>Finivit</strong></span> <span class='ocrx_word' id='word_1_631' title='bbox 2961 2191 3117 2246; x_wconf 89' lang='lat' dir='ltr'><strong>verba</strong></span> <span class='ocrx_word' id='word_1_632' title='bbox 3147 2208 3162 2245; x_wconf 92' lang='lat'><strong>:</strong></span> <span class='ocrx_word' id='word_1_633' title='bbox 3191 2193 3402 2248; x_wconf 81' lang='lat' dir='ltr'><strong>volebat</strong></span> <span class='ocrx_word' id='word_1_634' title='bbox 3427 2195 3508 2249; x_wconf 83' lang='lat' dir='ltr'><strong>di-</strong></span> 
     </span>
    </p>
   </div>
   <div class='ocr_carea' id='block_1_84' title="bbox 1936 2282 3504 2356">
    <p class='ocr_par' dir='ltr' id='par_1_84' title="bbox 1936 2282 3504 2356">
     <span class='ocr_line' id='line_1_86' title="bbox 1936 2282 3504 2356; baseline 0.008 -28"><span class='ocrx_word' id='word_1_635' title='bbox 1936 2289 2061 2330; x_wconf 86' lang='lat' dir='ltr'><strong>cere</strong></span> <span class='ocrx_word' id='word_1_636' title='bbox 2087 2286 2337 2346; x_wconf 84' lang='lat' dir='ltr'><strong>quantnm</strong></span> <span class='ocrx_word' id='word_1_637' title='bbox 2367 2294 2617 2347; x_wconf 84' lang='lat' dir='ltr'><strong>magnus;</strong></span> <span class='ocrx_word' id='word_1_638' title='bbox 2648 2282 2746 2334; x_wconf 90' lang='lat' dir='ltr'><strong>etsi</strong></span> <span class='ocrx_word' id='word_1_639' title='bbox 2778 2289 2884 2335; x_wconf 91' lang='lat' dir='ltr'><strong>tota</strong></span> <span class='ocrx_word' id='word_1_640' title='bbox 2909 2282 2996 2337; x_wconf 90' lang='lat' dir='ltr'><strong>die</strong></span> <span class='ocrx_word' id='word_1_641' title='bbox 3023 2283 3239 2348; x_wconf 90' lang='lat' dir='ltr'><strong>diceret,</strong></span> <span class='ocrx_word' id='word_1_642' title='bbox 3267 2285 3504 2356; x_wconf 83' lang='lat' dir='ltr'><strong>Magnus,</strong></span> 
     </span>
    </p>
   </div>
   <div class='ocr_carea' id='block_1_85' title="bbox 1941 2369 3506 2444">
    <p class='ocr_par' dir='ltr' id='par_1_85' title="bbox 1941 2369 3506 2444">
     <span class='ocr_line' id='line_1_87' title="bbox 1941 2369 3506 2444; baseline 0.007 -25"><span class='ocrx_word' id='word_1_643' title='bbox 1941 2384 2180 2436; x_wconf 84' lang='lat' dir='ltr'><strong>magnus,</strong></span> <span class='ocrx_word' id='word_1_644' title='bbox 2213 2370 2336 2438; x_wconf 89' lang='lat' dir='ltr'><strong>quid</strong></span> <span class='ocrx_word' id='word_1_645' title='bbox 2366 2369 2608 2426; x_wconf 81' lang='lat' dir='ltr'><strong>diceret?</strong></span> <span class='ocrx_word' id='word_1_646' title='bbox 2636 2370 2766 2425; x_wconf 85' lang='lat' dir='ltr'><strong>Tota</strong></span> <span class='ocrx_word' id='word_1_647' title='bbox 2793 2373 2879 2427; x_wconf 91' lang='lat' dir='ltr'><strong>die</strong></span> <span class='ocrx_word' id='word_1_648' title='bbox 2908 2372 3111 2441; x_wconf 90' lang='lat' dir='ltr'><strong>dicens,</strong></span> <span class='ocrx_word' id='word_1_649' title='bbox 3141 2373 3358 2444; x_wconf 81' lang='lat' dir='ltr'><strong>Magnus</strong></span> <span class='ocrx_word' id='word_1_650' title='bbox 3387 2376 3506 2430; x_wconf 87' lang='lat' dir='ltr'><strong>lini-</strong></span> 
     </span>
    </p>
   </div>
   <div class='ocr_carea' id='block_1_86' title="bbox 1938 2462 3509 2537">
    <p class='ocr_par' dir='ltr' id='par_1_86' title="bbox 1938 2462 3509 2537">
     <span class='ocr_line' id='line_1_88' title="bbox 1938 2462 3509 2537; baseline 0.005 -23"><span class='ocrx_word' id='word_1_651' title='bbox 1938 2469 2022 2514; x_wconf 86' lang='lat' dir='ltr'><strong>ret</strong></span> <span class='ocrx_word' id='word_1_652' title='bbox 2063 2462 2385 2532; x_wconf 89' lang='lat' dir='ltr'><strong>aliquando;</strong></span> <span class='ocrx_word' id='word_1_653' title='bbox 2435 2463 2556 2532; x_wconf 89' lang='lat' dir='ltr'><strong>quia</strong></span> <span class='ocrx_word' id='word_1_654' title='bbox 2600 2463 2777 2518; x_wconf 86' lang='lat' dir='ltr'><strong>linitur</strong></span> <span class='ocrx_word' id='word_1_655' title='bbox 2817 2464 2930 2520; x_wconf 87' lang='lat' dir='ltr'><strong>dies</strong></span> <span class='ocrx_word' id='word_1_656' title='bbox 2973 2483 2985 2518; x_wconf 93' lang='lat'>:</span> <span class='ocrx_word' id='word_1_657' title='bbox 3029 2467 3331 2537; x_wconf 78' lang='lat' dir='ltr'><strong>magnitudo</strong></span> <span class='ocrx_word' id='word_1_658' title='bbox 3369 2468 3509 2523; x_wconf 84' lang='lat' dir='ltr'><strong>illius</strong></span> 
     </span>
    </p>
   </div>
   <div class='ocr_carea' id='block_1_87' title="bbox 1939 2552 3508 2627">
    <p class='ocr_par' dir='ltr' id='par_1_87' title="bbox 1939 2552 3508 2627">
     <span class='ocr_line' id='line_1_89' title="bbox 1939 2552 3508 2627; baseline 0.004 -20"><span class='ocrx_word' id='word_1_659' title='bbox 1939 2560 2064 2608; x_wconf 87' lang='lat' dir='ltr'><strong>ante</strong></span> <span class='ocrx_word' id='word_1_660' title='bbox 2091 2552 2239 2620; x_wconf 90' lang='lat' dir='ltr'><strong>dies,</strong></span> <span class='ocrx_word' id='word_1_661' title='bbox 2283 2554 2417 2608; x_wconf 89' lang='lat' dir='ltr'><strong>ultra</strong></span> <span class='ocrx_word' id='word_1_662' title='bbox 2447 2555 2596 2621; x_wconf 89' lang='lat' dir='ltr'><strong>dies,</strong></span> <span class='ocrx_word' id='word_1_663' title='bbox 2625 2556 2741 2610; x_wconf 89' lang='lat' dir='ltr'><strong>sine</strong></span> <span class='ocrx_word' id='word_1_664' title='bbox 2777 2555 2883 2611; x_wconf 89' lang='lat' dir='ltr'><strong>die.</strong></span> <span class='ocrx_word' id='word_1_665' title='bbox 2927 2555 3068 2626; x_wconf 86' lang='lat' dir='ltr'><strong>Ergo</strong></span> <span class='ocrx_word' id='word_1_666' title='bbox 3097 2557 3221 2627; x_wconf 88' lang='lat' dir='ltr'><strong>quid</strong></span> <span class='ocrx_word' id='word_1_667' title='bbox 3265 2559 3508 2614; x_wconf 83' lang='lat' dir='ltr'><strong>diceret?</strong></span> 
     </span>
    </p>
   </div>
   <div class='ocr_carea' id='block_1_88' title="bbox 1941 2642 3510 2718">
    <p class='ocr_par' dir='ltr' id='par_1_88' title="bbox 1941 2642 3510 2718">
     <span class='ocr_line' id='line_1_90' title="bbox 1941 2642 3510 2718; baseline 0.005 -23"><span class='ocrx_word' id='word_1_668' title='bbox 1941 2642 2191 2706; x_wconf 84' lang='lat' dir='ltr'><strong>Quoniam</strong></span> <span class='ocrx_word' id='word_1_669' title='bbox 2235 2661 2445 2714; x_wconf 84' lang='lat' dir='ltr'><strong>magnus</strong></span> <span class='ocrx_word' id='word_1_670' title='bbox 2482 2644 2727 2700; x_wconf 87' lang='lat' dir='ltr'><strong>Dominus</strong></span> <span class='ocrx_word' id='word_1_671' title='bbox 2767 2655 2812 2700; x_wconf 81' lang='lat' dir='ltr'><strong>et</strong></span> <span class='ocrx_word' id='word_1_672' title='bbox 2853 2646 3124 2701; x_wconf 84' lang='lat' dir='ltr'><strong>laudabilis</strong></span> <span class='ocrx_word' id='word_1_673' title='bbox 3164 2648 3329 2702; x_wconf 86' lang='lat' dir='ltr'><strong>nimis.</strong></span> <span class='ocrx_word' id='word_1_674' title='bbox 3371 2650 3510 2718; x_wconf 85' lang='lat' dir='ltr'><strong>Quid</strong></span> 
     </span>
    </p>
   </div>
   <div class='ocr_carea' id='block_1_89' title="bbox 1937 2735 3582 2806">
    <p class='ocr_par' dir='ltr' id='par_1_89' title="bbox 1937 2735 3582 2806">
     <span class='ocr_line' id='line_1_91' title="bbox 1937 2735 3582 2806; baseline 0.006 -18"><span class='ocrx_word' id='word_1_675' title='bbox 1937 2736 2077 2788; x_wconf 91' lang='lat' dir='ltr'><strong>enim</strong></span> <span class='ocrx_word' id='word_1_676' title='bbox 2123 2735 2325 2790; x_wconf 81' lang='lat' dir='ltr'><strong>dictura</strong></span> <span class='ocrx_word' id='word_1_677' title='bbox 2373 2745 2452 2790; x_wconf 81' lang='lat' dir='ltr'><strong>est</strong></span> <span class='ocrx_word' id='word_1_678' title='bbox 2500 2737 2672 2806; x_wconf 82' lang='lat' dir='ltr'><strong>lingua</strong></span> <span class='ocrx_word' id='word_1_679' title='bbox 2722 2752 2880 2806; x_wconf 85' lang='lat' dir='ltr'><strong>parva</strong></span> <span class='ocrx_word' id='word_1_680' title='bbox 2923 2738 2987 2792; x_wconf 85' lang='lat' dir='ltr'><strong>ad</strong></span> <span class='ocrx_word' id='word_1_681' title='bbox 3038 2739 3350 2793; x_wconf 88' lang='lat' dir='ltr'><strong>laudandmn</strong></span> <span class='ocrx_word' id='word_1_682' title='bbox 3393 2758 3508 2793; x_wconf 78' lang='lat' dir='ltr'><strong>ma-</strong></span> <span class='ocrx_word' id='word_1_683' title='bbox 3579 2795 3582 2798; x_wconf 30' lang='grc' dir='ltr'><strong><em>λ</em></strong></span> 
     </span>
    </p>
   </div>
   <div class='ocr_carea' id='block_1_90' title="bbox 1939 2825 3510 2896">
    <p class='ocr_par' dir='ltr' id='par_1_90' title="bbox 1939 2825 3510 2896">
     <span class='ocr_line' id='line_1_92' title="bbox 1939 2825 3510 2896; baseline 0.005 -20"><span class='ocrx_word' id='word_1_684' title='bbox 1939 2825 2137 2892; x_wconf 77' lang='lat' dir='ltr'><strong>gnum?</strong></span> <span class='ocrx_word' id='word_1_685' title='bbox 2167 2827 2396 2880; x_wconf 85' lang='lat' dir='ltr'><strong>Dicendo</strong></span> <span class='ocrx_word' id='word_1_686' title='bbox 2415 2868 2429 2890; x_wconf 91' lang='lat'><strong>,</strong></span> <span class='ocrx_word' id='word_1_687' title='bbox 2455 2828 2602 2881; x_wconf 86' lang='lat' dir='ltr'><strong>nimis</strong></span> <span class='ocrx_word' id='word_1_688' title='bbox 2621 2868 2633 2889; x_wconf 87' lang='lat'><strong>,</strong></span> <span class='ocrx_word' id='word_1_689' title='bbox 2663 2829 2841 2882; x_wconf 84' lang='lat' dir='ltr'><strong>emisit</strong></span> <span class='ocrx_word' id='word_1_690' title='bbox 2871 2832 3049 2882; x_wconf 69' lang='lat' dir='ltr'><strong>mecm</strong></span> <span class='ocrx_word' id='word_1_691' title='bbox 3069 2871 3082 2894; x_wconf 90' lang='lat'><strong>,</strong></span> <span class='ocrx_word' id='word_1_692' title='bbox 3115 2838 3168 2882; x_wconf 90' lang='lat' dir='ltr'><strong>el.</strong></span> <span class='ocrx_word' id='word_1_693' title='bbox 3195 2829 3338 2883; x_wconf 85' lang='lat' dir='ltr'><strong>dedit</strong></span> <span class='ocrx_word' id='word_1_694' title='bbox 3368 2833 3510 2896; x_wconf 56' lang='lat' dir='ltr'><strong>cogi-</strong></span> 
     </span>
    </p>
   </div>
   <div class='ocr_carea' id='block_1_91' title="bbox 1941 2915 3510 2986">
    <p class='ocr_par' dir='ltr' id='par_1_91' title="bbox 1941 2915 3510 2986">
     <span class='ocr_line' id='line_1_93' title="bbox 1941 2915 3510 2986; baseline 0.004 -20"><span class='ocrx_word' id='word_1_695' title='bbox 1941 2915 2122 2967; x_wconf 89' lang='lat' dir='ltr'><strong>tationi</strong></span> <span class='ocrx_word' id='word_1_696' title='bbox 2153 2915 2291 2984; x_wconf 86' lang='lat' dir='ltr'><strong>quod</strong></span> <span class='ocrx_word' id='word_1_697' title='bbox 2331 2916 2546 2984; x_wconf 90' lang='lat' dir='ltr'><strong>sapiat:</strong></span> <span class='ocrx_word' id='word_1_698' title='bbox 2583 2926 2826 2986; x_wconf 88' lang='lat' dir='ltr'><strong>tanquam</strong></span> <span class='ocrx_word' id='word_1_699' title='bbox 2866 2917 3082 2981; x_wconf 89' lang='lat' dir='ltr'><strong>dicens,</strong></span> <span class='ocrx_word' id='word_1_700' title='bbox 3125 2919 3276 2985; x_wconf 88' lang='lat' dir='ltr'><strong>Quod</strong></span> <span class='ocrx_word' id='word_1_701' title='bbox 3321 2936 3510 2972; x_wconf 84' lang='lat' dir='ltr'><strong>sonare</strong></span> 
     </span>
    </p>
   </div>
   <div class='ocr_carea' id='block_1_92' title="bbox 1936 3006 3508 3076">
    <p class='ocr_par' dir='ltr' id='par_1_92' title="bbox 1936 3006 3508 3076">
     <span class='ocr_line' id='line_1_94' title="bbox 1936 3006 3508 3076; baseline 0.002 -18"><span class='ocrx_word' id='word_1_702' title='bbox 1936 3019 2043 3058; x_wconf 88' lang='lat' dir='ltr'><strong>non</strong></span> <span class='ocrx_word' id='word_1_703' title='bbox 2077 3019 2325 3072; x_wconf 89' lang='lat' dir='ltr'><strong>possum,</strong></span> <span class='ocrx_word' id='word_1_704' title='bbox 2373 3014 2427 3072; x_wconf 80' lang='lat' dir='ltr'><strong>tu</strong></span> <span class='ocrx_word' id='word_1_705' title='bbox 2457 3006 2666 3076; x_wconf 86' lang='lat' dir='ltr'><strong>cogita;</strong></span> <span class='ocrx_word' id='word_1_706' title='bbox 2711 3014 2908 3060; x_wconf 87' lang='lat' dir='ltr'><strong>etcum</strong></span> <span class='ocrx_word' id='word_1_707' title='bbox 2945 3008 3291 3076; x_wconf 78' lang='lat' dir='ltr'><strong>cogitaveris,</strong></span> <span class='ocrx_word' id='word_1_708' title='bbox 3325 3024 3508 3076; x_wconf 77' lang='lat' dir='ltr'><strong>parum</strong></span> 
     </span>
    </p>
   </div>
   <div class='ocr_carea' id='block_1_93' title="bbox 1939 3095 3510 3167">
    <p class='ocr_par' dir='ltr' id='par_1_93' title="bbox 1939 3095 3510 3167">
     <span class='ocr_line' id='line_1_95' title="bbox 1939 3095 3510 3167; baseline 0.001 -17"><span class='ocrx_word' id='word_1_709' title='bbox 1939 3097 2056 3150; x_wconf 84' lang='lat' dir='ltr'><strong>erit.</strong></span> <span class='ocrx_word' id='word_1_710' title='bbox 2099 3095 2248 3163; x_wconf 86' lang='lat' dir='ltr'><strong>Quod</strong></span> <span class='ocrx_word' id='word_1_711' title='bbox 2290 3097 2536 3166; x_wconf 82' lang='lat' dir='ltr'><strong>cogitatio</strong></span> <span class='ocrx_word' id='word_1_712' title='bbox 2569 3097 2761 3150; x_wconf 87' lang='lat' dir='ltr'><strong>nullius</strong></span> <span class='ocrx_word' id='word_1_713' title='bbox 2784 3098 3043 3166; x_wconf 75' lang='lat' dir='ltr'><strong>explicat,</strong></span> <span class='ocrx_word' id='word_1_714' title='bbox 3076 3099 3247 3166; x_wconf 85' lang='lat' dir='ltr'><strong>lingua</strong></span> <span class='ocrx_word' id='word_1_715' title='bbox 3289 3099 3510 3167; x_wconf 86' lang='lat' dir='ltr'><strong>alicujus</strong></span> 
     </span>
    </p>
   </div>
   <div class='ocr_carea' id='block_1_94' title="bbox 1939 3181 3510 3258">
    <p class='ocr_par' dir='ltr' id='par_1_94' title="bbox 1939 3181 3510 3258">
     <span class='ocr_line' id='line_1_96' title="bbox 1939 3181 3510 3258; baseline 0.004 -18"><span class='ocrx_word' id='word_1_716' title='bbox 1939 3187 2205 3254; x_wconf 79' lang='lat' dir='ltr'><strong>explicat?</strong></span> <span class='ocrx_word' id='word_1_717' title='bbox 2246 3185 2464 3257; x_wconf 76' lang='lat' dir='ltr'><strong>Magnus</strong></span> <span class='ocrx_word' id='word_1_718' title='bbox 2500 3185 2748 3241; x_wconf 89' lang='lat' dir='ltr'><strong>Dominus</strong></span> <span class='ocrx_word' id='word_1_719' title='bbox 2785 3198 2828 3239; x_wconf 86' lang='lat' dir='ltr'><strong>et</strong></span> <span class='ocrx_word' id='word_1_720' title='bbox 2869 3188 3136 3242; x_wconf 82' lang='lat' dir='ltr'><strong>laudabilis</strong></span> <span class='ocrx_word' id='word_1_721' title='bbox 3160 3181 3341 3242; x_wconf 77' lang='lat' dir='ltr'><strong>nimis.</strong></span> <span class='ocrx_word' id='word_1_722' title='bbox 3397 3190 3510 3258; x_wconf 86' lang='lat' dir='ltr'><strong>Ipse</strong></span> 
     </span>
    </p>
   </div>
   <div class='ocr_carea' id='block_1_95' title="bbox 1939 3276 3512 3347">
    <p class='ocr_par' dir='ltr' id='par_1_95' title="bbox 1939 3276 3512 3347">
     <span class='ocr_line' id='line_1_97' title="bbox 1939 3276 3512 3347; baseline 0.003 -18"><span class='ocrx_word' id='word_1_723' title='bbox 1939 3276 2210 3341; x_wconf 87' lang='lat' dir='ltr'><strong>laudetur,</strong></span> <span class='ocrx_word' id='word_1_724' title='bbox 2243 3277 2355 3346; x_wconf 85' lang='lat' dir='ltr'><strong>ipse</strong></span> <span class='ocrx_word' id='word_1_725' title='bbox 2396 3276 2745 3347; x_wconf 71' lang='lat' dir='ltr'><strong>prmdicetur,</strong></span> <span class='ocrx_word' id='word_1_726' title='bbox 2770 3279 2889 3346; x_wconf 85' lang='lat' dir='ltr'><strong>eius</strong></span> <span class='ocrx_word' id='word_1_727' title='bbox 2923 3279 3086 3347; x_wconf 85' lang='lat' dir='ltr'><strong>gloria</strong></span> <span class='ocrx_word' id='word_1_728' title='bbox 3124 3282 3422 3344; x_wconf 88' lang='lat' dir='ltr'><strong>nuntietur,</strong></span> <span class='ocrx_word' id='word_1_729' title='bbox 3457 3293 3512 3334; x_wconf 82' lang='lat' dir='ltr'><strong>et.</strong></span> 
     </span>
    </p>
   </div>
   <div class='ocr_carea' id='block_1_96' title="bbox 1939 3365 2516 3420">
    <p class='ocr_par' dir='ltr' id='par_1_96' title="bbox 1939 3365 2516 3420">
     <span class='ocr_line' id='line_1_98' title="bbox 1939 3365 2516 3420; baseline -0.002 -1"><span class='ocrx_word' id='word_1_730' title='bbox 1939 3365 2230 3419; x_wconf 67' lang='lat' dir='ltr'><strong>mdilicatur</strong></span> <span class='ocrx_word' id='word_1_731' title='bbox 2266 3365 2454 3420; x_wconf 88' lang='lat' dir='ltr'><strong>domus</strong></span> <span class='ocrx_word' id='word_1_732' title='bbox 2476 3368 2516 3418; x_wconf 92' lang='grc'><strong>¹.</strong></span> 
     </span>
    </p>
   </div>
   <div class='ocr_carea' id='block_1_97' title="bbox 2008 3456 3510 3526">
    <p class='ocr_par' dir='ltr' id='par_1_97' title="bbox 2008 3456 3510 3526">
     <span class='ocr_line' id='line_1_99' title="bbox 2008 3456 3510 3526; baseline 0.002 -16"><span class='ocrx_word' id='word_1_733' title='bbox 2008 3457 2058 3510; x_wconf 83' lang='grc'><strong>5.</strong></span> <span class='ocrx_word' id='word_1_734' title='bbox 2094 3456 2350 3510; x_wconf 81' lang='lat' dir='ltr'><strong>Terribilis</strong></span> <span class='ocrx_word' id='word_1_735' title='bbox 2389 3467 2459 3510; x_wconf 87' lang='lat' dir='ltr'><strong>est</strong></span> <span class='ocrx_word' id='word_1_736' title='bbox 2501 3473 2651 3526; x_wconf 84' lang='lat' dir='ltr'><strong>super</strong></span> <span class='ocrx_word' id='word_1_737' title='bbox 2689 3474 2857 3511; x_wconf 88' lang='lat' dir='ltr'><strong>omnes</strong></span> <span class='ocrx_word' id='word_1_738' title='bbox 2897 3458 3033 3512; x_wconf 88' lang='lat' dir='ltr'><strong>deos.</strong></span> <span class='ocrx_word' id='word_1_739' title='bbox 3082 3457 3215 3512; x_wconf 88' lang='lat' dir='ltr'><strong>Sunt</strong></span> <span class='ocrx_word' id='word_1_740' title='bbox 3256 3459 3396 3512; x_wconf 86' lang='lat' dir='ltr'><strong>enim</strong></span> <span class='ocrx_word' id='word_1_741' title='bbox 3437 3460 3510 3514; x_wconf 90' lang='lat' dir='ltr'><strong>dii</strong></span> 
     </span>
    </p>
   </div>
   <div class='ocr_carea' id='block_1_98' title="bbox 1936 3547 3509 3617">
    <p class='ocr_par' dir='ltr' id='par_1_98' title="bbox 1936 3547 3509 3617">
     <span class='ocr_line' id='line_1_100' title="bbox 1936 3547 3509 3617; baseline 0.003 -19"><span class='ocrx_word' id='word_1_742' title='bbox 1936 3559 2098 3614; x_wconf 81' lang='lat' dir='ltr'><strong>Super</strong></span> <span class='ocrx_word' id='word_1_743' title='bbox 2125 3560 2256 3615; x_wconf 90' lang='lat' dir='ltr'><strong>quos</strong></span> <span class='ocrx_word' id='word_1_744' title='bbox 2295 3547 2362 3600; x_wconf 89' lang='lat' dir='ltr'><strong>sit</strong></span> <span class='ocrx_word' id='word_1_745' title='bbox 2393 3547 2641 3601; x_wconf 89' lang='lat' dir='ltr'><strong>terribilis</strong></span> <span class='ocrx_word' id='word_1_746' title='bbox 2671 3547 2801 3602; x_wconf 84' lang='lat' dir='ltr'><strong>ille?</strong></span> <span class='ocrx_word' id='word_1_747' title='bbox 2837 3547 3118 3602; x_wconf 81' lang='lat' dir='ltr'><strong>Videamus</strong></span> <span class='ocrx_word' id='word_1_748' title='bbox 3138 3551 3158 3581; x_wconf 78' lang='grc'>⁸</span> <span class='ocrx_word' id='word_1_749' title='bbox 3187 3566 3320 3617; x_wconf 84' lang='lat' dir='ltr'><strong>quos</strong></span> <span class='ocrx_word' id='word_1_750' title='bbox 3347 3551 3509 3609; x_wconf 81' lang='lat' dir='ltr'><strong>dicat.</strong></span> 
     </span>
    </p>
   </div>
   <div class='ocr_carea' id='block_1_99' title="bbox 1939 3635 3509 3707">
    <p class='ocr_par' dir='ltr' id='par_1_99' title="bbox 1939 3635 3509 3707">
     <span class='ocr_line' id='line_1_101' title="bbox 1939 3635 3509 3707; baseline 0.004 -19"><span class='ocrx_word' id='word_1_751' title='bbox 1939 3646 1992 3689; x_wconf 84' lang='lat' dir='ltr'><strong>ct</strong></span> <span class='ocrx_word' id='word_1_752' title='bbox 2018 3635 2311 3694; x_wconf 79' lang='lat' dir='ltr'><strong>videbimus</strong></span> <span class='ocrx_word' id='word_1_753' title='bbox 2343 3653 2505 3706; x_wconf 89' lang='lat' dir='ltr'><strong>quare</strong></span> <span class='ocrx_word' id='word_1_754' title='bbox 2551 3637 2710 3692; x_wconf 86' lang='lat' dir='ltr'><strong>dicat.</strong></span> <span class='ocrx_word' id='word_1_755' title='bbox 2763 3638 2977 3692; x_wconf 89' lang='lat' dir='ltr'><strong>Interim</strong></span> <span class='ocrx_word' id='word_1_756' title='bbox 3022 3649 3301 3707; x_wconf 84' lang='lat' dir='ltr'><strong>antequam</strong></span> <span class='ocrx_word' id='word_1_757' title='bbox 3348 3641 3509 3704; x_wconf 81' lang='lat' dir='ltr'><strong>dicat,</strong></span> 
     </span>
    </p>
   </div>
   <div class='ocr_carea' id='block_1_100' title="bbox 1940 3724 3513 3796">
    <p class='ocr_par' dir='ltr' id='par_1_100' title="bbox 1940 3724 3513 3796">
     <span class='ocr_line' id='line_1_102' title="bbox 1940 3724 3513 3796; baseline 0.004 -18"><span class='ocrx_word' id='word_1_758' title='bbox 1940 3724 2270 3787; x_wconf 82' lang='lat' dir='ltr'><strong>cbarissimi,</strong></span> <span class='ocrx_word' id='word_1_759' title='bbox 2302 3727 2580 3780; x_wconf 82' lang='lat' dir='ltr'><strong>advertite.</strong></span> <span class='ocrx_word' id='word_1_760' title='bbox 2628 3726 2718 3780; x_wconf 89' lang='lat' dir='ltr'><strong>Ille</strong></span> <span class='ocrx_word' id='word_1_761' title='bbox 2759 3727 2844 3796; x_wconf 89' lang='lat' dir='ltr'><strong>qui</strong></span> <span class='ocrx_word' id='word_1_762' title='bbox 2889 3729 3037 3796; x_wconf 90' lang='lat' dir='ltr'><strong>quasi</strong></span> <span class='ocrx_word' id='word_1_763' title='bbox 3070 3730 3280 3782; x_wconf 86' lang='lat' dir='ltr'><strong>territus</strong></span> <span class='ocrx_word' id='word_1_764' title='bbox 3307 3729 3513 3784; x_wconf 82' lang='lat' dir='ltr'><strong>videtur</strong></span> 
     </span>
    </p>
   </div>
   <div class='ocr_carea' id='block_1_101' title="bbox 1940 3815 3510 3887">
    <p class='ocr_par' dir='ltr' id='par_1_101' title="bbox 1940 3815 3510 3887">
     <span class='ocr_line' id='line_1_103' title="bbox 1940 3815 3510 3887; baseline 0.002 -18"><span class='ocrx_word' id='word_1_765' title='bbox 1940 3816 2080 3870; x_wconf 86' lang='lat' dir='ltr'><strong>inter</strong></span> <span class='ocrx_word' id='word_1_766' title='bbox 2108 3815 2349 3887; x_wconf 87' lang='lat' dir='ltr'><strong>homines</strong></span> <span class='ocrx_word' id='word_1_767' title='bbox 2369 3857 2383 3878; x_wconf 90' lang='lat'><strong>,</strong></span> <span class='ocrx_word' id='word_1_768' title='bbox 2413 3816 2645 3870; x_wconf 85' lang='lat' dir='ltr'><strong>terribilis</strong></span> <span class='ocrx_word' id='word_1_769' title='bbox 2683 3826 2756 3869; x_wconf 78' lang='lat' dir='ltr'><strong>est</strong></span> <span class='ocrx_word' id='word_1_770' title='bbox 2784 3833 2933 3883; x_wconf 80' lang='lat' dir='ltr'><strong>super</strong></span> <span class='ocrx_word' id='word_1_771' title='bbox 2961 3834 3128 3870; x_wconf 85' lang='lat' dir='ltr'><strong>omnes</strong></span> <span class='ocrx_word' id='word_1_772' title='bbox 3164 3821 3300 3872; x_wconf 86' lang='lat' dir='ltr'><strong>deos.</strong></span> <span class='ocrx_word' id='word_1_773' title='bbox 3346 3819 3510 3872; x_wconf 85' lang='lat' dir='ltr'><strong>Num-</strong></span> 
     </span>
    </p>
   </div>
   <div class='ocr_carea' id='block_1_102' title="bbox 1939 3907 3508 3981">
    <p class='ocr_par' dir='ltr' id='par_1_102' title="bbox 1939 3907 3508 3981">
     <span class='ocr_line' id='line_1_104' title="bbox 1939 3907 3508 3981; baseline 0.003 -23"><span class='ocrx_word' id='word_1_774' title='bbox 1939 3907 2066 3974; x_wconf 86' lang='lat' dir='ltr'><strong>quid</strong></span> <span class='ocrx_word' id='word_1_775' title='bbox 2128 3924 2232 3960; x_wconf 91' lang='lat' dir='ltr'><strong>non</strong></span> <span class='ocrx_word' id='word_1_776' title='bbox 2297 3908 2622 3962; x_wconf 77' lang='lat' dir='ltr'><strong>fremuerunt</strong></span> <span class='ocrx_word' id='word_1_777' title='bbox 2662 3911 2887 3976; x_wconf 78' lang='lat' dir='ltr'><strong>gentes?</strong></span> <span class='ocrx_word' id='word_1_778' title='bbox 2937 3910 3187 3978; x_wconf 90' lang='lat' dir='ltr'><strong>numquid</strong></span> <span class='ocrx_word' id='word_1_779' title='bbox 3249 3925 3352 3964; x_wconf 90' lang='lat' dir='ltr'><strong>non</strong></span> <span class='ocrx_word' id='word_1_780' title='bbox 3415 3928 3508 3981; x_wconf 82' lang='lat' dir='ltr'><strong>po-</strong></span> 
     </span>
    </p>
   </div>
   <div class='ocr_carea' id='block_1_103' title="bbox 1936 3998 3512 4067">
    <p class='ocr_par' dir='ltr' id='par_1_103' title="bbox 1936 3998 3512 4067">
     <span class='ocr_line' id='line_1_105' title="bbox 1936 3998 3512 4067; baseline 0.004 -17"><span class='ocrx_word' id='word_1_781' title='bbox 1936 3999 2046 4067; x_wconf 90' lang='lat' dir='ltr'><strong>puli</strong></span> <span class='ocrx_word' id='word_1_782' title='bbox 2109 3998 2344 4052; x_wconf 85' lang='lat' dir='ltr'><strong>meditati</strong></span> <span class='ocrx_word' id='word_1_783' title='bbox 2400 4011 2523 4054; x_wconf 88' lang='lat' dir='ltr'><strong>sunt</strong></span> <span class='ocrx_word' id='word_1_784' title='bbox 2591 4000 2761 4053; x_wconf 85' lang='lat' dir='ltr'><strong>inania</strong></span> <span class='ocrx_word' id='word_1_785' title='bbox 2817 3999 3073 4055; x_wconf 85' lang='lat' dir='ltr'><strong>adversus</strong></span> <span class='ocrx_word' id='word_1_786' title='bbox 3126 4002 3403 4056; x_wconf 89' lang='lat' dir='ltr'><strong>Dominum</strong></span> <span class='ocrx_word' id='word_1_787' title='bbox 3459 4013 3512 4057; x_wconf 82' lang='lat' dir='ltr'><strong>et</strong></span> 
     </span>
    </p>
   </div>
   <div class='ocr_carea' id='block_1_104' title="bbox 1939 4088 3511 4161">
    <p class='ocr_par' dir='ltr' id='par_1_104' title="bbox 1939 4088 3511 4161">
     <span class='ocr_line' id='line_1_106' title="bbox 1939 4088 3511 4161; baseline 0.003 -20"><span class='ocrx_word' id='word_1_788' title='bbox 1939 4089 2191 4142; x_wconf 86' lang='lat' dir='ltr'><strong>adversus</strong></span> <span class='ocrx_word' id='word_1_789' title='bbox 2216 4088 2485 4143; x_wconf 84' lang='lat' dir='ltr'><strong>Christqu</strong></span> <span class='ocrx_word' id='word_1_790' title='bbox 2529 4089 2642 4158; x_wconf 80' lang='lat' dir='ltr'><strong>eius</strong></span> <span class='ocrx_word' id='word_1_791' title='bbox 2675 4088 2858 4160; x_wconf 83' lang='lat' dir='ltr'><strong>(Psnl.</strong></span> <span class='ocrx_word' id='word_1_792' title='bbox 2883 4107 2951 4155; x_wconf 88' lang='lat' dir='ltr'><strong>ll,</strong></span> <span class='ocrx_word' id='word_1_793' title='bbox 2983 4091 3093 4161; x_wconf 79' lang='lat' dir='ltr'><strong>l)?</strong></span> <span class='ocrx_word' id='word_1_794' title='bbox 3134 4090 3397 4161; x_wconf 88' lang='lat' dir='ltr'><strong>Numquid</strong></span> <span class='ocrx_word' id='word_1_795' title='bbox 3438 4093 3511 4146; x_wconf 91' lang='lat' dir='ltr'><strong>illi</strong></span> 
     </span>
    </p>
   </div>
   <div class='ocr_carea' id='block_1_105' title="bbox 1943 4179 3512 4251">
    <p class='ocr_par' dir='ltr' id='par_1_105' title="bbox 1943 4179 3512 4251">
     <span class='ocr_line' id='line_1_107' title="bbox 1943 4179 3512 4251; baseline 0.003 -19"><span class='ocrx_word' id='word_1_796' title='bbox 1943 4180 2076 4232; x_wconf 88' lang='lat' dir='ltr'><strong>tauri</strong></span> <span class='ocrx_word' id='word_1_797' title='bbox 2120 4180 2342 4249; x_wconf 86' lang='lat' dir='ltr'><strong>pingues</strong></span> <span class='ocrx_word' id='word_1_798' title='bbox 2393 4196 2498 4232; x_wconf 91' lang='lat' dir='ltr'><strong>non</strong></span> <span class='ocrx_word' id='word_1_799' title='bbox 2543 4179 3004 4234; x_wconf 82' lang='lat' dir='ltr'><strong>circumdederunt</strong></span> <span class='ocrx_word' id='word_1_800' title='bbox 3049 4182 3214 4235; x_wconf 82' lang='lat' dir='ltr'><strong>eum?</strong></span> <span class='ocrx_word' id='word_1_801' title='bbox 3261 4184 3512 4251; x_wconf 88' lang='lat' dir='ltr'><strong>numquid</strong></span> 
     </span>
    </p>
   </div>
   <div class='ocr_carea' id='block_1_106' title="bbox 1942 4269 3513 4344">
    <p class='ocr_par' dir='ltr' id='par_1_106' title="bbox 1942 4269 3513 4344">
     <span class='ocr_line' id='line_1_108' title="bbox 1942 4269 3513 4344; baseline 0 -18"><span class='ocrx_word' id='word_1_802' title='bbox 1942 4289 2044 4326; x_wconf 91' lang='lat' dir='ltr'><strong>non</strong></span> <span class='ocrx_word' id='word_1_803' title='bbox 2088 4273 2173 4326; x_wconf 77' lang='lat' dir='ltr'><strong>leo</strong></span> <span class='ocrx_word' id='word_1_804' title='bbox 2201 4272 2286 4325; x_wconf 91' lang='lat' dir='ltr'><strong>ille</strong></span> <span class='ocrx_word' id='word_1_805' title='bbox 2315 4273 2530 4341; x_wconf 89' lang='lat' dir='ltr'><strong>rugiens</strong></span> <span class='ocrx_word' id='word_1_806' title='bbox 2572 4269 2785 4326; x_wconf 81' lang='lat' dir='ltr'><strong>fremuit</strong></span> <span class='ocrx_word' id='word_1_807' title='bbox 2823 4287 2979 4340; x_wconf 88' lang='lat' dir='ltr'><strong>super</strong></span> <span class='ocrx_word' id='word_1_808' title='bbox 3017 4273 3160 4326; x_wconf 91' lang='lat' dir='ltr'><strong>illum</strong></span> <span class='ocrx_word' id='word_1_809' title='bbox 3191 4271 3372 4344; x_wconf 84' lang='lat' dir='ltr'><strong>(Psal.</strong></span> <span class='ocrx_word' id='word_1_810' title='bbox 3402 4290 3513 4338; x_wconf 69' lang='grc' dir='ltr'>χχι,</span> 
     </span>
    </p>
   </div>
   <div class='ocr_carea' id='block_1_107' title="bbox 1942 4363 3512 4432">
    <p class='ocr_par' dir='ltr' id='par_1_107' title="bbox 1942 4363 3512 4432">
     <span class='ocr_line' id='line_1_109' title="bbox 1942 4363 3512 4432; baseline 0.003 -16"><span class='ocrx_word' id='word_1_811' title='bbox 1942 4364 2029 4421; x_wconf 87' lang='grc'><strong>15.</strong></span> <span class='ocrx_word' id='word_1_812' title='bbox 2061 4363 2162 4432; x_wconf 70' lang='grc'><strong>14)</strong></span> <span class='ocrx_word' id='word_1_813' title='bbox 2185 4403 2199 4424; x_wconf 86' lang='grc'><strong>,</strong></span> <span class='ocrx_word' id='word_1_814' title='bbox 2228 4370 2284 4417; x_wconf 90' lang='lat' dir='ltr'><strong>ct</strong></span> <span class='ocrx_word' id='word_1_815' title='bbox 2313 4363 2515 4416; x_wconf 90' lang='lat' dir='ltr'><strong>intrans</strong></span> <span class='ocrx_word' id='word_1_816' title='bbox 2545 4363 2594 4416; x_wconf 91' lang='lat' dir='ltr'><strong>in</strong></span> <span class='ocrx_word' id='word_1_817' title='bbox 2625 4363 2784 4416; x_wconf 88' lang='lat' dir='ltr'><strong>corda</strong></span> <span class='ocrx_word' id='word_1_818' title='bbox 2817 4365 3146 4417; x_wconf 80' lang='lat' dir='ltr'><strong>saevientium</strong></span> <span class='ocrx_word' id='word_1_819' title='bbox 3178 4366 3512 4428; x_wconf 81' lang='lat' dir='ltr'><strong>exclamavit,</strong></span> 
     </span>
    </p>
   </div>
   <div class='ocr_carea' id='block_1_108' title="bbox 1941 4453 3516 4526">
    <p class='ocr_par' dir='ltr' id='par_1_108' title="bbox 1941 4453 3516 4526">
     <span class='ocr_line' id='line_1_110' title="bbox 1941 4453 3516 4526; baseline 0.003 -18"><span class='ocrx_word' id='word_1_820' title='bbox 1941 4453 2219 4524; x_wconf 71' lang='lat' dir='ltr'><strong>Cruci/iga,</strong></span> <span class='ocrx_word' id='word_1_821' title='bbox 2246 4455 2483 4524; x_wconf 80' lang='lat' dir='ltr'><strong>cruciﬁge</strong></span> <span class='ocrx_word' id='word_1_822' title='bbox 2513 4454 2723 4525; x_wconf 77' lang='lat' dir='ltr'><strong>(Matth.</strong></span> <span class='ocrx_word' id='word_1_823' title='bbox 2752 4471 2890 4508; x_wconf 73' lang='lat' dir='ltr'><strong>xxvn</strong></span> <span class='ocrx_word' id='word_1_824' title='bbox 2911 4497 2926 4520; x_wconf 94' lang='lat'><strong>,</strong></span> <span class='ocrx_word' id='word_1_825' title='bbox 2949 4456 3039 4526; x_wconf 77' lang='lat'><strong>9.5)</strong></span> <span class='ocrx_word' id='word_1_826' title='bbox 3068 4472 3083 4521; x_wconf 87' lang='lat'><strong>;</strong></span> <span class='ocrx_word' id='word_1_827' title='bbox 3113 4458 3260 4526; x_wconf 89' lang='lat' dir='ltr'><strong>quasi</strong></span> <span class='ocrx_word' id='word_1_828' title='bbox 3290 4457 3378 4512; x_wconf 90' lang='lat' dir='ltr'><strong>ille</strong></span> <span class='ocrx_word' id='word_1_829' title='bbox 3416 4459 3516 4514; x_wconf 89' lang='lat' dir='ltr'><strong>isto</strong></span> 
     </span>
    </p>
   </div>
   <div class='ocr_carea' id='block_1_109' title="bbox 1945 4546 3514 4617">
    <p class='ocr_par' dir='ltr' id='par_1_109' title="bbox 1945 4546 3514 4617">
     <span class='ocr_line' id='line_1_111' title="bbox 1945 4546 3514 4617; baseline 0.002 -19"><span class='ocrx_word' id='word_1_830' title='bbox 1945 4546 2156 4598; x_wconf 81' lang='lat' dir='ltr'><strong>fremitu</strong></span> <span class='ocrx_word' id='word_1_831' title='bbox 2191 4555 2477 4599; x_wconf 86' lang='lat' dir='ltr'><strong>terreretur</strong></span> <span class='ocrx_word' id='word_1_832' title='bbox 2505 4546 2592 4614; x_wconf 84' lang='lat' dir='ltr'><strong>qui</strong></span> <span class='ocrx_word' id='word_1_833' title='bbox 2620 4547 2849 4600; x_wconf 84' lang='lat' dir='ltr'><strong>terribilis</strong></span> <span class='ocrx_word' id='word_1_834' title='bbox 2878 4559 2983 4611; x_wconf 87' lang='lat' dir='ltr'><strong>est,</strong></span> <span class='ocrx_word' id='word_1_835' title='bbox 3013 4562 3117 4602; x_wconf 89' lang='lat' dir='ltr'><strong>non</strong></span> <span class='ocrx_word' id='word_1_836' title='bbox 3146 4561 3306 4617; x_wconf 84' lang='lat' dir='ltr'><strong>super</strong></span> <span class='ocrx_word' id='word_1_837' title='bbox 3329 4565 3514 4604; x_wconf 78' lang='lat' dir='ltr'><strong>omnes</strong></span> 
     </span>
    </p>
   </div>
   <div class='ocr_carea' id='block_1_110' title="bbox 1947 4619 3514 4705">
    <p class='ocr_par' dir='ltr' id='par_1_110' title="bbox 1947 4619 3514 4705">
     <span class='ocr_line' id='line_1_112' title="bbox 1947 4619 3514 4705; baseline 0.002 -16"><span class='ocrx_word' id='word_1_838' title='bbox 1947 4637 2204 4701; x_wconf 86' lang='lat' dir='ltr'><strong>homines,</strong></span> <span class='ocrx_word' id='word_1_839' title='bbox 2235 4636 2327 4690; x_wconf 85' lang='lat' dir='ltr'><strong>sed</strong></span> <span class='ocrx_word' id='word_1_840' title='bbox 2357 4619 2507 4705; x_wconf 75' lang='lat' dir='ltr'><strong>super</strong></span> <span class='ocrx_word' id='word_1_841' title='bbox 2535 4653 2706 4690; x_wconf 81' lang='lat' dir='ltr'><strong>omnes</strong></span> <span class='ocrx_word' id='word_1_842' title='bbox 2736 4637 2896 4690; x_wconf 81' lang='lat' dir='ltr'><strong>deos?</strong></span> <span class='ocrx_word' id='word_1_843' title='bbox 2924 4636 3018 4691; x_wconf 88' lang='lat' dir='ltr'><strong>Ubi</strong></span> <span class='ocrx_word' id='word_1_844' title='bbox 3049 4639 3190 4691; x_wconf 90' lang='lat' dir='ltr'><strong>enim</strong></span> <span class='ocrx_word' id='word_1_845' title='bbox 3220 4638 3332 4698; x_wconf 79' lang='lat' dir='ltr'><strong>vult</strong></span> <span class='ocrx_word' id='word_1_846' title='bbox 3354 4639 3514 4692; x_wconf 67' lang='lat' dir='ltr'><strong>rediti-</strong></span> 
     </span>
    </p>
   </div>
   <div class='ocr_carea' id='block_1_111' title="bbox 1942 4729 3515 4796">
    <p class='ocr_par' dir='ltr' id='par_1_111' title="bbox 1942 4729 3515 4796">
     <span class='ocr_line' id='line_1_113' title="bbox 1942 4729 3515 4796; baseline 0.003 -15"><span class='ocrx_word' id='word_1_847' title='bbox 1942 4745 2065 4782; x_wconf 85' lang='lat' dir='ltr'><strong>care</strong></span> <span class='ocrx_word' id='word_1_848' title='bbox 2108 4730 2346 4795; x_wconf 89' lang='lat' dir='ltr'><strong>dommn,</strong></span> <span class='ocrx_word' id='word_1_849' title='bbox 2394 4729 2538 4782; x_wconf 90' lang='lat' dir='ltr'><strong>locus</strong></span> <span class='ocrx_word' id='word_1_850' title='bbox 2583 4729 2694 4796; x_wconf 90' lang='lat' dir='ltr'><strong>ipse</strong></span> <span class='ocrx_word' id='word_1_851' title='bbox 2737 4729 2964 4782; x_wconf 84' lang='lat' dir='ltr'><strong>silvosus</strong></span> <span class='ocrx_word' id='word_1_852' title='bbox 3001 4739 3111 4789; x_wconf 83' lang='lat' dir='ltr'><strong>est.</strong></span> <span class='ocrx_word' id='word_1_853' title='bbox 3143 4731 3282 4786; x_wconf 91' lang='lat' dir='ltr'><strong>unde</strong></span> <span class='ocrx_word' id='word_1_854' title='bbox 3319 4732 3515 4785; x_wconf 90' lang='lat' dir='ltr'><strong>dictmn</strong></span> 
     </span>
    </p>
   </div>
   <div class='ocr_carea' id='block_1_112' title="bbox 1945 4819 3514 4891">
    <p class='ocr_par' dir='ltr' id='par_1_112' title="bbox 1945 4819 3514 4891">
     <span class='ocr_line' id='line_1_114' title="bbox 1945 4819 3514 4891; baseline -0.001 -19"><span class='ocrx_word' id='word_1_855' title='bbox 1945 4830 2026 4872; x_wconf 86' lang='lat' dir='ltr'><strong>est</strong></span> <span class='ocrx_word' id='word_1_856' title='bbox 2065 4821 2316 4875; x_wconf 86' lang='lat' dir='ltr'><strong>hesterno</strong></span> <span class='ocrx_word' id='word_1_857' title='bbox 2341 4819 2426 4873; x_wconf 87' lang='lat' dir='ltr'><strong>die</strong></span> <span class='ocrx_word' id='word_1_858' title='bbox 2445 4860 2460 4882; x_wconf 92' lang='lat'><strong>,</strong></span> <span class='ocrx_word' id='word_1_859' title='bbox 2490 4819 2782 4873; x_wconf 74' lang='lat' dir='ltr'><strong>Invenimus</strong></span> <span class='ocrx_word' id='word_1_860' title='bbox 2810 4836 2920 4872; x_wconf 82' lang='lat' dir='ltr'><strong>eam</strong></span> <span class='ocrx_word' id='word_1_861' title='bbox 2957 4821 3007 4873; x_wconf 81' lang='lat' dir='ltr'><strong>in</strong></span> <span class='ocrx_word' id='word_1_862' title='bbox 3039 4821 3228 4890; x_wconf 74' lang='lat' dir='ltr'><strong>canqn&#39;s</strong></span> <span class='ocrx_word' id='word_1_863' title='bbox 3253 4821 3392 4876; x_wconf 81' lang='lat' dir='ltr'><strong>silva:</strong></span> <span class='ocrx_word' id='word_1_864' title='bbox 3417 4822 3514 4891; x_wconf 83' lang='lat' dir='ltr'><strong>(tt).</strong></span> 
     </span>
    </p>
   </div>
   <div class='ocr_carea' id='block_1_113' title="bbox 1948 4909 3514 4979">
    <p class='ocr_par' dir='ltr' id='par_1_113' title="bbox 1948 4909 3514 4979">
     <span class='ocr_line' id='line_1_115' title="bbox 1948 4909 3514 4979; baseline 0.003 -17"><span class='ocrx_word' id='word_1_865' title='bbox 1948 4909 2168 4963; x_wconf 89' lang='lat' dir='ltr'><strong>Domum</strong></span> <span class='ocrx_word' id='word_1_866' title='bbox 2197 4911 2336 4964; x_wconf 90' lang='lat' dir='ltr'><strong>enim</strong></span> <span class='ocrx_word' id='word_1_867' title='bbox 2376 4911 2542 4977; x_wconf 89' lang='lat' dir='ltr'><strong>ipsam</strong></span> <span class='ocrx_word' id='word_1_868' title='bbox 2571 4911 2864 4979; x_wconf 81' lang='lat' dir='ltr'><strong>qua-rebat,</strong></span> <span class='ocrx_word' id='word_1_869' title='bbox 2895 4927 3012 4965; x_wconf 89' lang='lat' dir='ltr'><strong>cum</strong></span> <span class='ocrx_word' id='word_1_870' title='bbox 3041 4913 3260 4976; x_wconf 83' lang='lat' dir='ltr'><strong>diceret,</strong></span> <span class='ocrx_word' id='word_1_871' title='bbox 3289 4912 3355 4966; x_wconf 85' lang='lat' dir='ltr'><strong>In</strong></span> <span class='ocrx_word' id='word_1_872' title='bbox 3378 4929 3514 4966; x_wconf 83' lang='lat' dir='ltr'><strong>cam-</strong></span> 
     </span>
    </p>
   </div>
   <div class='ocr_carea' id='block_1_114' title="bbox 1948 5000 3515 5070">
    <p class='ocr_par' dir='ltr' id='par_1_114' title="bbox 1948 5000 3515 5070">
     <span class='ocr_line' id='line_1_116' title="bbox 1948 5000 3515 5070; baseline 0.003 -19"><span class='ocrx_word' id='word_1_873' title='bbox 1948 5003 2025 5070; x_wconf 79' lang='lat' dir='ltr'><strong>pis</strong></span> <span class='ocrx_word' id='word_1_874' title='bbox 2053 5002 2210 5053; x_wconf 72' lang='lat' dir='ltr'><strong>silete.</strong></span> <span class='ocrx_word' id='word_1_875' title='bbox 2244 5001 2308 5053; x_wconf 81' lang='lat' dir='ltr'><strong>Et</strong></span> <span class='ocrx_word' id='word_1_876' title='bbox 2337 5000 2476 5053; x_wconf 88' lang='lat' dir='ltr'><strong>unde</strong></span> <span class='ocrx_word' id='word_1_877' title='bbox 2512 5002 2737 5054; x_wconf 85' lang='lat' dir='ltr'><strong>silvosus</strong></span> <span class='ocrx_word' id='word_1_878' title='bbox 2763 5013 2843 5053; x_wconf 86' lang='lat' dir='ltr'><strong>est</strong></span> <span class='ocrx_word' id='word_1_879' title='bbox 2875 5003 3021 5056; x_wconf 86' lang='lat' dir='ltr'><strong>loeus</strong></span> <span class='ocrx_word' id='word_1_880' title='bbox 3053 5005 3183 5058; x_wconf 84' lang='lat' dir='ltr'><strong>ille?</strong></span> <span class='ocrx_word' id='word_1_881' title='bbox 3226 5003 3515 5059; x_wconf 88' lang='lat' dir='ltr'><strong>Simulacra</strong></span> 
     </span>
    </p>
   </div>
   <div class='ocr_carea' id='block_1_115' title="bbox 1947 5090 3516 5161">
    <p class='ocr_par' dir='ltr' id='par_1_115' title="bbox 1947 5090 3516 5161">
     <span class='ocr_line' id='line_1_117' title="bbox 1947 5090 3516 5161; baseline 0.005 -22"><span class='ocrx_word' id='word_1_882' title='bbox 1947 5090 2195 5142; x_wconf 68' lang='lat' dir='ltr'><strong>colebant</strong></span> <span class='ocrx_word' id='word_1_883' title='bbox 2236 5090 2517 5142; x_wconf 87' lang='lat' dir='ltr'><strong>homines:</strong></span> <span class='ocrx_word' id='word_1_884' title='bbox 2552 5107 2656 5142; x_wconf 87' lang='lat' dir='ltr'><strong>non</strong></span> <span class='ocrx_word' id='word_1_885' title='bbox 2705 5091 2892 5144; x_wconf 91' lang='lat' dir='ltr'><strong>mirum</strong></span> <span class='ocrx_word' id='word_1_886' title='bbox 2939 5094 3061 5160; x_wconf 87' lang='lat' dir='ltr'><strong>quia</strong></span> <span class='ocrx_word' id='word_1_887' title='bbox 3104 5107 3293 5160; x_wconf 85' lang='lat' dir='ltr'><strong>porcos</strong></span> <span class='ocrx_word' id='word_1_888' title='bbox 3334 5108 3516 5161; x_wconf 84' lang='lat' dir='ltr'><strong>pasce-</strong></span> 
     </span>
    </p>
   </div>
   <div class='ocr_carea' id='block_1_116' title="bbox 1951 5179 3513 5250">
    <p class='ocr_par' dir='ltr' id='par_1_116' title="bbox 1951 5179 3513 5250">
     <span class='ocr_line' id='line_1_118' title="bbox 1951 5179 3513 5250; baseline 0.003 -18"><span class='ocrx_word' id='word_1_889' title='bbox 1951 5180 2096 5232; x_wconf 85' lang='lat' dir='ltr'><strong>bant.</strong></span> <span class='ocrx_word' id='word_1_890' title='bbox 2143 5179 2308 5232; x_wconf 80' lang='lat' dir='ltr'><strong>Filius</strong></span> <span class='ocrx_word' id='word_1_891' title='bbox 2350 5179 2491 5231; x_wconf 88' lang='lat' dir='ltr'><strong>enim</strong></span> <span class='ocrx_word' id='word_1_892' title='bbox 2537 5180 2625 5233; x_wconf 91' lang='lat' dir='ltr'><strong>illc</strong></span> <span class='ocrx_word' id='word_1_893' title='bbox 2670 5194 2787 5235; x_wconf 90' lang='lat' dir='ltr'><strong>erat</strong></span> <span class='ocrx_word' id='word_1_894' title='bbox 2827 5184 2916 5250; x_wconf 89' lang='lat' dir='ltr'><strong>qui</strong></span> <span class='ocrx_word' id='word_1_895' title='bbox 2962 5184 3160 5236; x_wconf 86' lang='lat' dir='ltr'><strong>dimisit</strong></span> <span class='ocrx_word' id='word_1_896' title='bbox 3199 5193 3434 5250; x_wconf 86' lang='lat' dir='ltr'><strong>patrem,</strong></span> <span class='ocrx_word' id='word_1_897' title='bbox 3467 5192 3513 5236; x_wconf 86' lang='lat' dir='ltr'><strong>et</strong></span> 
     </span>
    </p>
   </div>
   <div class='ocr_carea' id='block_1_117' title="bbox 1949 5272 3508 5348">
    <p class='ocr_par' dir='ltr' id='par_1_117' title="bbox 1949 5272 3508 5348">
     <span class='ocr_line' id='line_1_119' title="bbox 1949 5272 3508 5348; baseline -0.001 -25"><span class='ocrx_word' id='word_1_898' title='bbox 1949 5273 2123 5324; x_wconf 89' lang='lat' dir='ltr'><strong>omnia</strong></span> <span class='ocrx_word' id='word_1_899' title='bbox 2153 5285 2246 5322; x_wconf 90' lang='lat' dir='ltr'><strong>sua</strong></span> <span class='ocrx_word' id='word_1_900' title='bbox 2289 5272 2615 5337; x_wconf 68' lang='lat' dir='ltr'><strong>consumpsit</strong></span> <span class='ocrx_word' id='word_1_901' title='bbox 2656 5272 2706 5324; x_wconf 91' lang='lat' dir='ltr'><strong>in</strong></span> <span class='ocrx_word' id='word_1_902' title='bbox 2751 5273 3147 5330; x_wconf 85' lang='lat' dir='ltr'><strong>meretricibus.</strong></span> <span class='ocrx_word' id='word_1_903' title='bbox 3187 5275 3368 5324; x_wconf 76' lang='lat' dir='ltr'><strong>vivens</strong></span> <span class='ocrx_word' id='word_1_904' title='bbox 3400 5288 3508 5348; x_wconf 40' lang='lat' dir='ltr'><strong>pro;</strong></span> 
     </span>
    </p>
   </div>
   <div class='ocr_carea' id='block_1_118' title="bbox 1951 5363 3516 5435">
    <p class='ocr_par' dir='ltr' id='par_1_118' title="bbox 1951 5363 3516 5435">
     <span class='ocr_line' id='line_1_120' title="bbox 1951 5363 3516 5435; baseline 0.003 -22"><span class='ocrx_word' id='word_1_905' title='bbox 1951 5363 2105 5429; x_wconf 77' lang='lat' dir='ltr'><strong>dige;</strong></span> <span class='ocrx_word' id='word_1_906' title='bbox 2151 5363 2398 5429; x_wconf 86' lang='lat' dir='ltr'><strong>pascebat</strong></span> <span class='ocrx_word' id='word_1_907' title='bbox 2426 5378 2614 5430; x_wconf 84' lang='lat' dir='ltr'><strong>porcos</strong></span> <span class='ocrx_word' id='word_1_908' title='bbox 2640 5363 2786 5435; x_wconf 84' lang='lat' dir='ltr'><strong>(an.</strong></span> <span class='ocrx_word' id='word_1_909' title='bbox 2813 5381 2897 5426; x_wconf 83' lang='lat' dir='ltr'><strong>xv,</strong></span> <span class='ocrx_word' id='word_1_910' title='bbox 2930 5367 3140 5433; x_wconf 68' lang='grc'>12-15),</span> <span class='ocrx_word' id='word_1_911' title='bbox 3172 5364 3222 5417; x_wconf 92' lang='lat' dir='ltr'><strong>id</strong></span> <span class='ocrx_word' id='word_1_912' title='bbox 3251 5373 3351 5429; x_wconf 88' lang='lat' dir='ltr'><strong>est,</strong></span> <span class='ocrx_word' id='word_1_913' title='bbox 3378 5365 3516 5418; x_wconf 80' lang='lat' dir='ltr'><strong>Cole-</strong></span> 
     </span>
    </p>
   </div>
   <div class='ocr_carea' id='block_1_119' title="bbox 1951 5454 3517 5524">
    <p class='ocr_par' dir='ltr' id='par_1_119' title="bbox 1951 5454 3517 5524">
     <span class='ocr_line' id='line_1_121' title="bbox 1951 5454 3517 5524; baseline 0.003 -18"><span class='ocrx_word' id='word_1_914' title='bbox 1951 5455 2040 5506; x_wconf 86' lang='lat' dir='ltr'><strong>bat</strong></span> <span class='ocrx_word' id='word_1_915' title='bbox 2067 5454 2324 5506; x_wconf 74' lang='lat' dir='ltr'><strong>dtemonia</strong></span> <span class='ocrx_word' id='word_1_916' title='bbox 2358 5472 2371 5506; x_wconf 93' lang='lat'><strong>:</strong></span> <span class='ocrx_word' id='word_1_917' title='bbox 2400 5465 2454 5507; x_wconf 89' lang='lat' dir='ltr'><strong>et</strong></span> <span class='ocrx_word' id='word_1_918' title='bbox 2498 5455 2607 5524; x_wconf 82' lang='lat' dir='ltr'><strong>ipsa</strong></span> <span class='ocrx_word' id='word_1_919' title='bbox 2638 5457 3010 5524; x_wconf 84' lang='lat' dir='ltr'><strong>superstitione</strong></span> <span class='ocrx_word' id='word_1_920' title='bbox 3035 5455 3318 5511; x_wconf 84' lang='lat' dir='ltr'><strong>Gentilium</strong></span> <span class='ocrx_word' id='word_1_921' title='bbox 3339 5499 3355 5524; x_wconf 88' lang='lat'><strong>,</strong></span> <span class='ocrx_word' id='word_1_922' title='bbox 3385 5457 3517 5513; x_wconf 81' lang='lat' dir='ltr'><strong>silva</strong></span> 
     </span>
    </p>
   </div>
   <div class='ocr_carea' id='block_1_120' title="bbox 2015 5585 3269 5652">
    <p class='ocr_par' dir='ltr' id='par_1_120' title="bbox 2015 5585 3269 5652">
     <span class='ocr_line' id='line_1_122' title="bbox 2015 5585 3269 5652; baseline 0.002 -16"><span class='ocrx_word' id='word_1_923' title='bbox 2015 5591 2031 5620; x_wconf 70' lang='grc'>³</span> <span class='ocrx_word' id='word_1_924' title='bbox 2057 5589 2130 5636; x_wconf 76' lang='lat' dir='ltr'><strong>sic</strong></span> <span class='ocrx_word' id='word_1_925' title='bbox 2152 5585 2334 5652; x_wconf 81' lang='lat' dir='ltr'><strong>aliquot</strong></span> <span class='ocrx_word' id='word_1_926' title='bbox 2356 5595 2460 5652; x_wconf 78' lang='lat' dir='ltr'><strong>Mss.</strong></span> <span class='ocrx_word' id='word_1_927' title='bbox 2489 5597 2538 5636; x_wconf 75' lang='lat' dir='ltr'><strong>At</strong></span> <span class='ocrx_word' id='word_1_928' title='bbox 2572 5589 2704 5642; x_wconf 77' lang='lat' dir='ltr'><strong>Edd..</strong></span> <span class='ocrx_word' id='word_1_929' title='bbox 2729 5595 2771 5638; x_wconf 84' lang='lat' dir='ltr'><strong>et</strong></span> <span class='ocrx_word' id='word_1_930' title='bbox 2794 5588 3062 5652; x_wconf 75' lang='lat' dir='ltr'><strong>tediﬁcrtnr</strong></span> <span class='ocrx_word' id='word_1_931' title='bbox 3086 5591 3269 5644; x_wconf 78' lang='lat' dir='ltr'><strong>domus.</strong></span> 
     </span>
    </p>
   </div>
   <div class='ocr_carea' id='block_1_121' title="bbox 2013 5649 3510 5716">
    <p class='ocr_par' dir='ltr' id='par_1_121' title="bbox 2013 5649 3510 5716">
     <span class='ocr_line' id='line_1_123' title="bbox 2013 5649 3510 5716; baseline 0.003 -20"><span class='ocrx_word' id='word_1_932' title='bbox 2013 5652 2033 5680; x_wconf 64' lang='grc' dir='ltr'><strong>ε</strong></span> <span class='ocrx_word' id='word_1_933' title='bbox 2058 5657 2161 5697; x_wconf 82' lang='lat' dir='ltr'><strong>MSS.</strong></span> <span class='ocrx_word' id='word_1_934' title='bbox 2187 5649 2379 5716; x_wconf 81' lang='lat' dir='ltr'><strong>quidam</strong></span> <span class='ocrx_word' id='word_1_935' title='bbox 2403 5649 2492 5697; x_wconf 86' lang='lat' dir='ltr'><strong>hoc</strong></span> <span class='ocrx_word' id='word_1_936' title='bbox 2515 5659 2588 5716; x_wconf 33' lang='lat' dir='ltr'><strong>et“</strong></span> <span class='ocrx_word' id='word_1_937' title='bbox 2604 5653 2820 5709; x_wconf 79' lang='lat' dir='ltr'><strong>proximo</strong></span> <span class='ocrx_word' id='word_1_938' title='bbox 2849 5649 2968 5708; x_wconf 70' lang='lat' dir='ltr'><strong>loco,</strong></span> <span class='ocrx_word' id='word_1_939' title='bbox 2989 5653 3270 5708; x_wconf 71' lang='lat' dir='ltr'><strong>ridebimus.</strong></span> <span class='ocrx_word' id='word_1_940' title='bbox 3299 5650 3510 5706; x_wconf 74' lang='lat' dir='ltr'><strong>Nonnulli</strong></span> 
     </span>
    </p>
   </div>
   <div class='ocr_carea' id='block_1_122' title="bbox 1935 5704 3068 5768">
    <p class='ocr_par' dir='ltr' id='par_1_122' title="bbox 1935 5704 3068 5768">
     <span class='ocr_line' id='line_1_124' title="bbox 1935 5704 3068 5768; baseline 0.003 -9"><span class='ocrx_word' id='word_1_941' title='bbox 1935 5719 2115 5760; x_wconf 73' lang='lat' dir='ltr'><strong>autem</strong></span> <span class='ocrx_word' id='word_1_942' title='bbox 2137 5704 2341 5768; x_wconf 64' lang='lat' dir='ltr'><strong>utroque</strong></span> <span class='ocrx_word' id='word_1_943' title='bbox 2367 5709 2486 5766; x_wconf 80' lang='lat' dir='ltr'><strong>loco,</strong></span> <span class='ocrx_word' id='word_1_944' title='bbox 2513 5704 2751 5760; x_wconf 69' lang='lat' dir='ltr'><strong>videamus</strong></span> <span class='ocrx_word' id='word_1_945' title='bbox 2777 5725 2788 5758; x_wconf 93' lang='lat'><strong>:</strong></span> <span class='ocrx_word' id='word_1_946' title='bbox 2814 5721 2864 5761; x_wconf 81' lang='lat' dir='ltr'><strong>et</strong></span> <span class='ocrx_word' id='word_1_947' title='bbox 2880 5704 3068 5763; x_wconf 68' lang='lat' dir='ltr'><strong>sicam.</strong></span> 
     </span>
    </p>
   </div>
   <div class='ocr_carea' id='block_1_123' title="bbox 2017 5771 2988 5833">
    <p class='ocr_par' dir='ltr' id='par_1_123' title="bbox 2017 5771 2988 5833">
     <span class='ocr_line' id='line_1_125' title="bbox 2017 5771 2988 5833; baseline 0.006 -14"><span class='ocrx_word' id='word_1_948' title='bbox 2017 5774 2088 5833; x_wconf 77' lang='grc' dir='ltr'>(ιι)</span> <span class='ocrx_word' id='word_1_949' title='bbox 2125 5771 2220 5819; x_wconf 73' lang='lat' dir='ltr'><strong>\‘id.</strong></span> <span class='ocrx_word' id='word_1_950' title='bbox 2246 5776 2402 5818; x_wconf 60' lang='lat' dir='ltr'><strong>tinarr.</strong></span> <span class='ocrx_word' id='word_1_951' title='bbox 2429 5773 2614 5822; x_wconf 82' lang='lat' dir='ltr'><strong>in.t‘sal.</strong></span> <span class='ocrx_word' id='word_1_952' title='bbox 2639 5787 2801 5833; x_wconf 72' lang='lat' dir='ltr'><strong>cxxxt,</strong></span> <span class='ocrx_word' id='word_1_953' title='bbox 2840 5789 2887 5822; x_wconf 86' lang='grc' dir='ltr'>ιι.</span> <span class='ocrx_word' id='word_1_954' title='bbox 2920 5776 2988 5824; x_wconf 87' lang='grc'>11.</span> 
     </span>
    </p>
   </div>
   <div class='ocr_carea' id='block_1_124' title="bbox 3332 5863 3370 5878">
    <p class='ocr_par' dir='ltr' id='par_1_124' title="bbox 3332 5863 3370 5878">
     <span class='ocr_line' id='line_1_126' title="bbox 3332 5863 3370 5878; baseline 0 0"><span class='ocrx_word' id='word_1_955' title='bbox 3332 5863 3370 5878; x_wconf 71' lang='grc' dir='ltr'><strong>ο.</strong></span> 
     </span>
    </p>
   </div>
  </div>
