4012 6202
498 303 628 363 tibi

490 418 782 475 factaerat
804 413 978 470 omnis
1002 419 1162 466 terra.
1192 405 1297 464 Sed
1335 405 1591 476 exstirpat
1615 402 1801 460 silvam
1831 403 1920 476 qui
1946 401 2072 458 auli-

506 516 628 565 ticat
663 486 918 569 domum;
965 509 1020 556 et
1047 507 1326 571 propterea
1366 497 1562 552 dictum
1589 505 1701 562 est,
1729 492 1857 551 Cum
1893 495 2073 549 domus

502 599 838 668 a‘di/icaretur
862 600 970 665 post
994 590 1350 660 captivitatem.
1378 585 1715 641 Tenebantur
1736 582 1876 640 enim
1905 583 2076 638 homi—

508 704 604 745 nes
631 682 821 756 captivi
864 681 966 736 sub
993 677 1239 746 diabolo,
1269 687 1321 732 et
1362 674 1692 732 daemonibus
1731 673 2030 756 serviebant
2059 690 2074 738 ;

497 780 599 837 ‘scd
632 754 890 846 redempti
926 783 1050 831 sunt
1082 787 1114 828 a
1157 769 1479 842 captivitate.
1510 766 1750 823 Vendere
1787 781 1848 822 se
1896 754 2080 836 pelue-

502 880 650 939 runt,
690 867 785 924 sed
810 866 1076 923 redimere
1099 878 1206 920 non
1230 869 1529 934 potuerunt.
1559 858 1715 914 Venit
1733 858 2077 927 Redemptor,

508 974 560 1019 et
588 960 736 1029 dedit
763 957 985 1030 pretium
1010 972 1027 1023 ;
1057 954 1186 1011 fudit
1206 953 1514 1024 sanguinem
1535 965 1711 1011 suum.
1733 951 1867 1016 emit
1892 950 2075 1003 urbem

509 1034 791 1108 terrarum.
837 1045 1087 1117 Qumritis
1121 1044 1246 1115 quid
1275 1041 1509 1099 emerit?
1537 1039 1723 1096 Videte
1759 1041 1883 1111 quid
1917 1038 2083 1094 dede-

512 1146 601 1212 rit,
628 1151 684 1199 et
707 1119 940 1196 invenite
962 1136 1092 1210 quid
1118 1135 1329 1192 emerit.
1356 1132 1582 1203 Sanguis
1609 1131 1824 1197 Christi,
1857 1131 2082 1201 pretium

510 1247 612 1295 est.
647 1233 802 1291 Tanti
841 1232 967 1303 quid
995 1230 1173 1287 valet?
1209 1227 1380 1298 Quid,
1408 1227 1508 1282 nisi
1550 1234 1692 1283 totus
1720 1224 1906 1282 orbis?
1936 1223 2082 1294 quid,

514 1328 618 1384 nisi
661 1339 849 1382 omnes
887 1321 1117 1394 gentes?
1162 1318 1323 1375 Valde
1367 1317 1556 1387 ingrati
1596 1324 1718 1371 sunt
1759 1314 1931 1387 pretio
1967 1328 2083 1378 suo,

515 1404 606 1474 aut
640 1416 863 1472 multum
892 1411 1103 1482 superbi
1133 1418 1256 1464 sunt
1275 1448 1291 1475 ,
1319 1408 1408 1479 qui
1434 1405 1652 1473 dicunt,
1697 1414 1792 1460 aut
1827 1403 1952 1459 illud
1980 1414 2086 1457 tam

518 1500 735 1582 parvum
765 1498 914 1571 esse,
946 1515 999 1560 ut
1029 1504 1172 1560 solos
1199 1500 1357 1558 Afros
1383 1500 1609 1567 emerit;
1639 1506 1732 1554 aut
1754 1512 1814 1554 se
1838 1506 1943 1553 tam
1972 1511 2088 1551 rna-

516 1616 649 1673 guos
674 1614 792 1657 esse
811 1639 827 1665 ,
858 1612 955 1669 pro
978 1596 1169 1667 quibus
1194 1594 1324 1649 solis
1361 1591 1489 1647 illud
1532 1591 1603 1646 sit
1638 1590 1818 1647 datum
1844 1586 1945 1661 (a).
1976 1587 2089 1645 Non

448 1732 487 1767 ,ε
517 1707 645 1762 ergo
685 1688 1021 1754 exsultent‘,
1070 1700 1177 1740 non
1217 1681 1526 1755 superbiant
1571 1698 1584 1735 :
1629 1694 1727 1751 pro
1769 1687 1880 1736 toto
1922 1678 2088 1745 dedit,

519 1794 770 1856 quantum
803 1780 967 1837 dedit.
1007 1778 1162 1834 Novit
1188 1776 1312 1847 quid
1335 1774 1558 1843 emerit,
1587 1773 1710 1845 quia
1735 1772 1884 1829 novit
1909 1771 2093 1842 quanti

521 1876 730 1933 emerit.
764 1872 890 1928 Inde
923 1872 1044 1940 quia
1072 1869 1332 1940 redempti
1368 1881 1553 1923 sumus
1588 1873 1709 1937 post
1735 1864 2092 1934 captivitatem

521 1965 813 2021 mdilicatur
841 1964 1050 2018 domus.
1100 1958 1169 2015 Et
1193 1958 1285 2030 qui
1328 1968 1451 2013 sunt
1495 1957 1713 2028 quinos
1755 1954 2002 2011 tenebant
2042 1954 2093 2008 in

522 2053 864 2127 captivitate?
904 2053 1034 2123 Quia
1064 2050 1136 2106 illi
1168 2049 1358 2121 quibus
1382 2048 1609 2114 dicitur,
1634 2045 1971 2112 Annuutiate,
1996 2060 2094 2101 es-

522 2145 837 2215 stirpatores
865 2141 1013 2198 silvas
1037 2149 1162 2196 sunt
1188 2157 1203 2194 :
1235 2149 1292 2195 ut
1316 2141 1610 2208 csstirpent
1634 2137 1845 2204 silvam,
1872 2136 2098 2202 liberem

524 2236 592 2294 de
620 2236 925 2306 captivitate
971 2243 1164 2288 terram
1184 2274 1200 2299 ,
1233 2240 1289 2287 et
1310 2240 1541 2297 struant,
1567 2228 1831 2284 aediﬁcent
1849 2269 1865 2295 ,
1893 2242 2098 2282 annun-

525 2327 706 2384 tiando
734 2324 1148 2397 magnitudinem
1171 2322 1364 2379 domus
1390 2320 1617 2377 Domini.
1650 2318 1802 2376 Unde
1830 2319 1963 2375 silva
1991 2318 2096 2374 dac-

478 2486 483 2489 _
527 2432 742 2475 menum
780 2417 1122 2484 exstirpatur,
1170 2413 1270 2468 nisi
1315 2411 1632 2484 prmdicetur
1680 2411 1771 2466 ille
1807 2410 1898 2481 qui
1939 2424 2099 2479 super

524 2524 711 2565 oinnes
748 2508 870 2565 est?
912 2508 1050 2579 Ergo
1090 2519 1275 2561 omnes
1299 2513 1485 2576 gentes
1526 2502 1789 2557 daemonia
1835 2500 2102 2555 habebant

525 2600 657 2656 deos
683 2617 697 2654 :
726 2613 860 2669 quos
884 2597 1129 2653 dicebant
1155 2595 1284 2651 deos
1302 2635 1319 2659 ,
1345 2593 1605 2648 diernonia
1632 2602 1819 2653 erant,
1846 2590 2101 2662 Apostolo

527 2691 736 2746 dicente
757 2688 1016 2758 apertius,
1049 2684 1301 2753 Quoniam
1325 2698 1439 2754 qua:
1465 2682 1727 2736 immolant
1758 2690 1927 2753 gentes
1945 2720 1962 2747 ,
1992 2681 2101 2736 da-
2133 2686 2137 2691 ’

528 2780 710 2835 maniis
734 2778 1020 2843 immolant,
1041 2785 1088 2830 et
1116 2792 1219 2830 non
1240 2773 1348 2829 Deo
1371 2773 1424 2846 (ι
1446 2772 1564 2828 Cor.
1592 2789 1647 2839 ι,
1667 2762 1787 2843 ἓο).
1817 2768 1952 2837 Quia
1975 2784 2103 2840 ergo

529 2873 651 2929 ideo
678 2871 905 2928 erantin
932 2868 1256 2940 captivitate,
1288 2867 1409 2937 quia
1436 2865 1715 2921 daemoniis
1740 2862 2100 2927 immolabant,

484 2975 585 3031 “et
618 2972 900 3037 propterea
930 2970 1039 3017 tota
1082 2970 1220 3016 terra
1254 2959 1448 3015 silvosa
1490 2965 1854 3022 remanserat;
1898 2969 2104 3009 annun-

529 3059 689 3117 tiatur
716 3059 816 3114 iste
843 3072 1053 3127 magnus
1077 3064 1125 3110 et
1150 3052 1425 3108 laudabilis
1446 3050 1616 3104 nimis.

599 3150 654 3206 6.
695 3148 865 3223 [νεῖαι
899 3145 981 3219 5.]
1025 3145 1091 3200 Et
1136 3142 1405 3215 quomodo
1451 3132 1749 3196 ostenditur
1797 3137 2104 3208 magnitudo

530 3242 686 3313 ejus,
736 3250 793 3296 ut
839 3238 1071 3294 eradicet
1115 3236 1232 3292 illas
1282 3231 1724 3302 superstitiones,
1770 3227 1873 3283 sub
1915 3227 2105 3297 quibus

531 3331 772 3400 captivus
799 3327 1023 3398 populus
1071 3324 1346 3379 tenebatur
1365 3363 1379 3386 ,
1408 3336 1566 3391 quem
1605 3317 1872 3375 redimere
1895 3316 2107 3372 advenit

484 3470 490 3479 .
533 3421 769 3477 terribilis
793 3435 942 3490 super
979 3431 1150 3472 omnes
1189 3414 1356 3471 deos?
1401 3414 1470 3468 Et
1506 3411 1656 3482 quasi
1699 3410 1967 3466 diceretur
2005 3408 2101 3475 illi,

532 3513 707 3583 Quare
750 3510 968 3575 dixisti,
1017 3524 1167 3580 super
1213 3523 1383 3561 omnes
1428 3504 1594 3559 deos?
1637 3511 1763 3559 sunt
1802 3502 1949 3557 enim
1992 3500 2106 3556 dii?

532 3605 773 3677 sequitur
797 3612 851 3659 et
886 3601 1035 3668 dicit,
1068 3598 1319 3667 Quoniam
1357 3611 1526 3651 omnes
1555 3594 1627 3648 dii
1656 3592 1888 3647 Gentium
1913 3591 2105 3645 dromo-

534 3696 641 3751 nia.
672 3692 917 3749 intendat
941 3690 1189 3748 Charitas
1223 3696 1420 3744 vestra.
1461 3685 1702 3757 Magnum
1737 3681 1935 3754 aliquid
1959 3681 2107 3738 dice-

539 3793 623 3844 bat
663 3787 819 3858 paulo
847 3796 1000 3851 ante,
1042 3783 1265 3855 Magnus
1288 3779 1573 3841 Dominus;
1602 3785 1656 3834 et
1684 3787 1931 3846 tanquam
1972 3775 2107 3830 defi-

536 3886 684 3933 riens
713 3880 764 3933 in
797 3877 936 3932 laudi
966 3876 1155 3946 ipsius;
1189 3881 1236 3927 et
1272 3869 1545 3926 laudabilis
1585 3868 1753 3923 nimis.
1794 3864 2110 3929 NonneJtoc

538 3971 776 4026 dixeram
797 4011 813 4035 ,
844 3968 964 4039 quia
997 3964 1198 4021 dimisit
1226 3962 1316 4019 tibi
1343 3961 1578 4032 cogitare
1602 3958 1743 4029 quod
1770 3972 1876 4015 non
1905 3966 2112 4028 poterat

540 4065 650 4133 ipse
676 4062 854 4118 verbis
881 4056 1190 4129 capticare?
1230 4055 1519 4125 Explicans
1555 4061 1730 4107 autem
1768 4051 1885 4121 ipse
1914 4051 2108 4114 verbis,

537 4153 663 4223 quid
708 4168 953 4222 magnum
1000 4148 1129 4204 mihi
1165 4146 1298 4202 dixit
1322 4145 1391 4200 de
1417 4143 1642 4198 Domino
1687 4140 1814 4196 Jesu
1857 4138 2112 4194 Christo?

539 4247 618 4301 An
647 4244 766 4314 quia
786 4258 951 4310 super
975 4239 1151 4293 omnia
1178 4234 1437 4293 daemonia
1464 4231 1586 4287 est?
1622 4230 1755 4285 Cum
1784 4229 1923 4284 enim
1949 4230 2115 4283 dixis-

543 4340 645 4399 set,
672 4330 932 4385 Terribilis
971 4344 1121 4397 super
1147 4340 1316 4379 omnes
1343 4322 1499 4387 deos;
1528 4320 1800 4391 subjunxit
1818 4361 1834 4386 ,
1864 4318 2114 4385 Quoniam

542 4437 712 4476 attines
740 4421 812 4474 dii
851 4417 1084 4474 Gentium
1117 4414 1387 4470 daemonia.
1418 4411 1531 4467 Non
1560 4418 1644 4466 est
1682 4425 1929 4480 magnum
1952 4450 1966 4474 ,
1994 4424 2114 4465 esse

543 4527 704 4583 super
741 4509 1000 4568 darmonia
1029 4524 1042 4561 :
1073 4516 1128 4562 et
1167 4515 1258 4571 tu;
1291 4505 1339 4559 si
1376 4502 1642 4567 volueris,
1672 4502 1819 4569 eris;
1862 4500 1956 4556 sed
1985 4501 2027 4555 si
2062 4501 2114 4555 in

490 4648 496 4663 .
546 4608 695 4662 illum
715 4603 1024 4661 credideris.
1055 4601 1200 4656 itane
1225 4599 1337 4669 ipsa
1362 4605 1445 4652 est
1472 4594 1559 4650 illa
1586 4593 1897 4663 magnitudo
1923 4592 2111 4659 laudis,

548 4698 768 4770 Magnus
805 4695 1049 4750 Dominus
1090 4703 1137 4747 et
1185 4689 1452 4747 laudabilis
1495 4686 1689 4741 nimis?
1738 4684 1932 4740 Veiens
1972 4683 2114 4767 enim

543 4764 841 4860 explicare,
894 4795 949 4840 ut
1001 4791 1204 4855 poterat
1247 4781 1475 4835 humana
1522 4777 1732 4849 lingua,
1779 4783 1835 4829 et
1874 4764 2116 4845 quamvis

550 4898 770 4955 magnus
798 4882 868 4936 sit
897 4889 1065 4934 tactor
1092 4876 1276 4947 organi
1301 4872 1531 4944 Spiritus
1553 4878 1791 4934 sanctus,
1821 4878 1994 4924 tamen
2022 4882 2117 4936 per

544 4972 815 5046 angustias
836 4972 858 5003 ’
887 4969 1101 5041 spiritus
1127 4965 1341 5020 humani
1377 4962 1610 5035 syllabas
1637 4967 1820 5025 sonat,
1848 4956 1940 5013 sed
1969 4957 2113 5028 cogi-

548 5068 775 5123 tationes
817 5069 1078 5134 generat:
1110 5058 1373 5128 explicare
1418 5069 1545 5125 ergo
1589 5067 1683 5123 per
1724 5050 1863 5107 hanc
1889 5050 2114 5121 linguam

545 5160 752 5224 volens,
778 5154 905 5227 quid
931 5153 1045 5209 ait?
1075 5150 1294 5222 Magnus
1315 5147 1560 5203 Dominus
1584 5155 1632 5199 et
1655 5143 1921 5199 laudabilis
1946 5142 2112 5196 nimis.

541 5250 657 5316 Dic,
689 5248 809 5314 dic,
837 5254 1092 5318 quantum
1123 5239 1437 5304 laudabilis;
1465 5238 1569 5292 dic.
1604 5234 1858 5289 Terribilis
1895 5241 1967 5287 est
1986 5275 2001 5298 ,
2030 5232 2114 5286 in-

545 5343 695 5411 quit:
719 5358 872 5411 super
898 5352 1067 5393 omnes
1107 5336 1245 5389 deos.
1293 5331 1468 5399 Quare
1506 5326 1719 5391 dixisti,
1756 5341 1906 5398 super
1947 5339 2116 5378 anines

541 5433 710 5491 deos?
743 5431 995 5501 Quoniam
1027 5444 1197 5509 onmes
1217 5426 1293 5481 dii
1322 5422 1558 5480 Gentium
1591 5419 1863 5476 daemonia.
1907 5417 1975 5474 Et
2003 5417 2114 5487 ipsa

550 5615 563 5632 ·
610 5612 627 5643 ι
652 5617 773 5659 Tres
793 5616 921 5669 uss,
943 5606 1182 5661 insultent.

608 5673 630 5704 ³
651 5673 724 5720 Sic
746 5678 843 5719 Am.
871 5668 943 5719 Er.
970 5680 1020 5721 et
1045 5672 1193 5722 nostri
1215 5676 1320 5719 Mss.
1338 5675 1390 5718 At
1406 5674 1537 5727 Lov.,
1556 5676 1641 5729 per
1657 5668 1896 5727 angustas.

605 5734 683 5786 (αὶ
717 5732 982 5781 Donatistae.

1711 290 1767 347 S.
1807 287 2173 347 AUGUSTINI
2201 284 2501 344 EPISCOPI

3618 287 3757 342 liii!

2179 411 2263 458 est
2309 409 2418 456 tota
2463 400 2577 454 laus
2624 398 2763 452 illius
2807 399 2894 469 qui
2940 384 3219 456 laudabilis
3263 408 3347 458 est
3394 401 3579 469 nitaris,
3627 394 3755 472 quia

2176 500 2392 563 superat
2431 504 2617 546 omnes
2662 490 2793 545 deos
2831 489 3099 557 Gentium,
3141 492 3234 562 qui
3278 504 3405 547 sunt
3443 494 3704 551 dmmmsia
3729 502 3754 552 ἲ

2178 584 2474 652 Exspecta,
2518 590 2573 637 et
2614 580 2738 637 audi
2784 580 2922 651 quod
2963 581 3204 651 sequitur
3244 599 3258 636 :
3300 582 3542 638 Dominus
3586 596 3758 642 auem

2179 675 2330 730 οωιοε
2355 674 2493 743 fecit.
2519 673 2636 728 Jam
2666 687 2795 743 ergo
2824 687 2928 727 non
2959 688 3122 741 super
3148 672 3406 728 dminonia
3434 675 3629 745 solum,
3660 681 3760 733 sed

2179 782 2341 835 super
2367 780 2553 820 oumes
2581 766 2747 819 cmlos
2768 779 2905 832 qttos
2934 763 3079 820 fecit.
3113 764 3169 820 Si
3196 765 3426 832 diceret,
3456 767 3624 840 Super
3647 787 3761 824 oni-

2181 872 2270 911 nes
2297 857 2447 922 deos,
2472 856 2708 925 quoniam
2736 872 2908 910 omnes
2934 855 3007 909 dii
3036 854 3268 911 Gentium
3294 858 3539 914 daemonia
3558 902 3573 925 ,
3601 873 3656 916 et
3686 863 3762 919 ibi

2185 949 2550 1004 tantummodo
2574 959 2872 1004 remaneret
2896 948 3130 1003 laudatio
3153 951 3379 1018 Domini,
3409 954 3581 1009 minus
3604 956 3766 1013 dixe-

2185 1052 2269 1097 rat
2296 1058 2454 1112 quam
2492 1056 2589 1097 nos
2621 1041 2856 1096 solemus
2879 1041 2946 1096 de
2969 1042 3182 1098 Christo
3205 1045 3438 1114 cogitare
3469 1065 3481 1101 :
3511 1062 3631 1102 cum
3660 1066 3758 1101 an-

2188 1144 2293 1188 tem
2331 1133 2481 1193 dixit.
2532 1132 2774 1187 Dominus
2818 1143 2984 1186 autem
3028 1134 3176 1189 caelos
3223 1136 3380 1206 fecit;
3421 1138 3593 1192 videte
3628 1139 3768 1210 quid

2188 1225 2396 1280 intersit
2421 1225 2557 1279 inter
2573 1225 2741 1279 cmios
2766 1233 2821 1279 et
2845 1224 3139 1289 dzem'onia;
3166 1237 3219 1281 et
3242 1226 3417 1283 videte
3440 1229 3566 1299 quid
3594 1230 3769 1285 intor—

2187 1318 2423 1373 sitinter
2462 1317 2605 1387 ipsos
2628 1317 2793 1373 caelos
2832 1328 2886 1372 et
2928 1317 3077 1373 illum
3117 1319 3207 1389 qui
3249 1320 3369 1374 fecit
3396 1322 3594 1388 cmlos;
3633 1340 3769 1380 ecce

2188 1418 2439 1478 quantum
2470 1408 2711 1464 excelsus
2740 1418 2821 1464 est
2848 1409 3122 1465 Dominus.
3166 1408 3280 1467 Non
3312 1411 3478 1479 dixit,
3508 1414 3771 1469 Dominus

2190 1509 2365 1553 autem
2393 1513 2554 1568 super
2594 1498 2759 1554 emlos
2794 1498 2980 1565 sedet;
3029 1492 3255 1556 fortasse
3293 1504 3433 1556 etaim
3477 1504 3612 1565 alius
3643 1506 3770 1560 illos

2193 1590 2384 1646 fecisse
2426 1600 2718 1661 putaretur,
2771 1606 2929 1660 super
2968 1593 3356 1669 quosasederet
3402 1612 3415 1649 ;
3463 1596 3556 1650 sed
3607 1597 3766 1661 dixit,

2194 1681 2443 1738 Dominus
2470 1692 2637 1737 autem
2661 1681 2812 1737 cados
2837 1683 2972 1761 (erit.
3004 1682 3057 1738 Si
3086 1684 3253 1739 caelos
3281 1684 3404 1740 fecit
3423 1726 3437 1752 ,
3467 1688 3623 1742 etiam
3650 1692 3769 1743 An—

2192 1773 2339 1860 gelos
2381 1773 2506 1829 fecit
2534 1792 2549 1826 :
2580 1772 2696 1842 ipse
2724 1773 2846 1829 fecit
2871 1774 3123 1845 Angelos,
3155 1775 3269 1845 ipse
3306 1774 3432 1832 fecit
3459 1777 3768 1848 Apostolus.

2196 1865 2464 1935 Apostolis
2491 1864 2750 1920 cedebant
2786 1864 3046 1920 daemonia
3071 1882 3092 1921 ι
3124 1866 3216 1922 sed
3245 1866 3343 1937 ipsi
3379 1870 3611 1938 Apostoli
3641 1874 3771 1927 curti

2196 1967 2382 2025 erant,
2408 1956 2513 2028 qui
2544 1957 2823 2013 Dominum
2855 1959 3152 2028 portabant.
3202 1960 3267 2015 Et
3300 1977 3457 2030 quem
3487 1963 3773 2020 Dominum

2198 2048 2524 2118 portabant?
2566 2050 2611 2103 A
2636 2063 2743 2120 quo
2779 2047 2899 2103 facti
2938 2059 3110 2105 erant.
3145 2051 3280 2106 Audi
3305 2053 3438 2123 quia
3453 2055 3570 2109 coeli
3598 2067 3728 2111 sunt
3757 2076 3772 2113 :

2155 2197 2163 2205 ,
2196 2138 2319 2196 Gali
2346 2149 2584 2195 euarrant
2609 2139 2825 2212 gloriam
2850 2139 2947 2194 Dei
2976 2141 3143 2211 (Psal.
3170 2158 3321 2209 xvnt,
3348 2143 3428 2215 2).
3456 2143 3588 2215 Ipsis
3616 2148 3775 2203 cadis

2197 2230 2392 2286 dicitur
2409 2272 2427 2297 ,
2453 2230 2760 2286 Annuntiate
2794 2231 2848 2285 in
2873 2232 3096 2302 gentibus
3122 2234 3336 2303 gloriam
3362 2237 3491 2306 ejus,
3522 2236 3572 2289 in
3601 2241 3776 2293 onini—
3830 2244 3843 2253 “

2199 2320 2289 2377 bus
2316 2320 2517 2391 populis
2544 2320 2795 2376 mirabilia
2824 2322 2951 2392 ejus.
2995 2321 3246 2388 Quoniam
3283 2341 3493 2396 magnus
3522 2325 3776 2383 Dominus

2200 2424 2247 2466 et
2285 2412 2558 2468 laudabilis
2600 2414 2784 2479 nimis,
2833 2414 3067 2468 terribilis
3106 2404 3181 2469 est
3221 2431 3372 2484 super
3412 2433 3581 2473 omnes
3625 2419 3773 2473 deos.

2200 2504 2346 2573 Quos
2385 2504 2559 2559 deos?
2608 2503 2859 2569 Quoniam
2897 2522 3067 2560 onmes
3107 2506 3181 2559 dii
3226 2505 3457 2562 Gentium
3499 2508 3775 2564 daemonia.

2203 2596 2269 2650 Et
2297 2594 2410 2665 ipse
2446 2603 2531 2657 est
2573 2593 2825 2651 terribilis
2852 2610 3012 2666 super
3040 2611 3226 2652 omnes
3252 2597 3382 2653 istos
3409 2598 3557 2654 deos.
3588 2598 3777 2654 Domi.

2202 2703 2297 2741 nus
2317 2695 2482 2741 autem
2509 2685 2661 2743 ctelos
2699 2687 2837 2759 fecit.
2866 2687 2913 2743 Ο
2935 2688 3087 2754 caeli,
3114 2704 3248 2760 quos
3278 2688 3401 2745 fecit
3419 2733 3434 2753 .
3464 2694 3782 2751 annuntiato

2205 2780 2255 2832 in
2268 2778 2513 2849 gentibus
2526 2777 2746 2849 gloriam
2763 2778 2880 2849 ejus
2895 2780 2909 2835 l
2923 2778 3237 2836 Edilicetur
3255 2780 3442 2837 domus
3452 2797 3779 2853 peromnem

2205 2878 2398 2923 terram
2414 2910 2430 2935 ,
2462 2877 2637 2925 cantet
2663 2869 2836 2924 omnis
2865 2877 3005 2925 terra
3031 2873 3295 2926 canticum
3321 2887 3537 2927 novum.

2275 2962 2327 3014 7.
2357 2957 2520 3032 [rem
2547 2957 2629 3032 6.]
2663 2958 2920 3030 Confessio
2958 2970 3009 3016 et
3053 2962 3372 3032 pulchritudo
3416 2964 3474 3018 in
3511 2976 3784 3034 conspectu

2204 3052 2334 3121 ejus.
2362 3050 2815 3108 Pulchritndinem
2858 3054 3049 3108 amas?
3089 3053 3170 3108 vis
3202 3070 3321 3111 esse
3344 3054 3605 3126 pulcher?
3632 3058 3752 3113 Con
3769 3089 3784 3100 -

2207 3142 2374 3198 litera.
2401 3142 2517 3198 Non
2540 3142 2692 3210 dixit,
2719 3142 3063 3200 Ptdchritudo
3086 3154 3143 3201 et
3165 3145 3467 3213 confessio;
3505 3147 3620 3212 sed,
3644 3147 3786 3204 Con.

2205 3233 2358 3304 fessio
2392 3242 2438 3287 et
2480 3233 2824 3303 pulchritudo.
2869 3235 3068 3293 Foedus
3108 3251 3229 3293 eras
3250 3278 3266 3302 ,
3303 3237 3561 3295 confitere
3600 3250 3658 3294 ut
3709 3242 3788 3297 sis

2209 3324 2428 3395 pulcher
2455 3343 2471 3379 ε
2497 3334 2745 3396 peccator
2771 3328 2921 3394 eras,
2948 3326 3207 3383 conﬁtere
3235 3337 3293 3383 ut
3320 3329 3394 3383 sis
3418 3329 3611 3399 justus.
3653 3331 3784 3387 Fce-

2207 3415 2336 3470 dare
2382 3425 2432 3470 te
2477 3416 2741 3486 potuisti;
2790 3416 3080 3472 formosum
3132 3428 3185 3474 te
3230 3418 3407 3475 facere
3452 3435 3556 3475 non
3604 3430 3785 3490 potes.

2207 3507 2388 3575 Qualis
2415 3517 2591 3564 autein
2619 3520 2700 3565 est
2732 3522 2961 3580 sponsus
2986 3518 3186 3575 noster,
3215 3510 3307 3580 qui
3337 3509 3532 3566 fmdam
3560 3494 3786 3579 amavit,

2209 3609 2268 3653 nt
2292 3599 2564 3669 pulchram
2595 3598 2839 3656 faceret?
2880 3600 3172 3669 Quomodo,
3218 3601 3293 3655 ait
3333 3602 3540 3672 aliquis,
3587 3604 3787 3660 ladani

2206 3692 2446 3747 amavit?
2485 3691 2606 3746 Non
2631 3694 2740 3747 seni
2758 3733 2772 3756 ,
2802 3692 3002 3763 inquit,
3029 3708 3205 3747 vocare
3218 3694 3408 3765 justas.
3435 3693 3524 3748 sed
3547 3705 3757 3764 peccato

2211 3800 2307 3848 res.
2331 3785 2544 3860 (blattis.
2571 3802 2644 3852 Ix,
2672 3786 2780 3857 15).
2807 3787 2953 3853 Quos
2976 3799 3135 3842 vocas
3161 3794 3497 3856 peccatores,
3519 3796 3577 3841 ut
3605 3803 3785 3841 roma-

2215 3888 2373 3935 neant
2417 3878 2808 3950 peccatores‘?
2850 3878 3002 3944 Non,
3044 3878 3231 3948 inquit.
3280 3878 3345 3933 Et
3382 3879 3645 3948 quomodo
3678 3896 3791 3935 non

2214 3982 2369 4028 erunt
2390 3972 2734 4043 peccatores?
2760 3970 3016 4043 Confessio
3040 3981 3086 4024 et
3107 3969 3430 4041 pulchritudo
3448 3972 3509 4024 in
3522 3983 3792 4040 conspectu

2213 4066 2341 4135 ejus.
2390 4063 2725 4119 Confitentur
2770 4064 2912 4117 enim
2963 4070 3173 4131 peccata
3219 4075 3335 4128 sua,
3380 4072 3599 4115 vomunt
3645 4063 3790 4117 mala

2212 4169 2332 4226 qua:
2379 4155 2533 4210 avide
2590 4147 2939 4225 veraverant';
2989 4168 3093 4207 non
3147 4151 3371 4207 redeunt
3415 4151 3479 4205 ad
3525 4152 3791 4206 vomitum

2216 4264 2390 4313 suum,
2420 4248 2558 4302 sicut
2579 4247 2725 4301 canis
2750 4243 3054 4300 immundus
3088 4242 3159 4314 (II
3191 4243 3329 4298 Petr.
3354 4258 3410 4307 ιι,
3437 4243 3531 4313 22)
3556 4260 3568 4296 :
3598 4253 3650 4296 et
3684 4246 3792 4297 erit

2214 4339 2481 4395 confessio
2504 4348 2559 4394 et
2594 4338 2945 4409 pulchritudo.
2998 4339 3253 4392 Amamus
3302 4334 3790 4406 pulchritudinem;

2216 4432 2362 4502 prius
2400 4431 2655 4500 eligamus
2693 4429 3103 4492 confessionem,
3151 4437 3209 4482 nt
3249 4438 3501 4496 sequatur
3545 4426 3790 4496 pulchri-

2217 4510 2364 4579 tudo.
2416 4523 2609 4579 lterum
2652 4522 2830 4578 existit
2871 4522 2957 4591 qui
3006 4533 3145 4576 amat
3192 4526 3500 4592 potentiam,
3544 4530 3691 4574 amat
3737 4533 3793 4576 et

2219 4615 2695 4687 magniﬁcentiam;
2729 4613 2839 4669 vult
2882 4628 3000 4671 esse
3042 4627 3263 4683 magnus
3306 4610 3573 4681 quimodo
3597 4610 3794 4681 Angeli

2217 4716 2367 4762 sunt.
2391 4706 2774 4777 Magnificentia
2816 4704 3055 4776 quaedam
3081 4715 3160 4758 est
3192 4704 3242 4757 in
3270 4702 3485 4773 Angelis
3509 4718 3525 4768 ;
3564 4709 3617 4756 et
3642 4711 3796 4758 tanta

2218 4800 2475 4870 potentia,
2498 4809 2555 4855 ut
2580 4798 2627 4853 si
2653 4797 2848 4853 faciant
2873 4796 3057 4868 Angeli
3085 4794 3333 4866 quidquid
3363 4804 3601 4865 possunt,
3630 4799 3797 4851 susti.

2220 4892 2333 4948 neri
2361 4907 2465 4947 non
2495 4890 2679 4961 possit.
2719 4890 2785 4945 Et
2821 4890 2995 4944 omnis
3024 4888 3183 4942 homo
3210 4887 3472 4943 desiderat
3497 4889 3795 4957 potentiam

2220 4984 2560 5055 Angelorum,
2580 4980 2674 5038 sed
2694 4981 2949 5053 justitiam
2968 4980 3287 5050 Angelorum
3314 4994 3419 5033 non
3447 4988 3607 5033 amat.
3635 4978 3796 5033 Prin~

2214 5073 2471 5144 justitiam
2514 5073 2693 5144 dilige,
2721 5081 2776 5128 et
2817 5079 3071 5141 sequetur
3102 5078 3154 5125 te
3192 5071 3452 5143 potentia.
3482 5069 3621 5136 Quid
3645 5070 3794 5123 enim

2219 5166 2455 5236 sequitur
2482 5172 2536 5219 et
2562 5164 2646 5219 hic
2665 5164 2692 5217 ’ἶ
2729 5162 2983 5219 Sanctitas
3009 5172 3056 5217 et
3084 5161 3457 5238 magniﬁcentia
3479 5162 3530 5215 in
3562 5162 3795 5230 sancti/i-

2218 5260 2413 5331 catione
2438 5258 2563 5327 ejus.
2595 5256 2674 5310 Tu
2694 5256 2801 5325 jam
2827 5254 3102 5327 qua'rebas
3129 5253 3569 5325 magnificentiam
3600 5272 3614 5308 :
3643 5253 3800 5322 prius

2219 5348 2379 5420 dilige
2403 5349 2775 5414 sanctitatem;
2817 5364 2937 5403 eum
2979 5346 3336 5403 sanctiﬁcatus
3379 5345 3570 5409 fueris,
3597 5344 3709 5400 eris
3743 5355 3798 5400 et

2220 5441 2547 5515 magniﬁcus.
2592 5439 2726 5496 Nam
2768 5438 2814 5498 si
2855 5448 3181 5512 prmpostere
3223 5437 3372 5510 prius
3403 5449 3525 5493 esse
3551 5434 3797 5492 volueris

2282 5648 2299 5680 ι
2327 5655 2397 5696 Er.
2435 5655 2552 5696 ven.
2574 5653 2705 5703 ἰωῇ,
2730 5652 2850 5704 ouos
2872 5653 3010 5693 coras
3031 5633 3330 5705 peccatores?
3363 5630 3559 5687 Anideo
3576 5632 3803 5706 vocasti:

2220 5716 2491 5762 renumennt
2514 5717 2799 5773 peccatores.
2840 5713 2912 5754 att.
