4012 6202
253 399 398 455 1253

240 965 657 1035 descendentis,
692 985 748 1026 ut
773 976 993 1046 erigaris
1022 994 1051 1032 a
1084 981 1224 1035 forti.

314 1057 366 1111 8.
398 1057 548 1130 [vers
580 1061 659 1134 7.]
687 1064 822 1130 Quid
851 1067 1024 1136 ergo?
1067 1069 1124 1125 Si
1161 1072 1406 1139 confessio
1430 1084 1472 1127 et
1501 1075 1822 1145 pulchritudo

238 1150 294 1201 in
319 1163 592 1220 conspectu
617 1156 744 1224 ejus.
771 1161 1012 1213 sanctitas
1041 1170 1084 1214 et
1117 1165 1488 1233 magniﬁcentia
1513 1169 1564 1220 in
1594 1171 1816 1238 sanctifi-

236 1242 437 1294 ratione
459 1243 574 1311 ejus
602 1245 743 1315 (hoc
783 1250 1190 1317 annuntiamus,
1221 1269 1340 1307 cum
1370 1256 1692 1312 aediﬁcamus
1716 1263 1815 1315 do-

233 1347 420 1398 mum;
468 1349 598 1390 ecce
647 1338 754 1404 jam
800 1343 1166 1397 auituntiatum
1215 1355 1297 1401 est
1338 1349 1640 1417 gentibus);
1687 1353 1813 1422 quid

232 1421 434 1477 debent
460 1424 638 1481 facere
665 1437 872 1497 gentes,
904 1433 1093 1500 quibus
1118 1437 1561 1492 annnntiavertmt
1583 1441 1598 1471 ¹
1625 1421 1812 1511 ἰΙΙὶίηυί

230 1512 418 1567 silvam
458 1517 930 1586 exstirpaverunt?
973 1523 1089 1577 Jam
1132 1525 1197 1580 ad
1243 1527 1382 1594 ipsas
1425 1518 1610 1598 gentes
1647 1532 1798 1599 dicit,

229 1601 424 1668 Aferte
447 1604 671 1660 Domino
691 1611 870 1678 patrita
889 1614 1128 1680 gentium,
1152 1615 1328 1682 a/ferte
1353 1616 1569 1672 Domino
1593 1620 1806 1688 gloriam

229 1706 277 1746 et
303 1697 552 1750 honorem
573 1715 594 1751 :
627 1702 790 1756 nolite
818 1705 1005 1767 vobis;
1048 1707 1167 1776 quia
1204 1719 1256 1762 et
1296 1709 1366 1762 illi
1407 1710 1495 1780 qui
1536 1712 1680 1766 vobis
1704 1730 1802 1768 an-

226 1793 632 1861 nuntiaverunt,
664 1813 768 1850 non
794 1813 966 1861 suam,
998 1802 1088 1856 sed
1120 1803 1255 1858 illius
1281 1804 1500 1872 gloriam
1523 1808 1800 1862 annuntia-

227 1894 420 1938 verunt
455 1903 469 1938 :
503 1896 552 1942 et
583 1903 676 1941 vos
715 1889 893 1956 a/ferte
930 1891 1148 1947 Domino
1185 1896 1396 1964 gloriam
1432 1907 1478 1951 et
1520 1898 1798 1965 honorem;

220 1985 269 2028 et
291 1975 457 2030 dicite
476 2017 492 2042 ,
528 1975 648 2031 Non
689 1979 858 2046 nobis,
888 1980 1132 2046 Domine,
1166 2002 1265 2038 non
1295 1985 1464 2052 nobis,
1493 1989 1580 2042 sed
1607 1991 1798 2044 nomini

217 2075 296 2118 tuo
319 2067 391 2118 da
415 2069 634 2137 gloriam
661 2071 830 2141 (Psal.
853 2088 1004 2138 CXIII,
1033 2076 1106 2143 1).
1133 2074 1305 2130 Nolite
1328 2092 1474 2146 spem
1500 2079 1552 2132 in
1580 2079 1794 2137 homine

217 2172 435 2226 polit-re.
485 2161 540 2216 Si
595 2163 889 2232 baptizatur
918 2167 1276 2238 undSquisque
1307 2179 1535 2226 vostrum
1556 2213 1570 2236 ,
1603 2173 1745 2227 dicat
1774 2191 1789 2229 :

215 2249 301 2302 ille
328 2267 416 2303 me
446 2252 712 2321 Itaptizat,
745 2255 812 2310 de
837 2273 940 2325 quo
963 2259 1165 2313 amicus
1188 2261 1370 2330 sponsi
1401 2261 1550 2326 dixit,
1590 2263 1689 2317 Hic
1718 2276 1789 2319 est

210 2342 287 2410 qui
309 2343 538 2414 baptizat
559 2345 738 2417 (Joan.
765 2365 801 2414 ι,
826 2349 938 2418 55).
965 2349 1017 2403 Si
1048 2351 1190 2405 enim
1215 2351 1327 2406 haec
1349 2352 1606 2421 dixeritis,
1633 2356 1784 2411 alier-

211 2430 271 2482 tis
299 2430 530 2486 Domino
558 2436 780 2503 gloriam
807 2447 861 2491 et
887 2439 1142 2493 honorem
1173 2457 1187 2492 :
1217 2439 1405 2508 Alfene
1428 2441 1645 2498 Domino
1673 2444 1785 2516 glo-

207 2519 328 2570 riam
358 2535 404 2573 et
429 2523 697 2577 honorem.

269 2611 319 2664 9.
349 2610 502 2683 [ινα-ε.
528 2612 606 2688 3.]
658 2615 846 2683 A/ferte
900 2617 1116 2673 Domino
1153 2621 1367 2690 gloriam
1410 2625 1601 2678 nomini
1644 2628 1775 2698 ejus.

202 2699 309 2754 Non
332 2705 534 2758 nomini
555 2705 849 2774 hominum,
882 2728 986 2764 non
1007 2713 1208 2767 nomini
1236 2725 1430 2778 vestro,
1463 2717 1554 2770 sed
1579 2719 1776 2774 nomini

1401 415 1790 472 ENARRATIO
1832 417 1898 474 IN
1937 420 2254 487 PSALMUM
2295 434 2448 492 xcv.
2504 427 2507 431 “

249 511 593 580 magniﬁcus,
622 524 744 570 ante
770 517 916 574 cadis
937 533 1095 590 quam
1126 537 1310 594 surgas
1342 545 1355 580 :
1384 542 1489 582 non
1525 530 1666 584 enim
1711 547 1832 585 sur-

245 605 360 671 gis,
386 604 481 658 sed
511 608 804 664 extolleris.
838 611 1023 666 Melius
1050 614 1222 685 surgis
1241 656 1256 683 ,
1283 617 1328 671 si
1359 625 1412 674 te
1437 620 1526 675 ille
1550 622 1717 692 erigat
1739 622 1830 692 qui

246 710 361 746 nmt
386 696 546 750 cadit.
580 697 862 755 Descendit
888 705 1028 758 enim
1069 705 1134 760 ad
1177 715 1228 762 te
1266 708 1356 763 ille
1391 712 1476 779 qui
1501 727 1605 766 non
1646 713 1826 768 cadit:

246 793 310 837 tn
355 787 648 850 cecideras,
699 791 788 846 ille
818 792 1108 862 descendit,
1157 801 1394 869 porrexit
1442 803 1533 856 tibi
1572 819 1823 870 manum;

244 888 356 926 non
402 887 552 944 potes
584 879 784 936 viribus
826 884 928 937 tuis
970 901 1206 956 surgere,
1243 891 1574 960 amplectere
1611 911 1822 949 manum

3379 462 3402 514 1
3413 461 3518 520 εδδ

1942 535 2152 641 (Matth.
2195 561 2342 641 xxiv,
2373 551 2463 618 25,
2504 555 2592 621 24,
2621 556 2676 628 2)
2727 577 2740 613 :
2794 563 2862 619 ad
2909 568 3160 634 parietem
3204 573 3506 641 dealbatum

1936 633 2166 699 vocatis;
2195 636 2247 690 in
2272 641 2407 694 atrio
2434 655 2618 700 sancto
2644 649 2808 708 adoro
2837 633 3001 712 Deum
3033 677 3228 718 meum.

2005 722 2091 778 11.
2131 725 2508 789 Commoveatur
2533 754 2565 790 a
2594 743 2722 809 facie
2754 746 2862 815 ejus
2892 751 3122 808 universa
3149 765 3282 813 terra
3311 777 3331 814 :
3355 763 3512 822 dicite

1929 811 1982 866 in
2002 817 2304 889 nationibus,
2330 821 2580 883 Dominus
2611 838 2829 902 regnavit
2857 856 2887 891 a
2917 841 3069 912 ligno.
3096 846 3290 903 Etenim
3320 871 3476 907 corre-

1925 904 2002 956 xit
2025 906 2190 961 orbem
2215 921 2378 978 terrai,
2410 919 2498 986 qui
2529 937 2628 975 non
2669 933 3068 987 commovebitur.
3100 936 3229 1004 Quae
3257 945 3494 1000 testimo-

1926 994 2009 1048 nia
2037 997 2398 1060 tedilicationis
2421 1007 2610 1067 domus
2638 1012 2727 1069 Dei
2748 1016 2760 1069 l
2780 1017 3024 1076 l‘ntonant
3045 994 3212 1082 nubes
3231 1033 3484 1096 cmlortnn

1918 1177 2310 1238 clamantranae
2337 1187 2403 1243 de
2427 1191 2636 1260 palude,
2666 1197 2772 1253 Nos
2815 1203 2912 1257 soli
2957 1219 3139 1262 sumus
3191 1211 3485 1271 chrisuani.

1917 1265 2043 1374 Quae
2091 1274 2386 1332 teStimonia
2440 1281 2706 1350 profero?
2760 1288 3024 1348 Psalterii.
3076 1265 3481 1374 Proferovquod

1913 1361 2104 1416 surdus
2124 1375 2307 1422 cantas
2331 1387 2344 1422 :
2370 1375 2514 1441 aperi
2537 1391 2714 1446 aures,
2741 1390 2792 1436 tu
2814 1393 2996 1440 cantas
3017 1388 3143 1456 ista;
3167 1403 3347 1450 cantas
3370 1413 3485 1454 me-

1911 1465 2051 1519 cum,
2078 1465 2272 1513 etnon
2328 1466 2621 1523 concortlas
2669 1487 2911 1541 mecum;
2959 1478 3137 1550 lingua
3193 1494 3277 1540 tua
3327 1499 3483 1545 sonat

1907 1545 2046 1612 quod
2077 1561 2231 1605 sonat
2257 1567 2394 1618 mea,
2435 1565 2488 1611 et
2513 1574 2608 1613 cor
2637 1571 2781 1618 tuum
2811 1566 3047 1626 dissonat
3071 1588 3101 1626 a
3127 1577 3289 1634 corde
3334 1597 3474 1639 meo.

1903 1633 2087 1692 Nonne
2111 1648 2164 1692 tu
2191 1654 2374 1699 cantas
2394 1645 2528 1702 ista?
2551 1649 2677 1707 Vide
2699 1657 2994 1713 testimonia
3016 1663 3161 1719 orbis
3175 1675 3432 1726 terrarum
3458 1690 3472 1727 :

1904 1723 2281 1786 Commoveatur
2302 1751 2333 1787 a
2357 1737 2487 1804 facie
2532 1743 2640 1812 ejus
2682 1745 2910 1802 universa
2936 1760 3066 1806 terra
3101 1769 3122 1808 :
3155 1767 3208 1811 et
3244 1769 3298 1812 tu
3338 1761 3472 1820 dicis

1901 1831 2004 1870 non
2032 1827 2352 1880 commoveri
2368 1828 2392 1881 ?
2410 1827 2576 1887 Dicite
2596 1833 2646 1887 in
2665 1837 2966 1910 nationibus,
2984 1842 3233 1902 Dominus
3249 1855 3472 1922 regnavit
3557 1919 3562 1922 _

1899 1923 1929 1958 a
1949 1908 2104 1977 ligno.
2133 1914 2213 1968 An
2245 1916 2378 1973 forte
2406 1919 2492 1976 hic
2521 1924 2850 1992 obtinebunt,
2883 1908 3134 1990 etdicent
3163 1953 3221 1993 se
3244 1908 3468 2010 regnare

1896 2013 1924 2050 a
1956 1999 2116 2070 ligno,
2146 2007 2267 2075 quia
2297 2008 2524 2070 fustibus
2555 2014 3056 2080 Circumcellionum
3104 2033 3367 2100 regnant?
3391 2035 3464 2091 De

1893 2102 2050 2146 cruce
2077 2095 2273 2152 Christi
2295 2115 2476 2172 regna,
2504 2107 2549 2160 si
2595 2123 2627 2163 a
2678 2109 2820 2181 ligno
2870 2095 3188 2184 regnaturus
3221 2136 3300 2176 es.
3328 2123 3458 2179 Nam

1890 2173 2090 2249 lignum
2118 2184 2220 2242 hoc
2260 2197 2408 2246 tuum
2450 2194 2682 2266 ligneum
2716 2173 2774 2255 te
2817 2173 2985 2259 facit":
3017 2173 3458 2278 lignum'Cli-ri‘sti

1890 2285 1985 2340 per
2008 2288 2154 2331 mare
2184 2285 2236 2332 te
2267 2281 2480 2351 trajicit.
2517 2287 2682 2342 Audis
2708 2289 2975 2348 Psalmum
3000 2296 3263 2355 dicentem
3285 2343 3299 2366 ,
3332 2303 3458 2358 Cor-

1886 2365 2013 2418 rexit
2034 2370 2202 2423 orbem
2225 2380 2388 2438 terrai,
2427 2377 2515 2447 qui
2538 2394 2641 2434 non
2663 2386 3083 2455 commovebitur;
3125 2400 3178 2445 et
3220 2401 3275 2447 tu
3321 2395 3454 2453 dicis

1884 2472 1988 2512 non
2016 2461 2184 2516 solum
2204 2473 2404 2520 motum
2431 2479 2550 2536 post
2587 2475 2996 2543 correctionem,
3041 2479 3136 2535 sed
3163 2484 3322 2538 etiam
3364 2487 3449 2540 di-

1881 2549 2160 2606 minutum.
2189 2554 2266 2608 Tu
2317 2570 2496 2613 verum
2527 2560 2696 2628 dicis;
2746 2563 2846 2620 iste
2892 2569 3188 2625 mentitur?
3212 2572 3449 2628 Pseudo-

1880 2641 2150 2710 propheta:
2191 2646 2482 2705 clamantes
2501 2691 2515 2717 ,
2548 2650 2680 2708 Ecce
2703 2654 2786 2708 hic
2813 2666 2885 2711 est
2911 2656 3157 2728 Christus,
3179 2679 3292 2719 ecce
3319 2665 3445 2734 illic,

1879 2745 2063 2786 verum
2087 2733 2297 2802 dicunt;
2326 2748 2377 2793 et
2419 2742 2672 2812 propheta
2721 2745 2821 2802 iste
2871 2751 3165 2807 mentitur?
3212 2754 3444 2824 Fratres,

2285 2792 2296 2802 '
2367 2792 2374 2793 ί
2420 2792 2469 2809 r'
2487 2792 2543 2812 ’.ν
2556 2792 2672 2800 _""'
2721 2792 2821 2802 .--ν
2871 2792 3113 2806 "'V""'ul
3146 2792 3157 2807 ὁ
3212 2792 3230 2807 Ι
3255 2792 3351 2810 ...δ’

198 2792 309 2860 eius
333 2794 523 2851 θπετιθ
553 2798 796 2867 Βίοτίδηι·
825 2799 1005 2857 Τοιιίιε
1031 2803 1239 2868 Ιιοδιίαε.
1264 2815 1309 2857 ει
1337 2806 1538 2861 immite
1563 2808 1616 2861 ίη
1643 2809 1776 2863 atria
1874 2832 2056 2876 contra
2077 2824 2205 2879 istas
2223 2830 2582 2898 apertissimas
2610 2849 2768 2892 voces
2783 2839 2977 2896 auditis
3003 2841 3054 2896 in
3082 2845 3287 2915 angulis
3310 2855 3446 2903 stre-

202 2885 298 2915 αἱ...
350 2887 535 2915 Τηηξι-
565 2891 748 2915 l.--.:-_
777 2910 790 2915 _
824 2896 940 2915 ---:J
979 2896 1118 2915 -|t_.,,
1162 2899 1172 2910 -
1248 2900 1324 2915 .-.ί
1443 2909 1454 2915 _
1502 2901 1514 2912 .
1561 2911 1570 2915 _
1711 2903 1742 2915 _.
1911 2912 1922 2915 -

201 2885 316 2952 rius.
350 2887 536 2942 Tollite
559 2891 750 2947 hostias
769 2910 790 2947 :
818 2896 942 2964 quid
967 2896 1173 2952 allaturi
1204 2900 1334 2954 estis
1353 2941 1368 2966 ,
1400 2909 1460 2954 ut
1501 2901 1772 2959 iutroeatis

197 2981 245 3029 tu
270 2979 401 3033 atria
425 2981 718 3050 ejtts?Jam
755 2987 895 3042 enim
931 2989 1096 3042 crevit
1122 2991 1331 3056 domus,
1375 3001 1430 3046 et
1472 2994 1603 3049 facta
1649 3003 1772 3051 sunt

197 3071 357 3134 atria;
390 3074 481 3141 qui
503 3074 732 3130 all‘eront
753 3077 987 3145 hostias,
1018 3082 1258 3136 intrent’
1285 3083 1336 3137 in
1362 3086 1513 3139 atria.
1564 3085 1767 3142 Tauros

195 3160 629 3228 allaturisumus,
662 3166 839 3222 hircos
861 3171 946 3224 vel
992 3173 1164 3227 oves?
1205 3173 1376 3228 Absit.
1422 3174 1482 3229 Si
1529 3177 1766 3232 voluisses

191 3253 492 3318 sacriﬁcium
511 3296 528 3320 ,
555 3255 803 3312 dedissem
841 3262 1028 3332 utique.
1062 3263 1152 3318 llle
1180 3264 1332 3319 nobis
1362 3264 1586 3322 hostiam
1615 3282 1764 3322 com-

191 3345 489 3413 mendabat,
514 3363 672 3418 quam
700 3351 890 3409 offerre
915 3355 1186 3411 debemus.
1221 3356 1410 3413 Videte
1456 3375 1523 3432 ne
1562 3360 1649 3413 illa
1692 3361 1762 3416 sit

189 3438 380 3503 hostia,
411 3439 478 3495 de
503 3457 610 3511 quo
633 3443 942 3512 jamdudum
979 3447 1110 3520 dixit
1131 3491 1146 3514 ,
1173 3447 1434 3517 Confessio
1460 3463 1506 3506 et
1536 3455 1760 3521 pulchri-

183 3527 301 3582 tudo
328 3531 384 3582 in
409 3545 679 3603 conspectu
703 3536 830 3608 ejus.
859 3535 1136 3593 Confessio
1183 3539 1352 3596 hostia
1405 3555 1485 3597 est
1534 3544 1660 3599 Deo.
1711 3545 1756 3599 Ο

179 3633 302 3688 ergo
327 3629 538 3690 gentes,
578 3625 621 3677 si
667 3625 824 3680 vultis
871 3626 1070 3683 intrare
1113 3628 1164 3683 in
1221 3631 1355 3686 atria
1409 3632 1544 3701 ejus,
1591 3635 1754 3690 nolite

181 3722 357 3762 vacua:
382 3710 601 3778 intrare,
633 3712 814 3769 Tollite
834 3717 1042 3772 hostias.
1070 3718 1212 3787 Quas
1250 3720 1450 3777 hostias
1477 3724 1749 3779 nobiscum

180 3804 434 3865 portaturi
450 3807 668 3860 sumus?
690 3807 1013 3877 Sacriﬁcium
1049 3811 1154 3866 Deo
1191 3814 1402 3882 spiritus
1439 3817 1750 3870 contribula-

176 3900 292 3958 tus;
333 3908 420 3946 cor
467 3899 736 3951 contritum
771 3909 818 3953 et
863 3899 1176 3956 humiliatum
1221 3903 1360 3958 Deus
1410 3921 1510 3958 non
1561 3908 1749 3976 spernit

176 3981 351 4046 (Psal.
381 4001 430 4052 ι,
465 3987 549 4051 18,
580 3988 687 4059 19).
719 3989 849 4045 Cum
878 3991 1060 4048 humili
1098 3993 1258 4048 corde
1283 3996 1416 4050 intra
1450 3997 1500 4050 in
1529 3997 1745 4055 domum

174 4073 290 4136 Dei,
313 4084 372 4130 et
395 4091 514 4132 cum
555 4079 725 4136 hostia
767 4083 990 4138 intrasti.
1023 4084 1078 4139 Si
1126 4093 1303 4140 autem
1352 4088 1612 4156 superbus
1663 4105 1740 4155 es,

172 4165 350 4220 inanis
371 4168 557 4225 intras.
584 4171 714 4226 Nam
743 4175 880 4229 unde
908 4175 1229 4244 superbires,
1254 4176 1350 4230 nisi
1375 4178 1543 4232 inanis
1564 4183 1744 4236 esses?

169 4255 300 4311 Nam
329 4259 375 4311 si
399 4259 586 4328 plenus
613 4278 778 4328 esses,
810 4279 911 4319 non
944 4266 1220 4321 inﬂareris.
1253 4267 1529 4334 Quomodo
1558 4270 1741 4338 plenus

167 4349 364 4403 esses?
389 4347 447 4405 Si
474 4361 646 4408 tecum
678 4355 888 4411 tolleres
917 4355 1162 4422 hostiam,
1204 4374 1360 4428 quam
1393 4370 1632 4429 portares
1673 4364 1740 4417 ad

163 4442 302 4496 atria
341 4443 564 4499 Domini.
590 4446 706 4502 1am
737 4464 803 4503 ne
830 4449 917 4503 diu
954 4458 1247 4518 teneamus,
1278 4467 1553 4508 curramus
1577 4465 1736 4509 cane-

164 4551 239 4589 ra.
279 4534 472 4590 Videte
498 4550 825 4595 crescentem
859 4541 1072 4595 domum
1096 4583 1110 4606 ,
1140 4543 1312 4598 videte
1339 4543 1616 4600 aediﬁcium
1662 4547 1738 4603 ire

162 4641 255 4690 per
283 4635 457 4679 totum
482 4629 660 4684 orbem
700 4640 980 4686 terrarum.
1033 4632 1288 4700 Gaudete,
1331 4635 1450 4703 quia
1499 4637 1735 4694 intrastis

161 4718 211 4770 in
235 4717 413 4781 atria;
438 4719 680 4788 gaudete,
708 4723 826 4792 quia
857 4721 1184 4778 :rdiﬁcatnini
1233 4723 1286 4776 in
1329 4724 1580 4794 templum
1619 4727 1732 4782 Dei.

156 4807 252 4873 Qui
283 4809 429 4862 enim
461 4810 676 4874 intrant,
707 4812 804 4881 ipsi
837 4813 1187 4875 aediﬁcantur,
1233 4814 1328 4884 ipsi
1383 4823 1505 4869 sunt
1545 4815 1733 4871 domus

161 4901 248 4955 hei
281 4917 299 4954 :
337 4901 424 4956 ille
457 4912 540 4958 est
579 4905 917 4972 inhabitator,
955 4906 1040 4960 cui
1089 4905 1380 4960 indilicatur
1402 4906 1593 4962 domus
1624 4916 1733 4963 toto

152 4992 284 5043 urbe
317 5001 608 5059 terrarum,
641 5004 696 5050 et
721 4993 822 5051 hoc
859 5004 979 5066 post
1003 4996 1382 5066 captivitatem.
1419 4996 1599 5052 Tollite
1640 4998 1728 5052 ho-

153 5082 297 5146 stias,
330 5093 375 5134 et
395 5083 593 5139 introite
621 5085 672 5138 in
695 5087 825 5140 atria
847 5089 972 5159 ejus.

219 5172 318 5226 10.
343 5169 488 5244 [vera
511 5173 565 5238 9,
594 5173 711 5249 10.]
746 5177 964 5231 Adorate
991 5176 1265 5232 Dominum
1303 5178 1354 5232 in
1380 5179 1508 5256 atrio
1557 5180 1728 5234 sancto

147 5264 259 5328 eius
287 5278 310 5316 :
339 5265 388 5318 in
409 5265 668 5322 catholica
695 5267 964 5332 Ecclesia;
1003 5272 1103 5324 hoc
1144 5280 1226 5324 est
1252 5273 1443 5324 atrium
1485 5281 1726 5324 sanctum

145 5354 286 5420 ejus.
323 5353 487 5409 Nemo
523 5357 662 5411 dicat
687 5399 701 5420 .
734 5357 865 5414 Ecce
909 5360 991 5414 hic
1034 5370 1106 5413 est
1147 5360 1397 5425 Christus,
1445 5377 1555 5414 ecce
1600 5361 1722 5415 illic.

147 5443 441 5514 Emrgent
459 5447 592 5502 enim
618 5451 1081 5519 pseudopropltette.
1111 5450 1203 5505 Dic
1246 5451 1323 5506 eis
1369 5451 1503 5506 istud
1525 5493 1539 5516 ,
1570 5450 1724 5520 Lupis

137 5554 300 5608 super
338 5537 560 5606 lapidem
608 5557 708 5595 non
759 5543 1057 5606 relinquetur
1086 5581 1103 5606 ,
1150 5542 1234 5606 qui
1287 5555 1386 5594 non
1436 5541 1723 5596 destruatur

199 5718 217 5749 ι
247 5719 456 5785 siesse.
481 5725 538 5770 st
561 5719 692 5779 add,
716 5720 832 5780 quid
848 5719 1050 5772 debeant
1069 5726 1245 5781 gentes.
1269 5720 1391 5782 Quid
1413 5721 1719 5773 annuntiave-

137 5786 252 5827 mu
277 5778 372 5835 illi,
400 5787 497 5830 etc.
678 5778 683 5779 “
732 5778 736 5780 ⁷
1073 5778 1087 5781 ⁷

201 5843 222 5873 ⁸
253 5842 330 5889 sic
353 5840 523 5901 plures
541 5849 644 5892 uss.
676 5851 727 5893 At
749 5844 879 5904 Edd.,
901 5846 1094 5896 intrant.

1873 2912 2058 2981 pilum,
2093 2915 2182 2972 Ille
2204 2919 2432 2986 tradidit,
2463 2932 2516 2977 et
2544 2923 2632 2980 ille
2654 2927 2887 2984 tradidit.
2915 2931 3050 2998 Quid
3079 2912 3250 2990 dicis?
3273 2936 3445 2994 Voces

1873 3011 1975 3056 tute
2007 3005 2282 3064 audienda!
2326 3020 2467 3078 sunt,
2504 3029 2571 3068 an
2612 3031 2769 3074 voces
2820 3019 3181 3079 Dei?Etenim
3227 3032 3442 3083 correxit

1868 3096 2034 3151 orbem
2059 3109 2222 3169 terrte,
2255 3105 2338 3174 qui
2367 3121 2465 3160 non
2505 3111 2910 3166 commovebitur.
2960 3113 3073 3186 Ego
3117 3118 3209 3172 tibi
3251 3119 3434 3176 orbem

1868 3198 2124 3245 terrarum
2145 3195 2368 3250 ostendo
2391 3197 2707 3254 aediﬁcatum
2729 3219 2744 3269 ;
2768 3205 2893 3260 tolle
2922 3204 3146 3262 bestiam
3171 3248 3186 3273 ,
3210 3209 3348 3266 intra
3379 3213 3430 3267 in

1863 3281 1995 3336 atria
2027 3282 2254 3340 Domini.
2287 3287 2496 3344 Hostias
2532 3307 2635 3345 non
2682 3293 2865 3362 babes,
2896 3307 3175 3369 propterea
3201 3318 3308 3358 non
3353 3305 3436 3360 vis

1863 3371 2081 3430 intrare.
2104 3375 2242 3445 Quid
2272 3387 2354 3434 est
2376 3379 2514 3436 hoc?
2535 3382 2591 3439 Si
2625 3383 2850 3442 hostiam
2878 3390 2968 3445 tibi
3007 3390 3262 3449 indiceret
3291 3395 3428 3452 Deus

1861 3474 2090 3531 taurum,
2149 3468 2371 3537 hircum,
2417 3475 2658 3543 arietem,
2707 3478 2974 3536 invenires
2999 3483 3136 3552 quod
3166 3469 3424 3541 aﬂ'terres:
3466 3508 3470 3516 ι

1858 3555 2045 3612 indixit
2071 3559 2162 3616 tibi
2210 3560 2407 3620 humile
2435 3580 2548 3634 cor,
2577 3576 2631 3622 et
2660 3584 2762 3623 non
2794 3570 2873 3626 vis
2900 3573 3115 3629 intrare.
3148 3576 3257 3630 lloc
3281 3579 3423 3631 enim

1855 3647 1906 3701 in
1956 3657 2007 3704 te
2052 3667 2154 3706 non
2203 3654 2434 3722 invenis,
2492 3657 2612 3727 quia
2650 3662 2893 3730 superbia
2939 3665 3193 3718 tumuisti.
3228 3665 3423 3720 Etenim

1852 3744 2066 3796 correxit
2090 3745 2255 3800 orbem
2287 3756 2450 3814 teri-ce,
2485 3751 2572 3816 qui
2603 3767 2701 3804 non
2726 3755 3126 3808 commovebitur.
3161 3754 3426 3810 ludicabit-

1852 3837 2067 3906 populos
2085 3838 2137 3890 in
2162 3841 2413 3908 (equitate.
2445 3840 2592 3895 Tune
2611 3857 2670 3898 se
2708 3844 2783 3898 illi
2819 3845 3086 3916 plangent,
3113 3848 3202 3918 qui
3235 3849 3416 3905 nolunt

1851 3924 2007 3978 modo
2026 3925 2245 3997 diligere
2271 3927 2294 3960 ⁸
2321 3929 2642 3998 aequitatem.

1922 4018 2008 4072 12.
2038 4017 2185 4090 [rem
2230 4017 2343 4092 11.]
2375 4019 2729 4077 Jucundentur
2766 4025 2897 4092 caili,
2934 4035 2981 4079 et
3028 4030 3211 4081 exultet
3255 4039 3412 4093 terra,

1847 4109 2210 4165 Jucundentur
2242 4113 2381 4178 coeli,
2410 4113 2496 4183 qui
2524 4124 2776 4170 enarrant
2800 4116 3021 4186 gloriam
3053 4117 3175 4182 Dei;
3216 4119 3403 4188 jucnn~

1846 4205 2038 4257 dentur
2079 4204 2236 4270 caeli,
2283 4217 2417 4275 quos
2475 4205 2730 4262 Dominus
2772 4206 2899 4264 fecit
2929 4227 2941 4262 :
2971 4210 3198 4265 exsultet
3249 4220 3404 4278 terra,

1845 4309 2000 4362 quam
2031 4295 2338 4364 complnunt
2360 4296 2503 4353 eteli.
2525 4295 2656 4352 ϐαξιὶ
2681 4299 2822 4354 enim
2848 4299 3246 4369 prtedicatores,
3272 4312 3404 4357 terra

1841 4385 2543 4442 auditores.Commoveatur
2580 4405 2716 4443 mare
2739 4401 2784 4444 et
2810 4391 3068 4461 plenitudo
3099 4395 3228 4462 ejus.
3257 4393 3407 4461 Quod

1842 4477 2316 4534 mare?S~.eculum.
2351 4478 2682 4535 Commotum
2719 4493 2800 4536 est
2826 4499 3002 4550 mare,
3043 4493 3098 4540 et
3135 4487 3410 4554 plenitudo

1841 4566 2001 4619 maris
2051 4584 2064 4618 :
2123 4581 2281 4622 omne
2339 4571 2590 4624 sarculum
2649 4572 2970 4626 concitatum
3023 4585 3106 4630 est
3153 4577 3410 4633 adversm

1841 4657 2153 4717 Ecclesium.
2194 4673 2315 4713 cum
2356 4659 2666 4715 dilatarelur
2689 4671 2743 4715 et
2769 4663 3406 4723 mdilicaretnr'totoorbc

1840 4757 2120 4803 terrarum.
2152 4750 2224 4802 De
2250 4750 2362 4819 ipsa
2385 4750 2742 4806 commotione
2767 4752 2989 4807 audistis
3013 4754 3064 4810 in
3094 4755 3399 4826 Evangelio,
3489 4757 3496 4765 ’

1838 4836 2057 4891 Tradent
2078 4855 2162 4894 vos
2181 4839 2250 4892 ad
2258 4839 2459 4910 judicia
2485 4838 2676 4908 (Marc.
2709 4856 2823 4908 xm,
2852 4841 2929 4911 9).
2959 4842 3292 4902 Commotum
3319 4855 3404 4903 est

1837 4947 1981 4985 mare
2014 4950 2026 4986 :
2057 4931 2148 4986 sed
2180 4932 2392 5002 quando
2444 4932 2682 4987 vinceret
2737 4947 2884 4991 mare
2925 4952 3046 4991 eum
3093 4938 3182 5008 qui
3234 4939 3401 4994 cmlos

1833 5021 1995 5077 fecit?

1906 5114 1990 5168 15.
2023 5111 2171 5186 lucra.
2206 5113 2291 5180 12,
2323 5112 2433 5185 15.]
2462 5112 2758 5168 Gaudebant
2784 5118 2947 5183 campi
2971 5159 2984 5181 ,
3011 5127 3058 5171 et
3089 5118 3256 5172 omnia
3287 5134 3397 5188 qua:

1830 5207 1883 5259 in
1912 5206 1980 5260 eis
1999 5214 2135 5258 sunt.
2168 5205 2365 5259 Omnes
2391 5205 2557 5270 lenes,
2588 5220 2773 5260 omnes
2799 5207 2972 5270 mites,
3003 5222 3188 5263 omnes
3224 5209 3358 5277 inqui
3377 5250 3395 5274 ,

1829 5297 1998 5366 campi
2021 5305 2141 5351 sunt
2170 5296 2283 5350 Dei.
2312 5294 2451 5349 Tunc
2465 5296 2781 5350 exsultabunt
2796 5298 2961 5350 omnia
2984 5297 3122 5366 liqna
3136 5299 3390 5355 silvarum.

1832 5392 1990 5461 Ligna
2012 5389 2279 5448 silvarum.
2320 5388 2511 5458 Pagani
2565 5396 2705 5443 sunt.
2760 5388 2932 5456 Quare
2977 5389 3088 5459 jam
3131 5389 3398 5460 gaudent?

1829 5483 1958 5549 Quia
1991 5480 2191 5549 prascisi
2221 5487 2344 5532 sunt
2371 5479 2436 5534 dc
2475 5479 2704 5533 oleastro
2731 5479 2775 5537 ³.
2821 5486 2874 5532 et
2918 5478 3100 5533 inserti
3154 5480 3206 5532 in
3257 5479 3392 5534 oliva

1827 5572 2001 5640 (llam.
2033 5587 2105 5636 XI,
2139 5570 2249 5641 1‘7).
2281 5568 2424 5623 Tunc
2437 5567 2754 5623 exsultabant
2777 5567 2944 5621 omnia
2964 5568 3102 5640 ligna
3115 5570 3384 5626 silvarum:

1825 5665 1944 5735 quia
1975 5663 2204 5733 ριωοίεω
2239 5671 2359 5716 sunt
2381 5662 2617 5731 ingentes
2641 5659 2860 5715 arbores
2896 5660 3128 5718 cedrium
3151 5673 3204 5719 et
3229 5679 3387 5736 cypa-

1888 5780 1906 5848 ξ
1931 5775 2518 5848 praeciptiiMss.,_eligere.
2592 5834 2646 5845 ..
2759 5843 2769 5848 _
2820 5835 2832 5848 .
2922 5845 2930 5848 _
2970 5837 2980 5848 .

1887 5842 1907 5872 ³
1929 5854 2026 5888 sm.
2055 5835 2106 5890 e't
2129 5839 2276 5889 nostri
2293 5835 2425 5899 Mssl,
2453 5835 2646 5902 prtecisi
2662 5843 2770 5889 sunt
2786 5835 2993 5890 oleastri.
