  <div class='ocr_page' id='page_1' title='image "/cluster/home/n/w/nwhite01/storage/ocr_20150623/37/hvd.32044096580592/113.png"; bbox 0 0 3984 6204; ppageno 0'>
   <div class='ocr_carea' id='block_1_1' title="bbox 478 417 618 476">
    <p class='ocr_par' dir='ltr' id='par_1_1' title="bbox 478 417 618 476">
     <span class='ocr_line' id='line_1_1' title="bbox 478 417 618 476; baseline 0 -1"><span class='ocrx_word' id='word_1_1' title='bbox 478 417 618 476; x_wconf 69' lang='grc'><strong>1235</strong></span> 
     </span>
    </p>
   </div>
   <div class='ocr_carea' id='block_1_2' title="bbox 383 512 2047 593">
    <p class='ocr_par' dir='ltr' id='par_1_2' title="bbox 383 512 2047 593">
     <span class='ocr_line' id='line_1_2' title="bbox 383 512 2047 593; baseline -0.014 -4"><span class='ocrx_word' id='word_1_2' title='bbox 383 522 398 543; x_wconf 75' lang='grc'>⁸</span> <span class='ocrx_word' id='word_1_3' title='bbox 480 529 706 592; x_wconf 70' lang='grc' dir='ltr'>ηεθίιιω,</span> <span class='ocrx_word' id='word_1_4' title='bbox 735 533 790 582; x_wconf 91' lang='lat' dir='ltr'><strong>ct</strong></span> <span class='ocrx_word' id='word_1_5' title='bbox 818 518 1155 593; x_wconf 86' lang='lat' dir='ltr'><strong>imputribilia</strong></span> <span class='ocrx_word' id='word_1_6' title='bbox 1183 516 1321 588; x_wconf 89' lang='lat' dir='ltr'><strong>ligna</strong></span> <span class='ocrx_word' id='word_1_7' title='bbox 1351 514 1600 571; x_wconf 82' lang='lat' dir='ltr'><strong>translata</strong></span> <span class='ocrx_word' id='word_1_8' title='bbox 1623 523 1748 569; x_wconf 84' lang='lat' dir='ltr'><strong>sunt</strong></span> <span class='ocrx_word' id='word_1_9' title='bbox 1781 513 1845 567; x_wconf 85' lang='lat' dir='ltr'><strong>ad</strong></span> <span class='ocrx_word' id='word_1_10' title='bbox 1880 512 2047 568; x_wconf 84' lang='lat' dir='ltr'><strong>aedili-</strong></span> 
     </span>
    </p>
   </div>
   <div class='ocr_carea' id='block_1_3' title="bbox 480 606 2049 680">
    <p class='ocr_par' dir='ltr' id='par_1_3' title="bbox 480 606 2049 680">
     <span class='ocr_line' id='line_1_3' title="bbox 480 606 2049 680; baseline -0.01 -7"><span class='ocrx_word' id='word_1_11' title='bbox 480 622 741 675; x_wconf 81' lang='lat' dir='ltr'><strong>eationem</strong></span> <span class='ocrx_word' id='word_1_12' title='bbox 766 614 976 670; x_wconf 90' lang='lat' dir='ltr'><strong>domus.</strong></span> <span class='ocrx_word' id='word_1_13' title='bbox 999 610 1163 680; x_wconf 86' lang='lat' dir='ltr'><strong>Ligna</strong></span> <span class='ocrx_word' id='word_1_14' title='bbox 1182 608 1432 664; x_wconf 80' lang='lat' dir='ltr'><strong>silvarum</strong></span> <span class='ocrx_word' id='word_1_15' title='bbox 1456 615 1627 673; x_wconf 86' lang='lat' dir='ltr'><strong>erant,</strong></span> <span class='ocrx_word' id='word_1_16' title='bbox 1648 606 1741 660; x_wconf 89' lang='lat' dir='ltr'><strong>sed</strong></span> <span class='ocrx_word' id='word_1_17' title='bbox 1769 614 2049 675; x_wconf 77' lang='lat' dir='ltr'><strong>antequam</strong></span> 
     </span>
    </p>
   </div>
   <div class='ocr_carea' id='block_1_4' title="bbox 481 696 2071 772">
    <p class='ocr_par' dir='ltr' id='par_1_4' title="bbox 481 696 2071 772">
     <span class='ocr_line' id='line_1_4' title="bbox 481 696 2071 772; baseline -0.009 -6"><span class='ocrx_word' id='word_1_18' title='bbox 481 711 623 766; x_wconf 91' lang='lat' dir='ltr'><strong>irent</strong></span> <span class='ocrx_word' id='word_1_19' title='bbox 650 710 700 765; x_wconf 92' lang='lat' dir='ltr'><strong>in</strong></span> <span class='ocrx_word' id='word_1_20' title='bbox 740 703 1054 766; x_wconf 86' lang='lat' dir='ltr'><strong>aedilicium;</strong></span> <span class='ocrx_word' id='word_1_21' title='bbox 1094 702 1233 772; x_wconf 84' lang='lat' dir='ltr'><strong>ligna</strong></span> <span class='ocrx_word' id='word_1_22' title='bbox 1265 701 1516 757; x_wconf 81' lang='lat' dir='ltr'><strong>silvarum</strong></span> <span class='ocrx_word' id='word_1_23' title='bbox 1555 708 1729 766; x_wconf 86' lang='lat' dir='ltr'><strong>eram,</strong></span> <span class='ocrx_word' id='word_1_24' title='bbox 1767 696 1859 753; x_wconf 88' lang='lat' dir='ltr'><strong>sed</strong></span> <span class='ocrx_word' id='word_1_25' title='bbox 1896 707 2071 752; x_wconf 81' lang='lat' dir='ltr'><strong>ante-&#39;</strong></span> 
     </span>
    </p>
   </div>
   <div class='ocr_carea' id='block_1_5' title="bbox 479 796 1691 873">
    <p class='ocr_par' dir='ltr' id='par_1_5' title="bbox 479 796 1691 873">
     <span class='ocr_line' id='line_1_5' title="bbox 479 796 1691 873; baseline -0.01 -18"><span class='ocrx_word' id='word_1_26' title='bbox 479 818 637 873; x_wconf 86' lang='lat' dir='ltr'><strong>quam</strong></span> <span class='ocrx_word' id='word_1_27' title='bbox 663 800 852 854; x_wconf 84' lang='lat' dir='ltr'><strong>olivam</strong></span> <span class='ocrx_word' id='word_1_28' title='bbox 881 804 1128 869; x_wconf 86' lang='lat' dir='ltr'><strong>parerent</strong></span> <span class='ocrx_word' id='word_1_29' title='bbox 1154 796 1194 848; x_wconf 88' lang='grc'><strong>¹.</strong></span> <span class='ocrx_word' id='word_1_30' title='bbox 1688 852 1691 857; x_wconf 6' lang='grc' dir='ltr'>ἱ</span> 
     </span>
    </p>
   </div>
   <div class='ocr_carea' id='block_1_6' title="bbox 551 884 2053 953">
    <p class='ocr_par' dir='ltr' id='par_1_6' title="bbox 551 884 2053 953">
     <span class='ocr_line' id='line_1_6' title="bbox 551 884 2053 953; baseline -0.009 -4"><span class='ocrx_word' id='word_1_31' title='bbox 551 892 637 948; x_wconf 69' lang='lat' dir='ltr'><strong>ﬂ.</strong></span> <span class='ocrx_word' id='word_1_32' title='bbox 677 889 820 944; x_wconf 84' lang='lat' dir='ltr'><strong>Tunc</strong></span> <span class='ocrx_word' id='word_1_33' title='bbox 873 888 1191 944; x_wconf 71' lang='lat' dir='ltr'><strong>exsultabant</strong></span> <span class='ocrx_word' id='word_1_34' title='bbox 1228 886 1397 940; x_wconf 83' lang='lat' dir='ltr'><strong>omnia</strong></span> <span class='ocrx_word' id='word_1_35' title='bbox 1440 885 1580 953; x_wconf 79' lang='lat' dir='ltr'><strong>ligna</strong></span> <span class='ocrx_word' id='word_1_36' title='bbox 1618 884 1894 946; x_wconf 72' lang='lat' dir='ltr'><strong>siluarum,</strong></span> <span class='ocrx_word' id='word_1_37' title='bbox 1939 893 2053 937; x_wconf 85' lang='lat' dir='ltr'><strong>ante</strong></span> 
     </span>
    </p>
   </div>
   <div class='ocr_carea' id='block_1_7' title="bbox 480 978 2052 1057">
    <p class='ocr_par' dir='ltr' id='par_1_7' title="bbox 480 978 2052 1057">
     <span class='ocr_line' id='line_1_7' title="bbox 480 978 2052 1057; baseline -0.006 -16"><span class='ocrx_word' id='word_1_38' title='bbox 480 989 661 1057; x_wconf 79' lang='lat' dir='ltr'><strong>{aciem</strong></span> <span class='ocrx_word' id='word_1_39' title='bbox 683 986 923 1052; x_wconf 85' lang='lat' dir='ltr'><strong>Domini,</strong></span> <span class='ocrx_word' id='word_1_40' title='bbox 954 986 1192 1054; x_wconf 82' lang='lat' dir='ltr'><strong>quoniam</strong></span> <span class='ocrx_word' id='word_1_41' title='bbox 1218 984 1367 1045; x_wconf 81' lang='lat' dir='ltr'><strong>venit,</strong></span> <span class='ocrx_word' id='word_1_42' title='bbox 1399 981 1635 1051; x_wconf 86' lang='lat' dir='ltr'><strong>quoniam</strong></span> <span class='ocrx_word' id='word_1_43' title='bbox 1658 979 1788 1033; x_wconf 78' lang='lat' dir='ltr'><strong>venit</strong></span> <span class='ocrx_word' id='word_1_44' title='bbox 1816 978 2052 1049; x_wconf 83' lang='lat' dir='ltr'><strong>judicare</strong></span> 
     </span>
    </p>
   </div>
   <div class='ocr_carea' id='block_1_8' title="bbox 480 1069 2053 1142">
    <p class='ocr_par' dir='ltr' id='par_1_8' title="bbox 480 1069 2053 1142">
     <span class='ocr_line' id='line_1_8' title="bbox 480 1069 2053 1142; baseline -0.006 -11"><span class='ocrx_word' id='word_1_45' title='bbox 480 1089 686 1132; x_wconf 88' lang='lat' dir='ltr'><strong>terram.</strong></span> <span class='ocrx_word' id='word_1_46' title='bbox 716 1078 897 1131; x_wconf 80' lang='lat' dir='ltr'><strong>Primo</strong></span> <span class='ocrx_word' id='word_1_47' title='bbox 924 1076 1087 1138; x_wconf 89' lang='lat' dir='ltr'><strong>venit,</strong></span> <span class='ocrx_word' id='word_1_48' title='bbox 1131 1084 1185 1129; x_wconf 91' lang='lat' dir='ltr'><strong>et</strong></span> <span class='ocrx_word' id='word_1_49' title='bbox 1233 1082 1409 1142; x_wconf 83' lang='lat' dir='ltr'><strong>postea</strong></span> <span class='ocrx_word' id='word_1_50' title='bbox 1453 1081 1706 1125; x_wconf 86' lang='lat' dir='ltr'><strong>venturus</strong></span> <span class='ocrx_word' id='word_1_51' title='bbox 1743 1079 1843 1124; x_wconf 89' lang='lat' dir='ltr'><strong>est.</strong></span> <span class='ocrx_word' id='word_1_52' title='bbox 1877 1069 2053 1123; x_wconf 84' lang='lat' dir='ltr'><strong>Primo</strong></span> 
     </span>
    </p>
   </div>
   <div class='ocr_carea' id='block_1_9' title="bbox 480 1161 2053 1230">
    <p class='ocr_par' dir='ltr' id='par_1_9' title="bbox 480 1161 2053 1230">
     <span class='ocr_line' id='line_1_9' title="bbox 480 1161 2053 1230; baseline -0.004 -10"><span class='ocrx_word' id='word_1_53' title='bbox 480 1169 626 1224; x_wconf 86' lang='lat' dir='ltr'><strong>venit</strong></span> <span class='ocrx_word' id='word_1_54' title='bbox 645 1169 696 1222; x_wconf 92' lang='lat' dir='ltr'><strong>in</strong></span> <span class='ocrx_word' id='word_1_55' title='bbox 728 1167 959 1223; x_wconf 79' lang='lat' dir='ltr'><strong>Ecclesia</strong></span> <span class='ocrx_word' id='word_1_56' title='bbox 982 1166 1144 1219; x_wconf 84' lang='lat' dir='ltr'><strong>suain</strong></span> <span class='ocrx_word' id='word_1_57' title='bbox 1168 1163 1414 1219; x_wconf 80' lang='lat' dir='ltr'><strong>nubibus.</strong></span> <span class='ocrx_word' id='word_1_58' title='bbox 1440 1163 1569 1230; x_wconf 64' lang='lat' dir='ltr'><strong>Quae</strong></span> <span class='ocrx_word' id='word_1_59' title='bbox 1594 1171 1717 1216; x_wconf 89' lang='lat' dir='ltr'><strong>sunt</strong></span> <span class='ocrx_word' id='word_1_60' title='bbox 1745 1161 1910 1215; x_wconf 74' lang='lat' dir='ltr'><strong>nubes</strong></span> <span class='ocrx_word' id='word_1_61' title='bbox 1935 1178 2053 1229; x_wconf 74' lang='lat' dir='ltr'><strong>quia:</strong></span> 
     </span>
    </p>
   </div>
   <div class='ocr_carea' id='block_1_10' title="bbox 478 1251 2052 1328">
    <p class='ocr_par' dir='ltr' id='par_1_10' title="bbox 478 1251 2052 1328">
     <span class='ocr_line' id='line_1_10' title="bbox 478 1251 2052 1328; baseline -0.007 -13"><span class='ocrx_word' id='word_1_62' title='bbox 478 1275 602 1315; x_wconf 83' lang='lat' dir='ltr'><strong>eum</strong></span> <span class='ocrx_word' id='word_1_63' title='bbox 633 1259 1012 1328; x_wconf 81' lang='lat' dir='ltr'><strong>portaverant?</strong></span> <span class='ocrx_word' id='word_1_64' title='bbox 1059 1255 1296 1325; x_wconf 79' lang='lat' dir='ltr'><strong>Apostoii</strong></span> <span class='ocrx_word' id='word_1_65' title='bbox 1343 1253 1710 1323; x_wconf 70' lang='lat' dir='ltr'><strong>praedicantes,</strong></span> <span class='ocrx_word' id='word_1_66' title='bbox 1754 1251 1821 1306; x_wconf 91' lang='lat' dir='ltr'><strong>de</strong></span> <span class='ocrx_word' id='word_1_67' title='bbox 1862 1252 2052 1320; x_wconf 84' lang='lat' dir='ltr'><strong>quibus</strong></span> 
     </span>
    </p>
   </div>
   <div class='ocr_carea' id='block_1_11' title="bbox 482 1340 2047 1416">
    <p class='ocr_par' dir='ltr' id='par_1_11' title="bbox 482 1340 2047 1416">
     <span class='ocr_line' id='line_1_11' title="bbox 482 1340 2047 1416; baseline -0.009 -10"><span class='ocrx_word' id='word_1_68' title='bbox 482 1348 725 1413; x_wconf 81' lang='lat' dir='ltr'><strong>audistis,</strong></span> <span class='ocrx_word' id='word_1_69' title='bbox 755 1363 876 1403; x_wconf 91' lang='lat' dir='ltr'><strong>cum</strong></span> <span class='ocrx_word' id='word_1_70' title='bbox 899 1345 1160 1416; x_wconf 76' lang='lat' dir='ltr'><strong>legeretur</strong></span> <span class='ocrx_word' id='word_1_71' title='bbox 1180 1343 1461 1413; x_wconf 80' lang='lat' dir='ltr'><strong>Apostolus</strong></span> <span class='ocrx_word' id='word_1_72' title='bbox 1490 1358 1504 1393; x_wconf 92' lang='lat'>:</span> <span class='ocrx_word' id='word_1_73' title='bbox 1544 1340 1830 1411; x_wconf 77' lang='lat' dir='ltr'><strong>Legatione.</strong></span> <span class='ocrx_word' id='word_1_74' title='bbox 1865 1340 2047 1416; x_wconf 79' lang='lat' dir='ltr'><strong>inquit,</strong></span> 
     </span>
    </p>
   </div>
   <div class='ocr_carea' id='block_1_12' title="bbox 484 1412 2048 1510">
    <p class='ocr_par' dir='ltr' id='par_1_12' title="bbox 484 1412 2048 1510">
     <span class='ocr_line' id='line_1_12' title="bbox 484 1412 2048 1510; baseline -0.008 -19"><span class='ocrx_word' id='word_1_75' title='bbox 484 1456 576 1510; x_wconf 75' lang='lat' dir='ltr'><strong>pro</strong></span> <span class='ocrx_word' id='word_1_76' title='bbox 596 1436 797 1499; x_wconf 86' lang='lat' dir='ltr'><strong>Christo</strong></span> <span class='ocrx_word' id='word_1_77' title='bbox 820 1412 1100 1507; x_wconf 76' lang='lat' dir='ltr'><strong>fungimur,</strong></span> <span class='ocrx_word' id='word_1_78' title='bbox 1124 1412 1435 1489; x_wconf 79' lang='lat' dir='ltr'><strong>obsecrantes</strong></span> <span class='ocrx_word' id='word_1_79' title='bbox 1476 1448 1566 1500; x_wconf 81' lang='lat' dir='ltr'><strong>pro</strong></span> <span class='ocrx_word' id='word_1_80' title='bbox 1598 1430 1795 1485; x_wconf 76' lang='lat' dir='ltr'><strong>Christo</strong></span> <span class='ocrx_word' id='word_1_81' title='bbox 1828 1412 2048 1483; x_wconf 38' lang='lat' dir='ltr'><strong>ruont-iv</strong></span> 
     </span>
    </p>
   </div>
   <div class='ocr_carea' id='block_1_13' title="bbox 485 1520 2053 1602">
    <p class='ocr_par' dir='ltr' id='par_1_13' title="bbox 485 1520 2053 1602">
     <span class='ocr_line' id='line_1_13' title="bbox 485 1520 2053 1602; baseline -0.007 -18"><span class='ocrx_word' id='word_1_82' title='bbox 485 1532 600 1585; x_wconf 82' lang='lat' dir='ltr'><strong>fieri</strong></span> <span class='ocrx_word' id='word_1_83' title='bbox 628 1529 736 1586; x_wconf 89' lang='lat' dir='ltr'><strong>Deo</strong></span> <span class='ocrx_word' id='word_1_84' title='bbox 767 1528 833 1602; x_wconf 89' lang='lat' dir='ltr'><strong>(ll</strong></span> <span class='ocrx_word' id='word_1_85' title='bbox 862 1529 980 1584; x_wconf 87' lang='lat' dir='ltr'><strong>Cor.</strong></span> <span class='ocrx_word' id='word_1_86' title='bbox 1010 1544 1067 1594; x_wconf 88' lang='lat' dir='ltr'><strong>v,</strong></span> <span class='ocrx_word' id='word_1_87' title='bbox 1089 1524 1201 1598; x_wconf 64' lang='lat'><strong>90).</strong></span> <span class='ocrx_word' id='word_1_88' title='bbox 1232 1524 1363 1595; x_wconf 74' lang='lat' dir='ltr'><strong>Ipsa:</strong></span> <span class='ocrx_word' id='word_1_89' title='bbox 1387 1533 1510 1577; x_wconf 90' lang='lat' dir='ltr'><strong>sunt</strong></span> <span class='ocrx_word' id='word_1_90' title='bbox 1560 1522 1727 1577; x_wconf 85' lang='lat' dir='ltr'><strong>nubes</strong></span> <span class='ocrx_word' id='word_1_91' title='bbox 1768 1520 1817 1575; x_wconf 90' lang='lat' dir='ltr'><strong>in</strong></span> <span class='ocrx_word' id='word_1_92' title='bbox 1865 1520 2053 1590; x_wconf 82' lang='lat' dir='ltr'><strong>quibus</strong></span> 
     </span>
    </p>
   </div>
   <div class='ocr_carea' id='block_1_14' title="bbox 460 1614 2053 1705">
    <p class='ocr_par' dir='ltr' id='par_1_14' title="bbox 460 1614 2053 1705">
     <span class='ocr_line' id='line_1_14' title="bbox 460 1614 2053 1705; baseline -0.008 -31"><span class='ocrx_word' id='word_1_93' title='bbox 460 1622 658 1705; x_wconf 41' lang='lat' dir='ltr'><strong>‘venit,</strong></span> <span class='ocrx_word' id='word_1_94' title='bbox 684 1627 908 1704; x_wconf 79' lang='lat' dir='ltr'><strong>excepto</strong></span> <span class='ocrx_word' id='word_1_95' title='bbox 933 1618 1161 1673; x_wconf 87' lang='lat' dir='ltr'><strong>adventu</strong></span> <span class='ocrx_word' id='word_1_96' title='bbox 1185 1630 1282 1670; x_wconf 76' lang='grc' dir='ltr'><strong>δυο</strong></span> <span class='ocrx_word' id='word_1_97' title='bbox 1312 1614 1607 1685; x_wconf 83' lang='lat' dir='ltr'><strong>posteriore</strong></span> <span class='ocrx_word' id='word_1_98' title='bbox 1626 1654 1640 1675; x_wconf 93' lang='lat'><strong>,</strong></span> <span class='ocrx_word' id='word_1_99' title='bbox 1670 1626 1776 1681; x_wconf 91' lang='lat' dir='ltr'><strong>quo</strong></span> <span class='ocrx_word' id='word_1_100' title='bbox 1800 1619 2053 1664; x_wconf 88' lang='lat' dir='ltr'><strong>venturus</strong></span> 
     </span>
    </p>
   </div>
   <div class='ocr_carea' id='block_1_15' title="bbox 485 1694 2048 1785">
    <p class='ocr_par' dir='ltr' id='par_1_15' title="bbox 485 1694 2048 1785">
     <span class='ocr_line' id='line_1_15' title="bbox 485 1694 2048 1785; baseline -0.008 -18"><span class='ocrx_word' id='word_1_101' title='bbox 485 1726 567 1770; x_wconf 83' lang='lat' dir='ltr'><strong>est</strong></span> <span class='ocrx_word' id='word_1_102' title='bbox 587 1694 823 1785; x_wconf 78' lang='lat' dir='ltr'><strong>judicare</strong></span> <span class='ocrx_word' id='word_1_103' title='bbox 843 1713 992 1766; x_wconf 85' lang='lat' dir='ltr'><strong>vivos</strong></span> <span class='ocrx_word' id='word_1_104' title='bbox 1018 1719 1074 1765; x_wconf 90' lang='lat' dir='ltr'><strong>et</strong></span> <span class='ocrx_word' id='word_1_105' title='bbox 1097 1717 1352 1764; x_wconf 91' lang='lat' dir='ltr'><strong>mortuos.</strong></span> <span class='ocrx_word' id='word_1_106' title='bbox 1371 1705 1530 1761; x_wconf 76' lang='lat' dir='ltr'><strong>Venit</strong></span> <span class='ocrx_word' id='word_1_107' title='bbox 1546 1703 1714 1774; x_wconf 88' lang='lat' dir='ltr'><strong>primo</strong></span> <span class='ocrx_word' id='word_1_108' title='bbox 1731 1704 1781 1758; x_wconf 89' lang='lat' dir='ltr'><strong>in</strong></span> <span class='ocrx_word' id='word_1_109' title='bbox 1806 1701 2048 1756; x_wconf 89' lang='lat' dir='ltr'><strong>nubibus.</strong></span> 
     </span>
    </p>
   </div>
   <div class='ocr_carea' id='block_1_16' title="bbox 490 1786 2054 1874">
    <p class='ocr_par' dir='ltr' id='par_1_16' title="bbox 490 1786 2054 1874">
     <span class='ocr_line' id='line_1_16' title="bbox 490 1786 2054 1874; baseline -0.01 -15"><span class='ocrx_word' id='word_1_110' title='bbox 490 1805 611 1860; x_wconf 69' lang='lat' dir='ltr'><strong>llatc</strong></span> <span class='ocrx_word' id='word_1_111' title='bbox 639 1786 948 1874; x_wconf 37' lang='lat' dir='ltr'><strong>primo‘vox</strong></span> <span class='ocrx_word' id='word_1_112' title='bbox 990 1801 1154 1871; x_wconf 90' lang='lat' dir='ltr'><strong>ipsius</strong></span> <span class='ocrx_word' id='word_1_113' title='bbox 1190 1799 1365 1854; x_wconf 84' lang='lat' dir='ltr'><strong>sonuit</strong></span> <span class='ocrx_word' id='word_1_114' title='bbox 1401 1798 1452 1852; x_wconf 93' lang='lat' dir='ltr'><strong>in</strong></span> <span class='ocrx_word' id='word_1_115' title='bbox 1503 1792 1785 1864; x_wconf 80' lang='lat' dir='ltr'><strong>Evangelia</strong></span> <span class='ocrx_word' id='word_1_116' title='bbox 1814 1810 1830 1848; x_wconf 88' lang='lat'><strong>:</strong></span> <span class='ocrx_word' id='word_1_117' title='bbox 1860 1793 2054 1846; x_wconf 79' lang='lat' dir='ltr'><strong>Amodo</strong></span> 
     </span>
    </p>
   </div>
   <div class='ocr_carea' id='block_1_17' title="bbox 485 1881 2050 1950">
    <p class='ocr_par' dir='ltr' id='par_1_17' title="bbox 485 1881 2050 1950">
     <span class='ocr_line' id='line_1_17' title="bbox 485 1881 2050 1950; baseline -0.01 0"><span class='ocrx_word' id='word_1_118' title='bbox 485 1894 709 1950; x_wconf 75' lang='lat' dir='ltr'><strong>videbitis</strong></span> <span class='ocrx_word' id='word_1_119' title='bbox 735 1893 780 1947; x_wconf 82' lang='lat' dir='ltr'><em>F</em></span> <span class='ocrx_word' id='word_1_120' title='bbox 780 1893 925 1948; x_wconf 81' lang='lat' dir='ltr'><strong>ilium</strong></span> <span class='ocrx_word' id='word_1_121' title='bbox 944 1891 1161 1945; x_wconf 86' lang='lat' dir='ltr'><strong>hominis</strong></span> <span class='ocrx_word' id='word_1_122' title='bbox 1182 1890 1454 1947; x_wconf 81' lang='lat' dir='ltr'><strong>venientem</strong></span> <span class='ocrx_word' id='word_1_123' title='bbox 1473 1887 1524 1940; x_wconf 89' lang='lat' dir='ltr'><strong>in</strong></span> <span class='ocrx_word' id='word_1_124' title='bbox 1547 1885 1778 1939; x_wconf 89' lang='lat' dir='ltr'><strong>nubibus.</strong></span> <span class='ocrx_word' id='word_1_125' title='bbox 1792 1881 1928 1950; x_wconf 86' lang='lat' dir='ltr'><strong>Quid</strong></span> <span class='ocrx_word' id='word_1_126' title='bbox 1949 1892 2050 1947; x_wconf 89' lang='lat' dir='ltr'><strong>est,</strong></span> 
     </span>
    </p>
   </div>
   <div class='ocr_carea' id='block_1_18' title="bbox 485 1972 2054 2048">
    <p class='ocr_par' dir='ltr' id='par_1_18' title="bbox 485 1972 2054 2048">
     <span class='ocr_line' id='line_1_18' title="bbox 485 1972 2054 2048; baseline -0.009 -9"><span class='ocrx_word' id='word_1_127' title='bbox 485 1984 718 2039; x_wconf 77' lang='grc' dir='ltr'><strong>Δηιοάοῖ</strong></span> <span class='ocrx_word' id='word_1_128' title='bbox 745 1982 929 2039; x_wconf 81' lang='lat' dir='ltr'><strong>Nonne</strong></span> <span class='ocrx_word' id='word_1_129' title='bbox 959 1980 1213 2036; x_wconf 87' lang='lat' dir='ltr'><strong>Dominus</strong></span> <span class='ocrx_word' id='word_1_130' title='bbox 1235 1988 1412 2048; x_wconf 89' lang='lat' dir='ltr'><strong>postea</strong></span> <span class='ocrx_word' id='word_1_131' title='bbox 1432 1986 1686 2030; x_wconf 87' lang='lat' dir='ltr'><strong>venturus</strong></span> <span class='ocrx_word' id='word_1_132' title='bbox 1710 1983 1813 2040; x_wconf 85' lang='lat' dir='ltr'><strong>est,</strong></span> <span class='ocrx_word' id='word_1_133' title='bbox 1843 1972 2054 2042; x_wconf 88' lang='lat' dir='ltr'><strong>quando</strong></span> 
     </span>
    </p>
   </div>
   <div class='ocr_carea' id='block_1_19' title="bbox 486 2066 2054 2146">
    <p class='ocr_par' dir='ltr' id='par_1_19' title="bbox 486 2066 2054 2146">
     <span class='ocr_line' id='line_1_19' title="bbox 486 2066 2054 2146; baseline -0.008 -15"><span class='ocrx_word' id='word_1_134' title='bbox 486 2092 547 2131; x_wconf 86' lang='lat' dir='ltr'><strong>se</strong></span> <span class='ocrx_word' id='word_1_135' title='bbox 573 2077 820 2146; x_wconf 86' lang='lat' dir='ltr'><strong>plaugent</strong></span> <span class='ocrx_word' id='word_1_136' title='bbox 845 2088 1032 2128; x_wconf 89' lang='lat' dir='ltr'><strong>omnes</strong></span> <span class='ocrx_word' id='word_1_137' title='bbox 1064 2072 1231 2127; x_wconf 88' lang='lat' dir='ltr'><strong>tribus</strong></span> <span class='ocrx_word' id='word_1_138' title='bbox 1265 2070 1460 2124; x_wconf 67' lang='lat' dir='ltr'><strong>terrae?</strong></span> <span class='ocrx_word' id='word_1_139' title='bbox 1483 2068 1632 2122; x_wconf 85' lang='lat' dir='ltr'><strong>Prius</strong></span> <span class='ocrx_word' id='word_1_140' title='bbox 1658 2067 1800 2122; x_wconf 87' lang='lat' dir='ltr'><strong>venit</strong></span> <span class='ocrx_word' id='word_1_141' title='bbox 1837 2066 1890 2120; x_wconf 88' lang='lat' dir='ltr'><strong>in</strong></span> <span class='ocrx_word' id='word_1_142' title='bbox 1919 2081 2054 2134; x_wconf 64' lang='lat' dir='ltr'><strong>prte-</strong></span> 
     </span>
    </p>
   </div>
   <div class='ocr_carea' id='block_1_20' title="bbox 484 2159 2052 2239">
    <p class='ocr_par' dir='ltr' id='par_1_20' title="bbox 484 2159 2052 2239">
     <span class='ocr_line' id='line_1_20' title="bbox 484 2159 2052 2239; baseline -0.006 -19"><span class='ocrx_word' id='word_1_143' title='bbox 484 2166 808 2221; x_wconf 85' lang='lat' dir='ltr'><strong>dicatoribus</strong></span> <span class='ocrx_word' id='word_1_144' title='bbox 836 2164 945 2218; x_wconf 91' lang='lat' dir='ltr'><strong>suis</strong></span> <span class='ocrx_word' id='word_1_145' title='bbox 963 2204 977 2227; x_wconf 91' lang='lat'><strong>,</strong></span> <span class='ocrx_word' id='word_1_146' title='bbox 1017 2172 1073 2218; x_wconf 90' lang='lat' dir='ltr'><strong>et</strong></span> <span class='ocrx_word' id='word_1_147' title='bbox 1099 2161 1337 2239; x_wconf 78' lang='lat' dir='ltr'><strong>implevit</strong></span> <span class='ocrx_word' id='word_1_148' title='bbox 1365 2169 1528 2215; x_wconf 90' lang='lat' dir='ltr'><strong>totum</strong></span> <span class='ocrx_word' id='word_1_149' title='bbox 1556 2159 1738 2213; x_wconf 90' lang='lat' dir='ltr'><strong>orbem</strong></span> <span class='ocrx_word' id='word_1_150' title='bbox 1770 2167 2052 2211; x_wconf 89' lang='lat' dir='ltr'><strong>terrarum.</strong></span> 
     </span>
    </p>
   </div>
   <div class='ocr_carea' id='block_1_21' title="bbox 485 2252 2059 2326">
    <p class='ocr_par' dir='ltr' id='par_1_21' title="bbox 485 2252 2059 2326">
     <span class='ocr_line' id='line_1_21' title="bbox 485 2252 2059 2326; baseline -0.007 -12"><span class='ocrx_word' id='word_1_151' title='bbox 485 2258 600 2314; x_wconf 82' lang='lat' dir='ltr'><strong>Non</strong></span> <span class='ocrx_word' id='word_1_152' title='bbox 625 2257 935 2313; x_wconf 83' lang='lat' dir='ltr'><strong>resistamus</strong></span> <span class='ocrx_word' id='word_1_153' title='bbox 963 2253 1135 2326; x_wconf 86' lang='lat' dir='ltr'><strong>primo</strong></span> <span class='ocrx_word' id='word_1_154' title='bbox 1160 2252 1427 2317; x_wconf 80' lang='lat' dir='ltr'><strong>adventui,</strong></span> <span class='ocrx_word' id='word_1_155' title='bbox 1459 2259 1628 2305; x_wconf 88' lang='lat' dir='ltr'><strong>utnon</strong></span> <span class='ocrx_word' id='word_1_156' title='bbox 1645 2262 2059 2318; x_wconf 71' lang='lat' dir='ltr'><strong>expavescemus</strong></span> 
     </span>
    </p>
   </div>
   <div class='ocr_carea' id='block_1_22' title="bbox 484 2342 2050 2417">
    <p class='ocr_par' dir='ltr' id='par_1_22' title="bbox 484 2342 2050 2417">
     <span class='ocr_line' id='line_1_22' title="bbox 484 2342 2050 2417; baseline -0.008 -11"><span class='ocrx_word' id='word_1_157' title='bbox 484 2349 798 2407; x_wconf 87' lang='lat' dir='ltr'><strong>secundum.</strong></span> <span class='ocrx_word' id='word_1_158' title='bbox 829 2348 893 2403; x_wconf 84' lang='lat' dir='ltr'><strong>Et</strong></span> <span class='ocrx_word' id='word_1_159' title='bbox 920 2364 995 2403; x_wconf 76' lang='lat' dir='ltr'><strong>me</strong></span> <span class='ocrx_word' id='word_1_160' title='bbox 1021 2356 1138 2400; x_wconf 83' lang='lat' dir='ltr'><strong>tunc</strong></span> <span class='ocrx_word' id='word_1_161' title='bbox 1167 2344 1539 2417; x_wconf 64' lang='lat' dir='ltr'><strong>pregnantibus</strong></span> <span class='ocrx_word' id='word_1_162' title='bbox 1566 2351 1612 2405; x_wconf 83' lang='lat' dir='ltr'><strong>et</strong></span> <span class='ocrx_word' id='word_1_163' title='bbox 1649 2342 2050 2395; x_wconf 83' lang='lat' dir='ltr'><strong>mammantibns.</strong></span> 
     </span>
    </p>
   </div>
   <div class='ocr_carea' id='block_1_23' title="bbox 485 2432 2056 2506">
    <p class='ocr_par' dir='ltr' id='par_1_23' title="bbox 485 2432 2056 2506">
     <span class='ocr_line' id='line_1_23' title="bbox 485 2432 2056 2506; baseline -0.007 -11"><span class='ocrx_word' id='word_1_164' title='bbox 485 2438 726 2495; x_wconf 74' lang='lat' dir='ltr'><strong>Atnlistis</strong></span> <span class='ocrx_word' id='word_1_165' title='bbox 752 2438 910 2493; x_wconf 85' lang='lat' dir='ltr'><strong>modo</strong></span> <span class='ocrx_word' id='word_1_166' title='bbox 936 2438 988 2492; x_wconf 91' lang='lat' dir='ltr'><strong>iu</strong></span> <span class='ocrx_word' id='word_1_167' title='bbox 1019 2435 1307 2506; x_wconf 88' lang='lat' dir='ltr'><strong>Evangelio</strong></span> <span class='ocrx_word' id='word_1_168' title='bbox 1334 2450 1348 2487; x_wconf 88' lang='lat'><strong>:</strong></span> <span class='ocrx_word' id='word_1_169' title='bbox 1378 2434 1578 2499; x_wconf 79' lang='lat' dir='ltr'><strong>Cavete,</strong></span> <span class='ocrx_word' id='word_1_170' title='bbox 1598 2433 1716 2501; x_wconf 87' lang='lat' dir='ltr'><strong>quia</strong></span> <span class='ocrx_word' id='word_1_171' title='bbox 1736 2432 1936 2486; x_wconf 86' lang='lat' dir='ltr'><strong>nescitis</strong></span> <span class='ocrx_word' id='word_1_172' title='bbox 1957 2448 2056 2501; x_wconf 80' lang='lat' dir='ltr'><strong>qua</strong></span> 
     </span>
    </p>
   </div>
   <div class='ocr_carea' id='block_1_24' title="bbox 487 2522 2054 2603">
    <p class='ocr_par' dir='ltr' id='par_1_24' title="bbox 487 2522 2054 2603">
     <span class='ocr_line' id='line_1_24' title="bbox 487 2522 2054 2603; baseline -0.004 -19"><span class='ocrx_word' id='word_1_173' title='bbox 487 2533 613 2586; x_wconf 86' lang='lat' dir='ltr'><strong>hora</strong></span> <span class='ocrx_word' id='word_1_174' title='bbox 630 2532 796 2585; x_wconf 83' lang='lat' dir='ltr'><strong>veniat</strong></span> <span class='ocrx_word' id='word_1_175' title='bbox 829 2528 1016 2603; x_wconf 76' lang='lat' dir='ltr'><strong>(Marc.</strong></span> <span class='ocrx_word' id='word_1_176' title='bbox 1041 2543 1156 2592; x_wconf 87' lang='lat' dir='ltr'><strong>xm,</strong></span> <span class='ocrx_word' id='word_1_177' title='bbox 1180 2526 1272 2592; x_wconf 69' lang='lat' dir='ltr'><strong>i6,</strong></span> <span class='ocrx_word' id='word_1_178' title='bbox 1314 2526 1399 2590; x_wconf 83' lang='lat' dir='ltr'><strong>i7,</strong></span> <span class='ocrx_word' id='word_1_179' title='bbox 1441 2525 1553 2587; x_wconf 73' lang='lat'><strong>35).</strong></span> <span class='ocrx_word' id='word_1_180' title='bbox 1603 2523 1657 2577; x_wconf 92' lang='lat' dir='ltr'><strong>ln</strong></span> <span class='ocrx_word' id='word_1_181' title='bbox 1682 2523 1867 2593; x_wconf 68' lang='lat' dir='ltr'><strong>ligura</strong></span> <span class='ocrx_word' id='word_1_182' title='bbox 1914 2522 2054 2578; x_wconf 80' lang='lat' dir='ltr'><strong>dicta</strong></span> 
     </span>
    </p>
   </div>
   <div class='ocr_carea' id='block_1_25' title="bbox 484 2616 2056 2689">
    <p class='ocr_par' dir='ltr' id='par_1_25' title="bbox 484 2616 2056 2689">
     <span class='ocr_line' id='line_1_25' title="bbox 484 2616 2056 2689; baseline -0.004 -12"><span class='ocrx_word' id='word_1_183' title='bbox 484 2633 628 2677; x_wconf 81' lang='lat' dir='ltr'><strong>sunt.</strong></span> <span class='ocrx_word' id='word_1_184' title='bbox 655 2622 784 2689; x_wconf 69' lang='lat' dir='ltr'><strong>Qua:</strong></span> <span class='ocrx_word' id='word_1_185' title='bbox 801 2631 923 2675; x_wconf 91' lang='lat' dir='ltr'><strong>sunt</strong></span> <span class='ocrx_word' id='word_1_186' title='bbox 947 2629 1277 2689; x_wconf 69' lang='lat' dir='ltr'><strong>praegnantes</strong></span> <span class='ocrx_word' id='word_1_187' title='bbox 1302 2659 1316 2680; x_wconf 88' lang='lat'>.</span> <span class='ocrx_word' id='word_1_188' title='bbox 1346 2626 1400 2672; x_wconf 86' lang='lat' dir='ltr'><strong>et</strong></span> <span class='ocrx_word' id='word_1_189' title='bbox 1435 2632 1554 2688; x_wconf 60' lang='lat' dir='ltr'><strong>quae</strong></span> <span class='ocrx_word' id='word_1_190' title='bbox 1597 2627 1720 2671; x_wconf 89' lang='lat' dir='ltr'><strong>sunt</strong></span> <span class='ocrx_word' id='word_1_191' title='bbox 1757 2616 2056 2671; x_wconf 83' lang='lat' dir='ltr'><strong>lactantes?</strong></span> 
     </span>
    </p>
   </div>
   <div class='ocr_carea' id='block_1_26' title="bbox 487 2707 2055 2783">
    <p class='ocr_par' dir='ltr' id='par_1_26' title="bbox 487 2707 2055 2783">
     <span class='ocr_line' id='line_1_26' title="bbox 487 2707 2055 2783; baseline -0.004 -15"><span class='ocrx_word' id='word_1_192' title='bbox 487 2713 825 2783; x_wconf 67' lang='lat' dir='ltr'><strong>Pra‘gnantes</strong></span> <span class='ocrx_word' id='word_1_193' title='bbox 859 2712 1048 2766; x_wconf 83' lang='lat' dir='ltr'><strong>anima:</strong></span> <span class='ocrx_word' id='word_1_194' title='bbox 1080 2710 1348 2776; x_wconf 89' lang='lat' dir='ltr'><strong>dicuntur,</strong></span> <span class='ocrx_word' id='word_1_195' title='bbox 1396 2724 1514 2777; x_wconf 72' lang='lat' dir='ltr'><strong>qute</strong></span> <span class='ocrx_word' id='word_1_196' title='bbox 1557 2708 1753 2763; x_wconf 82' lang='lat' dir='ltr'><strong>habent</strong></span> <span class='ocrx_word' id='word_1_197' title='bbox 1802 2722 1948 2776; x_wconf 68' lang='lat' dir='ltr'><strong>spem</strong></span> <span class='ocrx_word' id='word_1_198' title='bbox 2001 2707 2055 2762; x_wconf 92' lang='lat' dir='ltr'><strong>in</strong></span> 
     </span>
    </p>
   </div>
   <div class='ocr_carea' id='block_1_27' title="bbox 487 2797 2053 2873">
    <p class='ocr_par' dir='ltr' id='par_1_27' title="bbox 487 2797 2053 2873">
     <span class='ocr_line' id='line_1_27' title="bbox 487 2797 2053 2873; baseline -0.004 -17"><span class='ocrx_word' id='word_1_199' title='bbox 487 2804 704 2859; x_wconf 39' lang='lat' dir='ltr'><strong>sarculo.</strong></span> <span class='ocrx_word' id='word_1_200' title='bbox 730 2803 856 2872; x_wconf 77' lang='lat' dir='ltr'><strong>Qua:</strong></span> <span class='ocrx_word' id='word_1_201' title='bbox 878 2812 1061 2873; x_wconf 26' lang='lat' dir='ltr'><strong>autem,</strong></span> <span class='ocrx_word' id='word_1_202' title='bbox 1079 2799 1283 2869; x_wconf 81' lang='lat' dir='ltr'><strong>adepta:</strong></span> <span class='ocrx_word' id='word_1_203' title='bbox 1301 2798 1544 2867; x_wconf 88' lang='lat' dir='ltr'><strong>suntjam</strong></span> <span class='ocrx_word' id='word_1_204' title='bbox 1565 2798 1704 2869; x_wconf 89' lang='lat' dir='ltr'><strong>quod</strong></span> <span class='ocrx_word' id='word_1_205' title='bbox 1730 2797 2013 2867; x_wconf 84' lang='lat' dir='ltr'><strong>sperabant</strong></span> <span class='ocrx_word' id='word_1_206' title='bbox 2036 2839 2053 2865; x_wconf 88' lang='lat'><strong>,</strong></span> 
     </span>
    </p>
   </div>
   <div class='ocr_carea' id='block_1_28' title="bbox 490 2887 2057 2961">
    <p class='ocr_par' dir='ltr' id='par_1_28' title="bbox 490 2887 2057 2961">
     <span class='ocr_line' id='line_1_28' title="bbox 490 2887 2057 2961; baseline -0.001 -17"><span class='ocrx_word' id='word_1_207' title='bbox 490 2909 584 2961; x_wconf 81' lang='lat' dir='ltr'><strong>pro</strong></span> <span class='ocrx_word' id='word_1_208' title='bbox 636 2891 953 2948; x_wconf 83' lang='lat' dir='ltr'><strong>lactantibus</strong></span> <span class='ocrx_word' id='word_1_209' title='bbox 1008 2898 1133 2946; x_wconf 81' lang='lat' dir='ltr'><strong>sunt</strong></span> <span class='ocrx_word' id='word_1_210' title='bbox 1178 2889 1383 2960; x_wconf 64' lang='lat' dir='ltr'><strong>posita}.</strong></span> <span class='ocrx_word' id='word_1_211' title='bbox 1436 2887 1597 2943; x_wconf 78' lang='lat' dir='ltr'><strong>Verbi</strong></span> <span class='ocrx_word' id='word_1_212' title='bbox 1644 2889 1846 2957; x_wconf 79' lang='lat' dir='ltr'><strong>gratia:</strong></span> <span class='ocrx_word' id='word_1_213' title='bbox 1879 2902 2057 2942; x_wconf 73' lang='lat' dir='ltr'><strong>emere</strong></span> 
     </span>
    </p>
   </div>
   <div class='ocr_carea' id='block_1_29' title="bbox 487 2978 2055 3054">
    <p class='ocr_par' dir='ltr' id='par_1_29' title="bbox 487 2978 2055 3054">
     <span class='ocr_line' id='line_1_29' title="bbox 487 2978 2055 3054; baseline -0.004 -17"><span class='ocrx_word' id='word_1_214' title='bbox 487 2987 600 3042; x_wconf 87' lang='lat' dir='ltr'><strong>vult</strong></span> <span class='ocrx_word' id='word_1_215' title='bbox 624 2986 800 3040; x_wconf 88' lang='lat' dir='ltr'><strong>villam</strong></span> <span class='ocrx_word' id='word_1_216' title='bbox 820 2990 1145 3054; x_wconf 57' lang='lat' dir='ltr'><strong>{praegnans</strong></span> <span class='ocrx_word' id='word_1_217' title='bbox 1174 2991 1275 3045; x_wconf 85' lang='lat' dir='ltr'><strong>est,</strong></span> <span class='ocrx_word' id='word_1_218' title='bbox 1306 2980 1536 3035; x_wconf 86' lang='lat' dir='ltr'><strong>nondum</strong></span> <span class='ocrx_word' id='word_1_219' title='bbox 1563 2980 1704 3035; x_wconf 87' lang='lat' dir='ltr'><strong>enim</strong></span> <span class='ocrx_word' id='word_1_220' title='bbox 1735 2978 1927 3035; x_wconf 88' lang='lat' dir='ltr'><strong>factum</strong></span> <span class='ocrx_word' id='word_1_221' title='bbox 1951 2989 2055 3046; x_wconf 90' lang='lat' dir='ltr'><strong>est,</strong></span> 
     </span>
    </p>
   </div>
   <div class='ocr_carea' id='block_1_30' title="bbox 484 3062 2054 3143">
    <p class='ocr_par' dir='ltr' id='par_1_30' title="bbox 484 3062 2054 3143">
     <span class='ocr_line' id='line_1_30' title="bbox 484 3062 2054 3143; baseline -0.004 -13"><span class='ocrx_word' id='word_1_222' title='bbox 484 3083 654 3131; x_wconf 88' lang='lat' dir='ltr'><strong>ttunet</strong></span> <span class='ocrx_word' id='word_1_223' title='bbox 678 3075 926 3131; x_wconf 87' lang='lat' dir='ltr'><strong>uterusin</strong></span> <span class='ocrx_word' id='word_1_224' title='bbox 951 3089 1045 3143; x_wconf 88' lang='lat' dir='ltr'><strong>spe</strong></span> <span class='ocrx_word' id='word_1_225' title='bbox 1073 3091 1084 3125; x_wconf 90' lang='lat'>:</span> <span class='ocrx_word' id='word_1_226' title='bbox 1116 3072 1281 3135; x_wconf 87' lang='lat' dir='ltr'><strong>emit;</strong></span> <span class='ocrx_word' id='word_1_227' title='bbox 1314 3062 1541 3141; x_wconf 78' lang='lat' dir='ltr'><strong>peperit,</strong></span> <span class='ocrx_word' id='word_1_228' title='bbox 1567 3070 1699 3125; x_wconf 88' lang='lat' dir='ltr'><strong>adeo</strong></span> <span class='ocrx_word' id='word_1_229' title='bbox 1728 3070 1885 3125; x_wconf 79' lang='lat' dir='ltr'><strong>lactat</strong></span> <span class='ocrx_word' id='word_1_230' title='bbox 1917 3069 2054 3138; x_wconf 86' lang='lat' dir='ltr'><strong>quod</strong></span> 
     </span>
    </p>
   </div>
   <div class='ocr_carea' id='block_1_31' title="bbox 486 3160 2056 3236">
    <p class='ocr_par' dir='ltr' id='par_1_31' title="bbox 486 3160 2056 3236">
     <span class='ocr_line' id='line_1_31' title="bbox 486 3160 2056 3236; baseline -0.004 -15"><span class='ocrx_word' id='word_1_231' title='bbox 486 3169 634 3221; x_wconf 84' lang='lat' dir='ltr'><strong>emit.</strong></span> <span class='ocrx_word' id='word_1_232' title='bbox 677 3165 762 3231; x_wconf 58' lang='grc' dir='ltr'><em>γε</em></span> <span class='ocrx_word' id='word_1_233' title='bbox 783 3166 1154 3236; x_wconf 79' lang='lat' dir='ltr'><strong>pra&#39;gnantibus</strong></span> <span class='ocrx_word' id='word_1_234' title='bbox 1179 3174 1223 3216; x_wconf 87' lang='lat' dir='ltr'><strong>et</strong></span> <span class='ocrx_word' id='word_1_235' title='bbox 1252 3161 1636 3215; x_wconf 69' lang='lat' dir='ltr'><strong>memorantibus</strong></span> <span class='ocrx_word' id='word_1_236' title='bbox 1660 3177 1678 3214; x_wconf 92' lang='lat'><strong><em>:</em></strong></span> <span class='ocrx_word' id='word_1_237' title='bbox 1702 3162 1780 3215; x_wconf 71' lang='lat' dir='ltr'><strong>va:</strong></span> <span class='ocrx_word' id='word_1_238' title='bbox 1820 3161 1911 3230; x_wconf 87' lang='lat' dir='ltr'><strong>qui</strong></span> <span class='ocrx_word' id='word_1_239' title='bbox 1956 3160 2056 3232; x_wconf 67' lang='lat' dir='ltr'><strong>ita-</strong></span> 
     </span>
    </p>
   </div>
   <div class='ocr_carea' id='block_1_32' title="bbox 489 3251 2059 3331">
    <p class='ocr_par' dir='ltr' id='par_1_32' title="bbox 489 3251 2059 3331">
     <span class='ocr_line' id='line_1_32' title="bbox 489 3251 2059 3331; baseline -0.003 -19"><span class='ocrx_word' id='word_1_240' title='bbox 489 3258 615 3313; x_wconf 88' lang='lat' dir='ltr'><strong>bcut</strong></span> <span class='ocrx_word' id='word_1_241' title='bbox 638 3273 785 3328; x_wconf 83' lang='lat' dir='ltr'><strong>spem</strong></span> <span class='ocrx_word' id='word_1_242' title='bbox 825 3257 875 3309; x_wconf 91' lang='lat' dir='ltr'><strong>in</strong></span> <span class='ocrx_word' id='word_1_243' title='bbox 905 3256 1099 3309; x_wconf 66' lang='lat' dir='ltr'><strong>siuetth</strong></span> <span class='ocrx_word' id='word_1_244' title='bbox 1122 3295 1140 3319; x_wconf 88' lang='lat'><strong>,</strong></span> <span class='ocrx_word' id='word_1_245' title='bbox 1168 3270 1247 3307; x_wconf 72' lang='lat' dir='ltr'><strong>va:</strong></span> <span class='ocrx_word' id='word_1_246' title='bbox 1272 3253 1360 3322; x_wconf 90' lang='lat' dir='ltr'><strong>qui</strong></span> <span class='ocrx_word' id='word_1_247' title='bbox 1391 3252 1592 3331; x_wconf 69' lang='lat' dir='ltr'><strong>luerent</strong></span> <span class='ocrx_word' id='word_1_248' title='bbox 1626 3251 1704 3305; x_wconf 85' lang='lat' dir='ltr'><strong>his</strong></span> <span class='ocrx_word' id='word_1_249' title='bbox 1734 3252 1889 3307; x_wconf 80' lang='lat' dir='ltr'><strong>rebus</strong></span> <span class='ocrx_word' id='word_1_250' title='bbox 1927 3267 2059 3319; x_wconf 87' lang='lat' dir='ltr'><strong>quas</strong></span> 
     </span>
    </p>
   </div>
   <div class='ocr_carea' id='block_1_33' title="bbox 487 3340 2059 3415">
    <p class='ocr_par' dir='ltr' id='par_1_33' title="bbox 487 3340 2059 3415">
     <span class='ocr_line' id='line_1_33' title="bbox 487 3340 2059 3415; baseline -0.002 -14"><span class='ocrx_word' id='word_1_251' title='bbox 487 3348 554 3401; x_wconf 71' lang='lat' dir='ltr'><strong>de</strong></span> <span class='ocrx_word' id='word_1_252' title='bbox 576 3347 757 3402; x_wconf 67' lang='lat' dir='ltr'><strong>saeculi</strong></span> <span class='ocrx_word' id='word_1_253' title='bbox 788 3361 883 3415; x_wconf 88' lang='lat' dir='ltr'><strong>spe</strong></span> <span class='ocrx_word' id='word_1_254' title='bbox 908 3355 1227 3415; x_wconf 76' lang='lat' dir='ltr'><strong>pepererunt.</strong></span> <span class='ocrx_word' id='word_1_255' title='bbox 1254 3346 1294 3395; x_wconf 79' lang='lat'><strong>’.</strong></span> <span class='ocrx_word' id='word_1_256' title='bbox 1319 3343 1453 3411; x_wconf 88' lang='lat' dir='ltr'><strong>Quid</strong></span> <span class='ocrx_word' id='word_1_257' title='bbox 1506 3358 1633 3411; x_wconf 83' lang='lat' dir='ltr'><strong>ergo</strong></span> <span class='ocrx_word' id='word_1_258' title='bbox 1682 3341 1839 3396; x_wconf 88' lang='lat' dir='ltr'><strong>debet</strong></span> <span class='ocrx_word' id='word_1_259' title='bbox 1882 3340 2059 3398; x_wconf 80' lang='lat' dir='ltr'><strong>facere</strong></span> 
     </span>
    </p>
   </div>
   <div class='ocr_carea' id='block_1_34' title="bbox 489 3431 2060 3499">
    <p class='ocr_par' dir='ltr' id='par_1_34' title="bbox 489 3431 2060 3499">
     <span class='ocr_line' id='line_1_34' title="bbox 489 3431 2060 3499; baseline -0.003 -7"><span class='ocrx_word' id='word_1_260' title='bbox 489 3438 808 3493; x_wconf 79' lang='lat' dir='ltr'><strong>christianos</strong></span> <span class='ocrx_word' id='word_1_261' title='bbox 824 3438 850 3490; x_wconf 34' lang='lat'><strong>?‘</strong></span> <span class='ocrx_word' id='word_1_262' title='bbox 867 3437 950 3491; x_wconf 87' lang='lat' dir='ltr'><strong>Uti</strong></span> <span class='ocrx_word' id='word_1_263' title='bbox 980 3434 1194 3498; x_wconf 86' lang='lat' dir='ltr'><strong>mundo,</strong></span> <span class='ocrx_word' id='word_1_264' title='bbox 1224 3450 1326 3488; x_wconf 90' lang='lat' dir='ltr'><strong>non</strong></span> <span class='ocrx_word' id='word_1_265' title='bbox 1353 3433 1552 3487; x_wconf 81' lang='lat' dir='ltr'><strong>servire</strong></span> <span class='ocrx_word' id='word_1_266' title='bbox 1577 3432 1795 3486; x_wconf 89' lang='lat' dir='ltr'><strong>mundo.</strong></span> <span class='ocrx_word' id='word_1_267' title='bbox 1822 3431 1955 3499; x_wconf 86' lang='lat' dir='ltr'><strong>Quid</strong></span> <span class='ocrx_word' id='word_1_268' title='bbox 1977 3442 2060 3488; x_wconf 89' lang='lat' dir='ltr'><strong>est</strong></span> 
     </span>
    </p>
   </div>
   <div class='ocr_carea' id='block_1_35' title="bbox 492 3524 2062 3597">
    <p class='ocr_par' dir='ltr' id='par_1_35' title="bbox 492 3524 2062 3597">
     <span class='ocr_line' id='line_1_35' title="bbox 492 3524 2062 3597; baseline -0.002 -13"><span class='ocrx_word' id='word_1_269' title='bbox 492 3530 627 3585; x_wconf 88' lang='lat' dir='ltr'><strong>hoc?</strong></span> <span class='ocrx_word' id='word_1_270' title='bbox 659 3529 920 3584; x_wconf 89' lang='lat' dir='ltr'><strong>llabentes</strong></span> <span class='ocrx_word' id='word_1_271' title='bbox 947 3538 1191 3597; x_wconf 79' lang='lat' dir='ltr'><strong>tanqtutm</strong></span> <span class='ocrx_word' id='word_1_272' title='bbox 1236 3541 1337 3580; x_wconf 91' lang='lat' dir='ltr'><strong>non</strong></span> <span class='ocrx_word' id='word_1_273' title='bbox 1379 3524 1651 3579; x_wconf 78' lang='lat' dir='ltr'><strong>habentes.</strong></span> <span class='ocrx_word' id='word_1_274' title='bbox 1683 3524 1772 3579; x_wconf 89' lang='lat' dir='ltr'><strong>Sic</strong></span> <span class='ocrx_word' id='word_1_275' title='bbox 1802 3525 1950 3591; x_wconf 85' lang='lat' dir='ltr'><strong>dicit,</strong></span> <span class='ocrx_word' id='word_1_276' title='bbox 1984 3525 2062 3581; x_wconf 88' lang='lat' dir='ltr'><strong>sic</strong></span> 
     </span>
    </p>
   </div>
   <div class='ocr_carea' id='block_1_36' title="bbox 494 3616 2061 3692">
    <p class='ocr_par' dir='ltr' id='par_1_36' title="bbox 494 3616 2061 3692">
     <span class='ocr_line' id='line_1_36' title="bbox 494 3616 2061 3692; baseline -0.006 -12"><span class='ocrx_word' id='word_1_277' title='bbox 494 3624 736 3680; x_wconf 79' lang='lat' dir='ltr'><strong>hortatur</strong></span> <span class='ocrx_word' id='word_1_278' title='bbox 763 3637 898 3692; x_wconf 87' lang='lat' dir='ltr'><strong>quos</strong></span> <span class='ocrx_word' id='word_1_279' title='bbox 927 3635 1029 3674; x_wconf 93' lang='lat' dir='ltr'><strong>non</strong></span> <span class='ocrx_word' id='word_1_280' title='bbox 1057 3619 1165 3673; x_wconf 90' lang='lat' dir='ltr'><strong>vult</strong></span> <span class='ocrx_word' id='word_1_281' title='bbox 1202 3617 1423 3674; x_wconf 82' lang='lat' dir='ltr'><strong>inveniri</strong></span> <span class='ocrx_word' id='word_1_282' title='bbox 1473 3633 1502 3671; x_wconf 91' lang='lat' dir='ltr'><strong>a</strong></span> <span class='ocrx_word' id='word_1_283' title='bbox 1555 3616 1640 3671; x_wconf 90' lang='lat' dir='ltr'><strong>die</strong></span> <span class='ocrx_word' id='word_1_284' title='bbox 1680 3617 1763 3671; x_wconf 90' lang='lat' dir='ltr'><strong>illa</strong></span> <span class='ocrx_word' id='word_1_285' title='bbox 1813 3626 2061 3686; x_wconf 87' lang='lat' dir='ltr'><strong>tanquam</strong></span> 
     </span>
    </p>
   </div>
   <div class='ocr_carea' id='block_1_37' title="bbox 494 3707 2062 3783">
    <p class='ocr_par' dir='ltr' id='par_1_37' title="bbox 494 3707 2062 3783">
     <span class='ocr_line' id='line_1_37' title="bbox 494 3707 2062 3783; baseline -0.003 -17"><span class='ocrx_word' id='word_1_286' title='bbox 494 3720 825 3783; x_wconf 51' lang='lat' dir='ltr'><strong>pratguantes</strong></span> <span class='ocrx_word' id='word_1_287' title='bbox 867 3721 922 3766; x_wconf 89' lang='lat' dir='ltr'><strong>et</strong></span> <span class='ocrx_word' id='word_1_288' title='bbox 964 3718 1331 3774; x_wconf 88' lang='lat' dir='ltr'><strong>mammantes,</strong></span> <span class='ocrx_word' id='word_1_289' title='bbox 1375 3708 1453 3763; x_wconf 90' lang='lat' dir='ltr'><strong>sic</strong></span> <span class='ocrx_word' id='word_1_290' title='bbox 1487 3722 1581 3761; x_wconf 89' lang='lat' dir='ltr'><strong>eos</strong></span> <span class='ocrx_word' id='word_1_291' title='bbox 1620 3707 1906 3763; x_wconf 73' lang='lat' dir='ltr'><strong>hortatur:</strong></span> <span class='ocrx_word' id='word_1_292' title='bbox 1943 3725 1962 3759; x_wconf 86' lang='grc' dir='ltr'><strong>ι</strong></span> <span class='ocrx_word' id='word_1_293' title='bbox 1989 3709 2062 3762; x_wconf 86' lang='lat' dir='ltr'><strong>De</strong></span> 
     </span>
    </p>
   </div>
   <div class='ocr_carea' id='block_1_38' title="bbox 495 3801 2064 3873">
    <p class='ocr_par' dir='ltr' id='par_1_38' title="bbox 495 3801 2064 3873">
     <span class='ocr_line' id='line_1_38' title="bbox 495 3801 2064 3873; baseline 0 -17"><span class='ocrx_word' id='word_1_294' title='bbox 495 3814 706 3869; x_wconf 71' lang='lat' dir='ltr'><strong>ranero,</strong></span> <span class='ocrx_word' id='word_1_295' title='bbox 732 3803 942 3865; x_wconf 86' lang='lat' dir='ltr'><strong>fratres,</strong></span> <span class='ocrx_word' id='word_1_296' title='bbox 973 3812 1179 3873; x_wconf 80' lang='lat' dir='ltr'><strong>tempus</strong></span> <span class='ocrx_word' id='word_1_297' title='bbox 1228 3802 1389 3856; x_wconf 85' lang='lat' dir='ltr'><strong>breve</strong></span> <span class='ocrx_word' id='word_1_298' title='bbox 1440 3809 1523 3856; x_wconf 90' lang='lat' dir='ltr'><strong>est</strong></span> <span class='ocrx_word' id='word_1_299' title='bbox 1552 3801 1847 3871; x_wconf 88' lang='lat' dir='ltr'><strong>:reliquum</strong></span> <span class='ocrx_word' id='word_1_300' title='bbox 1885 3809 1967 3855; x_wconf 86' lang='lat' dir='ltr'><strong>est</strong></span> <span class='ocrx_word' id='word_1_301' title='bbox 2006 3810 2064 3856; x_wconf 93' lang='grc' dir='ltr'><strong>ιιι</strong></span> 
     </span>
    </p>
   </div>
   <div class='ocr_carea' id='block_1_39' title="bbox 493 3890 2061 3965">
    <p class='ocr_par' dir='ltr' id='par_1_39' title="bbox 493 3890 2061 3965">
     <span class='ocr_line' id='line_1_39' title="bbox 493 3890 2061 3965; baseline -0.004 -14"><span class='ocrx_word' id='word_1_302' title='bbox 493 3905 549 3951; x_wconf 89' lang='lat' dir='ltr'><strong>et</strong></span> <span class='ocrx_word' id='word_1_303' title='bbox 573 3896 624 3950; x_wconf 93' lang='lat' dir='ltr'><strong>hi</strong></span> <span class='ocrx_word' id='word_1_304' title='bbox 646 3895 732 3965; x_wconf 90' lang='lat' dir='ltr'><strong>qui</strong></span> <span class='ocrx_word' id='word_1_305' title='bbox 759 3894 953 3948; x_wconf 87' lang='lat' dir='ltr'><strong>habent</strong></span> <span class='ocrx_word' id='word_1_306' title='bbox 984 3909 1175 3947; x_wconf 88' lang='lat' dir='ltr'><strong>uxores</strong></span> <span class='ocrx_word' id='word_1_307' title='bbox 1195 3934 1210 3959; x_wconf 92' lang='lat'><strong>,</strong></span> <span class='ocrx_word' id='word_1_308' title='bbox 1240 3900 1489 3961; x_wconf 88' lang='lat' dir='ltr'><strong>tanquam</strong></span> <span class='ocrx_word' id='word_1_309' title='bbox 1516 3904 1621 3945; x_wconf 91' lang='lat' dir='ltr'><strong>non</strong></span> <span class='ocrx_word' id='word_1_310' title='bbox 1650 3890 1904 3945; x_wconf 86' lang='lat' dir='ltr'><strong>habentes</strong></span> <span class='ocrx_word' id='word_1_311' title='bbox 1924 3891 2061 3956; x_wconf 89' lang='lat' dir='ltr'><strong>sint;</strong></span> 
     </span>
    </p>
   </div>
   <div class='ocr_carea' id='block_1_40' title="bbox 494 3981 2061 4055">
    <p class='ocr_par' dir='ltr' id='par_1_40' title="bbox 494 3981 2061 4055">
     <span class='ocr_line' id='line_1_40' title="bbox 494 3981 2061 4055; baseline -0.001 -19"><span class='ocrx_word' id='word_1_312' title='bbox 494 3996 548 4039; x_wconf 79' lang='lat' dir='ltr'><strong>et</strong></span> <span class='ocrx_word' id='word_1_313' title='bbox 571 3984 665 4055; x_wconf 91' lang='lat' dir='ltr'><strong>qui</strong></span> <span class='ocrx_word' id='word_1_314' title='bbox 697 3984 845 4048; x_wconf 83' lang='lat' dir='ltr'><strong>ﬂetu,</strong></span> <span class='ocrx_word' id='word_1_315' title='bbox 877 3992 1124 4053; x_wconf 85' lang='lat' dir='ltr'><strong>tanquam</strong></span> <span class='ocrx_word' id='word_1_316' title='bbox 1170 3998 1281 4036; x_wconf 85' lang='lat' dir='ltr'><strong>non</strong></span> <span class='ocrx_word' id='word_1_317' title='bbox 1324 3981 1543 4047; x_wconf 84' lang='lat' dir='ltr'><strong>ﬂentes;</strong></span> <span class='ocrx_word' id='word_1_318' title='bbox 1580 3990 1634 4035; x_wconf 90' lang='lat' dir='ltr'><strong>et</strong></span> <span class='ocrx_word' id='word_1_319' title='bbox 1683 3982 1772 4052; x_wconf 91' lang='lat' dir='ltr'><strong>qui</strong></span> <span class='ocrx_word' id='word_1_320' title='bbox 1811 3981 2061 4052; x_wconf 84' lang='lat' dir='ltr'><strong>gaudent,</strong></span> 
     </span>
    </p>
   </div>
   <div class='ocr_carea' id='block_1_41' title="bbox 497 4073 2064 4146">
    <p class='ocr_par' dir='ltr' id='par_1_41' title="bbox 497 4073 2064 4146">
     <span class='ocr_line' id='line_1_41' title="bbox 497 4073 2064 4146; baseline -0.003 -15"><span class='ocrx_word' id='word_1_321' title='bbox 497 4086 743 4146; x_wconf 75' lang='lat' dir='ltr'><strong>tauquam</strong></span> <span class='ocrx_word' id='word_1_322' title='bbox 792 4092 894 4130; x_wconf 88' lang='lat' dir='ltr'><strong>nun</strong></span> <span class='ocrx_word' id='word_1_323' title='bbox 936 4074 1257 4145; x_wconf 90' lang='lat' dir='ltr'><strong>gaudentes;</strong></span> <span class='ocrx_word' id='word_1_324' title='bbox 1291 4082 1344 4127; x_wconf 92' lang='lat' dir='ltr'><strong>et</strong></span> <span class='ocrx_word' id='word_1_325' title='bbox 1391 4074 1480 4143; x_wconf 91' lang='lat' dir='ltr'><strong>qui</strong></span> <span class='ocrx_word' id='word_1_326' title='bbox 1531 4082 1732 4138; x_wconf 88' lang='lat' dir='ltr'><strong>emunt,</strong></span> <span class='ocrx_word' id='word_1_327' title='bbox 1758 4073 1908 4142; x_wconf 89' lang='lat' dir='ltr'><strong>quasi</strong></span> <span class='ocrx_word' id='word_1_328' title='bbox 1958 4088 2064 4128; x_wconf 91' lang='lat' dir='ltr'><strong>non</strong></span> 
     </span>
    </p>
   </div>
   <div class='ocr_carea' id='block_1_42' title="bbox 497 4163 2066 4236">
    <p class='ocr_par' dir='ltr' id='par_1_42' title="bbox 497 4163 2066 4236">
     <span class='ocr_line' id='line_1_42' title="bbox 497 4163 2066 4236; baseline -0.002 -15"><span class='ocrx_word' id='word_1_329' title='bbox 497 4177 742 4224; x_wconf 88' lang='lat' dir='ltr'><strong>tenentes</strong></span> <span class='ocrx_word' id='word_1_330' title='bbox 770 4166 830 4231; x_wconf 74' lang='grc' dir='ltr'><strong>’ς</strong></span> <span class='ocrx_word' id='word_1_331' title='bbox 862 4175 915 4221; x_wconf 92' lang='lat' dir='ltr'><strong>et</strong></span> <span class='ocrx_word' id='word_1_332' title='bbox 937 4166 1027 4236; x_wconf 90' lang='lat' dir='ltr'><strong>qui</strong></span> <span class='ocrx_word' id='word_1_333' title='bbox 1056 4174 1273 4222; x_wconf 91' lang='lat' dir='ltr'><strong>utuntur</strong></span> <span class='ocrx_word' id='word_1_334' title='bbox 1301 4163 1401 4219; x_wconf 89' lang='lat' dir='ltr'><strong>hoc</strong></span> <span class='ocrx_word' id='word_1_335' title='bbox 1426 4163 1623 4218; x_wconf 88' lang='lat' dir='ltr'><strong>numdo</strong></span> <span class='ocrx_word' id='word_1_336' title='bbox 1645 4204 1661 4236; x_wconf 93' lang='lat'><strong>,_</strong></span> <span class='ocrx_word' id='word_1_337' title='bbox 1688 4173 1930 4233; x_wconf 87' lang='lat' dir='ltr'><strong>tanquam</strong></span> <span class='ocrx_word' id='word_1_338' title='bbox 1961 4178 2066 4218; x_wconf 92' lang='lat' dir='ltr'><strong>non</strong></span> 
     </span>
    </p>
   </div>
   <div class='ocr_carea' id='block_1_43' title="bbox 499 4254 2069 4327">
    <p class='ocr_par' dir='ltr' id='par_1_43' title="bbox 499 4254 2069 4327">
     <span class='ocr_line' id='line_1_43' title="bbox 499 4254 2069 4327; baseline -0.003 -13"><span class='ocrx_word' id='word_1_339' title='bbox 499 4270 706 4316; x_wconf 85' lang='lat' dir='ltr'><strong>utentes</strong></span> <span class='ocrx_word' id='word_1_340' title='bbox 735 4258 1008 4327; x_wconf 75' lang='lat' dir='ltr'><strong>:prteterit</strong></span> <span class='ocrx_word' id='word_1_341' title='bbox 1033 4258 1173 4311; x_wconf 89' lang='lat' dir='ltr'><strong>enim</strong></span> <span class='ocrx_word' id='word_1_342' title='bbox 1205 4255 1370 4326; x_wconf 75' lang='lat' dir='ltr'><strong>ﬁgura</strong></span> <span class='ocrx_word' id='word_1_343' title='bbox 1402 4255 1558 4322; x_wconf 86' lang='lat' dir='ltr'><strong>hujus</strong></span> <span class='ocrx_word' id='word_1_344' title='bbox 1586 4254 1785 4308; x_wconf 89' lang='lat' dir='ltr'><strong>mundi.</strong></span> <span class='ocrx_word' id='word_1_345' title='bbox 1816 4254 1948 4307; x_wconf 87' lang='lat' dir='ltr'><strong>Volo</strong></span> <span class='ocrx_word' id='word_1_346' title='bbox 1972 4269 2069 4310; x_wconf 87' lang='lat' dir='ltr'><strong>vos</strong></span> 
     </span>
    </p>
   </div>
   <div class='ocr_carea' id='block_1_44' title="bbox 504 4342 2069 4413">
    <p class='ocr_par' dir='ltr' id='par_1_44' title="bbox 504 4342 2069 4413">
     <span class='ocr_line' id='line_1_44' title="bbox 504 4342 2069 4413; baseline -0.003 -10"><span class='ocrx_word' id='word_1_347' title='bbox 504 4351 620 4404; x_wconf 84' lang='lat' dir='ltr'><strong>sine</strong></span> <span class='ocrx_word' id='word_1_348' title='bbox 655 4347 1008 4403; x_wconf 84' lang='lat' dir='ltr'><strong>sollicitudine</strong></span> <span class='ocrx_word' id='word_1_349' title='bbox 1049 4361 1166 4400; x_wconf 87' lang='lat' dir='ltr'><strong>esse</strong></span> <span class='ocrx_word' id='word_1_350' title='bbox 1195 4364 1214 4397; x_wconf 75' lang='grc' dir='ltr'><strong>ι</strong></span> <span class='ocrx_word' id='word_1_351' title='bbox 1250 4344 1295 4412; x_wconf 88' lang='grc' dir='ltr'>(ι</span> <span class='ocrx_word' id='word_1_352' title='bbox 1322 4343 1438 4398; x_wconf 74' lang='lat' dir='ltr'><strong>Cor.</strong></span> <span class='ocrx_word' id='word_1_353' title='bbox 1462 4342 1797 4413; x_wconf 69' lang='lat' dir='ltr'><strong>vn,&#39;29-32).</strong></span> <span class='ocrx_word' id='word_1_354' title='bbox 1827 4343 1927 4412; x_wconf 85' lang='lat' dir='ltr'><strong>Qui</strong></span> <span class='ocrx_word' id='word_1_355' title='bbox 1952 4345 2069 4399; x_wconf 90' lang='lat' dir='ltr'><strong>sine</strong></span> 
     </span>
    </p>
   </div>
   <div class='ocr_carea' id='block_1_45' title="bbox 496 4427 2072 4504">
    <p class='ocr_par' dir='ltr' id='par_1_45' title="bbox 496 4427 2072 4504">
     <span class='ocr_line' id='line_1_45' title="bbox 496 4427 2072 4504; baseline -0.002 -10"><span class='ocrx_word' id='word_1_356' title='bbox 496 4427 850 4494; x_wconf 79' lang='lat' dir='ltr'><strong>sollicitudine</strong></span> <span class='ocrx_word' id='word_1_357' title='bbox 894 4446 1015 4502; x_wconf 81' lang='lat' dir='ltr'><strong>est,</strong></span> <span class='ocrx_word' id='word_1_358' title='bbox 1057 4449 1276 4491; x_wconf 85' lang='lat' dir='ltr'><strong>securus</strong></span> <span class='ocrx_word' id='word_1_359' title='bbox 1315 4443 1585 4504; x_wconf 70' lang='lat' dir='ltr'><strong>exspectat</strong></span> <span class='ocrx_word' id='word_1_360' title='bbox 1632 4435 1843 4504; x_wconf 85' lang='lat' dir='ltr'><strong>quando</strong></span> <span class='ocrx_word' id='word_1_361' title='bbox 1892 4436 2072 4491; x_wconf 82' lang='lat' dir='ltr'><strong>veniat</strong></span> 
     </span>
    </p>
   </div>
   <div class='ocr_carea' id='block_1_46' title="bbox 502 4525 2069 4598">
    <p class='ocr_par' dir='ltr' id='par_1_46' title="bbox 502 4525 2069 4598">
     <span class='ocr_line' id='line_1_46' title="bbox 502 4525 2069 4598; baseline -0.003 -11"><span class='ocrx_word' id='word_1_362' title='bbox 502 4531 756 4595; x_wconf 85' lang='lat' dir='ltr'><strong>Dominus</strong></span> <span class='ocrx_word' id='word_1_363' title='bbox 782 4529 968 4598; x_wconf 85' lang='lat' dir='ltr'><strong>ipsius.</strong></span> <span class='ocrx_word' id='word_1_364' title='bbox 998 4527 1129 4582; x_wconf 85' lang='lat' dir='ltr'><strong>Nam</strong></span> <span class='ocrx_word' id='word_1_365' title='bbox 1156 4526 1325 4596; x_wconf 85' lang='lat' dir='ltr'><strong>qualis</strong></span> <span class='ocrx_word' id='word_1_366' title='bbox 1353 4541 1504 4579; x_wconf 89' lang='lat' dir='ltr'><strong>amor</strong></span> <span class='ocrx_word' id='word_1_367' title='bbox 1527 4536 1607 4580; x_wconf 89' lang='lat' dir='ltr'><strong>est</strong></span> <span class='ocrx_word' id='word_1_368' title='bbox 1634 4525 1851 4592; x_wconf 80' lang='lat' dir='ltr'><strong>Christi,</strong></span> <span class='ocrx_word' id='word_1_369' title='bbox 1881 4527 2069 4582; x_wconf 86' lang='lat' dir='ltr'><strong>timere</strong></span> 
     </span>
    </p>
   </div>
   <div class='ocr_carea' id='block_1_47' title="bbox 425 4616 2070 4683">
    <p class='ocr_par' dir='ltr' id='par_1_47' title="bbox 425 4616 2070 4683">
     <span class='ocr_line' id='line_1_47' title="bbox 425 4616 2070 4683; baseline -0.004 -5"><span class='ocrx_word' id='word_1_370' title='bbox 425 4648 431 4653; x_wconf 58' lang='grc' dir='ltr'><strong><em>ν</em></strong></span> <span class='ocrx_word' id='word_1_371' title='bbox 501 4639 569 4680; x_wconf 83' lang='lat' dir='ltr'><strong>ne</strong></span> <span class='ocrx_word' id='word_1_372' title='bbox 592 4621 801 4678; x_wconf 65' lang='lat' dir='ltr'><strong>veni-it?</strong></span> <span class='ocrx_word' id='word_1_373' title='bbox 816 4620 1067 4683; x_wconf 74' lang='lat' dir='ltr'><strong>‘Fratres,</strong></span> <span class='ocrx_word' id='word_1_374' title='bbox 1102 4632 1208 4672; x_wconf 92' lang='lat' dir='ltr'><strong>non</strong></span> <span class='ocrx_word' id='word_1_375' title='bbox 1246 4616 1640 4673; x_wconf 74' lang='lat' dir='ltr'><strong>erubescimus?</strong></span> <span class='ocrx_word' id='word_1_376' title='bbox 1684 4619 1967 4683; x_wconf 89' lang='lat' dir='ltr'><strong>Amamus,</strong></span> <span class='ocrx_word' id='word_1_377' title='bbox 2014 4627 2070 4672; x_wconf 86' lang='lat' dir='ltr'><strong>et</strong></span> 
     </span>
    </p>
   </div>
   <div class='ocr_carea' id='block_1_48' title="bbox 436 4707 2069 4778">
    <p class='ocr_par' dir='ltr' id='par_1_48' title="bbox 436 4707 2069 4778">
     <span class='ocr_line' id='line_1_48' title="bbox 436 4707 2069 4778; baseline -0.002 -10"><span class='ocrx_word' id='word_1_378' title='bbox 436 4734 441 4743; x_wconf 59' lang='grc' dir='ltr'>λ</span> <span class='ocrx_word' id='word_1_379' title='bbox 499 4716 748 4769; x_wconf 86' lang='lat' dir='ltr'><strong>timemus</strong></span> <span class='ocrx_word' id='word_1_380' title='bbox 774 4728 841 4767; x_wconf 89' lang='lat' dir='ltr'><strong>ne</strong></span> <span class='ocrx_word' id='word_1_381' title='bbox 866 4711 1062 4766; x_wconf 86' lang='lat' dir='ltr'><strong>veniat.</strong></span> <span class='ocrx_word' id='word_1_382' title='bbox 1092 4707 1250 4765; x_wconf 85' lang='lat' dir='ltr'><strong>Certe</strong></span> <span class='ocrx_word' id='word_1_383' title='bbox 1272 4708 1545 4778; x_wconf 74' lang='lat' dir='ltr'><strong>amamus?</strong></span> <span class='ocrx_word' id='word_1_384' title='bbox 1559 4724 1624 4761; x_wconf 92' lang='lat' dir='ltr'><strong>an</strong></span> <span class='ocrx_word' id='word_1_385' title='bbox 1652 4717 1863 4776; x_wconf 86' lang='lat' dir='ltr'><strong>peccata</strong></span> <span class='ocrx_word' id='word_1_386' title='bbox 1887 4718 2069 4764; x_wconf 84' lang='lat' dir='ltr'><strong>nostra</strong></span> 
     </span>
    </p>
   </div>
   <div class='ocr_carea' id='block_1_49' title="bbox 499 4799 2071 4874">
    <p class='ocr_par' dir='ltr' id='par_1_49' title="bbox 499 4799 2071 4874">
     <span class='ocr_line' id='line_1_49' title="bbox 499 4799 2071 4874; baseline -0.002 -18"><span class='ocrx_word' id='word_1_387' title='bbox 499 4806 615 4874; x_wconf 86' lang='lat' dir='ltr'><strong>plus</strong></span> <span class='ocrx_word' id='word_1_388' title='bbox 643 4802 913 4856; x_wconf 86' lang='lat' dir='ltr'><strong>amamus?</strong></span> <span class='ocrx_word' id='word_1_389' title='bbox 941 4802 1079 4870; x_wconf 85' lang='lat' dir='ltr'><strong>Ergo</strong></span> <span class='ocrx_word' id='word_1_390' title='bbox 1120 4800 1229 4869; x_wconf 87' lang='lat' dir='ltr'><strong>ipsa</strong></span> <span class='ocrx_word' id='word_1_391' title='bbox 1267 4799 1535 4852; x_wconf 87' lang='lat' dir='ltr'><strong>oderimus</strong></span> <span class='ocrx_word' id='word_1_392' title='bbox 1565 4806 1776 4866; x_wconf 84' lang='lat' dir='ltr'><strong>peccata</strong></span> <span class='ocrx_word' id='word_1_393' title='bbox 1799 4839 1814 4860; x_wconf 88' lang='lat'><strong>,</strong></span> <span class='ocrx_word' id='word_1_394' title='bbox 1845 4808 1900 4852; x_wconf 84' lang='lat' dir='ltr'><strong>et</strong></span> <span class='ocrx_word' id='word_1_395' title='bbox 1926 4814 2071 4853; x_wconf 87' lang='lat' dir='ltr'><strong>amc-</strong></span> 
     </span>
    </p>
   </div>
   <div class='ocr_carea' id='block_1_50' title="bbox 499 4887 2066 4973">
    <p class='ocr_par' dir='ltr' id='par_1_50' title="bbox 499 4887 2066 4973">
     <span class='ocr_line' id='line_1_50' title="bbox 499 4887 2066 4973; baseline -0.005 -22"><span class='ocrx_word' id='word_1_396' title='bbox 499 4910 618 4952; x_wconf 87' lang='lat' dir='ltr'><strong>mus</strong></span> <span class='ocrx_word' id='word_1_397' title='bbox 644 4910 765 4950; x_wconf 92' lang='lat' dir='ltr'><strong>eum</strong></span> <span class='ocrx_word' id='word_1_398' title='bbox 790 4893 879 4973; x_wconf 77' lang='lat' dir='ltr'><strong>qui</strong></span> <span class='ocrx_word' id='word_1_399' title='bbox 907 4903 1161 4946; x_wconf 86' lang='lat' dir='ltr'><strong>venturus</strong></span> <span class='ocrx_word' id='word_1_400' title='bbox 1199 4900 1279 4945; x_wconf 93' lang='lat' dir='ltr'><strong>est</strong></span> <span class='ocrx_word' id='word_1_401' title='bbox 1309 4889 1374 4943; x_wconf 90' lang='lat' dir='ltr'><strong>ad</strong></span> <span class='ocrx_word' id='word_1_402' title='bbox 1408 4889 1672 4958; x_wconf 82' lang='lat' dir='ltr'><strong>punienda</strong></span> <span class='ocrx_word' id='word_1_403' title='bbox 1705 4898 1936 4955; x_wconf 81' lang='lat' dir='ltr'><strong>peccata.</strong></span> <span class='ocrx_word' id='word_1_404' title='bbox 1963 4887 2066 4943; x_wconf 84' lang='lat' dir='ltr'><strong>Ve-</strong></span> 
     </span>
    </p>
   </div>
   <div class='ocr_carea' id='block_1_51' title="bbox 500 4978 2068 5051">
    <p class='ocr_par' dir='ltr' id='par_1_51' title="bbox 500 4978 2068 5051">
     <span class='ocr_line' id='line_1_51' title="bbox 500 4978 2068 5051; baseline -0.006 -8"><span class='ocrx_word' id='word_1_405' title='bbox 500 4990 630 5051; x_wconf 89' lang='lat' dir='ltr'><strong>niet,</strong></span> <span class='ocrx_word' id='word_1_406' title='bbox 657 4987 914 5049; x_wconf 85' lang='lat' dir='ltr'><strong>velimus,</strong></span> <span class='ocrx_word' id='word_1_407' title='bbox 945 4984 1216 5038; x_wconf 87' lang='lat' dir='ltr'><strong>nolimus:</strong></span> <span class='ocrx_word' id='word_1_408' title='bbox 1249 4996 1352 5034; x_wconf 91' lang='lat' dir='ltr'><strong>non</strong></span> <span class='ocrx_word' id='word_1_409' title='bbox 1405 4979 1547 5035; x_wconf 90' lang='lat' dir='ltr'><strong>enim</strong></span> <span class='ocrx_word' id='word_1_410' title='bbox 1594 4978 1717 5048; x_wconf 85' lang='lat' dir='ltr'><strong>quia</strong></span> <span class='ocrx_word' id='word_1_411' title='bbox 1765 4978 1925 5032; x_wconf 89' lang='lat' dir='ltr'><strong>modo</strong></span> <span class='ocrx_word' id='word_1_412' title='bbox 1964 4995 2068 5033; x_wconf 90' lang='lat' dir='ltr'><strong>non</strong></span> 
     </span>
    </p>
   </div>
   <div class='ocr_carea' id='block_1_52' title="bbox 498 5069 2070 5145">
    <p class='ocr_par' dir='ltr' id='par_1_52' title="bbox 498 5069 2070 5145">
     <span class='ocr_line' id='line_1_52' title="bbox 498 5069 2070 5145; baseline -0.004 -15"><span class='ocrx_word' id='word_1_413' title='bbox 498 5081 664 5145; x_wconf 85' lang='lat' dir='ltr'><strong>venit,</strong></span> <span class='ocrx_word' id='word_1_414' title='bbox 707 5077 828 5133; x_wconf 88' lang='lat' dir='ltr'><strong>ideo</strong></span> <span class='ocrx_word' id='word_1_415' title='bbox 877 5083 1131 5129; x_wconf 85' lang='lat' dir='ltr'><strong>venturus</strong></span> <span class='ocrx_word' id='word_1_416' title='bbox 1184 5088 1288 5126; x_wconf 91' lang='lat' dir='ltr'><strong>non</strong></span> <span class='ocrx_word' id='word_1_417' title='bbox 1342 5080 1444 5126; x_wconf 86' lang='lat' dir='ltr'><strong>est.</strong></span> <span class='ocrx_word' id='word_1_418' title='bbox 1502 5069 1708 5130; x_wconf 80' lang='lat' dir='ltr'><strong>Veniet,</strong></span> <span class='ocrx_word' id='word_1_419' title='bbox 1754 5078 1809 5123; x_wconf 90' lang='lat' dir='ltr'><strong>et</strong></span> <span class='ocrx_word' id='word_1_420' title='bbox 1862 5070 2070 5135; x_wconf 84' lang='lat' dir='ltr'><strong>quando</strong></span> 
     </span>
    </p>
   </div>
   <div class='ocr_carea' id='block_1_53' title="bbox 499 5160 2072 5235">
    <p class='ocr_par' dir='ltr' id='par_1_53' title="bbox 499 5160 2072 5235">
     <span class='ocr_line' id='line_1_53' title="bbox 499 5160 2072 5235; baseline -0.007 -9"><span class='ocrx_word' id='word_1_421' title='bbox 499 5172 707 5235; x_wconf 68' lang='lat' dir='ltr'><strong>tuscis;</strong></span> <span class='ocrx_word' id='word_1_422' title='bbox 735 5178 792 5225; x_wconf 89' lang='lat' dir='ltr'><strong>et</strong></span> <span class='ocrx_word' id='word_1_423' title='bbox 826 5168 870 5221; x_wconf 89' lang='lat' dir='ltr'><strong>si</strong></span> <span class='ocrx_word' id='word_1_424' title='bbox 913 5175 1151 5235; x_wconf 88' lang='lat' dir='ltr'><strong>paratum</strong></span> <span class='ocrx_word' id='word_1_425' title='bbox 1184 5172 1235 5218; x_wconf 89' lang='lat' dir='ltr'><strong>te</strong></span> <span class='ocrx_word' id='word_1_426' title='bbox 1284 5163 1560 5225; x_wconf 86' lang='lat' dir='ltr'><strong>invenerit,</strong></span> <span class='ocrx_word' id='word_1_427' title='bbox 1609 5160 1737 5216; x_wconf 86' lang='lat' dir='ltr'><strong>nihil</strong></span> <span class='ocrx_word' id='word_1_428' title='bbox 1773 5161 1867 5215; x_wconf 87' lang='lat' dir='ltr'><strong>tibi</strong></span> <span class='ocrx_word' id='word_1_429' title='bbox 1920 5162 2072 5216; x_wconf 81' lang='lat' dir='ltr'><strong>obest</strong></span> 
     </span>
    </p>
   </div>
   <div class='ocr_carea' id='block_1_54' title="bbox 498 5252 2068 5332">
    <p class='ocr_par' dir='ltr' id='par_1_54' title="bbox 498 5252 2068 5332">
     <span class='ocr_line' id='line_1_54' title="bbox 498 5252 2068 5332; baseline -0.006 -19"><span class='ocrx_word' id='word_1_430' title='bbox 498 5262 620 5332; x_wconf 90' lang='lat' dir='ltr'><strong>quia</strong></span> <span class='ocrx_word' id='word_1_431' title='bbox 650 5259 842 5316; x_wconf 88' lang='lat' dir='ltr'><strong>nescis.</strong></span> <span class='ocrx_word' id='word_1_432' title='bbox 882 5255 1027 5311; x_wconf 82' lang='lat' dir='ltr'><strong>Tunc</strong></span> <span class='ocrx_word' id='word_1_433' title='bbox 1063 5253 1383 5310; x_wconf 76' lang='lat' dir='ltr'><strong>exsultabant</strong></span> <span class='ocrx_word' id='word_1_434' title='bbox 1417 5252 1587 5327; x_wconf 76' lang='lat' dir='ltr'><strong>omnia</strong></span> <span class='ocrx_word' id='word_1_435' title='bbox 1614 5252 1752 5322; x_wconf 80' lang='lat' dir='ltr'><strong>ligna</strong></span> <span class='ocrx_word' id='word_1_436' title='bbox 1792 5252 2068 5317; x_wconf 79' lang='lat' dir='ltr'><strong>silvarum,</strong></span> 
     </span>
    </p>
   </div>
   <div class='ocr_carea' id='block_1_55' title="bbox 500 5341 2072 5422">
    <p class='ocr_par' dir='ltr' id='par_1_55' title="bbox 500 5341 2072 5422">
     <span class='ocr_line' id='line_1_55' title="bbox 500 5341 2072 5422; baseline -0.004 -19"><span class='ocrx_word' id='word_1_437' title='bbox 500 5362 618 5404; x_wconf 82' lang='lat' dir='ltr'><strong>ante</strong></span> <span class='ocrx_word' id='word_1_438' title='bbox 644 5350 831 5422; x_wconf 77' lang='lat' dir='ltr'><strong>faciem</strong></span> <span class='ocrx_word' id='word_1_439' title='bbox 857 5344 1083 5408; x_wconf 84' lang='lat' dir='ltr'><strong>Domini,</strong></span> <span class='ocrx_word' id='word_1_440' title='bbox 1121 5343 1358 5414; x_wconf 86' lang='lat' dir='ltr'><strong>quoniam</strong></span> <span class='ocrx_word' id='word_1_441' title='bbox 1392 5342 1518 5394; x_wconf 69' lang='lat' dir='ltr'><strong>venit</strong></span> <span class='ocrx_word' id='word_1_442' title='bbox 1549 5357 1569 5394; x_wconf 90' lang='lat'><strong><em>:</em></strong></span> <span class='ocrx_word' id='word_1_443' title='bbox 1599 5342 1761 5410; x_wconf 91' lang='lat' dir='ltr'><strong>prius.</strong></span> <span class='ocrx_word' id='word_1_444' title='bbox 1788 5341 1859 5395; x_wconf 80' lang='lat' dir='ltr'><strong>Et</strong></span> <span class='ocrx_word' id='word_1_445' title='bbox 1891 5351 2072 5409; x_wconf 79' lang='lat' dir='ltr'><strong>postea</strong></span> 
     </span>
    </p>
   </div>
   <div class='ocr_carea' id='block_1_56' title="bbox 501 5432 2072 5511">
    <p class='ocr_par' dir='ltr' id='par_1_56' title="bbox 501 5432 2072 5511">
     <span class='ocr_line' id='line_1_56' title="bbox 501 5432 2072 5511; baseline -0.006 -18"><span class='ocrx_word' id='word_1_446' title='bbox 501 5440 667 5511; x_wconf 78' lang='lat' dir='ltr'><strong>quid?</strong></span> <span class='ocrx_word' id='word_1_447' title='bbox 699 5439 959 5507; x_wconf 77' lang='lat' dir='ltr'><strong>Quoniam</strong></span> <span class='ocrx_word' id='word_1_448' title='bbox 993 5438 1122 5489; x_wconf 82' lang='lat' dir='ltr'><strong>venit</strong></span> <span class='ocrx_word' id='word_1_449' title='bbox 1165 5433 1391 5498; x_wconf 83' lang='lat' dir='ltr'><strong>iudicare</strong></span> <span class='ocrx_word' id='word_1_450' title='bbox 1419 5442 1623 5486; x_wconf 83' lang='lat' dir='ltr'><strong>terram.</strong></span> <span class='ocrx_word' id='word_1_451' title='bbox 1653 5432 1717 5486; x_wconf 84' lang='lat' dir='ltr'><strong>Et</strong></span> <span class='ocrx_word' id='word_1_452' title='bbox 1753 5432 2072 5485; x_wconf 75' lang='lat' dir='ltr'><strong>exsultabant</strong></span> 
     </span>
    </p>
   </div>
   <div class='ocr_carea' id='block_1_57' title="bbox 504 5514 2074 5600">
    <p class='ocr_par' dir='ltr' id='par_1_57' title="bbox 504 5514 2074 5600">
     <span class='ocr_line' id='line_1_57' title="bbox 504 5514 2074 5600; baseline -0.006 -15"><span class='ocrx_word' id='word_1_453' title='bbox 504 5530 674 5585; x_wconf 82' lang='lat' dir='ltr'><strong>omnia</strong></span> <span class='ocrx_word' id='word_1_454' title='bbox 695 5529 832 5600; x_wconf 82' lang='lat' dir='ltr'><strong>ligna</strong></span> <span class='ocrx_word' id='word_1_455' title='bbox 851 5525 1110 5582; x_wconf 80' lang='lat' dir='ltr'><strong>silvarum.</strong></span> <span class='ocrx_word' id='word_1_456' title='bbox 1137 5524 1291 5580; x_wconf 85' lang='lat' dir='ltr'><strong>Venit</strong></span> <span class='ocrx_word' id='word_1_457' title='bbox 1325 5514 1529 5594; x_wconf 56' lang='lat' dir='ltr'><strong>primo:</strong></span> <span class='ocrx_word' id='word_1_458' title='bbox 1557 5529 1611 5577; x_wconf 85' lang='lat' dir='ltr'><strong>et</strong></span> <span class='ocrx_word' id='word_1_459' title='bbox 1637 5530 1813 5590; x_wconf 85' lang='lat' dir='ltr'><strong>postea</strong></span> <span class='ocrx_word' id='word_1_460' title='bbox 1836 5520 2074 5588; x_wconf 84' lang='lat' dir='ltr'><strong>judicare</strong></span> 
     </span>
    </p>
   </div>
   <div class='ocr_carea' id='block_1_58' title="bbox 574 5654 1739 5718">
    <p class='ocr_par' dir='ltr' id='par_1_58' title="bbox 574 5654 1739 5718">
     <span class='ocr_line' id='line_1_58' title="bbox 574 5654 1739 5718; baseline -0.008 -11"><span class='ocrx_word' id='word_1_461' title='bbox 574 5659 747 5715; x_wconf 75' lang='lat' dir='ltr'><strong>tLov.,</strong></span> <span class='ocrx_word' id='word_1_462' title='bbox 769 5663 1012 5718; x_wconf 80' lang='lat' dir='ltr'><strong>pararent.</strong></span> <span class='ocrx_word' id='word_1_463' title='bbox 1039 5663 1094 5718; x_wconf 84' lang='grc' dir='ltr'>Αι</span> <span class='ocrx_word' id='word_1_464' title='bbox 1110 5654 1331 5718; x_wconf 82' lang='lat' dir='ltr'><strong>plerique</strong></span> <span class='ocrx_word' id='word_1_465' title='bbox 1355 5660 1481 5711; x_wconf 66' lang='lat' dir='ltr'><strong>uss,</strong></span> <span class='ocrx_word' id='word_1_466' title='bbox 1502 5657 1739 5711; x_wconf 85' lang='lat' dir='ltr'><strong>parerent.</strong></span> 
     </span>
    </p>
   </div>
   <div class='ocr_carea' id='block_1_59' title="bbox 572 5714 1632 5776">
    <p class='ocr_par' dir='ltr' id='par_1_59' title="bbox 572 5714 1632 5776">
     <span class='ocr_line' id='line_1_59' title="bbox 572 5714 1632 5776; baseline -0.003 -15"><span class='ocrx_word' id='word_1_467' title='bbox 572 5721 592 5761; x_wconf 65' lang='grc' dir='ltr'><em>ε</em></span> <span class='ocrx_word' id='word_1_468' title='bbox 610 5721 683 5765; x_wconf 69' lang='lat' dir='ltr'><strong>sic</strong></span> <span class='ocrx_word' id='word_1_469' title='bbox 702 5714 804 5776; x_wconf 71' lang='lat' dir='ltr'><strong>Mss,</strong></span> <span class='ocrx_word' id='word_1_470' title='bbox 826 5724 881 5764; x_wconf 82' lang='lat' dir='ltr'><strong>At</strong></span> <span class='ocrx_word' id='word_1_471' title='bbox 902 5717 1034 5774; x_wconf 57' lang='lat' dir='ltr'><strong>eum,</strong></span> <span class='ocrx_word' id='word_1_472' title='bbox 1057 5714 1122 5765; x_wconf 80' lang='lat' dir='ltr'><strong>de</strong></span> <span class='ocrx_word' id='word_1_473' title='bbox 1134 5714 1309 5766; x_wconf 69' lang='lat' dir='ltr'><strong>amento</strong></span> <span class='ocrx_word' id='word_1_474' title='bbox 1330 5718 1632 5776; x_wconf 85' lang='lat' dir='ltr'><strong>pepererunt.</strong></span> 
     </span>
    </p>
   </div>
   <div class='ocr_carea' id='block_1_60' title="bbox 572 5774 2071 5831">
    <p class='ocr_par' dir='ltr' id='par_1_60' title="bbox 572 5774 2071 5831">
     <span class='ocr_line' id='line_1_60' title="bbox 572 5774 2071 5831; baseline -0.004 -6"><span class='ocrx_word' id='word_1_475' title='bbox 572 5779 595 5811; x_wconf 80' lang='grc'><strong><em>³</em></strong></span> <span class='ocrx_word' id='word_1_476' title='bbox 615 5779 688 5825; x_wconf 77' lang='lat' dir='ltr'><strong>sic</strong></span> <span class='ocrx_word' id='word_1_477' title='bbox 708 5774 937 5823; x_wconf 73' lang='lat' dir='ltr'><strong>meliores</strong></span> <span class='ocrx_word' id='word_1_478' title='bbox 954 5783 1059 5823; x_wconf 72' lang='lat' dir='ltr'><strong>Mss.</strong></span> <span class='ocrx_word' id='word_1_479' title='bbox 1098 5784 1152 5823; x_wconf 80' lang='grc' dir='ltr'>Αι</span> <span class='ocrx_word' id='word_1_480' title='bbox 1175 5785 1291 5831; x_wconf 78' lang='grc' dir='ltr'>Αιιι.,</span> <span class='ocrx_word' id='word_1_481' title='bbox 1311 5774 1405 5822; x_wconf 86' lang='lat' dir='ltr'><strong>non</strong></span> <span class='ocrx_word' id='word_1_482' title='bbox 1427 5780 1621 5824; x_wconf 73' lang='lat' dir='ltr'><strong>inmites.</strong></span> <span class='ocrx_word' id='word_1_483' title='bbox 1646 5777 1773 5831; x_wconf 83' lang='lat' dir='ltr'><strong>Lov.,</strong></span> <span class='ocrx_word' id='word_1_484' title='bbox 1800 5782 1891 5821; x_wconf 87' lang='lat' dir='ltr'><strong>non</strong></span> <span class='ocrx_word' id='word_1_485' title='bbox 1912 5784 2071 5822; x_wconf 79' lang='lat' dir='ltr'><strong>emen-</strong></span> 
     </span>
    </p>
   </div>
   <div class='ocr_carea' id='block_1_61' title="bbox 509 5842 1396 5901">
    <p class='ocr_par' dir='ltr' id='par_1_61' title="bbox 509 5842 1396 5901">
     <span class='ocr_line' id='line_1_61' title="bbox 509 5842 1396 5901; baseline -0.007 -14"><span class='ocrx_word' id='word_1_486' title='bbox 509 5844 598 5895; x_wconf 78' lang='lat' dir='ltr'><strong>tes,</strong></span> <span class='ocrx_word' id='word_1_487' title='bbox 616 5844 711 5895; x_wconf 75' lang='grc' dir='ltr'>ιὶιι..</span> <span class='ocrx_word' id='word_1_488' title='bbox 730 5847 823 5901; x_wconf 56' lang='lat' dir='ltr'><strong>non</strong></span> <span class='ocrx_word' id='word_1_489' title='bbox 856 5844 1057 5887; x_wconf 64' lang='lat' dir='ltr'><strong>cateruas</strong></span> <span class='ocrx_word' id='word_1_490' title='bbox 1078 5847 1164 5885; x_wconf 80' lang='lat' dir='ltr'><strong>nec</strong></span> <span class='ocrx_word' id='word_1_491' title='bbox 1201 5842 1396 5885; x_wconf 79' lang='lat' dir='ltr'><strong>utentes.</strong></span> 
     </span>
    </p>
   </div>
   <div class='ocr_carea' id='block_1_62' title="bbox 1670 398 2460 485">
    <p class='ocr_par' dir='ltr' id='par_1_62' title="bbox 1670 398 2460 485">
     <span class='ocr_line' id='line_1_62' title="bbox 1670 398 2460 485; baseline -0.001 -26"><span class='ocrx_word' id='word_1_492' title='bbox 1670 402 1728 459; x_wconf 87' lang='lat' dir='ltr'><strong>S.</strong></span> <span class='ocrx_word' id='word_1_493' title='bbox 1768 398 2131 471; x_wconf 77' lang='lat' dir='ltr'><strong>AUGUSTlNi</strong></span> <span class='ocrx_word' id='word_1_494' title='bbox 2169 398 2460 485; x_wconf 76' lang='lat' dir='ltr'><strong>EPISCOP‘I</strong></span> 
     </span>
    </p>
   </div>
   <div class='ocr_carea' id='block_1_63' title="bbox 3586 398 3722 455">
    <p class='ocr_par' dir='ltr' id='par_1_63' title="bbox 3586 398 3722 455">
     <span class='ocr_line' id='line_1_63' title="bbox 3586 398 3722 455; baseline 0.022 -3"><span class='ocrx_word' id='word_1_495' title='bbox 3586 398 3722 455; x_wconf 67' lang='grc' dir='ltr'><strong>ἵζ’-56</strong></span> 
     </span>
    </p>
   </div>
   <div class='ocr_carea' id='block_1_64' title="bbox 2157 512 3725 583">
    <p class='ocr_par' dir='ltr' id='par_1_64' title="bbox 2157 512 3725 583">
     <span class='ocr_line' id='line_1_64' title="bbox 2157 512 3725 583; baseline -0.001 -16"><span class='ocrx_word' id='word_1_496' title='bbox 2157 526 2349 568; x_wconf 87' lang='lat' dir='ltr'><strong>terram</strong></span> <span class='ocrx_word' id='word_1_497' title='bbox 2394 531 2408 568; x_wconf 88' lang='lat'><strong>:</strong></span> <span class='ocrx_word' id='word_1_498' title='bbox 2455 512 2782 568; x_wconf 78' lang='lat' dir='ltr'><strong>exsultantes</strong></span> <span class='ocrx_word' id='word_1_499' title='bbox 2834 512 3063 567; x_wconf 77' lang='lat' dir='ltr'><strong>inveniet</strong></span> <span class='ocrx_word' id='word_1_500' title='bbox 3111 526 3206 568; x_wconf 87' lang='lat' dir='ltr'><strong>eos</strong></span> <span class='ocrx_word' id='word_1_501' title='bbox 3250 512 3337 583; x_wconf 90' lang='lat' dir='ltr'><strong>qui</strong></span> <span class='ocrx_word' id='word_1_502' title='bbox 3391 512 3559 581; x_wconf 88' lang='lat' dir='ltr'><strong>primo</strong></span> <span class='ocrx_word' id='word_1_503' title='bbox 3607 515 3725 581; x_wconf 88' lang='lat' dir='ltr'><strong>ejus</strong></span> 
     </span>
    </p>
   </div>
   <div class='ocr_carea' id='block_1_65' title="bbox 2155 605 3208 671">
    <p class='ocr_par' dir='ltr' id='par_1_65' title="bbox 2155 605 3208 671">
     <span class='ocr_line' id='line_1_65' title="bbox 2155 605 3208 671; baseline -0.005 -9"><span class='ocrx_word' id='word_1_504' title='bbox 2155 608 2397 662; x_wconf 88' lang='lat' dir='ltr'><strong>adventui</strong></span> <span class='ocrx_word' id='word_1_505' title='bbox 2420 606 2777 671; x_wconf 88' lang='lat' dir='ltr'><strong>crediderunt,</strong></span> <span class='ocrx_word' id='word_1_506' title='bbox 2800 606 3036 669; x_wconf 85' lang='lat' dir='ltr'><strong>quoniam</strong></span> <span class='ocrx_word' id='word_1_507' title='bbox 3057 605 3208 659; x_wconf 78' lang='lat' dir='ltr'><strong>venit.</strong></span> 
     </span>
    </p>
   </div>
   <div class='ocr_carea' id='block_1_66' title="bbox 2226 697 3728 769">
    <p class='ocr_par' dir='ltr' id='par_1_66' title="bbox 2226 697 3728 769">
     <span class='ocr_line' id='line_1_66' title="bbox 2226 697 3728 769; baseline 0.001 -15"><span class='ocrx_word' id='word_1_508' title='bbox 2226 701 2312 755; x_wconf 76' lang='grc'><strong>15.</strong></span> <span class='ocrx_word' id='word_1_509' title='bbox 2353 699 2485 754; x_wconf 85' lang='lat' dir='ltr'><strong>Nam</strong></span> <span class='ocrx_word' id='word_1_510' title='bbox 2514 741 2528 759; x_wconf 85' lang='lat'><strong><em>.</em></strong></span> <span class='ocrx_word' id='word_1_511' title='bbox 2573 697 2828 752; x_wconf 81' lang='lat' dir='ltr'><strong>Judieabit</strong></span> <span class='ocrx_word' id='word_1_512' title='bbox 2874 698 3041 752; x_wconf 87' lang='lat' dir='ltr'><strong>orbem</strong></span> <span class='ocrx_word' id='word_1_513' title='bbox 3083 708 3330 751; x_wconf 87' lang='lat' dir='ltr'><strong>terrarum</strong></span> <span class='ocrx_word' id='word_1_514' title='bbox 3375 698 3427 751; x_wconf 88' lang='lat' dir='ltr'><strong>in</strong></span> <span class='ocrx_word' id='word_1_515' title='bbox 3450 699 3728 769; x_wconf 67' lang='lat' dir='ltr'><strong>aequitate:</strong></span> 
     </span>
    </p>
   </div>
   <div class='ocr_carea' id='block_1_67' title="bbox 2156 772 3809 861">
    <p class='ocr_par' dir='ltr' id='par_1_67' title="bbox 2156 772 3809 861">
     <span class='ocr_line' id='line_1_67' title="bbox 2156 772 3809 861; baseline -0.002 -13"><span class='ocrx_word' id='word_1_516' title='bbox 2156 810 2265 848; x_wconf 64' lang='lat' dir='ltr'><strong>non.</strong></span> <span class='ocrx_word' id='word_1_517' title='bbox 2290 803 2510 861; x_wconf 88' lang='lat' dir='ltr'><strong>partem,</strong></span> <span class='ocrx_word' id='word_1_518' title='bbox 2543 792 2665 861; x_wconf 83' lang='lat' dir='ltr'><strong>quia</strong></span> <span class='ocrx_word' id='word_1_519' title='bbox 2705 806 2810 845; x_wconf 91' lang='lat' dir='ltr'><strong>non</strong></span> <span class='ocrx_word' id='word_1_520' title='bbox 2842 801 3040 861; x_wconf 87' lang='lat' dir='ltr'><strong>partem</strong></span> <span class='ocrx_word' id='word_1_521' title='bbox 3084 791 3231 845; x_wconf 87' lang='lat' dir='ltr'><strong>emit.</strong></span> <span class='ocrx_word' id='word_1_522' title='bbox 3271 790 3460 844; x_wconf 87' lang='lat' dir='ltr'><strong>Totum</strong></span> <span class='ocrx_word' id='word_1_523' title='bbox 3486 791 3731 858; x_wconf 79' lang='lat' dir='ltr'><strong>judicare</strong></span> <span class='ocrx_word' id='word_1_524' title='bbox 3806 772 3809 783; x_wconf 53' lang='grc'><em>’</em></span> 
     </span>
    </p>
   </div>
   <div class='ocr_carea' id='block_1_68' title="bbox 2157 879 3729 952">
    <p class='ocr_par' dir='ltr' id='par_1_68' title="bbox 2157 879 3729 952">
     <span class='ocr_line' id='line_1_68' title="bbox 2157 879 3729 952; baseline 0.001 -17"><span class='ocrx_word' id='word_1_525' title='bbox 2157 884 2332 945; x_wconf 83' lang='lat' dir='ltr'><strong>habet,</strong></span> <span class='ocrx_word' id='word_1_526' title='bbox 2355 882 2473 952; x_wconf 84' lang='lat' dir='ltr'><strong>quia</strong></span> <span class='ocrx_word' id='word_1_527' title='bbox 2510 896 2604 950; x_wconf 91' lang='lat' dir='ltr'><strong>pro</strong></span> <span class='ocrx_word' id='word_1_528' title='bbox 2637 889 2745 936; x_wconf 88' lang='lat' dir='ltr'><strong>toto</strong></span> <span class='ocrx_word' id='word_1_529' title='bbox 2769 882 2992 949; x_wconf 90' lang='lat' dir='ltr'><strong>pretium</strong></span> <span class='ocrx_word' id='word_1_530' title='bbox 3017 880 3180 935; x_wconf 87' lang='lat' dir='ltr'><strong>dedit.</strong></span> <span class='ocrx_word' id='word_1_531' title='bbox 3212 879 3448 935; x_wconf 81' lang='lat' dir='ltr'><strong>Audistis</strong></span> <span class='ocrx_word' id='word_1_532' title='bbox 3480 881 3729 952; x_wconf 83' lang='lat' dir='ltr'><strong>Evange-</strong></span> 
     </span>
    </p>
   </div>
   <div class='ocr_carea' id='block_1_69' title="bbox 2156 971 3736 1043">
    <p class='ocr_par' dir='ltr' id='par_1_69' title="bbox 2156 971 3736 1043">
     <span class='ocr_line' id='line_1_69' title="bbox 2156 971 3736 1043; baseline 0.001 -17"><span class='ocrx_word' id='word_1_533' title='bbox 2156 973 2304 1039; x_wconf 89' lang='lat' dir='ltr'><strong>lium,</strong></span> <span class='ocrx_word' id='word_1_534' title='bbox 2335 976 2456 1042; x_wconf 86' lang='lat' dir='ltr'><strong>quia</strong></span> <span class='ocrx_word' id='word_1_535' title='bbox 2497 987 2614 1027; x_wconf 89' lang='lat' dir='ltr'><strong>cum</strong></span> <span class='ocrx_word' id='word_1_536' title='bbox 2665 973 2887 1038; x_wconf 88' lang='lat' dir='ltr'><strong>venerit,</strong></span> <span class='ocrx_word' id='word_1_537' title='bbox 2929 971 3134 1041; x_wconf 90' lang='lat' dir='ltr'><strong>inquit,</strong></span> <span class='ocrx_word' id='word_1_538' title='bbox 3177 973 3496 1043; x_wconf 81' lang='lat' dir='ltr'><strong>congregabit</strong></span> <span class='ocrx_word' id='word_1_539' title='bbox 3544 973 3736 1028; x_wconf 78' lang='lat' dir='ltr'><strong>electos</strong></span> 
     </span>
    </p>
   </div>
   <div class='ocr_carea' id='block_1_70' title="bbox 2153 1063 3732 1135">
    <p class='ocr_par' dir='ltr' id='par_1_70' title="bbox 2153 1063 3732 1135">
     <span class='ocr_line' id='line_1_70' title="bbox 2153 1063 3732 1135; baseline 0 -16"><span class='ocrx_word' id='word_1_540' title='bbox 2153 1081 2272 1119; x_wconf 84' lang='lat' dir='ltr'><strong>suos</strong></span> <span class='ocrx_word' id='word_1_541' title='bbox 2318 1081 2350 1117; x_wconf 92' lang='lat' dir='ltr'><strong>a</strong></span> <span class='ocrx_word' id='word_1_542' title='bbox 2396 1074 2610 1135; x_wconf 80' lang='lat' dir='ltr'><strong>quatuor</strong></span> <span class='ocrx_word' id='word_1_543' title='bbox 2649 1064 2804 1117; x_wconf 69' lang='lat' dir='ltr'><strong>ventis</strong></span> <span class='ocrx_word' id='word_1_544' title='bbox 2855 1063 3043 1135; x_wconf 72' lang='lat' dir='ltr'><strong>(Marc.</strong></span> <span class='ocrx_word' id='word_1_545' title='bbox 3092 1079 3220 1128; x_wconf 87' lang='lat' dir='ltr'><strong>xm,</strong></span> <span class='ocrx_word' id='word_1_546' title='bbox 3265 1064 3378 1132; x_wconf 76' lang='lat'><strong>27).</strong></span> <span class='ocrx_word' id='word_1_547' title='bbox 3426 1063 3732 1135; x_wconf 78' lang='lat' dir='ltr'><strong>Congregat</strong></span> 
     </span>
    </p>
   </div>
   <div class='ocr_carea' id='block_1_71' title="bbox 2155 1156 3733 1225">
    <p class='ocr_par' dir='ltr' id='par_1_71' title="bbox 2155 1156 3733 1225">
     <span class='ocr_line' id='line_1_71' title="bbox 2155 1156 3733 1225; baseline 0 -15"><span class='ocrx_word' id='word_1_548' title='bbox 2155 1157 2355 1210; x_wconf 84' lang='lat' dir='ltr'><strong>electos</strong></span> <span class='ocrx_word' id='word_1_549' title='bbox 2378 1171 2565 1209; x_wconf 88' lang='lat' dir='ltr'><strong>omnes</strong></span> <span class='ocrx_word' id='word_1_550' title='bbox 2592 1171 2621 1208; x_wconf 90' lang='lat' dir='ltr'><strong>a</strong></span> <span class='ocrx_word' id='word_1_551' title='bbox 2639 1165 2865 1224; x_wconf 85' lang='lat' dir='ltr'><strong>quatuor</strong></span> <span class='ocrx_word' id='word_1_552' title='bbox 2888 1156 3094 1210; x_wconf 89' lang='lat' dir='ltr'><strong>ventis:</strong></span> <span class='ocrx_word' id='word_1_553' title='bbox 3118 1170 3245 1225; x_wconf 87' lang='lat' dir='ltr'><strong>ergo</strong></span> <span class='ocrx_word' id='word_1_554' title='bbox 3261 1160 3333 1209; x_wconf 83' lang='lat' dir='ltr'><strong>de.</strong></span> <span class='ocrx_word' id='word_1_555' title='bbox 3349 1164 3457 1210; x_wconf 85' lang='lat' dir='ltr'><strong>toto</strong></span> <span class='ocrx_word' id='word_1_556' title='bbox 3479 1157 3607 1211; x_wconf 89' lang='lat' dir='ltr'><strong>orbe</strong></span> <span class='ocrx_word' id='word_1_557' title='bbox 3623 1165 3733 1211; x_wconf 66' lang='lat' dir='ltr'><strong>ter-</strong></span> 
     </span>
    </p>
   </div>
   <div class='ocr_carea' id='block_1_72' title="bbox 2155 1246 3731 1321">
    <p class='ocr_par' dir='ltr' id='par_1_72' title="bbox 2155 1246 3731 1321">
     <span class='ocr_line' id='line_1_72' title="bbox 2155 1246 3731 1321; baseline -0.002 -17"><span class='ocrx_word' id='word_1_558' title='bbox 2155 1265 2353 1304; x_wconf 90' lang='lat' dir='ltr'><strong>rarum.</strong></span> <span class='ocrx_word' id='word_1_559' title='bbox 2375 1248 2506 1317; x_wconf 86' lang='lat' dir='ltr'><strong>Quia</strong></span> <span class='ocrx_word' id='word_1_560' title='bbox 2526 1258 2579 1304; x_wconf 92' lang='lat' dir='ltr'><strong>et</strong></span> <span class='ocrx_word' id='word_1_561' title='bbox 2604 1249 2715 1318; x_wconf 88' lang='lat' dir='ltr'><strong>ipse</strong></span> <span class='ocrx_word' id='word_1_562' title='bbox 2731 1248 2894 1302; x_wconf 90' lang='lat' dir='ltr'><strong>Adam</strong></span> <span class='ocrx_word' id='word_1_563' title='bbox 2909 1246 3208 1320; x_wconf 87' lang='lat' dir='ltr'><strong>[aliquando</strong></span> <span class='ocrx_word' id='word_1_564' title='bbox 3233 1249 3333 1302; x_wconf 92' lang='lat' dir='ltr'><strong>hoc</strong></span> <span class='ocrx_word' id='word_1_565' title='bbox 3350 1248 3585 1302; x_wconf 81' lang='lat' dir='ltr'><strong>dixeram</strong></span> <span class='ocrx_word' id='word_1_566' title='bbox 3620 1247 3731 1321; x_wconf 71' lang='grc' dir='ltr'><strong>(αη</strong></span> 
     </span>
    </p>
   </div>
   <div class='ocr_carea' id='block_1_73' title="bbox 2155 1334 3727 1407">
    <p class='ocr_par' dir='ltr' id='par_1_73' title="bbox 2155 1334 3727 1407">
     <span class='ocr_line' id='line_1_73' title="bbox 2155 1334 3727 1407; baseline -0.001 -12"><span class='ocrx_word' id='word_1_567' title='bbox 2155 1334 2337 1395; x_wconf 79' lang='lat' dir='ltr'><strong>orliem</strong></span> <span class='ocrx_word' id='word_1_568' title='bbox 2397 1351 2653 1394; x_wconf 87' lang='lat' dir='ltr'><strong>terrarum</strong></span> <span class='ocrx_word' id='word_1_569' title='bbox 2683 1338 2944 1405; x_wconf 76' lang='lat' dir='ltr'><strong>significat</strong></span> <span class='ocrx_word' id='word_1_570' title='bbox 2995 1339 3284 1393; x_wconf 88' lang='lat' dir='ltr'><strong>secundum</strong></span> <span class='ocrx_word' id='word_1_571' title='bbox 3334 1353 3560 1407; x_wconf 70' lang='lat' dir='ltr'><strong>grtecam</strong></span> <span class='ocrx_word' id='word_1_572' title='bbox 3617 1340 3727 1394; x_wconf 86' lang='lat' dir='ltr'><strong>lin-</strong></span> 
     </span>
    </p>
   </div>
   <div class='ocr_carea' id='block_1_74' title="bbox 2155 1430 3727 1501">
    <p class='ocr_par' dir='ltr' id='par_1_74' title="bbox 2155 1430 3727 1501">
     <span class='ocr_line' id='line_1_74' title="bbox 2155 1430 3727 1501; baseline 0.001 -16"><span class='ocrx_word' id='word_1_573' title='bbox 2155 1448 2333 1501; x_wconf 88' lang='lat' dir='ltr'><strong>guam.</strong></span> <span class='ocrx_word' id='word_1_574' title='bbox 2374 1432 2610 1498; x_wconf 87' lang='lat' dir='ltr'><strong>Quatuor</strong></span> <span class='ocrx_word' id='word_1_575' title='bbox 2649 1430 2790 1486; x_wconf 89' lang='lat' dir='ltr'><strong>enim</strong></span> <span class='ocrx_word' id='word_1_576' title='bbox 2831 1432 3018 1485; x_wconf 61' lang='lat' dir='ltr'><strong>litterae</strong></span> <span class='ocrx_word' id='word_1_577' title='bbox 3069 1441 3210 1494; x_wconf 90' lang='lat' dir='ltr'><strong>sunt,</strong></span> <span class='ocrx_word' id='word_1_578' title='bbox 3266 1432 3330 1496; x_wconf 86' lang='lat' dir='ltr'><strong>A,</strong></span> <span class='ocrx_word' id='word_1_579' title='bbox 3388 1431 3449 1494; x_wconf 92' lang='lat' dir='ltr'><strong>D,</strong></span> <span class='ocrx_word' id='word_1_580' title='bbox 3479 1434 3621 1494; x_wconf 82' lang='lat' dir='ltr'><strong>A,et</strong></span> <span class='ocrx_word' id='word_1_581' title='bbox 3648 1433 3727 1487; x_wconf 78' lang='grc' dir='ltr'><strong>Μ.</strong></span> 
     </span>
    </p>
   </div>
   <div class='ocr_carea' id='block_1_75' title="bbox 2156 1521 3731 1593">
    <p class='ocr_par' dir='ltr' id='par_1_75' title="bbox 2156 1521 3731 1593">
     <span class='ocr_line' id='line_1_75' title="bbox 2156 1521 3731 1593; baseline 0.001 -15"><span class='ocrx_word' id='word_1_582' title='bbox 2156 1521 2304 1578; x_wconf 88' lang='lat' dir='ltr'><strong>Sicut</strong></span> <span class='ocrx_word' id='word_1_583' title='bbox 2327 1532 2503 1577; x_wconf 87' lang='lat' dir='ltr'><strong>autem</strong></span> <span class='ocrx_word' id='word_1_584' title='bbox 2544 1521 2713 1577; x_wconf 77' lang='lat' dir='ltr'><strong>Grzeci</strong></span> <span class='ocrx_word' id='word_1_585' title='bbox 2740 1522 3058 1590; x_wconf 75' lang='lat' dir='ltr'><strong>loquuntur,</strong></span> <span class='ocrx_word' id='word_1_586' title='bbox 3087 1533 3317 1591; x_wconf 88' lang='lat' dir='ltr'><strong>quatuor</strong></span> <span class='ocrx_word' id='word_1_587' title='bbox 3355 1522 3499 1576; x_wconf 85' lang='lat' dir='ltr'><strong>orbis</strong></span> <span class='ocrx_word' id='word_1_588' title='bbox 3544 1534 3731 1593; x_wconf 81' lang='lat' dir='ltr'><strong>partes</strong></span> 
     </span>
    </p>
   </div>
   <div class='ocr_carea' id='block_1_76' title="bbox 2159 1608 3728 1682">
    <p class='ocr_par' dir='ltr' id='par_1_76' title="bbox 2159 1608 3728 1682">
     <span class='ocr_line' id='line_1_76' title="bbox 2159 1608 3728 1682; baseline 0.001 -15"><span class='ocrx_word' id='word_1_589' title='bbox 2159 1615 2253 1668; x_wconf 89' lang='lat' dir='ltr'><strong>has</strong></span> <span class='ocrx_word' id='word_1_590' title='bbox 2283 1614 2335 1667; x_wconf 91' lang='lat' dir='ltr'><strong>in</strong></span> <span class='ocrx_word' id='word_1_591' title='bbox 2362 1608 2532 1682; x_wconf 79' lang='lat' dir='ltr'><strong>capite</strong></span> <span class='ocrx_word' id='word_1_592' title='bbox 2559 1613 2760 1668; x_wconf 86' lang='lat' dir='ltr'><strong>litteras</strong></span> <span class='ocrx_word' id='word_1_593' title='bbox 2801 1612 3014 1679; x_wconf 79' lang='lat' dir='ltr'><strong>habent,</strong></span> <span class='ocrx_word' id='word_1_594' title='bbox 3036 1619 3271 1672; x_wconf 73' lang='grc' dir='ltr'><strong>Ανατολὴν</strong></span> <span class='ocrx_word' id='word_1_595' title='bbox 3304 1612 3487 1667; x_wconf 90' lang='lat' dir='ltr'><strong>dicunt</strong></span> <span class='ocrx_word' id='word_1_596' title='bbox 3528 1613 3728 1668; x_wconf 83' lang='lat' dir='ltr'><strong>Orien-</strong></span> 
     </span>
    </p>
   </div>
   <div class='ocr_carea' id='block_1_77' title="bbox 2159 1704 3729 1775">
    <p class='ocr_par' dir='ltr' id='par_1_77' title="bbox 2159 1704 3729 1775">
     <span class='ocr_line' id='line_1_77' title="bbox 2159 1704 3729 1775; baseline -0.001 -14"><span class='ocrx_word' id='word_1_597' title='bbox 2159 1716 2293 1773; x_wconf 86' lang='lat' dir='ltr'><strong>tem;</strong></span> <span class='ocrx_word' id='word_1_598' title='bbox 2334 1712 2490 1771; x_wconf 69' lang='lat' dir='ltr'><strong>Ai&#39;mv,</strong></span> <span class='ocrx_word' id='word_1_599' title='bbox 2509 1704 2880 1770; x_wconf 85' lang='lat' dir='ltr'><strong>Occidentem;</strong></span> <span class='ocrx_word' id='word_1_600' title='bbox 2906 1711 3097 1775; x_wconf 71' lang='grc' dir='ltr'><strong>Δρχτον,</strong></span> <span class='ocrx_word' id='word_1_601' title='bbox 3135 1704 3482 1774; x_wconf 84' lang='lat' dir='ltr'><strong>Aquilonem;</strong></span> <span class='ocrx_word' id='word_1_602' title='bbox 3514 1713 3729 1772; x_wconf 73' lang='grc' dir='ltr'><strong>Μισημ-</strong></span> 
     </span>
    </p>
   </div>
   <div class='ocr_carea' id='block_1_78' title="bbox 2156 1799 3735 1870">
    <p class='ocr_par' dir='ltr' id='par_1_78' title="bbox 2156 1799 3735 1870">
     <span class='ocr_line' id='line_1_78' title="bbox 2156 1799 3735 1870; baseline 0.002 -16"><span class='ocrx_word' id='word_1_603' title='bbox 2156 1810 2308 1870; x_wconf 68' lang='grc' dir='ltr'><strong>δρίαν,</strong></span> <span class='ocrx_word' id='word_1_604' title='bbox 2335 1799 2605 1855; x_wconf 80' lang='lat' dir='ltr'><strong>Meridiem</strong></span> <span class='ocrx_word' id='word_1_605' title='bbox 2637 1819 2650 1853; x_wconf 88' lang='lat'><strong>:</strong></span> <span class='ocrx_word' id='word_1_606' title='bbox 2681 1802 2841 1856; x_wconf 86' lang='lat' dir='ltr'><strong>habes</strong></span> <span class='ocrx_word' id='word_1_607' title='bbox 2860 1844 2875 1866; x_wconf 86' lang='lat'><strong>,</strong></span> <span class='ocrx_word' id='word_1_608' title='bbox 2904 1801 3091 1856; x_wconf 81' lang='lat' dir='ltr'><strong>Adam.</strong></span> <span class='ocrx_word' id='word_1_609' title='bbox 3125 1799 3243 1868; x_wconf 88' lang='lat' dir='ltr'><strong>Ipse</strong></span> <span class='ocrx_word' id='word_1_610' title='bbox 3267 1816 3391 1870; x_wconf 84' lang='lat' dir='ltr'><strong>ergo</strong></span> <span class='ocrx_word' id='word_1_611' title='bbox 3418 1800 3585 1855; x_wconf 90' lang='lat' dir='ltr'><strong>Adam</strong></span> <span class='ocrx_word' id='word_1_612' title='bbox 3612 1810 3735 1857; x_wconf 83' lang='lat' dir='ltr'><strong>toto</strong></span> 
     </span>
    </p>
   </div>
   <div class='ocr_carea' id='block_1_79' title="bbox 2157 1890 3729 1962">
    <p class='ocr_par' dir='ltr' id='par_1_79' title="bbox 2157 1890 3729 1962">
     <span class='ocr_line' id='line_1_79' title="bbox 2157 1890 3729 1962; baseline 0.001 -16"><span class='ocrx_word' id='word_1_613' title='bbox 2157 1893 2286 1947; x_wconf 86' lang='lat' dir='ltr'><strong>orbe</strong></span> <span class='ocrx_word' id='word_1_614' title='bbox 2312 1902 2568 1946; x_wconf 86' lang='lat' dir='ltr'><strong>terrarum</strong></span> <span class='ocrx_word' id='word_1_615' title='bbox 2590 1906 2803 1962; x_wconf 88' lang='lat' dir='ltr'><strong>sparsus</strong></span> <span class='ocrx_word' id='word_1_616' title='bbox 2830 1901 2930 1945; x_wconf 90' lang='lat' dir='ltr'><strong>est.</strong></span> <span class='ocrx_word' id='word_1_617' title='bbox 2964 1892 3021 1945; x_wconf 89' lang='lat' dir='ltr'><strong>In</strong></span> <span class='ocrx_word' id='word_1_618' title='bbox 3048 1906 3154 1945; x_wconf 93' lang='lat' dir='ltr'><strong>uno</strong></span> <span class='ocrx_word' id='word_1_619' title='bbox 3178 1890 3296 1946; x_wconf 91' lang='lat' dir='ltr'><strong>loco</strong></span> <span class='ocrx_word' id='word_1_620' title='bbox 3328 1890 3422 1945; x_wconf 92' lang='lat' dir='ltr'><strong>fuit</strong></span> <span class='ocrx_word' id='word_1_621' title='bbox 3442 1932 3456 1955; x_wconf 88' lang='lat'><strong>,</strong></span> <span class='ocrx_word' id='word_1_622' title='bbox 3487 1902 3543 1947; x_wconf 89' lang='lat' dir='ltr'><strong>et</strong></span> <span class='ocrx_word' id='word_1_623' title='bbox 3579 1894 3729 1948; x_wconf 74' lang='lat' dir='ltr'><strong>eeci~</strong></span> 
     </span>
    </p>
   </div>
   <div class='ocr_carea' id='block_1_80' title="bbox 2156 1981 3727 2052">
    <p class='ocr_par' dir='ltr' id='par_1_80' title="bbox 2156 1981 3727 2052">
     <span class='ocr_line' id='line_1_80' title="bbox 2156 1981 3727 2052; baseline 0.001 -14"><span class='ocrx_word' id='word_1_624' title='bbox 2156 1983 2251 2047; x_wconf 87' lang='lat' dir='ltr'><strong>dit,</strong></span> <span class='ocrx_word' id='word_1_625' title='bbox 2298 1993 2352 2038; x_wconf 88' lang='lat' dir='ltr'><strong>et</strong></span> <span class='ocrx_word' id='word_1_626' title='bbox 2391 1983 2619 2052; x_wconf 88' lang='lat' dir='ltr'><strong>quodam</strong></span> <span class='ocrx_word' id='word_1_627' title='bbox 2664 1982 2822 2038; x_wconf 84' lang='lat' dir='ltr'><strong>modo</strong></span> <span class='ocrx_word' id='word_1_628' title='bbox 2858 1982 3213 2037; x_wconf 81' lang='lat' dir='ltr'><strong>comminatus</strong></span> <span class='ocrx_word' id='word_1_629' title='bbox 3259 1981 3495 2051; x_wconf 85' lang='lat' dir='ltr'><strong>implevit</strong></span> <span class='ocrx_word' id='word_1_630' title='bbox 3536 1983 3727 2039; x_wconf 89' lang='lat' dir='ltr'><strong>orbem</strong></span> 
     </span>
    </p>
   </div>
   <div class='ocr_carea' id='block_1_81' title="bbox 2160 2071 3730 2143">
    <p class='ocr_par' dir='ltr' id='par_1_81' title="bbox 2160 2071 3730 2143">
     <span class='ocr_line' id='line_1_81' title="bbox 2160 2071 3730 2143; baseline -0.001 -15"><span class='ocrx_word' id='word_1_631' title='bbox 2160 2085 2420 2130; x_wconf 89' lang='lat' dir='ltr'><strong>terrarum</strong></span> <span class='ocrx_word' id='word_1_632' title='bbox 2458 2091 2471 2125; x_wconf 87' lang='lat'><strong>:</strong></span> <span class='ocrx_word' id='word_1_633' title='bbox 2514 2075 2610 2129; x_wconf 86' lang='lat' dir='ltr'><strong>sed</strong></span> <span class='ocrx_word' id='word_1_634' title='bbox 2661 2072 3015 2127; x_wconf 87' lang='lat' dir='ltr'><strong>misericordia</strong></span> <span class='ocrx_word' id='word_1_635' title='bbox 3080 2071 3173 2126; x_wconf 90' lang='lat' dir='ltr'><strong>Dei</strong></span> <span class='ocrx_word' id='word_1_636' title='bbox 3234 2071 3464 2142; x_wconf 88' lang='lat' dir='ltr'><strong>undique</strong></span> <span class='ocrx_word' id='word_1_637' title='bbox 3512 2074 3730 2143; x_wconf 83' lang='lat' dir='ltr'><strong>collegit</strong></span> 
     </span>
    </p>
   </div>
   <div class='ocr_carea' id='block_1_82' title="bbox 2160 2156 3728 2234">
    <p class='ocr_par' dir='ltr' id='par_1_82' title="bbox 2160 2156 3728 2234">
     <span class='ocr_line' id='line_1_82' title="bbox 2160 2156 3728 2234; baseline -0.003 -13"><span class='ocrx_word' id='word_1_638' title='bbox 2160 2166 2440 2231; x_wconf 82' lang='lat' dir='ltr'><strong>fracturas,</strong></span> <span class='ocrx_word' id='word_1_639' title='bbox 2482 2174 2537 2220; x_wconf 91' lang='lat' dir='ltr'><strong>et</strong></span> <span class='ocrx_word' id='word_1_640' title='bbox 2574 2163 2823 2218; x_wconf 82' lang='lat' dir='ltr'><strong>conﬂavit</strong></span> <span class='ocrx_word' id='word_1_641' title='bbox 2866 2156 2986 2234; x_wconf 83' lang='lat' dir='ltr'><strong>igd‘e</strong></span> <span class='ocrx_word' id='word_1_642' title='bbox 3008 2158 3302 2227; x_wconf 76' lang='lat' dir='ltr'><strong>charitatis,</strong></span> <span class='ocrx_word' id='word_1_643' title='bbox 3331 2170 3385 2216; x_wconf 90' lang='lat' dir='ltr'><strong>et</strong></span> <span class='ocrx_word' id='word_1_644' title='bbox 3413 2163 3533 2216; x_wconf 84' lang='lat' dir='ltr'><strong>fecit</strong></span> <span class='ocrx_word' id='word_1_645' title='bbox 3562 2178 3728 2217; x_wconf 89' lang='lat' dir='ltr'><strong>unum</strong></span> 
     </span>
    </p>
   </div>
   <div class='ocr_carea' id='block_1_83' title="bbox 2158 2253 3727 2329">
    <p class='ocr_par' dir='ltr' id='par_1_83' title="bbox 2158 2253 3727 2329">
     <span class='ocr_line' id='line_1_83' title="bbox 2158 2253 3727 2329; baseline -0.001 -16"><span class='ocrx_word' id='word_1_646' title='bbox 2158 2259 2298 2329; x_wconf 88' lang='lat' dir='ltr'><strong>quod</strong></span> <span class='ocrx_word' id='word_1_647' title='bbox 2324 2258 2544 2327; x_wconf 84' lang='lat' dir='ltr'><strong>fractum</strong></span> <span class='ocrx_word' id='word_1_648' title='bbox 2585 2266 2717 2311; x_wconf 81' lang='lat' dir='ltr'><strong>erat.</strong></span> <span class='ocrx_word' id='word_1_649' title='bbox 2766 2256 2920 2310; x_wconf 87' lang='lat' dir='ltr'><strong>Novit</strong></span> <span class='ocrx_word' id='word_1_650' title='bbox 2964 2255 3090 2310; x_wconf 90' lang='lat' dir='ltr'><strong>illud</strong></span> <span class='ocrx_word' id='word_1_651' title='bbox 3140 2253 3314 2310; x_wconf 86' lang='lat' dir='ltr'><strong>facere</strong></span> <span class='ocrx_word' id='word_1_652' title='bbox 3363 2255 3549 2310; x_wconf 82' lang='lat' dir='ltr'><strong>artifex</strong></span> <span class='ocrx_word' id='word_1_653' title='bbox 3600 2257 3727 2322; x_wconf 81' lang='lat' dir='ltr'><strong>ille;</strong></span> 
     </span>
    </p>
   </div>
   <div class='ocr_carea' id='block_1_84' title="bbox 2160 2344 3732 2416">
    <p class='ocr_par' dir='ltr' id='par_1_84' title="bbox 2160 2344 3732 2416">
     <span class='ocr_line' id='line_1_84' title="bbox 2160 2344 3732 2416; baseline -0.001 -14"><span class='ocrx_word' id='word_1_654' title='bbox 2160 2363 2317 2403; x_wconf 88' lang='lat' dir='ltr'><strong>nemo</strong></span> <span class='ocrx_word' id='word_1_655' title='bbox 2370 2347 2661 2416; x_wconf 88' lang='lat' dir='ltr'><strong>desperet:</strong></span> <span class='ocrx_word' id='word_1_656' title='bbox 2694 2346 2915 2399; x_wconf 90' lang='lat' dir='ltr'><strong>multum</strong></span> <span class='ocrx_word' id='word_1_657' title='bbox 2962 2344 3173 2415; x_wconf 87' lang='lat' dir='ltr'><strong>quidem</strong></span> <span class='ocrx_word' id='word_1_658' title='bbox 3220 2353 3318 2407; x_wconf 86' lang='lat' dir='ltr'><strong>est.</strong></span> <span class='ocrx_word' id='word_1_659' title='bbox 3375 2345 3467 2399; x_wconf 89' lang='lat' dir='ltr'><strong>sed</strong></span> <span class='ocrx_word' id='word_1_660' title='bbox 3518 2345 3609 2415; x_wconf 90' lang='lat' dir='ltr'><strong>qui</strong></span> <span class='ocrx_word' id='word_1_661' title='bbox 3660 2348 3732 2401; x_wconf 87' lang='lat' dir='ltr'><strong>sit</strong></span> 
     </span>
    </p>
   </div>
   <div class='ocr_carea' id='block_1_85' title="bbox 2160 2433 3739 2515">
    <p class='ocr_par' dir='ltr' id='par_1_85' title="bbox 2160 2433 3739 2515">
     <span class='ocr_line' id='line_1_85' title="bbox 2160 2433 3739 2515; baseline -0.001 -23"><span class='ocrx_word' id='word_1_662' title='bbox 2160 2438 2349 2493; x_wconf 82' lang='lat' dir='ltr'><strong>artifex</strong></span> <span class='ocrx_word' id='word_1_663' title='bbox 2372 2480 2387 2503; x_wconf 93' lang='lat'><strong>,</strong></span> <span class='ocrx_word' id='word_1_664' title='bbox 2417 2438 2664 2515; x_wconf 77' lang='lat' dir='ltr'><strong>cogitate.</strong></span> <span class='ocrx_word' id='word_1_665' title='bbox 2695 2436 2787 2490; x_wconf 91' lang='lat' dir='ltr'><strong>Ille</strong></span> <span class='ocrx_word' id='word_1_666' title='bbox 2816 2434 3026 2499; x_wconf 88' lang='lat' dir='ltr'><strong>refecit,</strong></span> <span class='ocrx_word' id='word_1_667' title='bbox 3058 2436 3147 2505; x_wconf 90' lang='lat' dir='ltr'><strong>qui</strong></span> <span class='ocrx_word' id='word_1_668' title='bbox 3170 2433 3320 2500; x_wconf 88' lang='lat' dir='ltr'><strong>fecit;</strong></span> <span class='ocrx_word' id='word_1_669' title='bbox 3351 2436 3441 2515; x_wconf 90' lang='lat' dir='ltr'><strong>ille</strong></span> <span class='ocrx_word' id='word_1_670' title='bbox 3469 2436 3739 2492; x_wconf 76' lang='lat' dir='ltr'><strong>reforma-</strong></span> 
     </span>
    </p>
   </div>
   <div class='ocr_carea' id='block_1_86' title="bbox 2161 2512 3729 2602">
    <p class='ocr_par' dir='ltr' id='par_1_86' title="bbox 2161 2512 3729 2602">
     <span class='ocr_line' id='line_1_86' title="bbox 2161 2512 3729 2602; baseline -0.001 -17"><span class='ocrx_word' id='word_1_671' title='bbox 2161 2533 2254 2593; x_wconf 85' lang='lat' dir='ltr'><strong>vit,</strong></span> <span class='ocrx_word' id='word_1_672' title='bbox 2271 2533 2358 2602; x_wconf 87' lang='lat' dir='ltr'><strong>qui</strong></span> <span class='ocrx_word' id='word_1_673' title='bbox 2389 2512 2651 2585; x_wconf 85' lang='lat' dir='ltr'><strong>formavit.</strong></span> <span class='ocrx_word' id='word_1_674' title='bbox 2671 2528 2926 2583; x_wconf 83' lang='lat' dir='ltr'><strong>Judicabit</strong></span> <span class='ocrx_word' id='word_1_675' title='bbox 2949 2516 3116 2583; x_wconf 80' lang='lat' dir='ltr'><strong>orbem</strong></span> <span class='ocrx_word' id='word_1_676' title='bbox 3136 2538 3381 2582; x_wconf 83' lang='lat' dir='ltr'><strong>terrarum</strong></span> <span class='ocrx_word' id='word_1_677' title='bbox 3397 2512 3453 2582; x_wconf 77' lang='lat' dir='ltr'><strong>in</strong></span> <span class='ocrx_word' id='word_1_678' title='bbox 3469 2530 3729 2596; x_wconf 69' lang='lat' dir='ltr'><strong>(equitate,</strong></span> 
     </span>
    </p>
   </div>
   <div class='ocr_carea' id='block_1_87' title="bbox 2159 2619 3733 2694">
    <p class='ocr_par' dir='ltr' id='par_1_87' title="bbox 2159 2619 3733 2694">
     <span class='ocr_line' id='line_1_87' title="bbox 2159 2619 3733 2694; baseline -0.002 -16"><span class='ocrx_word' id='word_1_679' title='bbox 2159 2634 2207 2678; x_wconf 84' lang='lat' dir='ltr'><strong>et</strong></span> <span class='ocrx_word' id='word_1_680' title='bbox 2232 2621 2443 2694; x_wconf 77' lang='lat' dir='ltr'><strong>papulas</strong></span> <span class='ocrx_word' id='word_1_681' title='bbox 2470 2624 2521 2675; x_wconf 91' lang='lat' dir='ltr'><strong>in</strong></span> <span class='ocrx_word' id='word_1_682' title='bbox 2543 2623 2747 2676; x_wconf 83' lang='lat' dir='ltr'><strong>veritate</strong></span> <span class='ocrx_word' id='word_1_683' title='bbox 2773 2637 2887 2675; x_wconf 85' lang='lat' dir='ltr'><strong>sua.</strong></span> <span class='ocrx_word' id='word_1_684' title='bbox 2911 2619 3041 2687; x_wconf 77' lang='lat' dir='ltr'><strong>Qua:</strong></span> <span class='ocrx_word' id='word_1_685' title='bbox 3065 2629 3148 2675; x_wconf 90' lang='lat' dir='ltr'><strong>est</strong></span> <span class='ocrx_word' id='word_1_686' title='bbox 3171 2621 3393 2689; x_wconf 74' lang='lat' dir='ltr'><strong>mquitas</strong></span> <span class='ocrx_word' id='word_1_687' title='bbox 3416 2632 3469 2674; x_wconf 88' lang='lat' dir='ltr'><strong>et</strong></span> <span class='ocrx_word' id='word_1_688' title='bbox 3492 2622 3684 2675; x_wconf 83' lang='lat' dir='ltr'><strong>veritas</strong></span> <span class='ocrx_word' id='word_1_689' title='bbox 3704 2623 3733 2675; x_wconf 66' lang='grc'><strong><em>2</em></strong></span> 
     </span>
    </p>
   </div>
   <div class='ocr_carea' id='block_1_88' title="bbox 2161 2704 3733 2785">
    <p class='ocr_par' dir='ltr' id='par_1_88' title="bbox 2161 2704 3733 2785">
     <span class='ocr_line' id='line_1_88' title="bbox 2161 2704 3733 2785; baseline -0.002 -15"><span class='ocrx_word' id='word_1_690' title='bbox 2161 2704 2511 2785; x_wconf 71' lang='lat' dir='ltr'><strong>Congregabit</strong></span> <span class='ocrx_word' id='word_1_691' title='bbox 2537 2729 2715 2769; x_wconf 89' lang='lat' dir='ltr'><strong>secum</strong></span> <span class='ocrx_word' id='word_1_692' title='bbox 2755 2712 2956 2767; x_wconf 85' lang='lat' dir='ltr'><strong>electos</strong></span> <span class='ocrx_word' id='word_1_693' title='bbox 2980 2726 3104 2766; x_wconf 89' lang='lat' dir='ltr'><strong>suos</strong></span> <span class='ocrx_word' id='word_1_694' title='bbox 3134 2711 3201 2765; x_wconf 89' lang='lat' dir='ltr'><strong>ad</strong></span> <span class='ocrx_word' id='word_1_695' title='bbox 3224 2711 3561 2780; x_wconf 75' lang='lat' dir='ltr'><strong>iudicandum</strong></span> <span class='ocrx_word' id='word_1_696' title='bbox 3581 2753 3597 2775; x_wconf 91' lang='lat'><strong>,</strong></span> <span class='ocrx_word' id='word_1_697' title='bbox 3617 2728 3733 2767; x_wconf 67' lang='lat' dir='ltr'><strong>car-</strong></span> 
     </span>
    </p>
   </div>
   <div class='ocr_carea' id='block_1_89' title="bbox 2164 2801 3735 2873">
    <p class='ocr_par' dir='ltr' id='par_1_89' title="bbox 2164 2801 3735 2873">
     <span class='ocr_line' id='line_1_89' title="bbox 2164 2801 3735 2873; baseline -0.002 -13"><span class='ocrx_word' id='word_1_698' title='bbox 2164 2818 2308 2861; x_wconf 86' lang='lat' dir='ltr'><strong>teros</strong></span> <span class='ocrx_word' id='word_1_699' title='bbox 2330 2813 2508 2859; x_wconf 89' lang='lat' dir='ltr'><strong>autem</strong></span> <span class='ocrx_word' id='word_1_700' title='bbox 2527 2802 2791 2873; x_wconf 86' lang='lat' dir='ltr'><strong>separabit</strong></span> <span class='ocrx_word' id='word_1_701' title='bbox 2815 2802 2881 2856; x_wconf 91' lang='lat' dir='ltr'><strong>ab</strong></span> <span class='ocrx_word' id='word_1_702' title='bbox 2910 2802 3131 2856; x_wconf 89' lang='lat' dir='ltr'><strong>invicem</strong></span> <span class='ocrx_word' id='word_1_703' title='bbox 3153 2819 3167 2856; x_wconf 88' lang='lat'><strong>:</strong></span> <span class='ocrx_word' id='word_1_704' title='bbox 3196 2801 3460 2871; x_wconf 90' lang='lat' dir='ltr'><strong>positurus</strong></span> <span class='ocrx_word' id='word_1_705' title='bbox 3478 2812 3559 2857; x_wconf 89' lang='lat' dir='ltr'><strong>est</strong></span> <span class='ocrx_word' id='word_1_706' title='bbox 3582 2803 3735 2858; x_wconf 88' lang='lat' dir='ltr'><strong>enim</strong></span> 
     </span>
    </p>
   </div>
   <div class='ocr_carea' id='block_1_90' title="bbox 2160 2890 3737 2959">
    <p class='ocr_par' dir='ltr' id='par_1_90' title="bbox 2160 2890 3737 2959">
     <span class='ocr_line' id='line_1_90' title="bbox 2160 2890 3737 2959; baseline -0.002 -8"><span class='ocrx_word' id='word_1_707' title='bbox 2160 2898 2297 2952; x_wconf 87' lang='lat' dir='ltr'><strong>alios</strong></span> <span class='ocrx_word' id='word_1_708' title='bbox 2333 2896 2399 2949; x_wconf 89' lang='lat' dir='ltr'><strong>ad</strong></span> <span class='ocrx_word' id='word_1_709' title='bbox 2427 2895 2716 2955; x_wconf 84' lang='lat' dir='ltr'><strong>dexteram.</strong></span> <span class='ocrx_word' id='word_1_710' title='bbox 2748 2890 2880 2948; x_wconf 85' lang='lat' dir='ltr'><strong>alios</strong></span> <span class='ocrx_word' id='word_1_711' title='bbox 2920 2892 2986 2948; x_wconf 88' lang='lat' dir='ltr'><strong>ad</strong></span> <span class='ocrx_word' id='word_1_712' title='bbox 3028 2893 3319 2947; x_wconf 87' lang='lat' dir='ltr'><strong>sinistram.</strong></span> <span class='ocrx_word' id='word_1_713' title='bbox 3366 2892 3498 2959; x_wconf 89' lang='lat' dir='ltr'><strong>Quid</strong></span> <span class='ocrx_word' id='word_1_714' title='bbox 3550 2904 3737 2948; x_wconf 77' lang='lat' dir='ltr'><strong>autem</strong></span> 
     </span>
    </p>
   </div>
   <div class='ocr_carea' id='block_1_91' title="bbox 2161 2974 3735 3056">
    <p class='ocr_par' dir='ltr' id='par_1_91' title="bbox 2161 2974 3735 3056">
     <span class='ocr_line' id='line_1_91' title="bbox 2161 2974 3735 3056; baseline -0.001 -14"><span class='ocrx_word' id='word_1_715' title='bbox 2161 2988 2383 3056; x_wconf 70' lang='lat' dir='ltr'><strong>aequius,</strong></span> <span class='ocrx_word' id='word_1_716' title='bbox 2411 2984 2534 3055; x_wconf 83' lang='lat' dir='ltr'><strong>quid</strong></span> <span class='ocrx_word' id='word_1_717' title='bbox 2565 2985 2759 3050; x_wconf 86' lang='lat' dir='ltr'><strong>verius,</strong></span> <span class='ocrx_word' id='word_1_718' title='bbox 2790 3000 2947 3053; x_wconf 89' lang='lat' dir='ltr'><strong>quam</strong></span> <span class='ocrx_word' id='word_1_719' title='bbox 2992 2992 3049 3037; x_wconf 91' lang='lat' dir='ltr'><strong>ut</strong></span> <span class='ocrx_word' id='word_1_720' title='bbox 3073 2974 3174 3037; x_wconf 90' lang='lat' dir='ltr'><strong>non</strong></span> <span class='ocrx_word' id='word_1_721' title='bbox 3220 2993 3531 3053; x_wconf 74' lang='lat' dir='ltr'><strong>exspectent</strong></span> <span class='ocrx_word' id='word_1_722' title='bbox 3569 2986 3735 3040; x_wconf 83' lang='lat' dir='ltr'><strong>inise-</strong></span> 
     </span>
    </p>
   </div>
   <div class='ocr_carea' id='block_1_92' title="bbox 2163 3074 3735 3145">
    <p class='ocr_par' dir='ltr' id='par_1_92' title="bbox 2163 3074 3735 3145">
     <span class='ocr_line' id='line_1_92' title="bbox 2163 3074 3735 3145; baseline -0.002 -11"><span class='ocrx_word' id='word_1_723' title='bbox 2163 3078 2443 3134; x_wconf 88' lang='lat' dir='ltr'><strong>ricordiam</strong></span> <span class='ocrx_word' id='word_1_724' title='bbox 2474 3076 2540 3130; x_wconf 93' lang='lat' dir='ltr'><strong>de</strong></span> <span class='ocrx_word' id='word_1_725' title='bbox 2561 3074 2758 3145; x_wconf 90' lang='lat' dir='ltr'><strong>judice,</strong></span> <span class='ocrx_word' id='word_1_726' title='bbox 2790 3076 2877 3144; x_wconf 91' lang='lat' dir='ltr'><strong>qui</strong></span> <span class='ocrx_word' id='word_1_727' title='bbox 2909 3076 3191 3129; x_wconf 87' lang='lat' dir='ltr'><strong>noluerunt</strong></span> <span class='ocrx_word' id='word_1_728' title='bbox 3217 3074 3392 3130; x_wconf 82' lang='lat' dir='ltr'><strong>facere</strong></span> <span class='ocrx_word' id='word_1_729' title='bbox 3430 3076 3735 3131; x_wconf 83' lang='lat' dir='ltr'><strong>misericor-</strong></span> 
     </span>
    </p>
   </div>
   <div class='ocr_carea' id='block_1_93' title="bbox 2162 3164 3735 3237">
    <p class='ocr_par' dir='ltr' id='par_1_93' title="bbox 2162 3164 3735 3237">
     <span class='ocr_line' id='line_1_93' title="bbox 2162 3164 3735 3237; baseline -0.003 -12"><span class='ocrx_word' id='word_1_730' title='bbox 2162 3171 2324 3235; x_wconf 90' lang='lat' dir='ltr'><strong>diam,</strong></span> <span class='ocrx_word' id='word_1_731' title='bbox 2347 3177 2625 3237; x_wconf 86' lang='lat' dir='ltr'><strong>antequam</strong></span> <span class='ocrx_word' id='word_1_732' title='bbox 2656 3165 2862 3220; x_wconf 85' lang='lat' dir='ltr'><strong>veniret</strong></span> <span class='ocrx_word' id='word_1_733' title='bbox 2881 3164 3079 3228; x_wconf 77' lang='lat' dir='ltr'><strong>iudex?</strong></span> <span class='ocrx_word' id='word_1_734' title='bbox 3096 3164 3197 3232; x_wconf 92' lang='lat' dir='ltr'><strong>Qui</strong></span> <span class='ocrx_word' id='word_1_735' title='bbox 3236 3173 3410 3219; x_wconf 86' lang='lat' dir='ltr'><strong>autem</strong></span> <span class='ocrx_word' id='word_1_736' title='bbox 3451 3165 3735 3221; x_wconf 82' lang='lat' dir='ltr'><strong>voluerunt</strong></span> 
     </span>
    </p>
   </div>
   <div class='ocr_carea' id='block_1_94' title="bbox 2164 3250 3787 3324">
    <p class='ocr_par' dir='ltr' id='par_1_94' title="bbox 2164 3250 3787 3324">
     <span class='ocr_line' id='line_1_94' title="bbox 2164 3250 3787 3324; baseline -0.005 -4"><span class='ocrx_word' id='word_1_737' title='bbox 2164 3266 2342 3320; x_wconf 78' lang='lat' dir='ltr'><strong>facere</strong></span> <span class='ocrx_word' id='word_1_738' title='bbox 2363 3258 2797 3323; x_wconf 87' lang='lat' dir='ltr'><strong>misericordiam,</strong></span> <span class='ocrx_word' id='word_1_739' title='bbox 2822 3272 2939 3311; x_wconf 91' lang='lat' dir='ltr'><strong>eum</strong></span> <span class='ocrx_word' id='word_1_740' title='bbox 2959 3255 3318 3311; x_wconf 85' lang='lat' dir='ltr'><strong>misericordia</strong></span> <span class='ocrx_word' id='word_1_741' title='bbox 3330 3255 3730 3324; x_wconf 74' lang='lat' dir='ltr'><strong>iudicabuntur.</strong></span> <span class='ocrx_word' id='word_1_742' title='bbox 3776 3250 3787 3259; x_wconf 72' lang='grc'><em>’</em></span> 
     </span>
    </p>
   </div>
   <div class='ocr_carea' id='block_1_95' title="bbox 2164 3347 3734 3419">
    <p class='ocr_par' dir='ltr' id='par_1_95' title="bbox 2164 3347 3734 3419">
     <span class='ocr_line' id='line_1_95' title="bbox 2164 3347 3734 3419; baseline -0.005 -9"><span class='ocrx_word' id='word_1_743' title='bbox 2164 3355 2377 3411; x_wconf 88' lang='lat' dir='ltr'><strong>Dicetur</strong></span> <span class='ocrx_word' id='word_1_744' title='bbox 2404 3354 2543 3417; x_wconf 82' lang='lat' dir='ltr'><strong>enim</strong></span> <span class='ocrx_word' id='word_1_745' title='bbox 2574 3352 2653 3406; x_wconf 89' lang='lat' dir='ltr'><strong>eis</strong></span> <span class='ocrx_word' id='word_1_746' title='bbox 2679 3351 2744 3406; x_wconf 83' lang='lat' dir='ltr'><strong>ad</strong></span> <span class='ocrx_word' id='word_1_747' title='bbox 2778 3350 3047 3404; x_wconf 77' lang='lat' dir='ltr'><strong>dexteram</strong></span> <span class='ocrx_word' id='word_1_748' title='bbox 3078 3350 3263 3419; x_wconf 88' lang='lat' dir='ltr'><strong>positis</strong></span> <span class='ocrx_word' id='word_1_749' title='bbox 3291 3361 3311 3403; x_wconf 86' lang='lat'><strong>:</strong></span> <span class='ocrx_word' id='word_1_750' title='bbox 3349 3347 3551 3412; x_wconf 82' lang='lat' dir='ltr'><strong>Venite,</strong></span> <span class='ocrx_word' id='word_1_751' title='bbox 3581 3351 3734 3403; x_wconf 57' lang='lat' dir='ltr'><strong>bene.</strong></span> 
     </span>
    </p>
   </div>
   <div class='ocr_carea' id='block_1_96' title="bbox 2164 3436 3738 3513">
    <p class='ocr_par' dir='ltr' id='par_1_96' title="bbox 2164 3436 3738 3513">
     <span class='ocr_line' id='line_1_96' title="bbox 2164 3436 3738 3513; baseline -0.006 -12"><span class='ocrx_word' id='word_1_752' title='bbox 2164 3448 2287 3501; x_wconf 84' lang='lat' dir='ltr'><strong>dicti</strong></span> <span class='ocrx_word' id='word_1_753' title='bbox 2308 3445 2479 3498; x_wconf 79' lang='lat' dir='ltr'><strong>Ratris</strong></span> <span class='ocrx_word' id='word_1_754' title='bbox 2499 3445 2616 3509; x_wconf 80' lang='lat' dir='ltr'><strong>mei,</strong></span> <span class='ocrx_word' id='word_1_755' title='bbox 2649 3436 2886 3513; x_wconf 80' lang='lat' dir='ltr'><strong>percipite</strong></span> <span class='ocrx_word' id='word_1_756' title='bbox 2910 3457 3119 3511; x_wconf 83' lang='lat' dir='ltr'><strong>regnum</strong></span> <span class='ocrx_word' id='word_1_757' title='bbox 3152 3441 3285 3511; x_wconf 85' lang='lat' dir='ltr'><strong>quod</strong></span> <span class='ocrx_word' id='word_1_758' title='bbox 3322 3441 3456 3493; x_wconf 83' lang='lat' dir='ltr'><strong>vobis</strong></span> <span class='ocrx_word' id='word_1_759' title='bbox 3499 3450 3738 3509; x_wconf 83' lang='lat' dir='ltr'><strong>paratum</strong></span> 
     </span>
    </p>
   </div>
   <div class='ocr_carea' id='block_1_97' title="bbox 2164 3531 3730 3608">
    <p class='ocr_par' dir='ltr' id='par_1_97' title="bbox 2164 3531 3730 3608">
     <span class='ocr_line' id='line_1_97' title="bbox 2164 3531 3730 3608; baseline -0.008 -14"><span class='ocrx_word' id='word_1_760' title='bbox 2164 3549 2234 3594; x_wconf 86' lang='lat' dir='ltr'><strong>est</strong></span> <span class='ocrx_word' id='word_1_761' title='bbox 2253 3540 2315 3591; x_wconf 88' lang='lat' dir='ltr'><strong>ab</strong></span> <span class='ocrx_word' id='word_1_762' title='bbox 2335 3537 2525 3608; x_wconf 81' lang='lat' dir='ltr'><strong>origine</strong></span> <span class='ocrx_word' id='word_1_763' title='bbox 2543 3534 2739 3589; x_wconf 87' lang='lat' dir='ltr'><strong>mundi.</strong></span> <span class='ocrx_word' id='word_1_764' title='bbox 2770 3534 2834 3586; x_wconf 87' lang='lat' dir='ltr'><strong>Et</strong></span> <span class='ocrx_word' id='word_1_765' title='bbox 2862 3533 3081 3601; x_wconf 86' lang='lat' dir='ltr'><strong>imputat</strong></span> <span class='ocrx_word' id='word_1_766' title='bbox 3105 3547 3265 3601; x_wconf 82' lang='lat' dir='ltr'><strong>opera</strong></span> <span class='ocrx_word' id='word_1_767' title='bbox 3297 3531 3681 3586; x_wconf 61' lang='lat' dir='ltr'><strong>misericordiae</strong></span> <span class='ocrx_word' id='word_1_768' title='bbox 3717 3548 3730 3582; x_wconf 89' lang='lat'><strong>:</strong></span> 
     </span>
    </p>
   </div>
   <div class='ocr_carea' id='block_1_98' title="bbox 2166 3620 3734 3691">
    <p class='ocr_par' dir='ltr' id='par_1_98' title="bbox 2166 3620 3734 3691">
     <span class='ocr_line' id='line_1_98' title="bbox 2166 3620 3734 3691; baseline -0.009 -6"><span class='ocrx_word' id='word_1_769' title='bbox 2166 3629 2369 3685; x_wconf 64' lang='lat' dir='ltr'><strong>Esuritsi</strong></span> <span class='ocrx_word' id='word_1_770' title='bbox 2383 3629 2515 3681; x_wconf 83' lang='lat' dir='ltr'><strong>enim</strong></span> <span class='ocrx_word' id='word_1_771' title='bbox 2534 3669 2549 3691; x_wconf 94' lang='lat'><strong>,</strong></span> <span class='ocrx_word' id='word_1_772' title='bbox 2573 3636 2621 3680; x_wconf 81' lang='lat' dir='ltr'><strong>et</strong></span> <span class='ocrx_word' id='word_1_773' title='bbox 2656 3624 2863 3678; x_wconf 76' lang='lat' dir='ltr'><strong>dedistis</strong></span> <span class='ocrx_word' id='word_1_774' title='bbox 2884 3623 3006 3676; x_wconf 83' lang='lat' dir='ltr'><strong>mihi</strong></span> <span class='ocrx_word' id='word_1_775' title='bbox 3026 3621 3328 3675; x_wconf 81' lang='lat' dir='ltr'><strong>manducare</strong></span> <span class='ocrx_word' id='word_1_776' title='bbox 3350 3637 3370 3685; x_wconf 88' lang='lat'><strong><em>;</em></strong></span> <span class='ocrx_word' id='word_1_777' title='bbox 3390 3620 3543 3683; x_wconf 79' lang='lat' dir='ltr'><strong>sitivi,</strong></span> <span class='ocrx_word' id='word_1_778' title='bbox 3566 3629 3617 3673; x_wconf 90' lang='lat' dir='ltr'><strong>et</strong></span> <span class='ocrx_word' id='word_1_779' title='bbox 3637 3638 3734 3689; x_wconf 61' lang='lat' dir='ltr'><strong>po-</strong></span> 
     </span>
    </p>
   </div>
   <div class='ocr_carea' id='block_1_99' title="bbox 2167 3710 3735 3783">
    <p class='ocr_par' dir='ltr' id='par_1_99' title="bbox 2167 3710 3735 3783">
     <span class='ocr_line' id='line_1_99' title="bbox 2167 3710 3735 3783; baseline -0.005 -9"><span class='ocrx_word' id='word_1_780' title='bbox 2167 3723 2306 3776; x_wconf 82' lang='lat' dir='ltr'><strong>tostis</strong></span> <span class='ocrx_word' id='word_1_781' title='bbox 2331 3737 2427 3783; x_wconf 81' lang='lat' dir='ltr'><strong>me.</strong></span> <span class='ocrx_word' id='word_1_782' title='bbox 2450 3729 2505 3773; x_wconf 87' lang='lat' dir='ltr'><strong>et</strong></span> <span class='ocrx_word' id='word_1_783' title='bbox 2532 3726 2741 3773; x_wconf 67' lang='lat' dir='ltr'><strong>cwtera.</strong></span> <span class='ocrx_word' id='word_1_784' title='bbox 2770 3715 2973 3770; x_wconf 81' lang='lat' dir='ltr'><strong>Rursus</strong></span> <span class='ocrx_word' id='word_1_785' title='bbox 3009 3712 3076 3768; x_wconf 87' lang='lat' dir='ltr'><strong>ad</strong></span> <span class='ocrx_word' id='word_1_786' title='bbox 3113 3710 3380 3768; x_wconf 86' lang='lat' dir='ltr'><strong>sinistram</strong></span> <span class='ocrx_word' id='word_1_787' title='bbox 3404 3712 3587 3781; x_wconf 86' lang='lat' dir='ltr'><strong>positis</strong></span> <span class='ocrx_word' id='word_1_788' title='bbox 3606 3712 3735 3781; x_wconf 88' lang='lat' dir='ltr'><strong>quid</strong></span> 
     </span>
    </p>
   </div>
   <div class='ocr_carea' id='block_1_100' title="bbox 2168 3802 3735 3883">
    <p class='ocr_par' dir='ltr' id='par_1_100' title="bbox 2168 3802 3735 3883">
     <span class='ocr_line' id='line_1_100' title="bbox 2168 3802 3735 3883; baseline -0.01 -15"><span class='ocrx_word' id='word_1_789' title='bbox 2168 3812 2500 3883; x_wconf 79' lang='lat' dir='ltr'><strong>imputatur?</strong></span> <span class='ocrx_word' id='word_1_790' title='bbox 2551 3810 2681 3875; x_wconf 89' lang='lat' dir='ltr'><strong>Quia</strong></span> <span class='ocrx_word' id='word_1_791' title='bbox 2739 3808 3024 3862; x_wconf 85' lang='lat' dir='ltr'><strong>noluerunt</strong></span> <span class='ocrx_word' id='word_1_792' title='bbox 3077 3804 3250 3860; x_wconf 78' lang='lat' dir='ltr'><strong>facere</strong></span> <span class='ocrx_word' id='word_1_793' title='bbox 3296 3802 3735 3857; x_wconf 83' lang='lat' dir='ltr'><strong>misericordiam.</strong></span> 
     </span>
    </p>
   </div>
   <div class='ocr_carea' id='block_1_101' title="bbox 2170 3892 3736 3972">
    <p class='ocr_par' dir='ltr' id='par_1_101' title="bbox 2170 3892 3736 3972">
     <span class='ocr_line' id='line_1_101' title="bbox 2170 3892 3736 3972; baseline -0.01 -14"><span class='ocrx_word' id='word_1_794' title='bbox 2170 3904 2239 3959; x_wconf 65' lang='lat' dir='ltr'><strong>lit</strong></span> <span class='ocrx_word' id='word_1_795' title='bbox 2262 3918 2367 3972; x_wconf 88' lang='lat' dir='ltr'><strong>quo</strong></span> <span class='ocrx_word' id='word_1_796' title='bbox 2391 3900 2576 3955; x_wconf 87' lang='lat' dir='ltr'><strong>ibunt?</strong></span> <span class='ocrx_word' id='word_1_797' title='bbox 2604 3901 2683 3952; x_wconf 80' lang='lat' dir='ltr'><strong>ite</strong></span> <span class='ocrx_word' id='word_1_798' title='bbox 2701 3898 2751 3951; x_wconf 90' lang='lat' dir='ltr'><strong>in</strong></span> <span class='ocrx_word' id='word_1_799' title='bbox 2772 3898 2941 3969; x_wconf 83' lang='lat' dir='ltr'><strong>ignem</strong></span> <span class='ocrx_word' id='word_1_800' title='bbox 2964 3905 3223 3949; x_wconf 77' lang='lat' dir='ltr'><strong>teternum.</strong></span> <span class='ocrx_word' id='word_1_801' title='bbox 3250 3893 3352 3947; x_wconf 89' lang='lat' dir='ltr'><strong>Istc</strong></span> <span class='ocrx_word' id='word_1_802' title='bbox 3387 3892 3600 3945; x_wconf 89' lang='lat' dir='ltr'><strong>auditus</strong></span> <span class='ocrx_word' id='word_1_803' title='bbox 3620 3909 3736 3945; x_wconf 80' lang='lat' dir='ltr'><strong>ma-</strong></span> 
     </span>
    </p>
   </div>
   <div class='ocr_carea' id='block_1_102' title="bbox 2171 3983 3740 4064">
    <p class='ocr_par' dir='ltr' id='par_1_102' title="bbox 2171 3983 3740 4064">
     <span class='ocr_line' id='line_1_102' title="bbox 2171 3983 3740 4064; baseline -0.008 -14"><span class='ocrx_word' id='word_1_804' title='bbox 2171 3995 2252 4057; x_wconf 79' lang='lat' dir='ltr'><strong>lus</strong></span> <span class='ocrx_word' id='word_1_805' title='bbox 2285 4008 2530 4064; x_wconf 82' lang='lat' dir='ltr'><strong>magnum</strong></span> <span class='ocrx_word' id='word_1_806' title='bbox 2559 3989 2809 4061; x_wconf 87' lang='lat' dir='ltr'><strong>gemitum</strong></span> <span class='ocrx_word' id='word_1_807' title='bbox 2856 3987 3014 4041; x_wconf 88' lang='lat' dir='ltr'><strong>faciet</strong></span> <span class='ocrx_word' id='word_1_808' title='bbox 3042 3987 3082 4040; x_wconf 75' lang='grc' dir='ltr'><strong>ί.</strong></span> <span class='ocrx_word' id='word_1_809' title='bbox 3114 3984 3219 4040; x_wconf 88' lang='lat' dir='ltr'><strong>Sed</strong></span> <span class='ocrx_word' id='word_1_810' title='bbox 3260 3983 3387 4053; x_wconf 91' lang='lat' dir='ltr'><strong>quid</strong></span> <span class='ocrx_word' id='word_1_811' title='bbox 3427 3983 3560 4036; x_wconf 58' lang='lat' dir='ltr'><strong>dixit</strong></span> <span class='ocrx_word' id='word_1_812' title='bbox 3602 3984 3740 4038; x_wconf 85' lang='lat' dir='ltr'><strong>alios</strong></span> 
     </span>
    </p>
   </div>
   <div class='ocr_carea' id='block_1_103' title="bbox 2172 4074 3741 4156">
    <p class='ocr_par' dir='ltr' id='par_1_103' title="bbox 2172 4074 3741 4156">
     <span class='ocr_line' id='line_1_103' title="bbox 2172 4074 3741 4156; baseline -0.011 -14"><span class='ocrx_word' id='word_1_813' title='bbox 2172 4084 2447 4156; x_wconf 84' lang='lat' dir='ltr'><strong>psalmus?</strong></span> <span class='ocrx_word' id='word_1_814' title='bbox 2476 4083 2543 4136; x_wconf 83' lang='lat' dir='ltr'><strong>In</strong></span> <span class='ocrx_word' id='word_1_815' title='bbox 2581 4081 2820 4136; x_wconf 83' lang='lat' dir='ltr'><strong>memoria</strong></span> <span class='ocrx_word' id='word_1_816' title='bbox 2847 4089 3037 4134; x_wconf 81' lang='lat' dir='ltr'><strong>wterna</strong></span> <span class='ocrx_word' id='word_1_817' title='bbox 3074 4078 3167 4131; x_wconf 85' lang='lat' dir='ltr'><strong>erit</strong></span> <span class='ocrx_word' id='word_1_818' title='bbox 3207 4077 3417 4149; x_wconf 83' lang='lat' dir='ltr'><strong>justus;</strong></span> <span class='ocrx_word' id='word_1_819' title='bbox 3453 4074 3518 4127; x_wconf 88' lang='lat' dir='ltr'><strong>ab</strong></span> <span class='ocrx_word' id='word_1_820' title='bbox 3556 4076 3741 4155; x_wconf 82' lang='lat' dir='ltr'><strong>auditu</strong></span> 
     </span>
    </p>
   </div>
   <div class='ocr_carea' id='block_1_104' title="bbox 2170 4150 3742 4239">
    <p class='ocr_par' dir='ltr' id='par_1_104' title="bbox 2170 4150 3742 4239">
     <span class='ocr_line' id='line_1_104' title="bbox 2170 4150 3742 4239; baseline -0.006 -8"><span class='ocrx_word' id='word_1_821' title='bbox 2170 4150 2305 4232; x_wconf 75' lang='lat' dir='ltr'><strong>malo</strong></span> <span class='ocrx_word' id='word_1_822' title='bbox 2346 4192 2446 4229; x_wconf 86' lang='lat' dir='ltr'><strong>non</strong></span> <span class='ocrx_word' id='word_1_823' title='bbox 2475 4174 2657 4227; x_wconf 86' lang='lat' dir='ltr'><strong>timebit</strong></span> <span class='ocrx_word' id='word_1_824' title='bbox 2687 4171 2859 4238; x_wconf 80' lang='lat' dir='ltr'><strong>(Psal.</strong></span> <span class='ocrx_word' id='word_1_825' title='bbox 2907 4186 3015 4234; x_wconf 76' lang='lat' dir='ltr'><strong>cxr,</strong></span> <span class='ocrx_word' id='word_1_826' title='bbox 3069 4168 3148 4239; x_wconf 85' lang='lat'><strong>7).</strong></span> <span class='ocrx_word' id='word_1_827' title='bbox 3200 4166 3343 4235; x_wconf 86' lang='lat' dir='ltr'><strong>Quid</strong></span> <span class='ocrx_word' id='word_1_828' title='bbox 3378 4175 3479 4233; x_wconf 85' lang='lat' dir='ltr'><strong>est,</strong></span> <span class='ocrx_word' id='word_1_829' title='bbox 3520 4150 3742 4221; x_wconf 77' lang='lat' dir='ltr'><strong>auditus</strong></span> 
     </span>
    </p>
   </div>
   <div class='ocr_carea' id='block_1_105' title="bbox 2172 4255 3742 4333">
    <p class='ocr_par' dir='ltr' id='par_1_105' title="bbox 2172 4255 3742 4333">
     <span class='ocr_line' id='line_1_105' title="bbox 2172 4255 3742 4333; baseline -0.007 -12"><span class='ocrx_word' id='word_1_830' title='bbox 2172 4266 2379 4322; x_wconf 83' lang='lat' dir='ltr'><strong>malus?</strong></span> <span class='ocrx_word' id='word_1_831' title='bbox 2398 4264 2480 4318; x_wconf 82' lang='lat' dir='ltr'><strong>Ite</strong></span> <span class='ocrx_word' id='word_1_832' title='bbox 2498 4265 2549 4317; x_wconf 90' lang='lat' dir='ltr'><strong>in</strong></span> <span class='ocrx_word' id='word_1_833' title='bbox 2575 4264 2737 4333; x_wconf 89' lang='lat' dir='ltr'><strong>ignem</strong></span> <span class='ocrx_word' id='word_1_834' title='bbox 2757 4271 3017 4323; x_wconf 68' lang='lat' dir='ltr'><strong>atternum,</strong></span> <span class='ocrx_word' id='word_1_835' title='bbox 3044 4259 3130 4328; x_wconf 84' lang='lat' dir='ltr'><strong>qui</strong></span> <span class='ocrx_word' id='word_1_836' title='bbox 3154 4267 3359 4329; x_wconf 81' lang='lat' dir='ltr'><strong>paratus</strong></span> <span class='ocrx_word' id='word_1_837' title='bbox 3379 4266 3447 4311; x_wconf 89' lang='lat' dir='ltr'><strong>est</strong></span> <span class='ocrx_word' id='word_1_838' title='bbox 3474 4255 3677 4310; x_wconf 82' lang='lat' dir='ltr'><strong>diabolo</strong></span> <span class='ocrx_word' id='word_1_839' title='bbox 3695 4267 3742 4310; x_wconf 77' lang='lat' dir='ltr'><strong>et</strong></span> 
     </span>
    </p>
   </div>
   <div class='ocr_carea' id='block_1_106' title="bbox 2172 4346 3745 4427">
    <p class='ocr_par' dir='ltr' id='par_1_106' title="bbox 2172 4346 3745 4427">
     <span class='ocr_line' id='line_1_106' title="bbox 2172 4346 3745 4427; baseline -0.008 -15"><span class='ocrx_word' id='word_1_840' title='bbox 2172 4358 2364 4427; x_wconf 83' lang='lat' dir='ltr'><strong>angelis</strong></span> <span class='ocrx_word' id='word_1_841' title='bbox 2387 4357 2494 4427; x_wconf 85' lang='lat' dir='ltr'><strong>ejus</strong></span> <span class='ocrx_word' id='word_1_842' title='bbox 2520 4354 2732 4423; x_wconf 58' lang='lat' dir='ltr'><strong>(Matth.</strong></span> <span class='ocrx_word' id='word_1_843' title='bbox 2764 4367 2894 4413; x_wconf 80' lang='lat' dir='ltr'><strong>xxv,</strong></span> <span class='ocrx_word' id='word_1_844' title='bbox 2919 4349 3129 4420; x_wconf 63' lang='lat' dir='ltr'><strong>M46).-</strong></span> <span class='ocrx_word' id='word_1_845' title='bbox 3151 4348 3248 4417; x_wconf 89' lang='lat' dir='ltr'><strong>Qui</strong></span> <span class='ocrx_word' id='word_1_846' title='bbox 3276 4346 3525 4418; x_wconf 86' lang='lat' dir='ltr'><strong>gaudebit.</strong></span> <span class='ocrx_word' id='word_1_847' title='bbox 3554 4346 3622 4401; x_wconf 85' lang='lat' dir='ltr'><strong>ad</strong></span> <span class='ocrx_word' id='word_1_848' title='bbox 3646 4363 3745 4400; x_wconf 76' lang='lat' dir='ltr'><strong>au-</strong></span> 
     </span>
    </p>
   </div>
   <div class='ocr_carea' id='block_1_107' title="bbox 2172 4436 3745 4507">
    <p class='ocr_par' dir='ltr' id='par_1_107' title="bbox 2172 4436 3745 4507">
     <span class='ocr_line' id='line_1_107' title="bbox 2172 4436 3745 4507; baseline -0.008 -4"><span class='ocrx_word' id='word_1_849' title='bbox 2172 4448 2338 4504; x_wconf 88' lang='lat' dir='ltr'><strong>ditmu</strong></span> <span class='ocrx_word' id='word_1_850' title='bbox 2360 4447 2576 4507; x_wconf 89' lang='lat' dir='ltr'><strong>bonum,</strong></span> <span class='ocrx_word' id='word_1_851' title='bbox 2605 4460 2709 4498; x_wconf 88' lang='lat' dir='ltr'><strong>non</strong></span> <span class='ocrx_word' id='word_1_852' title='bbox 2742 4440 2944 4496; x_wconf 87' lang='lat' dir='ltr'><strong>timebit</strong></span> <span class='ocrx_word' id='word_1_853' title='bbox 2966 4441 3035 4494; x_wconf 84' lang='lat' dir='ltr'><strong>ab</strong></span> <span class='ocrx_word' id='word_1_854' title='bbox 3068 4440 3248 4494; x_wconf 89' lang='lat' dir='ltr'><strong>auditu</strong></span> <span class='ocrx_word' id='word_1_855' title='bbox 3274 4437 3441 4491; x_wconf 85' lang='lat' dir='ltr'><strong>malo.</strong></span> <span class='ocrx_word' id='word_1_856' title='bbox 3456 4436 3745 4503; x_wconf 85' lang='lat' dir='ltr'><strong>Quomodo</strong></span> 
     </span>
    </p>
   </div>
   <div class='ocr_carea' id='block_1_108' title="bbox 2172 4527 3742 4611">
    <p class='ocr_par' dir='ltr' id='par_1_108' title="bbox 2172 4527 3742 4611">
     <span class='ocr_line' id='line_1_108' title="bbox 2172 4527 3742 4611; baseline -0.01 -16"><span class='ocrx_word' id='word_1_857' title='bbox 2172 4539 2474 4611; x_wconf 89' lang='lat' dir='ltr'><strong>gaudebunt</strong></span> <span class='ocrx_word' id='word_1_858' title='bbox 2501 4535 2567 4590; x_wconf 90' lang='lat' dir='ltr'><strong>ad</strong></span> <span class='ocrx_word' id='word_1_859' title='bbox 2593 4533 2828 4589; x_wconf 88' lang='lat' dir='ltr'><strong>auditum</strong></span> <span class='ocrx_word' id='word_1_860' title='bbox 2858 4531 3086 4587; x_wconf 80' lang='lat' dir='ltr'><strong>bonum?</strong></span> <span class='ocrx_word' id='word_1_861' title='bbox 3118 4528 3289 4583; x_wconf 82' lang='lat' dir='ltr'><strong>Venite</strong></span> <span class='ocrx_word' id='word_1_862' title='bbox 3307 4570 3322 4595; x_wconf 89' lang='lat'><strong>,</strong></span> <span class='ocrx_word' id='word_1_863' title='bbox 3353 4528 3595 4582; x_wconf 82' lang='lat' dir='ltr'><strong>benedicti</strong></span> <span class='ocrx_word' id='word_1_864' title='bbox 3636 4527 3742 4581; x_wconf 65' lang='grc' dir='ltr'><strong>Ραη</strong></span> 
     </span>
    </p>
   </div>
   <div class='ocr_carea' id='block_1_109' title="bbox 2174 4619 3739 4698">
    <p class='ocr_par' dir='ltr' id='par_1_109' title="bbox 2174 4619 3739 4698">
     <span class='ocr_line' id='line_1_109' title="bbox 2174 4619 3739 4698; baseline -0.011 -9"><span class='ocrx_word' id='word_1_865' title='bbox 2174 4634 2264 4689; x_wconf 87' lang='lat' dir='ltr'><strong>tris</strong></span> <span class='ocrx_word' id='word_1_866' title='bbox 2282 4632 2398 4686; x_wconf 87' lang='lat' dir='ltr'><strong>mei.</strong></span> <span class='ocrx_word' id='word_1_867' title='bbox 2430 4631 2496 4685; x_wconf 88' lang='lat' dir='ltr'><strong>Et</strong></span> <span class='ocrx_word' id='word_1_868' title='bbox 2518 4645 2548 4684; x_wconf 89' lang='lat' dir='ltr'><strong>a</strong></span> <span class='ocrx_word' id='word_1_869' title='bbox 2587 4642 2692 4698; x_wconf 92' lang='lat' dir='ltr'><strong>quo</strong></span> <span class='ocrx_word' id='word_1_870' title='bbox 2719 4626 2899 4679; x_wconf 87' lang='lat' dir='ltr'><strong>auditu</strong></span> <span class='ocrx_word' id='word_1_871' title='bbox 2932 4640 3038 4679; x_wconf 89' lang='lat' dir='ltr'><strong>non</strong></span> <span class='ocrx_word' id='word_1_872' title='bbox 3067 4622 3362 4678; x_wconf 86' lang='lat' dir='ltr'><strong>timebunt?</strong></span> <span class='ocrx_word' id='word_1_873' title='bbox 3389 4619 3470 4674; x_wconf 82' lang='lat' dir='ltr'><strong>Ite</strong></span> <span class='ocrx_word' id='word_1_874' title='bbox 3496 4620 3549 4673; x_wconf 84' lang='lat' dir='ltr'><strong>in</strong></span> <span class='ocrx_word' id='word_1_875' title='bbox 3575 4621 3739 4691; x_wconf 79' lang='lat' dir='ltr'><strong>ignem</strong></span> 
     </span>
    </p>
   </div>
   <div class='ocr_carea' id='block_1_110' title="bbox 2174 4702 3743 4791">
    <p class='ocr_par' dir='ltr' id='par_1_110' title="bbox 2174 4702 3743 4791">
     <span class='ocr_line' id='line_1_110' title="bbox 2174 4702 3743 4791; baseline -0.009 -12"><span class='ocrx_word' id='word_1_876' title='bbox 2174 4734 2415 4779; x_wconf 79' lang='lat' dir='ltr'><strong>wternum</strong></span> <span class='ocrx_word' id='word_1_877' title='bbox 2435 4764 2450 4790; x_wconf 90' lang='lat'><strong>,</strong></span> <span class='ocrx_word' id='word_1_878' title='bbox 2476 4702 2565 4791; x_wconf 83' lang='lat' dir='ltr'><strong>qui</strong></span> <span class='ocrx_word' id='word_1_879' title='bbox 2591 4726 2798 4788; x_wconf 85' lang='lat' dir='ltr'><strong>paratus</strong></span> <span class='ocrx_word' id='word_1_880' title='bbox 2836 4725 2907 4770; x_wconf 86' lang='lat' dir='ltr'><strong>est</strong></span> <span class='ocrx_word' id='word_1_881' title='bbox 2932 4713 3132 4768; x_wconf 86' lang='lat' dir='ltr'><strong>diabolo</strong></span> <span class='ocrx_word' id='word_1_882' title='bbox 3158 4723 3202 4766; x_wconf 89' lang='lat' dir='ltr'><strong>et</strong></span> <span class='ocrx_word' id='word_1_883' title='bbox 3231 4712 3423 4782; x_wconf 84' lang='lat' dir='ltr'><strong>angelis</strong></span> <span class='ocrx_word' id='word_1_884' title='bbox 3459 4713 3587 4780; x_wconf 83' lang='lat' dir='ltr'><strong>ejus.</strong></span> <span class='ocrx_word' id='word_1_885' title='bbox 3618 4711 3743 4765; x_wconf 69' lang='lat' dir='ltr'><strong>llaec</strong></span> 
     </span>
    </p>
   </div>
   <div class='ocr_carea' id='block_1_111' title="bbox 2173 4798 3746 4886">
    <p class='ocr_par' dir='ltr' id='par_1_111' title="bbox 2173 4798 3746 4886">
     <span class='ocr_line' id='line_1_111' title="bbox 2173 4798 3746 4886; baseline -0.014 -12"><span class='ocrx_word' id='word_1_886' title='bbox 2173 4828 2255 4874; x_wconf 84' lang='lat' dir='ltr'><strong>est</strong></span> <span class='ocrx_word' id='word_1_887' title='bbox 2283 4815 2520 4886; x_wconf 81' lang='lat' dir='ltr'><strong>aequitas,</strong></span> <span class='ocrx_word' id='word_1_888' title='bbox 2549 4813 2660 4865; x_wconf 78' lang='lat' dir='ltr'><strong>lunc</strong></span> <span class='ocrx_word' id='word_1_889' title='bbox 2694 4810 2910 4864; x_wconf 87' lang='lat' dir='ltr'><strong>veritas.</strong></span> <span class='ocrx_word' id='word_1_890' title='bbox 2946 4798 3205 4860; x_wconf 72' lang='lat' dir='ltr'><strong>Judicabit&#39;</strong></span> <span class='ocrx_word' id='word_1_891' title='bbox 3226 4804 3364 4859; x_wconf 87' lang='lat' dir='ltr'><strong>enim</strong></span> <span class='ocrx_word' id='word_1_892' title='bbox 3391 4802 3559 4855; x_wconf 87' lang='lat' dir='ltr'><strong>orbem</strong></span> <span class='ocrx_word' id='word_1_893' title='bbox 3584 4812 3746 4855; x_wconf 77' lang='lat' dir='ltr'><strong>terra-</strong></span> 
     </span>
    </p>
   </div>
   <div class='ocr_carea' id='block_1_112' title="bbox 2174 4894 3745 4976">
    <p class='ocr_par' dir='ltr' id='par_1_112' title="bbox 2174 4894 3745 4976">
     <span class='ocr_line' id='line_1_112' title="bbox 2174 4894 3745 4976; baseline -0.012 -11"><span class='ocrx_word' id='word_1_894' title='bbox 2174 4926 2289 4965; x_wconf 88' lang='lat' dir='ltr'><strong>rum</strong></span> <span class='ocrx_word' id='word_1_895' title='bbox 2316 4909 2367 4960; x_wconf 90' lang='lat' dir='ltr'><strong>in</strong></span> <span class='ocrx_word' id='word_1_896' title='bbox 2388 4905 2638 4976; x_wconf 70' lang='lat' dir='ltr'><strong>(equitate,</strong></span> <span class='ocrx_word' id='word_1_897' title='bbox 2665 4910 2710 4954; x_wconf 90' lang='lat' dir='ltr'><strong>et</strong></span> <span class='ocrx_word' id='word_1_898' title='bbox 2730 4899 2943 4971; x_wconf 83' lang='lat' dir='ltr'><strong>populos</strong></span> <span class='ocrx_word' id='word_1_899' title='bbox 2981 4897 3034 4950; x_wconf 87' lang='lat' dir='ltr'><strong>in</strong></span> <span class='ocrx_word' id='word_1_900' title='bbox 3066 4897 3268 4949; x_wconf 81' lang='lat' dir='ltr'><strong>ueritate</strong></span> <span class='ocrx_word' id='word_1_901' title='bbox 3285 4911 3394 4949; x_wconf 86' lang='lat' dir='ltr'><strong>sua.</strong></span> <span class='ocrx_word' id='word_1_902' title='bbox 3425 4896 3504 4946; x_wconf 88' lang='lat' dir='ltr'><strong>Au</strong></span> <span class='ocrx_word' id='word_1_903' title='bbox 3535 4894 3657 4963; x_wconf 90' lang='lat' dir='ltr'><strong>quia</strong></span> <span class='ocrx_word' id='word_1_904' title='bbox 3688 4901 3745 4946; x_wconf 90' lang='lat' dir='ltr'><strong>tu</strong></span> 
     </span>
    </p>
   </div>
   <div class='ocr_carea' id='block_1_113' title="bbox 2174 4984 3743 5069">
    <p class='ocr_par' dir='ltr' id='par_1_113' title="bbox 2174 4984 3743 5069">
     <span class='ocr_line' id='line_1_113' title="bbox 2174 4984 3743 5069; baseline -0.01 -14"><span class='ocrx_word' id='word_1_905' title='bbox 2174 5001 2401 5069; x_wconf 89' lang='lat' dir='ltr'><strong>injustns</strong></span> <span class='ocrx_word' id='word_1_906' title='bbox 2423 5011 2502 5061; x_wconf 90' lang='lat' dir='ltr'><strong>es,</strong></span> <span class='ocrx_word' id='word_1_907' title='bbox 2523 4994 2696 5063; x_wconf 87' lang='lat' dir='ltr'><strong>justus</strong></span> <span class='ocrx_word' id='word_1_908' title='bbox 2718 5006 2822 5046; x_wconf 88' lang='lat' dir='ltr'><strong>non</strong></span> <span class='ocrx_word' id='word_1_909' title='bbox 2842 4991 2942 5043; x_wconf 88' lang='lat' dir='ltr'><strong>erit</strong></span> <span class='ocrx_word' id='word_1_910' title='bbox 2958 4988 3151 5057; x_wconf 85' lang='lat' dir='ltr'><strong>judcx?</strong></span> <span class='ocrx_word' id='word_1_911' title='bbox 3176 4997 3268 5041; x_wconf 88' lang='lat' dir='ltr'><strong>aut</strong></span> <span class='ocrx_word' id='word_1_912' title='bbox 3292 4987 3413 5057; x_wconf 90' lang='lat' dir='ltr'><strong>quia</strong></span> <span class='ocrx_word' id='word_1_913' title='bbox 3445 4994 3498 5040; x_wconf 92' lang='lat' dir='ltr'><strong>tu</strong></span> <span class='ocrx_word' id='word_1_914' title='bbox 3513 4984 3743 5040; x_wconf 79' lang='lat' dir='ltr'><strong>mendax</strong></span> 
     </span>
    </p>
   </div>
   <div class='ocr_carea' id='block_1_114' title="bbox 2174 5077 3746 5156">
    <p class='ocr_par' dir='ltr' id='par_1_114' title="bbox 2174 5077 3746 5156">
     <span class='ocr_line' id='line_1_114' title="bbox 2174 5077 3746 5156; baseline -0.012 -9"><span class='ocrx_word' id='word_1_915' title='bbox 2174 5108 2263 5156; x_wconf 75' lang='lat' dir='ltr'><strong>es,</strong></span> <span class='ocrx_word' id='word_1_916' title='bbox 2286 5105 2444 5144; x_wconf 83' lang='lat' dir='ltr'><strong>verax</strong></span> <span class='ocrx_word' id='word_1_917' title='bbox 2467 5102 2571 5140; x_wconf 91' lang='lat' dir='ltr'><strong>non</strong></span> <span class='ocrx_word' id='word_1_918' title='bbox 2601 5085 2703 5139; x_wconf 88' lang='lat' dir='ltr'><strong>erit</strong></span> <span class='ocrx_word' id='word_1_919' title='bbox 2730 5082 2965 5153; x_wconf 70' lang='lat' dir='ltr'><strong>veritas?</strong></span> <span class='ocrx_word' id='word_1_920' title='bbox 3000 5080 3104 5135; x_wconf 85' lang='lat' dir='ltr'><strong>Sed</strong></span> <span class='ocrx_word' id='word_1_921' title='bbox 3130 5080 3172 5133; x_wconf 88' lang='lat' dir='ltr'><strong>si</strong></span> <span class='ocrx_word' id='word_1_922' title='bbox 3197 5080 3277 5132; x_wconf 88' lang='lat' dir='ltr'><strong>vis</strong></span> <span class='ocrx_word' id='word_1_923' title='bbox 3307 5079 3503 5132; x_wconf 88' lang='lat' dir='ltr'><strong>habere</strong></span> <span class='ocrx_word' id='word_1_924' title='bbox 3529 5077 3746 5131; x_wconf 86' lang='lat' dir='ltr'><strong>miseri-</strong></span> 
     </span>
    </p>
   </div>
   <div class='ocr_carea' id='block_1_115' title="bbox 2175 5169 3746 5253">
    <p class='ocr_par' dir='ltr' id='par_1_115' title="bbox 2175 5169 3746 5253">
     <span class='ocr_line' id='line_1_115' title="bbox 2175 5169 3746 5253; baseline -0.01 -17"><span class='ocrx_word' id='word_1_925' title='bbox 2175 5181 2413 5242; x_wconf 81' lang='lat' dir='ltr'><strong>cordem,</strong></span> <span class='ocrx_word' id='word_1_926' title='bbox 2441 5188 2557 5232; x_wconf 91' lang='lat' dir='ltr'><strong>esto</strong></span> <span class='ocrx_word' id='word_1_927' title='bbox 2578 5176 2878 5230; x_wconf 87' lang='lat' dir='ltr'><strong>misericors</strong></span> <span class='ocrx_word' id='word_1_928' title='bbox 2902 5182 3182 5253; x_wconf 72' lang='lat' dir='ltr'><strong>antequam</strong></span> <span class='ocrx_word' id='word_1_929' title='bbox 3209 5171 3388 5226; x_wconf 86' lang='lat' dir='ltr'><strong>veniat</strong></span> <span class='ocrx_word' id='word_1_930' title='bbox 3416 5187 3431 5224; x_wconf 89' lang='lat'><strong>:</strong></span> <span class='ocrx_word' id='word_1_931' title='bbox 3461 5169 3672 5223; x_wconf 87' lang='lat' dir='ltr'><strong>dimitte</strong></span> <span class='ocrx_word' id='word_1_932' title='bbox 3701 5169 3746 5223; x_wconf 87' lang='lat' dir='ltr'><strong>si</strong></span> 
     </span>
    </p>
   </div>
   <div class='ocr_carea' id='block_1_116' title="bbox 2175 5261 3744 5343">
    <p class='ocr_par' dir='ltr' id='par_1_116' title="bbox 2175 5261 3744 5343">
     <span class='ocr_line' id='line_1_116' title="bbox 2175 5261 3744 5343; baseline -0.005 -18"><span class='ocrx_word' id='word_1_933' title='bbox 2175 5273 2301 5343; x_wconf 90' lang='lat' dir='ltr'><strong>quid</strong></span> <span class='ocrx_word' id='word_1_934' title='bbox 2327 5273 2379 5325; x_wconf 93' lang='lat' dir='ltr'><strong>in</strong></span> <span class='ocrx_word' id='word_1_935' title='bbox 2409 5282 2461 5326; x_wconf 89' lang='lat' dir='ltr'><strong>te</strong></span> <span class='ocrx_word' id='word_1_936' title='bbox 2487 5270 2828 5323; x_wconf 88' lang='lat' dir='ltr'><strong>commissum</strong></span> <span class='ocrx_word' id='word_1_937' title='bbox 2858 5274 2961 5329; x_wconf 77' lang='lat' dir='ltr'><strong>est,</strong></span> <span class='ocrx_word' id='word_1_938' title='bbox 2998 5264 3064 5318; x_wconf 90' lang='lat' dir='ltr'><strong>da</strong></span> <span class='ocrx_word' id='word_1_939' title='bbox 3088 5280 3151 5318; x_wconf 89' lang='lat' dir='ltr'><strong>ex</strong></span> <span class='ocrx_word' id='word_1_940' title='bbox 3175 5279 3245 5319; x_wconf 88' lang='lat' dir='ltr'><strong>eo</strong></span> <span class='ocrx_word' id='word_1_941' title='bbox 3260 5280 3366 5334; x_wconf 85' lang='lat' dir='ltr'><strong>quo</strong></span> <span class='ocrx_word' id='word_1_942' title='bbox 3396 5261 3655 5317; x_wconf 87' lang='lat' dir='ltr'><strong>abundas.</strong></span> <span class='ocrx_word' id='word_1_943' title='bbox 3684 5263 3744 5317; x_wconf 76' lang='lat' dir='ltr'><strong>Et</strong></span> 
     </span>
    </p>
   </div>
   <div class='ocr_carea' id='block_1_117' title="bbox 2176 5353 3743 5433">
    <p class='ocr_par' dir='ltr' id='par_1_117' title="bbox 2176 5353 3743 5433">
     <span class='ocr_line' id='line_1_117' title="bbox 2176 5353 3743 5433; baseline -0.009 -13"><span class='ocrx_word' id='word_1_944' title='bbox 2176 5365 2243 5420; x_wconf 89' lang='lat' dir='ltr'><strong>de</strong></span> <span class='ocrx_word' id='word_1_945' title='bbox 2272 5363 2421 5433; x_wconf 87' lang='lat' dir='ltr'><strong>cujus</strong></span> <span class='ocrx_word' id='word_1_946' title='bbox 2444 5362 2558 5425; x_wconf 89' lang='lat' dir='ltr'><strong>das,</strong></span> <span class='ocrx_word' id='word_1_947' title='bbox 2592 5360 2691 5413; x_wconf 91' lang='lat' dir='ltr'><strong>nisi</strong></span> <span class='ocrx_word' id='word_1_948' title='bbox 2718 5357 2785 5413; x_wconf 87' lang='lat' dir='ltr'><strong>de</strong></span> <span class='ocrx_word' id='word_1_949' title='bbox 2813 5356 3065 5411; x_wconf 70' lang='lat' dir='ltr'><strong>illius?Si</strong></span> <span class='ocrx_word' id='word_1_950' title='bbox 3096 5356 3164 5411; x_wconf 91' lang='lat' dir='ltr'><strong>de</strong></span> <span class='ocrx_word' id='word_1_951' title='bbox 3191 5364 3282 5410; x_wconf 87' lang='lat' dir='ltr'><strong>tuo</strong></span> <span class='ocrx_word' id='word_1_952' title='bbox 3318 5354 3497 5420; x_wconf 87' lang='lat' dir='ltr'><strong>dares,</strong></span> <span class='ocrx_word' id='word_1_953' title='bbox 3530 5353 3743 5423; x_wconf 85' lang='lat' dir='ltr'><strong>largitio</strong></span> 
     </span>
    </p>
   </div>
   <div class='ocr_carea' id='block_1_118' title="bbox 2180 5444 3748 5513">
    <p class='ocr_par' dir='ltr' id='par_1_118' title="bbox 2180 5444 3748 5513">
     <span class='ocr_line' id='line_1_118' title="bbox 2180 5444 3748 5513; baseline -0.01 -3"><span class='ocrx_word' id='word_1_954' title='bbox 2180 5463 2324 5510; x_wconf 83' lang='lat' dir='ltr'><strong>esset</strong></span> <span class='ocrx_word' id='word_1_955' title='bbox 2350 5470 2365 5505; x_wconf 86' lang='lat'><strong>:</strong></span> <span class='ocrx_word' id='word_1_956' title='bbox 2392 5467 2509 5506; x_wconf 91' lang='lat' dir='ltr'><strong>cum</strong></span> <span class='ocrx_word' id='word_1_957' title='bbox 2541 5449 2607 5504; x_wconf 92' lang='lat' dir='ltr'><strong>de</strong></span> <span class='ocrx_word' id='word_1_958' title='bbox 2634 5450 2774 5503; x_wconf 90' lang='lat' dir='ltr'><strong>illius</strong></span> <span class='ocrx_word' id='word_1_959' title='bbox 2795 5448 2909 5513; x_wconf 86' lang='lat' dir='ltr'><strong>das,</strong></span> <span class='ocrx_word' id='word_1_960' title='bbox 2933 5446 3157 5505; x_wconf 83' lang='lat' dir='ltr'><strong>redditio</strong></span> <span class='ocrx_word' id='word_1_961' title='bbox 3188 5455 3289 5500; x_wconf 88' lang='lat' dir='ltr'><strong>est.</strong></span> <span class='ocrx_word' id='word_1_962' title='bbox 3316 5444 3448 5513; x_wconf 86' lang='lat' dir='ltr'><strong>Quid</strong></span> <span class='ocrx_word' id='word_1_963' title='bbox 3478 5444 3620 5498; x_wconf 83' lang='lat' dir='ltr'><strong>enim</strong></span> <span class='ocrx_word' id='word_1_964' title='bbox 3654 5444 3748 5496; x_wconf 84' lang='lat' dir='ltr'><strong>ha-</strong></span> 
     </span>
    </p>
   </div>
   <div class='ocr_carea' id='block_1_119' title="bbox 2179 5533 3747 5612">
    <p class='ocr_par' dir='ltr' id='par_1_119' title="bbox 2179 5533 3747 5612">
     <span class='ocr_line' id='line_1_119' title="bbox 2179 5533 3747 5612; baseline -0.006 -14"><span class='ocrx_word' id='word_1_965' title='bbox 2179 5545 2293 5607; x_wconf 80' lang='lat' dir='ltr'><strong>bes,</strong></span> <span class='ocrx_word' id='word_1_966' title='bbox 2311 5542 2449 5612; x_wconf 88' lang='lat' dir='ltr'><strong>quod</strong></span> <span class='ocrx_word' id='word_1_967' title='bbox 2472 5557 2576 5593; x_wconf 90' lang='lat' dir='ltr'><strong>non</strong></span> <span class='ocrx_word' id='word_1_968' title='bbox 2599 5538 2846 5608; x_wconf 82' lang='lat' dir='ltr'><strong>accepisti</strong></span> <span class='ocrx_word' id='word_1_969' title='bbox 2872 5538 2914 5609; x_wconf 95' lang='lat' dir='ltr'><strong>(l</strong></span> <span class='ocrx_word' id='word_1_970' title='bbox 2941 5537 3058 5591; x_wconf 81' lang='lat' dir='ltr'><strong>Cor.</strong></span> <span class='ocrx_word' id='word_1_971' title='bbox 3086 5553 3158 5600; x_wconf 81' lang='lat' dir='ltr'><strong>iv,</strong></span> <span class='ocrx_word' id='word_1_972' title='bbox 3178 5537 3269 5607; x_wconf 70' lang='lat'><strong>7)?</strong></span> <span class='ocrx_word' id='word_1_973' title='bbox 3296 5536 3388 5589; x_wconf 74' lang='lat' dir='ltr'><strong>liae</strong></span> <span class='ocrx_word' id='word_1_974' title='bbox 3413 5544 3536 5589; x_wconf 92' lang='lat' dir='ltr'><strong>sunt</strong></span> <span class='ocrx_word' id='word_1_975' title='bbox 3561 5533 3747 5589; x_wconf 69' lang='lat' dir='ltr'><strong>hastu:</strong></span> 
     </span>
    </p>
   </div>
   <div class='ocr_carea' id='block_1_120' title="bbox 2181 5624 3752 5702">
    <p class='ocr_par' dir='ltr' id='par_1_120' title="bbox 2181 5624 3752 5702">
     <span class='ocr_line' id='line_1_120' title="bbox 2181 5624 3752 5702; baseline -0.008 -13"><span class='ocrx_word' id='word_1_976' title='bbox 2181 5635 2291 5689; x_wconf 87' lang='lat' dir='ltr'><strong>Deo</strong></span> <span class='ocrx_word' id='word_1_977' title='bbox 2314 5632 2625 5702; x_wconf 79' lang='lat' dir='ltr'><strong>gratissinne</strong></span> <span class='ocrx_word' id='word_1_978' title='bbox 2643 5672 2659 5696; x_wconf 82' lang='lat'><strong>,</strong></span> <span class='ocrx_word' id='word_1_979' title='bbox 2688 5628 3050 5683; x_wconf 84' lang='lat' dir='ltr'><strong>misericordia</strong></span> <span class='ocrx_word' id='word_1_980' title='bbox 3068 5668 3083 5690; x_wconf 90' lang='lat'><strong>,</strong></span> <span class='ocrx_word' id='word_1_981' title='bbox 3116 5626 3384 5681; x_wconf 89' lang='lat' dir='ltr'><strong>humilitas</strong></span> <span class='ocrx_word' id='word_1_982' title='bbox 3403 5666 3418 5692; x_wconf 91' lang='lat'><strong>,</strong></span> <span class='ocrx_word' id='word_1_983' title='bbox 3449 5624 3716 5680; x_wconf 86' lang='lat' dir='ltr'><strong>confessio</strong></span> <span class='ocrx_word' id='word_1_984' title='bbox 3734 5664 3752 5692; x_wconf 93' lang='lat'><strong>,</strong></span> 
     </span>
    </p>
   </div>
   <div class='ocr_carea' id='block_1_121' title="bbox 2232 5733 2707 5820">
    <p class='ocr_par' dir='ltr' id='par_1_121' title="bbox 2232 5733 2707 5820">
     <span class='ocr_line' id='line_1_121' title="bbox 2232 5733 2707 5820; baseline -0.015 -7"><span class='ocrx_word' id='word_1_985' title='bbox 2232 5733 2259 5797; x_wconf 35' lang='grc' dir='ltr'><strong>ἰ</strong></span> <span class='ocrx_word' id='word_1_986' title='bbox 2286 5773 2385 5813; x_wconf 86' lang='lat' dir='ltr'><strong>Duo</strong></span> <span class='ocrx_word' id='word_1_987' title='bbox 2406 5770 2533 5820; x_wconf 66' lang='lat' dir='ltr'><strong>Mss,</strong></span> <span class='ocrx_word' id='word_1_988' title='bbox 2551 5760 2707 5811; x_wconf 77' lang='lat' dir='ltr'><strong>habet.</strong></span> 
     </span>
    </p>
   </div>
   <div class='ocr_carea' id='block_1_122' title="bbox 2243 5816 3648 5889">
    <p class='ocr_par' dir='ltr' id='par_1_122' title="bbox 2243 5816 3648 5889">
     <span class='ocr_line' id='line_1_122' title="bbox 2243 5816 3648 5889; baseline -0.006 -14"><span class='ocrx_word' id='word_1_989' title='bbox 2243 5828 2316 5889; x_wconf 84' lang='grc' dir='ltr'>(ιι)</span> <span class='ocrx_word' id='word_1_990' title='bbox 2350 5825 2449 5874; x_wconf 73' lang='lat' dir='ltr'><strong>vid.</strong></span> <span class='ocrx_word' id='word_1_991' title='bbox 2474 5816 2628 5873; x_wconf 77' lang='lat' dir='ltr'><strong>Tract.</strong></span> <span class='ocrx_word' id='word_1_992' title='bbox 2651 5822 2683 5872; x_wconf 85' lang='lat'>9</span> <span class='ocrx_word' id='word_1_993' title='bbox 2705 5824 2752 5871; x_wconf 89' lang='lat' dir='ltr'><strong>in</strong></span> <span class='ocrx_word' id='word_1_994' title='bbox 2775 5828 2928 5881; x_wconf 81' lang='lat' dir='ltr'><strong>Joan.,</strong></span> <span class='ocrx_word' id='word_1_995' title='bbox 2955 5834 3005 5869; x_wconf 87' lang='grc' dir='ltr'>ιι.</span> <span class='ocrx_word' id='word_1_996' title='bbox 3030 5819 3117 5880; x_wconf 73' lang='lat' dir='ltr'><strong>il;</strong></span> <span class='ocrx_word' id='word_1_997' title='bbox 3143 5827 3194 5869; x_wconf 86' lang='lat' dir='ltr'><strong>et</strong></span> <span class='ocrx_word' id='word_1_998' title='bbox 3210 5826 3363 5868; x_wconf 85' lang='lat' dir='ltr'><strong>Tract.</strong></span> <span class='ocrx_word' id='word_1_999' title='bbox 3383 5817 3468 5883; x_wconf 75' lang='grc' dir='ltr'><strong>ις),</strong></span> <span class='ocrx_word' id='word_1_1000' title='bbox 3491 5829 3539 5865; x_wconf 83' lang='grc' dir='ltr'>ιι.</span> <span class='ocrx_word' id='word_1_1001' title='bbox 3568 5816 3648 5867; x_wconf 78' lang='lat' dir='ltr'><strong>l2.</strong></span> 
     </span>
    </p>
   </div>
  </div>
