3984 6204
218 374 233 425 1
246 371 350 425 337

129 475 141 497 ‘
213 480 595 551 pax,cltaritas.
629 479 732 534 llas
765 485 1128 547 apportemus,
1151 485 1206 532 et
1244 477 1414 532 securi
1445 475 1774 546 exspectabi-

213 590 324 626 mus
344 571 626 626 adventum
668 569 880 639 judicis,
928 569 1014 637 qni
1061 567 1300 634 iudicabit
1337 569 1504 622 orbem
1531 577 1775 621 terrarum

210 669 256 719 in
283 665 535 734 equitate,
555 672 599 713 et
631 661 846 729 populos
868 659 916 712 iu
940 660 1141 712 veritate
1159 675 1276 712 sua.

601 867 675 927 IN
723 864 1104 926 PSALMUM
1137 863 1334 924 XCVI

793 985 1207 1039 ENARIiATlO.

711 1113 882 1152 SERIO
917 1115 946 1151 Δ
957 1114 986 1151 D
1016 1112 1270 1151 POPULUM.

273 1241 320 1293 l.
351 1237 536 1307 Magna
561 1234 858 1303 spectacula
890 1231 1030 1286 Deus
1059 1230 1254 1300 prmbet
1285 1228 1429 1284 cordi
1460 1228 1766 1294 christiano,

208 1346 253 1387 11
275 1334 465 1403 quibus
499 1346 622 1383 vere
652 1328 780 1381 nihil
813 1325 976 1395 possit
1002 1322 1282 1393 jucundius
1311 1321 1571 1385 inveniri;
1603 1320 1648 1374 si
1687 1329 1766 1374 ta—

213 1443 318 1478 tuen
347 1421 490 1476 adsit
508 1420 736 1489 palatum
767 1416 905 1480 fidei,
926 1415 1006 1468 cui
1037 1413 1206 1481 sapiat
1230 1412 1331 1465 mel
1360 1411 1470 1465 Dei.
1491 1409 1768 1465 Credimus

209 1516 444 1570 omnibus
470 1510 642 1576 vobis,
666 1510 754 1580 qui
782 1508 831 1561 in
856 1507 1182 1561 Salvatorcm
1213 1511 1446 1558 nostrum
1474 1510 1584 1556 toto
1609 1501 1768 1556 corde

209 1606 525 1667 credidistis,
558 1604 734 1656 inesse
779 1598 1029 1668 Spiritum
1077 1595 1226 1665 ejus,
1272 1593 1359 1664 qui
1402 1607 1498 1646 vos
1536 1591 1766 1646 delectet

208 1717 312 1754 111111
366 1701 612 1767 leguntur
664 1691 985 1762 prophetiae,
1055 1697 1178 1742 ante
1221 1697 1296 1740 tot
1335 1699 1503 1740 annos
1550 1685 1768 1754 prolata:

135 1779 142 1788 ’
208 1812 262 1848 ev
305 1807 402 1846 ore
447 1795 789 1848 sanctorum,
846 1791 1042 1849 etpost
1092 1789 1166 1833 tot
1214 1792 1382 1832 annos
1434 1777 1662 1846 impleta:
1714 1777 1764 1829 in

208 1887 294 1942 full:
317 1883 572 1954 gentium.
599 1879 836 1946 Magnam
860 1874 999 1929 enim
1028 1870 1408 1942 jttcunditatem
1437 1879 1557 1922 tunc
1582 1882 1768 1936 carpe-

209 1981 318 2030 lzant
347 1973 451 2044 ipsi
480 1970 647 2025 sancti
681 1965 956 2037 Pr0pheta:
977 2007 991 2028 ,
1015 1978 1134 2017 cum
1165 1976 1226 2016 ea
1254 1961 1500 2015 videbant
1530 1959 1579 2013 in
1609 1958 1766 2028 spiri-

206 2081 285 2132 tu,
314 2083 419 2121 non
440 2065 550 2134 jam
580 2061 794 2130 impleta
816 2100 829 2124 ,
860 2057 953 2112 sed
982 2054 1154 2108 adhuc
1181 2053 1372 2106 futura.
1394 2051 1520 2106 Erat
1548 2050 1624 2104 eis
1651 2064 1764 2102 ma-

204 2175 290 2229 gna
316 2155 640 2212 delectatio:
672 2149 764 2204 sed
809 2156 1068 2202 tamenet
1098 2145 1194 2214 ipsi
1230 2157 1324 2213 pro
1362 2141 1619 2196 cbaritate
1663 2156 1763 2210 qua

207 2253 248 2304 in
275 2264 368 2303 nos
394 2243 604 2300 accensi
632 2248 815 2303 erant,
845 2253 977 2308 quos
1007 2235 1235 2290 nondum
1268 2232 1552 2298 videbant,
1577 2241 1630 2285 et
1654 2232 1763 2300 spi-

206 2346 290 2396 ritu
315 2337 712 2410 parturiebant;
755 2333 1042 2393 volebant,
1079 2329 1122 2384 si
1166 2327 1278 2383 ﬁeri
1324 2323 1534 2396 posset,
1567 2325 1618 2380 iu
1664 2327 1766 2381 hoc

207 2446 432 2502 tempore
480 2428 750 2482 nobiscum
779 2424 952 2476 vivere
972 2464 986 2485 ,
1027 2430 1080 2475 et
1114 2419 1295 2474 videre
1323 2417 1536 2488 impleta
1565 2434 1682 2488 qum
1710 2417 1762 2471 in

205 2525 373 2592 spiritu
407 2513 968 2590 propltetabantalnde
1000 2511 1249 2565 Dominus
1294 2509 1564 2577 discipulis
1612 2509 1722 2561 suis
1744 2550 1758 2572 ,

202 2616 295 2682 jam
324 2613 426 2666 ista
453 2608 636 2664 videre
663 2603 1061 2674 incipientibus,
1090 2601 1163 2654 ait
1195 2618 1208 2653 :
1242 2598 1395 2652 Multi
1417 2599 1546 2668 justi
1571 2607 1616 2652 et
1645 2615 1764 2668 pro-

205 2711 350 2775 pheta:
377 2703 645 2759 voluerunt
671 2698 836 2753 videre
861 2711 973 2766 qua:
999 2694 1204 2759 videtis,
1235 2702 1281 2746 et
1308 2708 1408 2745 non
1436 2691 1694 2756 viderunt;
1719 2697 1774 2744 et’

203 2800 362 2852 audire
381 2811 499 2866 qua:
531 2791 744 2856 auditis,
780 2799 824 2842 et
850 2804 950 2842 non
979 2787 1244 2839 audierunt
1269 2781 1489 2855 (Matth.
1511 2796 1620 2846 xm,
1649 2781 1760 2852 l7).

202 2888 444 2958 Quamvis
470 2885 610 2940 enim
639 2881 878 2936 viderent
906 2881 1002 2932 ista
1045 2877 1095 2930 in
1129 2875 1348 2945 spiritu,
1378 2884 1549 2928 tamen
1580 2871 1757 2927 futura

207 2983 297 3035 illis
333 2976 567 3049 quodam
609 2973 768 3028 modo
816 2968 1221 3024 lormtbantur:
1276 2965 1539 3033 Apostolis
1586 2974 1761 3018 autem

202 3072 293 3139 jam
327 3067 606 3140 prmscotia
635 3063 1006 3119 reddebantur.
1039 3058 1184 3113 Unde
1211 3057 1297 3111 ille
1320 3055 1566 3120 Simeon,
1591 3054 1763 3123 justus

201 3163 402 3231 quidam
433 3169 641 3219 senex,
691 3153 913 3208 multum
957 3148 1238 3204 exsultavit
1275 3146 1462 3200 videns
1508 3145 1763 3200 infantem

201 3256 392 3318 losum,
426 3261 481 3306 et
506 3260 799 3320 agnoscens
829 3245 881 3298 in
913 3255 1076 3312 parvo
1105 3247 1349 3309 magnum
1371 3279 1385 3303 ,
1413 3245 1466 3293 et
1491 3238 1541 3291 in
1573 3237 1760 3308 exigua

201 3363 348 3401 carne
378 3355 709 3414 cognoscens
747 3337 866 3394 caeli
897 3346 950 3391 et
991 3343 1146 3388 terra:
1173 3332 1500 3386 Creatorem.
1544 3329 1760 3384 Multum

202 3455 318 3508 ergo
361 3433 678 3494 exsultavit,
722 3429 840 3498 quia
886 3438 1198 3496 reSponsum
1247 3429 1524 3490 acceperat
1572 3434 1765 3514 1101150

204 3534 458 3586 exiturum
487 3541 604 3582 esse
633 3524 698 3578 de
730 3523 826 3575 hac
852 3520 959 3574 vita
981 3559 995 3582 ,
1042 3512 1346 3586 priusquam
1386 3513 1588 3568 videret
1625 3512 1765 3565 salu-

158 3634 160 3636 '
206 3636 306 3677 tare
333 3621 450 3675 Dei.
483 3615 710 3687 Agnovit
738 3627 862 3682 ergo
893 3609 1036 3664 illum
1058 3648 1072 3668 ,
1097 3604 1416 3675 jucundatus
1440 3611 1554 3668 est,
1587 3601 1763 3656 exsul-

206 3717 322 3768 tavit
346 3711 539 3783 gaudio
565 3727 578 3774 ;
609 3717 662 3762 et
691 3706 790 3760 hoc
828 3703 936 3756 ait:
971 3700 1206 3764 Domine,
1238 3713 1367 3751 nunc
1411 3697 1620 3750 dimittis
1656 3711 1764 3748 ser-

205 3823 309 3858 cum
336 3815 472 3857 11111111
503 3801 554 3853 in
576 3811 733 3866 pace;
758 3793 992 3863 quoniam
1016 3791 1241 3843 viderunt
1269 3787 1399 3841 oculi
1426 3786 1522 3838 mei
1550 3785 1767 3838 salutare

205 3911 339 3950 tuum
363 3893 511 3963 (Luc.
533 3906 587 3954 11,
614 3888 685 3942 9'5
719 3883 830 3956 '50).
851 3882 1033 3950 Magna
1059 3888 1284 3947 estergo
1310 3878 1406 3932 ista
1435 3874 1762 3945 jucunditas;

203 3999 254 4043 et
279 3987 414 4041 banc
441 3983 567 4037 facit
593 3972 1120 4035 charitas.’Delectati
1143 3983 1323 4023 sumus
1341 4010 1355 4034 ,
1387 3981 1504 4020 cum
1531 3964 1766 4035 psalmus

205 4083 298 4135 iste
321 4082 623 4133 cantaretur
646 4090 660 4124 :
686 4075 740 4122 et
763 4065 1000 4137 qumdam
1027 4063 1096 4116 ibi
1123 4061 1188 4114 ab
1218 4051 1464 4112 omnibus
1498 4054 1763 4110 intellecta

203 4182 354 4235 sunt;
376 4167 618 4240 qumdam
647 4177 800 4224 vero,
824 4167 1076 4229 quantum
1102 4151 1440 4248 arbitramur,
1471 4156 1611 4248 aut-1a
1637 4162 1764 4248 pan.

201 4265 275 4318 cis
297 4305 313 4327 ,
362 4238 454 4315 aut
479 4266 624 4312 certe
652 4268 755 4308 non
787 4251 852 4305 ab
879 4246 1144 4302 omnibus.
1185 4241 1350 4332 Simul
1383 4253 1510 4332 ergo
1535 4238 1680 4292 illum
1710 4238 1763 4290 in

204 4358 300 4409 isto
328 4364 576 4407 sermone
594 4388 610 4412 ,
636 4345 687 4398 in
715 4357 818 4414 quo
844 4338 992 4393 vobis
1020 4329 1298 4396 servimus,
1325 4329 1724 4396 consideremus
1749 4371 1762 4392 ,

200 4457 252 4502 et
284 4442 560 4498 videamus
603 4444 797 4506 quanta
845 4427 1148 4499 dignatione
1186 4439 1280 4477 nos
1318 4421 1454 4476 Deus
1499 4418 1767 4475 laatificare

204 4534 390 4596 voluit,
425 4523 790 4600 praesentando
814 4534 932 4591 quae
955 4514 1227 4588 promisit,
1257 4522 1311 4568 et
1335 4513 1488 4566 nobis
1512 4509 1770 4564 exhibens

201 4626 476 4682 veritatem
508 4615 780 4689 promissis
807 4611 938 4666 suis.

265 4715 321 4770 Ξ.
350 4712 510 4787 [11015.
543 4706 630 4779 1.]
653 4702 957 4759 luscribitur
993 4696 1267 4787 Psalmus,
1300 4691 1407 4762 Ipsi
1437 4689 1630 4754 David,
1653 4705 1766 4740 cum

202 4820 329 4860 terra
351 4785 462 4874 ejus
488 4801 714 4857 restituta
735 4793 1028 4849 est.Totum
1057 4787 1121 4841 ad
1146 4785 1410 4878 Christum
1437 4794 1764 4845 revocemus,

206 4899 246 4951 si
271 4897 520 4949 volumus
547 4891 648 4944 iter
673 4893 828 4940 recta:
855 4877 1212 4948 intelligentia:
1240 4884 1419 4928 tenere
1444 4889 1456 4924 :
1487 4885 1590 4924 non
1619 4883 1766 4922 rece-

203 4986 390 5039 damus
429 4999 458 5035 a
496 4977 670 5048 lapide
700 4971 934 5043 angulari
983 4967 1210 5039 (Epltcs.
1241 4979 1311 5030 11,
1337 4961 1442 5031 9-0)
1467 5003 1480 5025 ,
1511 4975 1579 5014 110
1608 4958 1767 5048 111101τ

204 5081 369 5130 lectus
395 5046 574 5127 noster
603 5067 806 5121 ruinam
838 5061 991 5115 faciat
1027 5075 1042 5112 :
1096 5059 1146 5110 in
1174 5054 1264 5108 illo
1299 5051 1584 5113 solidetur,
1626 5046 1769 5118 quod

203 5165 433 5220 instabili
480 5168 625 5215 motu
676 5153 924 5215 nutabat;
954 5151 1006 5203 in
1037 5148 1127 5201 illo
1157 5143 1458 5208 incumbat,
1491 5139 1632 5210 quod
1675 5151 1770 5207 per

203 5262 406 5312 incerta
450 5249 729 5325 pendebat.
762 5240 1023 5312 Quidquid
1053 5235 1394 5293 dubitationis
1417 5233 1574 5287 habet
1613 5231 1772 5284 homo

205 5354 253 5404 in
283 5350 467 5402 animo
501 5341 696 5398 auditis
723 5335 1009 5406 Scripturis
1035 5330 1161 5391 Dei,
1192 5343 1221 5381 a
1244 5326 1460 5380 Christo
1487 5339 1588 5404 non
1618 5337 1769 5376 rece-

201 5443 289 5494 dat
316 5458 331 5502 ;
363 5455 484 5493 cum
510 5435 560 5490 ei
590 5432 747 5487 fuerit
776 5430 828 5483 111
865 5427 966 5481 illis
1007 5421 1184 5478 verbis
1208 5417 1450 5473 Christus
1478 5415 1770 5481 revelatus,

206 5535 470 5600 intelligat
494 5546 552 5584 se
580 5524 905 5581 intellexisse
932 5538 944 5572 :
987 5528 1267 5586 antequam
1293 5521 1469 5610 autem
1501 5509 1773 5610 perveniat

202 5627 264 5680 rd
291 5622 489 5678 Christi
518 5617 871 5676 intellectum,
902 5625 1004 5666 non
1034 5623 1090 5664 se
1118 5611 1402 5677 prtesumat
1428 5600 1769 5655 intellexisse.

211 5717 357 5769 Finis
389 5713 515 5766 enim
547 5709 693 5778 Legis
722 5705 948 5760 Christus
973 5710 1076 5764 est,
1109 5699 1176 5752 ad
1213 5695 1464 5767 justitiam
1502 5689 1637 5790 0111111
1665 5705 1773 5790 cre-

209 5807 348 5862 demi
383 5805 401 5863 l
425 5804 566 5858 110111.
596 5816 658 5865 x,
691 5797 781 5867 1).
805 5793 938 5863 Quid
961 5801 1040 5885 cst
1068 5805 1194 5860 ergo
1221 5832 1235 5857 ,
1262 5798 1312 5845 et
1341 5784 1605 5857 quomodo
1635 5784 1772 5836 acci-

1325 362 1720 420 ENARBATIO
1754 361 1822 417 1N
1856 362 2177 425 PSALMUM
2215 368 2394 425 XCVI.

3314 381 3444 438 1238

1881 478 2020 546 pitur
2065 480 2115 534 111
2160 481 2371 536 Christo
2394 524 2410 548 ,
2439 481 2566 538 Cum
2589 494 2721 540 terra
2758 475 2865 558 ejus
2906 491 3133 546 restituta
3171 495 3286 548 est.’
3312 496 3444 552 Nam

1879 573 2144 641 quomodo
2166 576 2325 630 David
2352 578 2666 648 intelligatur
2686 578 2924 640 Christus
2949 627 2962 652 ,
2992 584 3143 642 facile
3171 597 3252 644 est
3276 605 3443 660 agno-

1877 677 2047 717 scere.
2073 664 2315 721 Christus
2343 669 2482 722 enim
2511 685 2575 725 ex
2603 671 2758 726 Maria
2783 675 2810 737 ,'
2839 683 2893 729 et
2921 691 2986 730 ex
3010 678 3213 734 semine
3235 679 3399 734 David
3425 697 3441 747 ;

1796 757 1801 764 '
1877 763 1930 806 et
1953 755 2071 823 quia
2099 771 2160 810 ex
2188 759 2389 814 semine
2413 763 2527 828 ejus
2556 761 2760 817 futurus
2782 776 2896 819 erat
2915 807 2929 830 ,
2959 778 3235 837 propterea
3262 773 3435 826 nomi-

1878 859 1944 898 ne
1969 844 2084 914 ejus
2108 847 2158 900 in
2191 849 2354 918 tigura
2373 851 2798 919 prophetabatur.
2816 854 2954 925 Ergo
2983 858 3141 912 David
3163 845 3440 916 Christus:

1875 936 1993 1005 quia
2025 947 2078 992 et
2108 937 2470 1009 interpretatio
2500 944 2660 998 David
2691 959 2845 1000 manu
2893 944 3041 1003 fortis
3090 958 3210 1016 est;
3239 959 3292 1006 et
3319 953 3440 1022 quis

1877 1036 1980 1081 tam
2013 1045 2168 1085 manu
2199 1032 2347 1087 fortis
2371 1077 2385 1095 ,
2414 1049 2570 1104 quam
2595 1037 2684 1106 qui
2711 1036 2776 1091 de
2804 1053 2962 1094 cruce
2991 1031 3242 1097 mundum
3270 1044 3441 1099 vicit?

1874 1118 2003 1173 Nam
2030 1131 2144 1187 post
2170 1126 2606 1182 resurrecuouetn
2632 1138 2680 1182 et
2707 1129 3072 1185 ascensionem
3115 1132 3250 1200 ejus,
3291 1148 3441 1189 acce-

1876 1217 1966 1279 pto
1995 1211 2191 1281 Spiritu
2219 1224 2435 1282 sancto,
2467 1216 2800 1284 loquentibus
2837 1221 3102 1290 Apostolis
3145 1225 3306 1279 variis
3334 1225 3438 1279 lin-

1872 1301 2018 1369 guis,
2065 1312 2324 1359 commota
2369 1307 2644 1360 mttlliludo
2686 1324 2870 1364 eorum
2913 1311 3145 1381 ipsorum
3186 1313 3276 1383 qui
3317 1305 3452 1369 eum:

1872 1394 2273 1457 crucifixerant.
2319 1399 2596 1454 consilium
2638 1403 2881 1471 qtuesivit
2925 1405 3145 1472 salutis;
3195 1408 3437 1476 accepit,

1871 1485 2125 1553 credidit;
2156 1487 2390 1556 ignotum
2420 1502 2499 1545 est
2523 1534 2537 1559 ,
2569 1492 2793 1549 donatus
2833 1505 2914 1550 est
2953 1507 3131 1551 reatus
3172 1499 3441 1569 sanguinis

1870 1573 2098 1641 Christi,
2172 1579 2468 1649 impertitus
2520 1593 2603 1638 est
2654 1594 2809 1654 potus
2857 1589 3128 1658 sanguinis
3192 1589 3436 1657 Christi;

1871 1667 1992 1721 facti
2037 1679 2160 1724 sunt
2209 1671 2394 1727 ﬁdeles
2443 1674 2556 1744 ejus
2583 1673 2735 1745 cujus
2780 1677 2986 1734 fuerant
3034 1692 3436 1750 persecutores;

1870 1758 2204 1814 crediderunt
2261 1762 2310 1816 in
2357 1778 2476 1818 eum
2525 1782 2682 1836 quem
2738 1769 3146 1836 crucifixerunt,
3209 1781 3264 1827 et
3315 1784 3469 1829 ante

1870 1865 2026 1918 quem
2055 1851 2366 1908 insultantes
2404 1866 2560 1926 caput
2586 1858 2946 1928 agitaverunt,
2990 1876 3110 1916 eum
3153 1863 3320 1932 ipsum
3351 1880 3440 1919 ca-

1870 1950 1963 2010 put
1989 1940 2182 1997 habere
2230 1944 2507 2000 voluerunt
2535 1947 2682 2017 (Act.
2715 1949 2809 2018 11).
2856 1949 2931 2004 Ita
2961 1965 3088 2022 ergo
3114 1954 3337 2007 restituta
3365 1964 3438 2008 est

1870 2040 2001 2085 terra
2029 2033 2167 2102 ejus,
2197 2034 2338 2104 quod
2365 2037 2522 2091 habet
2549 2039 2729 2094 titulus
2753 2040 3133 2096 Psalmi.Terra
3152 2044 3293 2098 enim
3322 2045 3436 2115 ejus

1869 2122 1896 2178 .1
1905 2123 2047 2178 udaea
2065 2141 2077 2177 :
2102 2135 2156 2179 et
2176 2127 2402 2195 perierat
2421 2129 2592 2184 omnis
2610 2130 2809 2197 Judtra,
2835 2134 3044 2204 quando
3064 2138 3436 2193 crucilixerunt

1871 2215 2148 2272 Dominum
2177 2234 2327 2274 suum
2373 2222 2702 2291 ignorantes,
2739 2225 3030 2294 phrenetici
3076 2230 3352 2286 saevientes
3383 2233 3434 2286 in

1869 2308 2162 2376 medicum.
2203 2321 2257 2366 et
2295 2313 2517 2368 salutem
2560 2317 2760 2371 insnnia
2793 2320 3126 2389 repellentes.
3163 2322 3434 2393 Tanquam

1868 2413 1994 2469 ergo
2040 2400 2269 2468 perierat
2296 2402 2476 2457 Judara
2522 2413 2627 2459 tota
2656 2424 2668 2458 :
2710 2423 2866 2477 quam
2918 2419 3023 2463 tota
3057 2412 3117 2464 ‘?
3147 2411 3246 2480 Ipsi
3276 2415 3433 2469 etiam

1868 2489 2105 2559 Apostoli
2137 2492 2546 2561 trepidaverunt.
2575 2496 2765 2552 Petrus
2792 2499 2881 2568 qui
2926 2500 3109 2554 audaci
3151 2502 3432 2559 dilectione

1867 2579 2218 2649 sequebatur,
2251 2583 2432 2637 timida
2478 2587 2827 2655 trepidatione
2867 2599 2946 2644 ter
2974 2591 3199 2660 negavit.
3227 2593 3430 2648 Resur—

1867 2686 2027 2740 gens,
2062 2673 2112 2726 in
2153 2674 2235 2728 via
2283 2675 2842 2752 quosdamloquentes
2875 2694 3052 2735 secum
3091 2683 3157 2737 de
3183 2699 3274 2750 se,
3306 2686 3436 2740 tales

1869 2761 2067 2817 invenit
2095 2765 2208 2834 ipse
2232 2766 2482 2821 Dominus
2506 2751 2660 2823 Jesus
2697 2768 2958 2836 Christus,
2994 2781 3052 2825 ut
3094 2774 3332 2829 dicerent
3361 2776 3435 2830 illi

1867 2854 2120 2924 quaerenti
2147 2855 2288 2910 unde
2305 2856 2737 2927 colloquerentur
2761 2877 2775 2914 :
2811 2878 2829 2911 1
2859 2860 2936 2914 Tu
2961 2861 3107 2917 solus
3130 2864 3437 2934 peregrinus

1867 2958 1930 2998 es
1957 2945 2006 2998 in
2033 2944 2355 3012 Jerusalem,
2381 2956 2436 3002 et
2462 2964 2567 3003 non
2597 2951 2888 3019 cognovisti
2917 2967 3037 3020 quse
3062 2953 3199 3024 facta
3223 2965 3345 3009 sunt
3383 2957 3434 3010 in

1870 3034 1954 3088 illa
1983 3035 2064 3090 his
2091 3034 2316 3091 diebus?
2339 3036 2538 3103 Quibus
2564 3038 2808 3093 ille‘dixit
2831 3058 2843 3092 :
2872 3023 3038 3106 Quae?
3061 3023 3126 3095 Et
3153 3042 3431 3098 dixerunt:

1870 3125 1944 3180 De
1968 3125 2094 3180 Jesu
2121 3124 2441 3194 Nazarene,
2489 3127 2577 3196 qui
2623 3129 2718 3182 fuit
2748 3129 2827 3184 vir
2856 3134 3113 3200 propheta
3146 3141 3338 3201 potens
3381 3134 3438 3189 in

1799 3221 1808 3224 ’
1868 3231 2030 3288 opere
2077 3225 2131 3273 et
2166 3232 2410 3272 sermone
2432 3259 2448 3284 ,
2475 3234 2653 3273 coram
2685 3220 2794 3276 Deo
2836 3229 2892 3276 et
2936 3222 3080 3276 omni
3127 3224 3352 3293 populo;
3381 3234 3438 3281 et

1867 3307 2134 3377 quomodo
2153 3323 2274 3363 eum
2295 3307 2625 3363 tradiderunt
2643 3311 2834 3365 summi
2856 3312 3158 3369 sacerdotes
3178 3315 3198 3346 ³
3219 3323 3271 3370 01
3293 3315 3440 3384 prin-

1868 3401 2012 3469 cipes
2042 3401 2204 3455 nostri
2233 3400 2284 3455 in
2317 3401 2708 3458 damnationem
2751 3405 2957 3472 mortis,
2989 3414 3042 3461 et
3064 3407 3440 3464 crucilixerunt

1869 3506 2012 3546 eum.
2047 3490 2153 3546 Nos
2181 3500 2355 3546 autem
2385 3494 2730 3561 sperabamus
2756 3494 2876 3565 quia
2923 3496 3036 3564 ipse
3063 3507 3204 3552 esset
3234 3497 3440 3554 redem-

1872 3591 2056 3650 pturus
2077 3580 2234 3637 Israel
2261 3601 2279 3634 1
2314 3581 2481 3653 (Luc.
2507 3599 2649 3650 xxiv,
2686 3584 2894 3655 18-21).
2926 3584 3041 3640 Jam
3077 3602 3223 3656 spem
3243 3586 3439 3643 Christi

1871 3673 2227 3743 perdiderant.
2247 3674 2362 3730 Non
2393 3676 2532 3730 enim
2561 3673 2840 3742 dixerunt,
2887 3676 3176 3746 Speramus
3203 3694 3323 3733 eum
3348 3697 3440 3734 re—

1869 3765 2233 3834 dempturum;
2261 3765 2375 3831 sed,
2403 3765 2742 3838 Sperabamus
2769 3767 2904 3834 quod
2939 3778 3062 3821 esset
3091 3767 3440 3838 redempturus

1872 3855 2054 3910 Israel.
2087 3855 2204 3926 Ipse
2229 3871 2348 3910 cum
2378 3857 2456 3910 eis
2486 3837 2596 3910 erat
2620 3897 2635 3922 ,
2681 3865 2730 3910 et
2777 3871 2897 3925 spes
2937 3856 3076 3911 illius
3107 3857 3156 3910 in
3190 3857 3292 3912 illis
3331 3874 3436 3912 non

1870 3954 2002 4005 erat.
2035 3948 2279 4003 Ostendit
2304 3962 2364 4002 se
2389 3946 2520 4013 illis,
2545 3945 2906 4002 manifestatus
2935 3955 3018 4002 est
3042 3948 3200 4002 etiam
3229 3950 3440 4006 cmteris

1871 4039 2141 4109 discipulis
2163 4081 2179 4105 ,
2206 4039 2353 4094 visus
2370 4080 2386 4105 ,
2415 4045 2805 4102 contrectatus,
2834 4045 2890 4092 et
2917 4039 3165 4093 inventus
3193 4039 3297 4094 illis
3315 4041 3438 4110 qui-

1872 4134 1970 4188 bus
1991 4132 2098 4200 jam
2127 4131 2328 4201 perisse
2353 4129 2665 4184 videbatur:
2714 4137 2957 4184 revocata
2983 4122 3220 4185 estﬁdes
3254 4145 3438 4185 eorum

1872 4224 1959 4293 qui
1987 4223 2324 4286 ceciderant;
2364 4220 2592 4274 restituta
2621 4228 2694 4273 est
2719 4229 2852 4273 terra
2881 4221 3007 4292 ejus.
3043 4219 3246 4276 Deinde
3290 4220 3442 4276 factis

1871 4327 1990 4366 cum
2016 4313 2094 4366 eis
2117 4310 2461 4382 quadraginta
2483 4309 2693 4376 diebus,
2721 4309 2962 4365 ascendit
2988 4310 3039 4364 in
3069 4309 3261 4365 coelum
3292 4309 3438 4382 (Aet.

1875 4424 1924 4472 1,
1955 4409 1988 4462 5
2008 4447 2021 4471 ,
2054 4404 2087 4459 9
2112 4405 2163 4475 );
2190 4411 2245 4459 et
2269 4443 2282 4467 ,
2313 4403 2452 4457 sicut
2481 4401 2637 4473 paulo
2661 4409 2786 4458 ante
2809 4403 3250 4467 commemoravi,
3279 4403 3444 4457 misso

1872 4496 2076 4566 Spiritu
2102 4503 2286 4548 sancto
2310 4492 2434 4548 fecit
2464 4491 2752 4561 discipulos
2782 4506 2908 4546 suos
2926 4533 2940 4557 ,
2966 4492 3156 4547 idiotas
3178 4492 3442 4561 homines,

1874 4587 2016 4656 loqui
2043 4584 2278 4639 omnium
2308 4582 2544 4653 gentium
2573 4582 2785 4652 linguis.
2811 4582 2961 4638 Tunc
2999 4583 3073 4638 illi
3114 4597 3210 4652 pro
3251 4583 3444 4653 quibus

1876 4692 1982 4731 non
2013 4675 2206 4730 frustm
2231 4674 2459 4739 dixerat,
2490 4672 2668 4740 Pater,
2695 4674 2898 4743 ignosce
2921 4671 3045 4738 illis,
3071 4673 3192 4744 quia
3219 4673 3444 4728 nesciunt

1873 4769 1995 4840 quid
2022 4768 2210 4838 faciunt
2237 4765 2395 4839 (Luc.
2417 4781 2577 4831 mu,
2605 4765 2672 4820 54
2693 4765 2710 4835 )
2735 4806 2750 4829 ,
2780 4765 3069 4831 00111111011,
3099 4763 3441 4831 111111111111115,

1874 4861 2198 4930 quaesierunt
2223 4857 2446 4913 salutem
2465 4897 2480 4921 ,
2507 4855 2786 4910 consilium
2807 4865 3130 4926 acceperunt
3155 4864 3214 4910 ut
3239 4856 3290 4910 in
3319 4870 3442 4910 011111

1875 4951 2191 5014 crederent;
2217 4945 2558 5002 crediderunt
2587 4959 2691 5000 uno
2713 4945 2798 5001 die
2825 4946 2922 5000 tria
2952 4946 3150 5015 millia,
3181 4954 3234 5001 et
3258 4961 3444 5001 rursus

1875 5041 2108 5110 quinque
2144 5037 2303 5092 millia
2336 5035 2481 5107 (Act.
2511 5051 2577 5099 11,
2607 5035 2668 5089 Al
2698 5049 2712 5099 ;
2741 5044 2786 5088 et
2811 5050 2862 5089 ιν
2885 5076 2898 5098 ,
2926 5032 3204 5104 4);010ρί1
3243 5034 3446 5090 fervere

1877 5128 2228 5201 perludaeam
2255 5127 2491 5181 Ecclesia
2513 5125 2716 5180 Christi
2737 5166 2752 5192 ,
2800 5125 2889 5179 ubi
2937 5125 3205 5180 ferbuerat
3244 5140 3444 5195 oppro-

1877 5221 2049 5275 brium
2093 5217 2325 5282 Christi;
2353 5224 2408 5271 et
2448 5215 2676 5269 restituta
2720 5225 2792 5270 est
2839 5224 2972 5269 terra
3011 5217 3142 5287 ejus.
3174 5215 3277 5270 Sed
3319 5216 3443 5284 quia

1878 5315 2094 5370 dixerat
2123 5312 2237 5380 ipse
2260 5350 2276 5376 ,
2307 5307 2481 5362 Habeo
2510 5306 2640 5362 alios
2683 5322 2794 5362 oves
2829 5323 2943 5377 qua:
2981 5324 3081 5361 non
3118 5316 3233 5360 sunt
3261 5305 3325 5359 de
3353 5305 3447 5358 hoc

1879 5404 2032 5470 ovili;
2059 5409 2252 5471 oportet
2277 5416 2356 5453 me
2380 5407 2425 5452 et
2463 5415 2548 5453 eas
2575 5399 2826 5452 adducere
2846 5440 2859 5462 ,
2890 5407 2945 5450 ut
2987 5399 3052 5450 sit
3091 5413 3223 5451 unus
3247 5413 3370 5468 great
3399 5406 3447 5452 et

1882 5511 2012 5550 unus
2061 5500 2231 5563 pastor
2275 5489 2468 5562 (Joan.
2502 5505 2572 5556 11,
2611 5487 2748 5560 16);
2789 5490 2948 5544 etiam
2992 5489 3058 5542 ad
3105 5486 3336 5555 Gentes,
3380 5490 3447 5545 ad

1880 5604 2011 5659 quas
2031 5584 2308 5656 Propheta:
2334 5582 2482 5638 missi
2509 5596 2613 5636 11011
2644 5588 2824 5646 erant,
2856 5580 3095 5651 Apostoli
3121 5579 3274 5637 missi
3299 5595 3445 5638 sunt.

1945 5726 1960 5756 ¹
1987 5727 2059 5774 sic
2082 5730 2184 5771 MSS.
2213 5727 2266 5770 Al.
2293 5718 2424 5778 de.,
2447 5728 2557 5767 cum
2571 5728 2666 5778 qua
2687 5722 2784 5766 tota
2810 5713 2904 5779 ipsi
2919 5714 3082 5778 etiam,
3104 5722 3198 5770 etc.

1949 5788 1969 5822 ³
1993 5795 2119 5844 Mss,
2143 5787 2316 5834 summi
2339 5780 2652 5832 sacerdotum.
