  <div class='ocr_page' id='page_1' title='image "/cluster/home/n/w/nwhite01/storage/ocr_20150623/37/hvd.32044096580592/115.png"; bbox 0 0 4012 6202; ppageno 0'>
   <div class='ocr_carea' id='block_1_1' title="bbox 541 339 679 394">
    <p class='ocr_par' dir='ltr' id='par_1_1' title="bbox 541 339 679 394">
     <span class='ocr_line' id='line_1_1' title="bbox 541 339 679 394; baseline 0.036 -4"><span class='ocrx_word' id='word_1_1' title='bbox 541 339 679 394; x_wconf 64' lang='grc' dir='ltr'><strong>ιέὃθ</strong></span> 
     </span>
    </p>
   </div>
   <div class='ocr_carea' id='block_1_2' title="bbox 536 451 2092 523">
    <p class='ocr_par' dir='ltr' id='par_1_2' title="bbox 536 451 2092 523">
     <span class='ocr_line' id='line_1_2' title="bbox 536 451 2092 523; baseline -0.001 -15"><span class='ocrx_word' id='word_1_2' title='bbox 536 453 756 523; x_wconf 76' lang='lat' dir='ltr'><strong>Qutrslti</strong></span> <span class='ocrx_word' id='word_1_3' title='bbox 795 463 920 511; x_wconf 82' lang='lat' dir='ltr'><strong>sunt</strong></span> <span class='ocrx_word' id='word_1_4' title='bbox 961 452 1052 522; x_wconf 99' lang='lat' dir='ltr'><strong>qui</strong></span> <span class='ocrx_word' id='word_1_5' title='bbox 1079 466 1198 510; x_wconf 85' lang='lat' dir='ltr'><strong>non</strong></span> <span class='ocrx_word' id='word_1_6' title='bbox 1229 452 1549 522; x_wconf 60' lang='lat' dir='ltr'><strong>quasieram</strong></span> <span class='ocrx_word' id='word_1_7' title='bbox 1570 492 1586 517; x_wconf 96' lang='lat'><strong>,</strong></span> <span class='ocrx_word' id='word_1_8' title='bbox 1627 451 1823 507; x_wconf 92' lang='lat' dir='ltr'><strong>inventi</strong></span> <span class='ocrx_word' id='word_1_9' title='bbox 1853 461 1976 507; x_wconf 90' lang='lat' dir='ltr'><strong>sunt</strong></span> <span class='ocrx_word' id='word_1_10' title='bbox 2003 452 2092 520; x_wconf 89' lang='lat' dir='ltr'><strong>qui</strong></span> 
     </span>
    </p>
   </div>
   <div class='ocr_carea' id='block_1_3' title="bbox 533 543 2094 616">
    <p class='ocr_par' dir='ltr' id='par_1_3' title="bbox 533 543 2094 616">
     <span class='ocr_line' id='line_1_3' title="bbox 533 543 2094 616; baseline -0.003 -15"><span class='ocrx_word' id='word_1_11' title='bbox 533 547 666 601; x_wconf 83' lang='lat' dir='ltr'><strong>nihil</strong></span> <span class='ocrx_word' id='word_1_12' title='bbox 693 544 1072 616; x_wconf 75' lang='lat' dir='ltr'><strong>exspectabant</strong></span> <span class='ocrx_word' id='word_1_13' title='bbox 1098 561 1112 596; x_wconf 88' lang='lat'><strong>:</strong></span> <span class='ocrx_word' id='word_1_14' title='bbox 1143 558 1301 613; x_wconf 88' lang='lat' dir='ltr'><strong>quem</strong></span> <span class='ocrx_word' id='word_1_15' title='bbox 1332 559 1435 598; x_wconf 89' lang='lat' dir='ltr'><strong>non</strong></span> <span class='ocrx_word' id='word_1_16' title='bbox 1464 544 1716 599; x_wconf 86' lang='lat' dir='ltr'><strong>tenebant</strong></span> <span class='ocrx_word' id='word_1_17' title='bbox 1744 543 1908 598; x_wconf 90' lang='lat' dir='ltr'><strong>Deum</strong></span> <span class='ocrx_word' id='word_1_18' title='bbox 1941 544 2094 612; x_wconf 88' lang='lat' dir='ltr'><strong>polli-</strong></span> 
     </span>
    </p>
   </div>
   <div class='ocr_carea' id='block_1_4' title="bbox 532 635 2092 705">
    <p class='ocr_par' dir='ltr' id='par_1_4' title="bbox 532 635 2092 705">
     <span class='ocr_line' id='line_1_4' title="bbox 532 635 2092 705; baseline -0.001 -10"><span class='ocrx_word' id='word_1_19' title='bbox 532 639 833 701; x_wconf 85' lang='lat' dir='ltr'><strong>citatorem,</strong></span> <span class='ocrx_word' id='word_1_20' title='bbox 857 639 1169 692; x_wconf 88' lang='lat' dir='ltr'><strong>invenerunt</strong></span> <span class='ocrx_word' id='word_1_21' title='bbox 1186 635 1596 705; x_wconf 76' lang='lat' dir='ltr'><strong>redemptorem.</strong></span> <span class='ocrx_word' id='word_1_22' title='bbox 1620 636 1738 692; x_wconf 66' lang='lat' dir='ltr'><strong>lam</strong></span> <span class='ocrx_word' id='word_1_23' title='bbox 1761 637 1904 693; x_wconf 84' lang='lat' dir='ltr'><strong>enim</strong></span> <span class='ocrx_word' id='word_1_24' title='bbox 1925 638 2092 694; x_wconf 72' lang='lat' dir='ltr'><strong>Judaei</strong></span> 
     </span>
    </p>
   </div>
   <div class='ocr_carea' id='block_1_5' title="bbox 535 729 2091 800">
    <p class='ocr_par' dir='ltr' id='par_1_5' title="bbox 535 729 2091 800">
     <span class='ocr_line' id='line_1_5' title="bbox 535 729 2091 800; baseline 0.002 -15"><span class='ocrx_word' id='word_1_25' title='bbox 535 732 784 786; x_wconf 86' lang='lat' dir='ltr'><strong>tenebant</strong></span> <span class='ocrx_word' id='word_1_26' title='bbox 827 730 992 784; x_wconf 87' lang='lat' dir='ltr'><strong>Deum</strong></span> <span class='ocrx_word' id='word_1_27' title='bbox 1037 729 1438 799; x_wconf 86' lang='lat' dir='ltr'><strong>pollicitatorem</strong></span> <span class='ocrx_word' id='word_1_28' title='bbox 1465 770 1479 787; x_wconf 90' lang='lat'><strong>.</strong></span> <span class='ocrx_word' id='word_1_29' title='bbox 1525 731 1650 800; x_wconf 92' lang='lat' dir='ltr'><strong>quia</strong></span> <span class='ocrx_word' id='word_1_30' title='bbox 1703 730 1775 786; x_wconf 90' lang='lat' dir='ltr'><strong>ibi</strong></span> <span class='ocrx_word' id='word_1_31' title='bbox 1813 731 2091 800; x_wconf 68' lang='lat' dir='ltr'><strong>Propheta:</strong></span> 
     </span>
    </p>
   </div>
   <div class='ocr_carea' id='block_1_6' title="bbox 527 819 2086 891">
    <p class='ocr_par' dir='ltr' id='par_1_6' title="bbox 527 819 2086 891">
     <span class='ocr_line' id='line_1_6' title="bbox 527 819 2086 891; baseline 0 -14"><span class='ocrx_word' id='word_1_32' title='bbox 527 823 795 878; x_wconf 74' lang='lat' dir='ltr'><strong>Christum</strong></span> <span class='ocrx_word' id='word_1_33' title='bbox 821 821 1262 891; x_wconf 69' lang='lat' dir='ltr'><strong>prtedieaverant,</strong></span> <span class='ocrx_word' id='word_1_34' title='bbox 1291 821 1359 875; x_wconf 91' lang='lat' dir='ltr'><strong>ibi</strong></span> <span class='ocrx_word' id='word_1_35' title='bbox 1397 819 1664 876; x_wconf 89' lang='lat' dir='ltr'><strong>Christum</strong></span> <span class='ocrx_word' id='word_1_36' title='bbox 1702 823 2086 890; x_wconf 78' lang='lat' dir='ltr'><strong>promiserant;</strong></span> 
     </span>
    </p>
   </div>
   <div class='ocr_carea' id='block_1_7' title="bbox 528 913 2088 982">
    <p class='ocr_par' dir='ltr' id='par_1_7' title="bbox 528 913 2088 982">
     <span class='ocr_line' id='line_1_7' title="bbox 528 913 2088 982; baseline 0.001 -14"><span class='ocrx_word' id='word_1_37' title='bbox 528 914 618 968; x_wconf 87' lang='lat' dir='ltr'><strong>sed</strong></span> <span class='ocrx_word' id='word_1_38' title='bbox 645 929 802 982; x_wconf 86' lang='lat' dir='ltr'><strong>quem</strong></span> <span class='ocrx_word' id='word_1_39' title='bbox 831 913 1146 982; x_wconf 90' lang='lat' dir='ltr'><strong>promissum</strong></span> <span class='ocrx_word' id='word_1_40' title='bbox 1183 913 1489 975; x_wconf 77' lang='lat' dir='ltr'><strong>audierant,</strong></span> <span class='ocrx_word' id='word_1_41' title='bbox 1525 921 1837 980; x_wconf 73' lang='lat' dir='ltr'><strong>prmsentem</strong></span> <span class='ocrx_word' id='word_1_42' title='bbox 1865 928 1968 968; x_wconf 90' lang='lat' dir='ltr'><strong>non</strong></span> <span class='ocrx_word' id='word_1_43' title='bbox 1994 929 2088 969; x_wconf 78' lang='lat' dir='ltr'><strong>co-</strong></span> 
     </span>
    </p>
   </div>
   <div class='ocr_carea' id='block_1_8' title="bbox 525 1005 2086 1076">
    <p class='ocr_par' dir='ltr' id='par_1_8' title="bbox 525 1005 2086 1076">
     <span class='ocr_line' id='line_1_8' title="bbox 525 1005 2086 1076; baseline 0.001 -16"><span class='ocrx_word' id='word_1_44' title='bbox 525 1014 860 1076; x_wconf 84' lang='lat' dir='ltr'><strong>gnoverant:</strong></span> <span class='ocrx_word' id='word_1_45' title='bbox 904 1005 1008 1060; x_wconf 84' lang='lat' dir='ltr'><strong>illis</strong></span> <span class='ocrx_word' id='word_1_46' title='bbox 1051 1015 1228 1061; x_wconf 88' lang='lat' dir='ltr'><strong>autem</strong></span> <span class='ocrx_word' id='word_1_47' title='bbox 1269 1006 1583 1074; x_wconf 88' lang='lat' dir='ltr'><strong>promissum</strong></span> <span class='ocrx_word' id='word_1_48' title='bbox 1628 1006 1754 1060; x_wconf 88' lang='lat' dir='ltr'><strong>nihil</strong></span> <span class='ocrx_word' id='word_1_49' title='bbox 1797 1015 1946 1070; x_wconf 91' lang='lat' dir='ltr'><strong>erat;</strong></span> <span class='ocrx_word' id='word_1_50' title='bbox 1994 1007 2086 1061; x_wconf 89' lang='lat' dir='ltr'><strong>sed</strong></span> 
     </span>
    </p>
   </div>
   <div class='ocr_carea' id='block_1_9' title="bbox 530 1095 2084 1166">
    <p class='ocr_par' dir='ltr' id='par_1_9' title="bbox 530 1095 2084 1166">
     <span class='ocr_line' id='line_1_9' title="bbox 530 1095 2084 1166; baseline 0.003 -18"><span class='ocrx_word' id='word_1_51' title='bbox 530 1107 706 1152; x_wconf 89' lang='lat' dir='ltr'><strong>tamen</strong></span> <span class='ocrx_word' id='word_1_52' title='bbox 748 1097 801 1152; x_wconf 91' lang='lat' dir='ltr'><strong>in</strong></span> <span class='ocrx_word' id='word_1_53' title='bbox 843 1097 1126 1166; x_wconf 88' lang='lat' dir='ltr'><strong>Prophetis</strong></span> <span class='ocrx_word' id='word_1_54' title='bbox 1165 1097 1324 1152; x_wconf 88' lang='lat' dir='ltr'><strong>etiam</strong></span> <span class='ocrx_word' id='word_1_55' title='bbox 1349 1095 1416 1151; x_wconf 92' lang='lat' dir='ltr'><strong>de</strong></span> <span class='ocrx_word' id='word_1_56' title='bbox 1460 1096 1564 1151; x_wconf 77' lang='lat' dir='ltr'><strong>[ide</strong></span> <span class='ocrx_word' id='word_1_57' title='bbox 1612 1097 1850 1166; x_wconf 87' lang='lat' dir='ltr'><strong>ipsorum</strong></span> <span class='ocrx_word' id='word_1_58' title='bbox 1885 1097 2084 1152; x_wconf 90' lang='lat' dir='ltr'><strong>dictum</strong></span> 
     </span>
    </p>
   </div>
   <div class='ocr_carea' id='block_1_10' title="bbox 521 1187 2079 1260">
    <p class='ocr_par' dir='ltr' id='par_1_10' title="bbox 521 1187 2079 1260">
     <span class='ocr_line' id='line_1_10' title="bbox 521 1187 2079 1260; baseline 0 -20"><span class='ocrx_word' id='word_1_59' title='bbox 521 1197 654 1242; x_wconf 84' lang='lat' dir='ltr'><strong>erat.</strong></span> <span class='ocrx_word' id='word_1_60' title='bbox 679 1187 790 1242; x_wconf 83' lang='lat' dir='ltr'><strong>Non</strong></span> <span class='ocrx_word' id='word_1_61' title='bbox 816 1187 1013 1242; x_wconf 80' lang='lat' dir='ltr'><strong>dictum</strong></span> <span class='ocrx_word' id='word_1_62' title='bbox 1044 1198 1159 1242; x_wconf 91' lang='lat' dir='ltr'><strong>erat</strong></span> <span class='ocrx_word' id='word_1_63' title='bbox 1188 1189 1315 1257; x_wconf 82' lang='lat' dir='ltr'><strong>ipsis</strong></span> <span class='ocrx_word' id='word_1_64' title='bbox 1338 1230 1352 1254; x_wconf 92' lang='lat'><strong>,</strong></span> <span class='ocrx_word' id='word_1_65' title='bbox 1379 1189 1469 1248; x_wconf 81' lang='lat' dir='ltr'><strong>sed</strong></span> <span class='ocrx_word' id='word_1_66' title='bbox 1491 1189 1686 1244; x_wconf 89' lang='lat' dir='ltr'><strong>dictum</strong></span> <span class='ocrx_word' id='word_1_67' title='bbox 1707 1199 1822 1245; x_wconf 87' lang='lat' dir='ltr'><strong>erat</strong></span> <span class='ocrx_word' id='word_1_68' title='bbox 1841 1189 1909 1247; x_wconf 89' lang='lat' dir='ltr'><strong>de</strong></span> <span class='ocrx_word' id='word_1_69' title='bbox 1933 1190 2079 1260; x_wconf 85' lang='lat' dir='ltr'><strong>ipsis.</strong></span> 
     </span>
    </p>
   </div>
   <div class='ocr_carea' id='block_1_11' title="bbox 521 1279 2084 1353">
    <p class='ocr_par' dir='ltr' id='par_1_11' title="bbox 521 1279 2084 1353">
     <span class='ocr_line' id='line_1_11' title="bbox 521 1279 2084 1353; baseline 0.004 -19"><span class='ocrx_word' id='word_1_70' title='bbox 521 1279 734 1336; x_wconf 80' lang='lat' dir='ltr'><strong>Missum</strong></span> <span class='ocrx_word' id='word_1_71' title='bbox 761 1289 842 1335; x_wconf 86' lang='lat' dir='ltr'><strong>est</strong></span> <span class='ocrx_word' id='word_1_72' title='bbox 870 1290 921 1334; x_wconf 91' lang='lat' dir='ltr'><strong>et</strong></span> <span class='ocrx_word' id='word_1_73' title='bbox 941 1281 1007 1335; x_wconf 81' lang='lat' dir='ltr'><strong>ad</strong></span> <span class='ocrx_word' id='word_1_74' title='bbox 1037 1281 1154 1337; x_wconf 85' lang='lat' dir='ltr'><strong>illos</strong></span> <span class='ocrx_word' id='word_1_75' title='bbox 1184 1299 1197 1335; x_wconf 93' lang='lat'><strong>:</strong></span> <span class='ocrx_word' id='word_1_76' title='bbox 1241 1292 1295 1336; x_wconf 92' lang='lat' dir='ltr'><strong>et</strong></span> <span class='ocrx_word' id='word_1_77' title='bbox 1336 1282 1559 1338; x_wconf 75' lang='lat' dir='ltr'><strong>audistis</strong></span> <span class='ocrx_word' id='word_1_78' title='bbox 1582 1298 1649 1338; x_wconf 79' lang='lat' dir='ltr'><strong>ex</strong></span> <span class='ocrx_word' id='word_1_79' title='bbox 1687 1283 2084 1353; x_wconf 79' lang='lat' dir='ltr'><strong>diSpensatione</strong></span> 
     </span>
    </p>
   </div>
   <div class='ocr_carea' id='block_1_12' title="bbox 520 1369 2082 1437">
    <p class='ocr_par' dir='ltr' id='par_1_12' title="bbox 520 1369 2082 1437">
     <span class='ocr_line' id='line_1_12' title="bbox 520 1369 2082 1437; baseline 0.004 -15"><span class='ocrx_word' id='word_1_80' title='bbox 520 1369 647 1432; x_wconf 89' lang='lat' dir='ltr'><strong>Dei;</strong></span> <span class='ocrx_word' id='word_1_81' title='bbox 672 1370 780 1437; x_wconf 87' lang='lat' dir='ltr'><strong>ipsa</strong></span> <span class='ocrx_word' id='word_1_82' title='bbox 809 1371 946 1425; x_wconf 89' lang='lat' dir='ltr'><strong>enim</strong></span> <span class='ocrx_word' id='word_1_83' title='bbox 974 1372 1132 1426; x_wconf 88' lang='lat' dir='ltr'><strong>lectio</strong></span> <span class='ocrx_word' id='word_1_84' title='bbox 1159 1372 1315 1425; x_wconf 91' lang='lat' dir='ltr'><strong>modo</strong></span> <span class='ocrx_word' id='word_1_85' title='bbox 1335 1373 1484 1426; x_wconf 80' lang='lat' dir='ltr'><strong>vobis</strong></span> <span class='ocrx_word' id='word_1_86' title='bbox 1514 1372 1648 1427; x_wconf 89' lang='lat' dir='ltr'><strong>lecta</strong></span> <span class='ocrx_word' id='word_1_87' title='bbox 1676 1385 1758 1429; x_wconf 75' lang='lat' dir='ltr'><strong>est</strong></span> <span class='ocrx_word' id='word_1_88' title='bbox 1788 1375 1838 1428; x_wconf 92' lang='lat' dir='ltr'><strong>in</strong></span> <span class='ocrx_word' id='word_1_89' title='bbox 1863 1376 2082 1430; x_wconf 87' lang='lat' dir='ltr'><strong>Actibus</strong></span> 
     </span>
    </p>
   </div>
   <div class='ocr_carea' id='block_1_13' title="bbox 518 1461 2074 1532">
    <p class='ocr_par' dir='ltr' id='par_1_13' title="bbox 518 1461 2074 1532">
     <span class='ocr_line' id='line_1_13' title="bbox 518 1461 2074 1532; baseline 0.006 -21"><span class='ocrx_word' id='word_1_90' title='bbox 518 1461 927 1529; x_wconf 77' lang='lat' dir='ltr'><strong>Apostolorum,</strong></span> <span class='ocrx_word' id='word_1_91' title='bbox 972 1463 1240 1532; x_wconf 89' lang='lat' dir='ltr'><strong>quomodo</strong></span> <span class='ocrx_word' id='word_1_92' title='bbox 1267 1465 1508 1518; x_wconf 91' lang='lat' dir='ltr'><strong>centurio</strong></span> <span class='ocrx_word' id='word_1_93' title='bbox 1527 1463 1803 1522; x_wconf 86' lang='lat' dir='ltr'><strong>Cornelius</strong></span> <span class='ocrx_word' id='word_1_94' title='bbox 1828 1467 2074 1523; x_wconf 83' lang='lat' dir='ltr'><strong>credidit.</strong></span> 
     </span>
    </p>
   </div>
   <div class='ocr_carea' id='block_1_14' title="bbox 514 1552 2075 1628">
    <p class='ocr_par' dir='ltr' id='par_1_14' title="bbox 514 1552 2075 1628">
     <span class='ocr_line' id='line_1_14' title="bbox 514 1552 2075 1628; baseline 0.01 -29"><span class='ocrx_word' id='word_1_95' title='bbox 514 1552 794 1614; x_wconf 67' lang='lat' dir='ltr'><strong>Cornelius</strong></span> <span class='ocrx_word' id='word_1_96' title='bbox 813 1555 952 1609; x_wconf 89' lang='lat' dir='ltr'><strong>enim</strong></span> <span class='ocrx_word' id='word_1_97' title='bbox 973 1555 1216 1611; x_wconf 87' lang='lat' dir='ltr'><strong>centurio</strong></span> <span class='ocrx_word' id='word_1_98' title='bbox 1236 1571 1338 1611; x_wconf 90' lang='lat' dir='ltr'><strong>non</strong></span> <span class='ocrx_word' id='word_1_99' title='bbox 1366 1566 1480 1611; x_wconf 90' lang='lat' dir='ltr'><strong>erat</strong></span> <span class='ocrx_word' id='word_1_100' title='bbox 1494 1557 1561 1612; x_wconf 89' lang='lat' dir='ltr'><strong>de</strong></span> <span class='ocrx_word' id='word_1_101' title='bbox 1579 1569 1735 1628; x_wconf 80' lang='lat' dir='ltr'><strong>gente</strong></span> <span class='ocrx_word' id='word_1_102' title='bbox 1753 1559 2075 1614; x_wconf 71' lang='lat' dir='ltr'><strong>Juda&#39;orttnt.</strong></span> 
     </span>
    </p>
   </div>
   <div class='ocr_carea' id='block_1_15' title="bbox 516 1643 2076 1719">
    <p class='ocr_par' dir='ltr' id='par_1_15' title="bbox 516 1643 2076 1719">
     <span class='ocr_line' id='line_1_15' title="bbox 516 1643 2076 1719; baseline 0.006 -22"><span class='ocrx_word' id='word_1_103' title='bbox 516 1643 741 1712; x_wconf 79' lang='lat' dir='ltr'><strong>Orabat,</strong></span> <span class='ocrx_word' id='word_1_104' title='bbox 768 1646 1075 1716; x_wconf 86' lang='lat' dir='ltr'><strong>jejunabat,</strong></span> <span class='ocrx_word' id='word_1_105' title='bbox 1105 1647 1469 1719; x_wconf 87' lang='lat' dir='ltr'><strong>eleemosynas</strong></span> <span class='ocrx_word' id='word_1_106' title='bbox 1515 1650 1758 1706; x_wconf 77' lang='lat' dir='ltr'><strong>faciebat.</strong></span> <span class='ocrx_word' id='word_1_107' title='bbox 1789 1651 1902 1706; x_wconf 84' lang='lat' dir='ltr'><strong>Non</strong></span> <span class='ocrx_word' id='word_1_108' title='bbox 1931 1655 2076 1708; x_wconf 88' lang='lat' dir='ltr'><strong>illum</strong></span> 
     </span>
    </p>
   </div>
   <div class='ocr_carea' id='block_1_16' title="bbox 513 1734 2080 1809">
    <p class='ocr_par' dir='ltr' id='par_1_16' title="bbox 513 1734 2080 1809">
     <span class='ocr_line' id='line_1_16' title="bbox 513 1734 2080 1809; baseline 0.009 -23"><span class='ocrx_word' id='word_1_109' title='bbox 513 1734 746 1790; x_wconf 86' lang='lat' dir='ltr'><strong>deseruit</strong></span> <span class='ocrx_word' id='word_1_110' title='bbox 775 1737 912 1791; x_wconf 88' lang='lat' dir='ltr'><strong>Deus</strong></span> <span class='ocrx_word' id='word_1_111' title='bbox 939 1739 1180 1808; x_wconf 83' lang='lat' dir='ltr'><strong>quamvis</strong></span> <span class='ocrx_word' id='word_1_112' title='bbox 1219 1739 1271 1794; x_wconf 89' lang='lat' dir='ltr'><strong>in</strong></span> <span class='ocrx_word' id='word_1_113' title='bbox 1316 1737 1573 1795; x_wconf 80' lang='lat' dir='ltr'><strong>Gentibus</strong></span> <span class='ocrx_word' id='word_1_114' title='bbox 1600 1743 1978 1809; x_wconf 88' lang='lat' dir='ltr'><strong>constitutum;</strong></span> <span class='ocrx_word' id='word_1_115' title='bbox 2024 1755 2080 1800; x_wconf 90' lang='lat' dir='ltr'><strong>et</strong></span> 
     </span>
    </p>
   </div>
   <div class='ocr_carea' id='block_1_17' title="bbox 514 1829 2078 1905">
    <p class='ocr_par' dir='ltr' id='par_1_17' title="bbox 514 1829 2078 1905">
     <span class='ocr_line' id='line_1_17' title="bbox 514 1829 2078 1905; baseline 0.006 -24"><span class='ocrx_word' id='word_1_116' title='bbox 514 1829 706 1884; x_wconf 86' lang='lat' dir='ltr'><strong>missus</strong></span> <span class='ocrx_word' id='word_1_117' title='bbox 729 1838 812 1884; x_wconf 84' lang='lat' dir='ltr'><strong>est</strong></span> <span class='ocrx_word' id='word_1_118' title='bbox 840 1830 888 1884; x_wconf 86' lang='lat' dir='ltr'><strong>ei</strong></span> <span class='ocrx_word' id='word_1_119' title='bbox 915 1831 1154 1901; x_wconf 77' lang='lat' dir='ltr'><strong>angelus.</strong></span> <span class='ocrx_word' id='word_1_120' title='bbox 1178 1832 1268 1902; x_wconf 89' lang='lat' dir='ltr'><strong>qui</strong></span> <span class='ocrx_word' id='word_1_121' title='bbox 1289 1833 1360 1887; x_wconf 87' lang='lat' dir='ltr'><strong>illi</strong></span> <span class='ocrx_word' id='word_1_122' title='bbox 1389 1835 1652 1888; x_wconf 85' lang='lat' dir='ltr'><strong>nuntiaret</strong></span> <span class='ocrx_word' id='word_1_123' title='bbox 1677 1835 1817 1905; x_wconf 89' lang='lat' dir='ltr'><strong>quod</strong></span> <span class='ocrx_word' id='word_1_124' title='bbox 1846 1837 2078 1892; x_wconf 87' lang='lat' dir='ltr'><strong>eleemo-</strong></span> 
     </span>
    </p>
   </div>
   <div class='ocr_carea' id='block_1_18' title="bbox 513 1920 2072 1996">
    <p class='ocr_par' dir='ltr' id='par_1_18' title="bbox 513 1920 2072 1996">
     <span class='ocr_line' id='line_1_18' title="bbox 513 1920 2072 1996; baseline 0.007 -25"><span class='ocrx_word' id='word_1_125' title='bbox 513 1933 660 1988; x_wconf 85' lang='lat' dir='ltr'><strong>syn:e</strong></span> <span class='ocrx_word' id='word_1_126' title='bbox 680 1928 733 1972; x_wconf 92' lang='lat' dir='ltr'><strong>et</strong></span> <span class='ocrx_word' id='word_1_127' title='bbox 756 1920 1026 1976; x_wconf 85' lang='lat' dir='ltr'><strong>orationes</strong></span> <span class='ocrx_word' id='word_1_128' title='bbox 1053 1922 1215 1990; x_wconf 82' lang='lat' dir='ltr'><strong>ipsius</strong></span> <span class='ocrx_word' id='word_1_129' title='bbox 1237 1933 1466 1992; x_wconf 63' lang='lat' dir='ltr'><strong>acceptae</strong></span> <span class='ocrx_word' id='word_1_130' title='bbox 1495 1923 1689 1979; x_wconf 86' lang='lat' dir='ltr'><strong>fuerint</strong></span> <span class='ocrx_word' id='word_1_131' title='bbox 1709 1927 1847 1996; x_wconf 83' lang='lat' dir='ltr'><strong>apud</strong></span> <span class='ocrx_word' id='word_1_132' title='bbox 1873 1928 2035 1983; x_wconf 92' lang='lat' dir='ltr'><strong>Deum</strong></span> <span class='ocrx_word' id='word_1_133' title='bbox 2060 1947 2072 1982; x_wconf 95' lang='lat'>:</span> 
     </span>
    </p>
   </div>
   <div class='ocr_carea' id='block_1_19' title="bbox 511 2008 2073 2088">
    <p class='ocr_par' dir='ltr' id='par_1_19' title="bbox 511 2008 2073 2088">
     <span class='ocr_line' id='line_1_19' title="bbox 511 2008 2073 2088; baseline 0.008 -26"><span class='ocrx_word' id='word_1_134' title='bbox 511 2008 752 2072; x_wconf 85' lang='lat' dir='ltr'><strong>credidit,</strong></span> <span class='ocrx_word' id='word_1_135' title='bbox 785 2010 1040 2066; x_wconf 85' lang='lat' dir='ltr'><strong>advocato</strong></span> <span class='ocrx_word' id='word_1_136' title='bbox 1065 2010 1132 2066; x_wconf 87' lang='lat' dir='ltr'><strong>ad</strong></span> <span class='ocrx_word' id='word_1_137' title='bbox 1157 2029 1216 2067; x_wconf 89' lang='lat' dir='ltr'><strong>se</strong></span> <span class='ocrx_word' id='word_1_138' title='bbox 1236 2013 1394 2069; x_wconf 87' lang='lat' dir='ltr'><strong>Petro</strong></span> <span class='ocrx_word' id='word_1_139' title='bbox 1421 2015 1553 2083; x_wconf 77' lang='lat' dir='ltr'><strong>(Act.</strong></span> <span class='ocrx_word' id='word_1_140' title='bbox 1579 2015 1654 2084; x_wconf 74' lang='grc' dir='ltr'><strong>χ).</strong></span> <span class='ocrx_word' id='word_1_141' title='bbox 1679 2015 1946 2088; x_wconf 79' lang='lat' dir='ltr'><strong>Numquid</strong></span> <span class='ocrx_word' id='word_1_142' title='bbox 1968 2035 2073 2074; x_wconf 90' lang='lat' dir='ltr'><strong>non</strong></span> 
     </span>
    </p>
   </div>
   <div class='ocr_carea' id='block_1_20' title="bbox 512 2099 2067 2176">
    <p class='ocr_par' dir='ltr' id='par_1_20' title="bbox 512 2099 2067 2176">
     <span class='ocr_line' id='line_1_20' title="bbox 512 2099 2067 2176; baseline 0.008 -24"><span class='ocrx_word' id='word_1_143' title='bbox 512 2099 658 2153; x_wconf 89' lang='lat' dir='ltr'><strong>illum</strong></span> <span class='ocrx_word' id='word_1_144' title='bbox 684 2109 889 2169; x_wconf 80' lang='lat' dir='ltr'><strong>poterat</strong></span> <span class='ocrx_word' id='word_1_145' title='bbox 916 2101 1107 2158; x_wconf 84' lang='lat' dir='ltr'><strong>docere</strong></span> <span class='ocrx_word' id='word_1_146' title='bbox 1131 2103 1388 2173; x_wconf 79' lang='lat' dir='ltr'><strong>angelus?</strong></span> <span class='ocrx_word' id='word_1_147' title='bbox 1407 2105 1547 2159; x_wconf 86' lang='lat' dir='ltr'><strong>Misit</strong></span> <span class='ocrx_word' id='word_1_148' title='bbox 1576 2105 1723 2162; x_wconf 92' lang='lat' dir='ltr'><strong>illum</strong></span> <span class='ocrx_word' id='word_1_149' title='bbox 1746 2107 1812 2162; x_wconf 89' lang='lat' dir='ltr'><strong>ad</strong></span> <span class='ocrx_word' id='word_1_150' title='bbox 1832 2109 2067 2176; x_wconf 85' lang='lat' dir='ltr'><strong>Petrum,</strong></span> 
     </span>
    </p>
   </div>
   <div class='ocr_carea' id='block_1_21' title="bbox 510 2193 2073 2268">
    <p class='ocr_par' dir='ltr' id='par_1_21' title="bbox 510 2193 2073 2268">
     <span class='ocr_line' id='line_1_21' title="bbox 510 2193 2073 2268; baseline 0.007 -23"><span class='ocrx_word' id='word_1_151' title='bbox 510 2198 568 2246; x_wconf 85' lang='lat' dir='ltr'><strong>ut</strong></span> <span class='ocrx_word' id='word_1_152' title='bbox 591 2194 756 2262; x_wconf 84' lang='lat' dir='ltr'><strong>magis</strong></span> <span class='ocrx_word' id='word_1_153' title='bbox 780 2209 874 2262; x_wconf 87' lang='lat' dir='ltr'><strong>per</strong></span> <span class='ocrx_word' id='word_1_154' title='bbox 901 2193 1167 2249; x_wconf 90' lang='lat' dir='ltr'><strong>hominem</strong></span> <span class='ocrx_word' id='word_1_155' title='bbox 1193 2195 1264 2250; x_wconf 88' lang='lat' dir='ltr'><strong>illi</strong></span> <span class='ocrx_word' id='word_1_156' title='bbox 1296 2196 1426 2250; x_wconf 82' lang='lat' dir='ltr'><strong>fides</strong></span> <span class='ocrx_word' id='word_1_157' title='bbox 1465 2196 1641 2260; x_wconf 84' lang='lat' dir='ltr'><strong>fieret;</strong></span> <span class='ocrx_word' id='word_1_158' title='bbox 1667 2200 1789 2268; x_wconf 91' lang='lat' dir='ltr'><strong>quia</strong></span> <span class='ocrx_word' id='word_1_159' title='bbox 1831 2200 2073 2256; x_wconf 81' lang='lat' dir='ltr'><strong>homines</strong></span> 
     </span>
    </p>
   </div>
   <div class='ocr_carea' id='block_1_22' title="bbox 505 2279 2072 2361">
    <p class='ocr_par' dir='ltr' id='par_1_22' title="bbox 505 2279 2072 2361">
     <span class='ocr_line' id='line_1_22' title="bbox 505 2279 2072 2361; baseline 0.008 -27"><span class='ocrx_word' id='word_1_160' title='bbox 505 2279 754 2351; x_wconf 76' lang='lat' dir='ltr'><strong>dignatus</strong></span> <span class='ocrx_word' id='word_1_161' title='bbox 793 2293 905 2338; x_wconf 88' lang='lat' dir='ltr'><strong>erat</strong></span> <span class='ocrx_word' id='word_1_162' title='bbox 933 2285 1195 2339; x_wconf 81' lang='lat' dir='ltr'><strong>Dominus</strong></span> <span class='ocrx_word' id='word_1_163' title='bbox 1230 2285 1445 2340; x_wconf 72' lang='lat' dir='ltr'><strong>visitare</strong></span> <span class='ocrx_word' id='word_1_164' title='bbox 1487 2305 1500 2338; x_wconf 89' lang='lat'><strong>:</strong></span> <span class='ocrx_word' id='word_1_165' title='bbox 1543 2303 1644 2343; x_wconf 82' lang='lat' dir='ltr'><strong>nec</strong></span> <span class='ocrx_word' id='word_1_166' title='bbox 1688 2289 2072 2361; x_wconf 75' lang='lat' dir='ltr'><strong>dedignabatur</strong></span> 
     </span>
    </p>
   </div>
   <div class='ocr_carea' id='block_1_23' title="bbox 507 2373 2067 2447">
    <p class='ocr_par' dir='ltr' id='par_1_23' title="bbox 507 2373 2067 2447">
     <span class='ocr_line' id='line_1_23' title="bbox 507 2373 2067 2447; baseline 0.008 -23"><span class='ocrx_word' id='word_1_167' title='bbox 507 2373 697 2428; x_wconf 86' lang='lat' dir='ltr'><strong>docere</strong></span> <span class='ocrx_word' id='word_1_168' title='bbox 726 2388 820 2442; x_wconf 88' lang='lat' dir='ltr'><strong>per</strong></span> <span class='ocrx_word' id='word_1_169' title='bbox 846 2373 1112 2428; x_wconf 82' lang='lat' dir='ltr'><strong>hominem</strong></span> <span class='ocrx_word' id='word_1_170' title='bbox 1135 2417 1149 2440; x_wconf 94' lang='lat'><strong>,</strong></span> <span class='ocrx_word' id='word_1_171' title='bbox 1192 2377 1278 2444; x_wconf 90' lang='lat' dir='ltr'><strong>qui</strong></span> <span class='ocrx_word' id='word_1_172' title='bbox 1327 2377 1572 2447; x_wconf 79' lang='lat' dir='ltr'><strong>dignatus</strong></span> <span class='ocrx_word' id='word_1_173' title='bbox 1600 2389 1682 2434; x_wconf 86' lang='lat' dir='ltr'><strong>est</strong></span> <span class='ocrx_word' id='word_1_174' title='bbox 1727 2396 1846 2434; x_wconf 87' lang='lat' dir='ltr'><strong>esse</strong></span> <span class='ocrx_word' id='word_1_175' title='bbox 1889 2383 2067 2436; x_wconf 90' lang='lat' dir='ltr'><strong>homo.</strong></span> 
     </span>
    </p>
   </div>
   <div class='ocr_carea' id='block_1_24' title="bbox 505 2463 2070 2538">
    <p class='ocr_par' dir='ltr' id='par_1_24' title="bbox 505 2463 2070 2538">
     <span class='ocr_line' id='line_1_24' title="bbox 505 2463 2070 2538; baseline 0.008 -22"><span class='ocrx_word' id='word_1_176' title='bbox 505 2463 594 2519; x_wconf 82' lang='lat' dir='ltr'><strong>Sic</strong></span> <span class='ocrx_word' id='word_1_177' title='bbox 617 2480 742 2534; x_wconf 83' lang='lat' dir='ltr'><strong>ergo</strong></span> <span class='ocrx_word' id='word_1_178' title='bbox 767 2466 991 2519; x_wconf 80' lang='lat' dir='ltr'><strong>restituta</strong></span> <span class='ocrx_word' id='word_1_179' title='bbox 1020 2477 1091 2521; x_wconf 83' lang='lat' dir='ltr'><strong>est</strong></span> <span class='ocrx_word' id='word_1_180' title='bbox 1117 2478 1250 2520; x_wconf 76' lang='lat' dir='ltr'><strong>terra</strong></span> <span class='ocrx_word' id='word_1_181' title='bbox 1275 2469 1385 2538; x_wconf 84' lang='lat' dir='ltr'><strong>ejus</strong></span> <span class='ocrx_word' id='word_1_182' title='bbox 1402 2509 1418 2533; x_wconf 92' lang='lat'><strong>,</strong></span> <span class='ocrx_word' id='word_1_183' title='bbox 1451 2485 1556 2524; x_wconf 91' lang='lat' dir='ltr'><strong>uno</strong></span> <span class='ocrx_word' id='word_1_184' title='bbox 1608 2471 1805 2538; x_wconf 78' lang='lat' dir='ltr'><strong>pariete</strong></span> <span class='ocrx_word' id='word_1_185' title='bbox 1828 2474 2070 2528; x_wconf 72' lang='lat' dir='ltr'><strong>veniente</strong></span> 
     </span>
    </p>
   </div>
   <div class='ocr_carea' id='block_1_25' title="bbox 503 2555 2067 2634">
    <p class='ocr_par' dir='ltr' id='par_1_25' title="bbox 503 2555 2067 2634">
     <span class='ocr_line' id='line_1_25' title="bbox 503 2555 2067 2634; baseline 0.008 -27"><span class='ocrx_word' id='word_1_186' title='bbox 503 2555 570 2610; x_wconf 89' lang='lat' dir='ltr'><strong>tle</strong></span> <span class='ocrx_word' id='word_1_187' title='bbox 589 2555 817 2622; x_wconf 67' lang='lat' dir='ltr'><strong>ludatis,</strong></span> <span class='ocrx_word' id='word_1_188' title='bbox 838 2558 1010 2611; x_wconf 83' lang='lat' dir='ltr'><strong>altero</strong></span> <span class='ocrx_word' id='word_1_189' title='bbox 1040 2559 1238 2626; x_wconf 85' lang='lat' dir='ltr'><strong>pariete</strong></span> <span class='ocrx_word' id='word_1_190' title='bbox 1265 2560 1510 2616; x_wconf 84' lang='lat' dir='ltr'><strong>veniente</strong></span> <span class='ocrx_word' id='word_1_191' title='bbox 1533 2561 1600 2616; x_wconf 90' lang='lat' dir='ltr'><strong>de</strong></span> <span class='ocrx_word' id='word_1_192' title='bbox 1620 2561 1878 2617; x_wconf 81' lang='lat' dir='ltr'><strong>Gentibus</strong></span> <span class='ocrx_word' id='word_1_193' title='bbox 1903 2581 1916 2627; x_wconf 87' lang='lat'><strong>;</strong></span> <span class='ocrx_word' id='word_1_194' title='bbox 1949 2566 2067 2634; x_wconf 37' lang='lat' dir='ltr'><strong>quis</strong></span> 
     </span>
    </p>
   </div>
   <div class='ocr_carea' id='block_1_26' title="bbox 504 2645 2067 2721">
    <p class='ocr_par' dir='ltr' id='par_1_26' title="bbox 504 2645 2067 2721">
     <span class='ocr_line' id='line_1_26' title="bbox 504 2645 2067 2721; baseline 0.008 -24"><span class='ocrx_word' id='word_1_195' title='bbox 504 2645 601 2699; x_wconf 82' lang='lat' dir='ltr'><strong>bus</strong></span> <span class='ocrx_word' id='word_1_196' title='bbox 619 2645 824 2700; x_wconf 87' lang='lat' dir='ltr'><strong>duobus</strong></span> <span class='ocrx_word' id='word_1_197' title='bbox 835 2647 1120 2714; x_wconf 82' lang='lat' dir='ltr'><strong>parietibus</strong></span> <span class='ocrx_word' id='word_1_198' title='bbox 1134 2647 1202 2703; x_wconf 89' lang='lat' dir='ltr'><strong>de</strong></span> <span class='ocrx_word' id='word_1_199' title='bbox 1217 2648 1432 2704; x_wconf 86' lang='lat' dir='ltr'><strong>diverso</strong></span> <span class='ocrx_word' id='word_1_200' title='bbox 1451 2651 1782 2706; x_wconf 88' lang='lat' dir='ltr'><strong>venientibus</strong></span> <span class='ocrx_word' id='word_1_201' title='bbox 1799 2663 1939 2708; x_wconf 88' lang='lat' dir='ltr'><strong>esset</strong></span> <span class='ocrx_word' id='word_1_202' title='bbox 1955 2655 2067 2721; x_wconf 87' lang='lat' dir='ltr'><strong>ipse</strong></span> 
     </span>
    </p>
   </div>
   <div class='ocr_carea' id='block_1_27' title="bbox 502 2737 2062 2819">
    <p class='ocr_par' dir='ltr' id='par_1_27' title="bbox 502 2737 2062 2819">
     <span class='ocr_line' id='line_1_27' title="bbox 502 2737 2062 2819; baseline 0.01 -31"><span class='ocrx_word' id='word_1_203' title='bbox 502 2737 634 2806; x_wconf 85' lang='lat' dir='ltr'><strong>lapis</strong></span> <span class='ocrx_word' id='word_1_204' title='bbox 651 2739 935 2806; x_wconf 76' lang='lat' dir='ltr'><strong>angularis,</strong></span> <span class='ocrx_word' id='word_1_205' title='bbox 958 2739 1042 2792; x_wconf 87' lang='lat' dir='ltr'><strong>ubi</strong></span> <span class='ocrx_word' id='word_1_206' title='bbox 1065 2741 1221 2795; x_wconf 89' lang='lat' dir='ltr'><strong>ambo</strong></span> <span class='ocrx_word' id='word_1_207' title='bbox 1245 2744 1832 2815; x_wconf 82' lang='lat' dir='ltr'><strong>copularentur(Ephes</strong></span> <span class='ocrx_word' id='word_1_208' title='bbox 1874 2765 1928 2807; x_wconf 85' lang='grc' dir='ltr'><strong>ιι.</strong></span> <span class='ocrx_word' id='word_1_209' title='bbox 1947 2747 2062 2819; x_wconf 72' lang='lat'><strong>20).</strong></span> 
     </span>
    </p>
   </div>
   <div class='ocr_carea' id='block_1_28' title="bbox 569 2831 2063 2912">
    <p class='ocr_par' dir='ltr' id='par_1_28' title="bbox 569 2831 2063 2912">
     <span class='ocr_line' id='line_1_28' title="bbox 569 2831 2063 2912; baseline 0.008 -26"><span class='ocrx_word' id='word_1_210' title='bbox 569 2832 623 2886; x_wconf 77' lang='lat'><strong>3.</strong></span> <span class='ocrx_word' id='word_1_211' title='bbox 653 2831 844 2886; x_wconf 85' lang='lat' dir='ltr'><strong>Iterum</strong></span> <span class='ocrx_word' id='word_1_212' title='bbox 870 2833 1137 2902; x_wconf 90' lang='lat' dir='ltr'><strong>quomodo</strong></span> <span class='ocrx_word' id='word_1_213' title='bbox 1163 2837 1482 2905; x_wconf 84' lang='lat' dir='ltr'><strong>accipimus,</strong></span> <span class='ocrx_word' id='word_1_214' title='bbox 1510 2836 1636 2893; x_wconf 78' lang='lat' dir='ltr'><strong>Cum</strong></span> <span class='ocrx_word' id='word_1_215' title='bbox 1675 2849 1808 2893; x_wconf 81' lang='lat' dir='ltr'><strong>terra</strong></span> <span class='ocrx_word' id='word_1_216' title='bbox 1843 2842 1949 2912; x_wconf 89' lang='lat' dir='ltr'><strong>ejus</strong></span> <span class='ocrx_word' id='word_1_217' title='bbox 1975 2858 2063 2898; x_wconf 85' lang='lat' dir='ltr'><strong>re-</strong></span> 
     </span>
    </p>
   </div>
   <div class='ocr_carea' id='block_1_29' title="bbox 501 2921 2061 2992">
    <p class='ocr_par' dir='ltr' id='par_1_29' title="bbox 501 2921 2061 2992">
     <span class='ocr_line' id='line_1_29' title="bbox 501 2921 2061 2992; baseline 0.008 -16"><span class='ocrx_word' id='word_1_218' title='bbox 501 2922 822 2978; x_wconf 78' lang='lat' dir='ltr'><strong>stitueretur?</strong></span> <span class='ocrx_word' id='word_1_219' title='bbox 845 2921 976 2979; x_wconf 88' lang='lat' dir='ltr'><strong>Cum</strong></span> <span class='ocrx_word' id='word_1_220' title='bbox 1003 2939 1134 2982; x_wconf 87' lang='lat' dir='ltr'><strong>caro</strong></span> <span class='ocrx_word' id='word_1_221' title='bbox 1157 2925 1272 2992; x_wconf 89' lang='lat' dir='ltr'><strong>ejus</strong></span> <span class='ocrx_word' id='word_1_222' title='bbox 1300 2928 1724 2984; x_wconf 90' lang='lat' dir='ltr'><strong>resuscitaretur.</strong></span> <span class='ocrx_word' id='word_1_223' title='bbox 1754 2931 1900 2986; x_wconf 84' lang='lat' dir='ltr'><strong>Alius</strong></span> <span class='ocrx_word' id='word_1_224' title='bbox 1919 2935 2061 2988; x_wconf 89' lang='lat' dir='ltr'><strong>enim</strong></span> 
     </span>
    </p>
   </div>
   <div class='ocr_carea' id='block_1_30' title="bbox 500 3016 2060 3094">
    <p class='ocr_par' dir='ltr' id='par_1_30' title="bbox 500 3016 2060 3094">
     <span class='ocr_line' id='line_1_30' title="bbox 500 3016 2060 3094; baseline 0.008 -26"><span class='ocrx_word' id='word_1_225' title='bbox 500 3016 830 3084; x_wconf 88' lang='lat' dir='ltr'><strong>intellectus,</strong></span> <span class='ocrx_word' id='word_1_226' title='bbox 874 3026 1049 3072; x_wconf 89' lang='lat' dir='ltr'><strong>tamen</strong></span> <span class='ocrx_word' id='word_1_227' title='bbox 1090 3033 1120 3072; x_wconf 86' lang='lat' dir='ltr'><strong>a</strong></span> <span class='ocrx_word' id='word_1_228' title='bbox 1159 3017 1368 3074; x_wconf 86' lang='lat' dir='ltr'><strong>Christo</strong></span> <span class='ocrx_word' id='word_1_229' title='bbox 1392 3035 1498 3075; x_wconf 89' lang='lat' dir='ltr'><strong>non</strong></span> <span class='ocrx_word' id='word_1_230' title='bbox 1526 3022 1812 3089; x_wconf 89' lang='lat' dir='ltr'><strong>recedens,</strong></span> <span class='ocrx_word' id='word_1_231' title='bbox 1857 3026 1934 3080; x_wconf 89' lang='lat' dir='ltr'><strong>sic</strong></span> <span class='ocrx_word' id='word_1_232' title='bbox 1964 3041 2060 3094; x_wconf 83' lang='lat' dir='ltr'><strong>po-</strong></span> 
     </span>
    </p>
   </div>
   <div class='ocr_carea' id='block_1_31' title="bbox 499 3107 2059 3179">
    <p class='ocr_par' dir='ltr' id='par_1_31' title="bbox 499 3107 2059 3179">
     <span class='ocr_line' id='line_1_31' title="bbox 499 3107 2059 3179; baseline 0.01 -22"><span class='ocrx_word' id='word_1_233' title='bbox 499 3117 596 3160; x_wconf 83' lang='lat' dir='ltr'><strong>test</strong></span> <span class='ocrx_word' id='word_1_234' title='bbox 631 3107 784 3163; x_wconf 83' lang='lat' dir='ltr'><strong>nobis</strong></span> <span class='ocrx_word' id='word_1_235' title='bbox 812 3123 1094 3165; x_wconf 85' lang='lat' dir='ltr'><strong>occurrere</strong></span> <span class='ocrx_word' id='word_1_236' title='bbox 1135 3128 1148 3162; x_wconf 88' lang='lat'>:</span> <span class='ocrx_word' id='word_1_237' title='bbox 1195 3121 1334 3165; x_wconf 88' lang='lat' dir='ltr'><strong>terra</strong></span> <span class='ocrx_word' id='word_1_238' title='bbox 1366 3114 1608 3167; x_wconf 88' lang='lat' dir='ltr'><strong>restituta</strong></span> <span class='ocrx_word' id='word_1_239' title='bbox 1628 3157 1643 3179; x_wconf 94' lang='lat'><strong>,</strong></span> <span class='ocrx_word' id='word_1_240' title='bbox 1672 3129 1797 3172; x_wconf 88' lang='lat' dir='ltr'><strong>caro</strong></span> <span class='ocrx_word' id='word_1_241' title='bbox 1825 3119 2059 3172; x_wconf 66' lang='lat' dir='ltr'><strong>resuscio</strong></span> 
     </span>
    </p>
   </div>
   <div class='ocr_carea' id='block_1_32' title="bbox 497 3199 2059 3274">
    <p class='ocr_par' dir='ltr' id='par_1_32' title="bbox 497 3199 2059 3274">
     <span class='ocr_line' id='line_1_32' title="bbox 497 3199 2059 3274; baseline 0.009 -25"><span class='ocrx_word' id='word_1_242' title='bbox 497 3207 621 3252; x_wconf 76' lang='lat' dir='ltr'><strong>uita.</strong></span> <span class='ocrx_word' id='word_1_243' title='bbox 653 3199 777 3252; x_wconf 86' lang='lat' dir='ltr'><strong>Post</strong></span> <span class='ocrx_word' id='word_1_244' title='bbox 802 3201 1241 3256; x_wconf 84' lang='lat' dir='ltr'><strong>resurrectionem</strong></span> <span class='ocrx_word' id='word_1_245' title='bbox 1269 3204 1406 3257; x_wconf 82' lang='lat' dir='ltr'><strong>enim</strong></span> <span class='ocrx_word' id='word_1_246' title='bbox 1444 3203 1608 3274; x_wconf 87' lang='lat' dir='ltr'><strong>ipsius</strong></span> <span class='ocrx_word' id='word_1_247' title='bbox 1647 3205 1779 3260; x_wconf 89' lang='lat' dir='ltr'><strong>facta</strong></span> <span class='ocrx_word' id='word_1_248' title='bbox 1808 3218 1928 3260; x_wconf 91' lang='lat' dir='ltr'><strong>sunt</strong></span> <span class='ocrx_word' id='word_1_249' title='bbox 1961 3208 2059 3263; x_wconf 87' lang='lat' dir='ltr'><strong>ista</strong></span> 
     </span>
    </p>
   </div>
   <div class='ocr_carea' id='block_1_33' title="bbox 497 3289 2059 3364">
    <p class='ocr_par' dir='ltr' id='par_1_33' title="bbox 497 3289 2059 3364">
     <span class='ocr_line' id='line_1_33' title="bbox 497 3289 2059 3364; baseline 0.008 -24"><span class='ocrx_word' id='word_1_250' title='bbox 497 3289 673 3344; x_wconf 83' lang='lat' dir='ltr'><strong>ontnia</strong></span> <span class='ocrx_word' id='word_1_251' title='bbox 701 3306 818 3358; x_wconf 69' lang='lat' dir='ltr'><strong>qua:</strong></span> <span class='ocrx_word' id='word_1_252' title='bbox 840 3301 1122 3345; x_wconf 88' lang='lat' dir='ltr'><strong>cantantnr</strong></span> <span class='ocrx_word' id='word_1_253' title='bbox 1151 3293 1203 3345; x_wconf 90' lang='lat' dir='ltr'><strong>in</strong></span> <span class='ocrx_word' id='word_1_254' title='bbox 1246 3293 1475 3346; x_wconf 88' lang='lat' dir='ltr'><strong>Psalmo.</strong></span> <span class='ocrx_word' id='word_1_255' title='bbox 1516 3294 1807 3349; x_wconf 83' lang='lat' dir='ltr'><strong>Audiamus</strong></span> <span class='ocrx_word' id='word_1_256' title='bbox 1842 3298 1950 3364; x_wconf 89' lang='lat' dir='ltr'><strong>jam</strong></span> <span class='ocrx_word' id='word_1_257' title='bbox 1992 3299 2059 3352; x_wconf 93' lang='lat' dir='ltr'><strong>de</strong></span> 
     </span>
    </p>
   </div>
   <div class='ocr_carea' id='block_1_34' title="bbox 500 3380 2058 3456">
    <p class='ocr_par' dir='ltr' id='par_1_34' title="bbox 500 3380 2058 3456">
     <span class='ocr_line' id='line_1_34' title="bbox 500 3380 2058 3456; baseline 0.008 -25"><span class='ocrx_word' id='word_1_258' title='bbox 500 3389 655 3434; x_wconf 71' lang='lat' dir='ltr'><strong>terra:</strong></span> <span class='ocrx_word' id='word_1_259' title='bbox 693 3380 1026 3436; x_wconf 82' lang='lat' dir='ltr'><strong>restitutione</strong></span> <span class='ocrx_word' id='word_1_260' title='bbox 1067 3382 1331 3436; x_wconf 84' lang='lat' dir='ltr'><strong>Psalmum</strong></span> <span class='ocrx_word' id='word_1_261' title='bbox 1358 3385 1570 3454; x_wconf 84' lang='lat' dir='ltr'><strong>plenum</strong></span> <span class='ocrx_word' id='word_1_262' title='bbox 1597 3386 1808 3456; x_wconf 85' lang='lat' dir='ltr'><strong>gaudio.</strong></span> <span class='ocrx_word' id='word_1_263' title='bbox 1853 3389 2058 3446; x_wconf 77' lang='lat' dir='ltr'><strong>Excitet</strong></span> 
     </span>
    </p>
   </div>
   <div class='ocr_carea' id='block_1_35' title="bbox 498 3472 2056 3545">
    <p class='ocr_par' dir='ltr' id='par_1_35' title="bbox 498 3472 2056 3545">
     <span class='ocr_line' id='line_1_35' title="bbox 498 3472 2056 3545; baseline 0.006 -20"><span class='ocrx_word' id='word_1_264' title='bbox 498 3472 652 3526; x_wconf 84' lang='lat' dir='ltr'><strong>nobis</strong></span> <span class='ocrx_word' id='word_1_265' title='bbox 696 3474 808 3539; x_wconf 85' lang='lat' dir='ltr'><strong>ipse</strong></span> <span class='ocrx_word' id='word_1_266' title='bbox 853 3473 1104 3527; x_wconf 79' lang='lat' dir='ltr'><strong>Dominus</strong></span> <span class='ocrx_word' id='word_1_267' title='bbox 1136 3475 1273 3528; x_wconf 86' lang='lat' dir='ltr'><strong>Dens</strong></span> <span class='ocrx_word' id='word_1_268' title='bbox 1303 3487 1486 3530; x_wconf 86' lang='lat' dir='ltr'><strong>noster</strong></span> <span class='ocrx_word' id='word_1_269' title='bbox 1523 3477 1734 3545; x_wconf 79' lang='lat' dir='ltr'><strong>dignam</strong></span> <span class='ocrx_word' id='word_1_270' title='bbox 1783 3489 1940 3534; x_wconf 73' lang='lat' dir='ltr'><strong>tanta:</strong></span> <span class='ocrx_word' id='word_1_271' title='bbox 1981 3484 2056 3535; x_wconf 88' lang='lat' dir='ltr'><strong>rei</strong></span> 
     </span>
    </p>
   </div>
   <div class='ocr_carea' id='block_1_36' title="bbox 495 3565 2059 3636">
    <p class='ocr_par' dir='ltr' id='par_1_36' title="bbox 495 3565 2059 3636">
     <span class='ocr_line' id='line_1_36' title="bbox 495 3565 2059 3636; baseline 0.006 -20"><span class='ocrx_word' id='word_1_272' title='bbox 495 3566 940 3632; x_wconf 65' lang='lat' dir='ltr'><strong>cxsltectat-ionem</strong></span> <span class='ocrx_word' id='word_1_273' title='bbox 963 3576 1017 3619; x_wconf 91' lang='lat' dir='ltr'><strong>et</strong></span> <span class='ocrx_word' id='word_1_274' title='bbox 1042 3565 1422 3632; x_wconf 87' lang='lat' dir='ltr'><strong>jucunditatem</strong></span> <span class='ocrx_word' id='word_1_275' title='bbox 1451 3582 1466 3629; x_wconf 87' lang='lat'><strong>;</strong></span> <span class='ocrx_word' id='word_1_276' title='bbox 1499 3568 1609 3636; x_wconf 85' lang='lat' dir='ltr'><strong>ipse</strong></span> <span class='ocrx_word' id='word_1_277' title='bbox 1637 3585 1937 3624; x_wconf 88' lang='lat' dir='ltr'><strong>sermonem</strong></span> <span class='ocrx_word' id='word_1_278' title='bbox 1965 3588 2059 3624; x_wconf 76' lang='lat' dir='ltr'><strong>no-</strong></span> 
     </span>
    </p>
   </div>
   <div class='ocr_carea' id='block_1_37' title="bbox 496 3657 2056 3734">
    <p class='ocr_par' dir='ltr' id='par_1_37' title="bbox 496 3657 2056 3734">
     <span class='ocr_line' id='line_1_37' title="bbox 496 3657 2056 3734; baseline 0.006 -26"><span class='ocrx_word' id='word_1_279' title='bbox 496 3665 662 3710; x_wconf 81' lang='lat' dir='ltr'><strong>strum</strong></span> <span class='ocrx_word' id='word_1_280' title='bbox 694 3657 997 3712; x_wconf 85' lang='lat' dir='ltr'><strong>moderetur</strong></span> <span class='ocrx_word' id='word_1_281' title='bbox 1021 3667 1200 3726; x_wconf 90' lang='lat' dir='ltr'><strong>aptum</strong></span> <span class='ocrx_word' id='word_1_282' title='bbox 1222 3659 1470 3713; x_wconf 87' lang='lat' dir='ltr'><strong>cordibus</strong></span> <span class='ocrx_word' id='word_1_283' title='bbox 1507 3662 1697 3715; x_wconf 81' lang='lat' dir='ltr'><strong>vestris</strong></span> <span class='ocrx_word' id='word_1_284' title='bbox 1717 3704 1730 3723; x_wconf 89' lang='lat'><strong>,</strong></span> <span class='ocrx_word' id='word_1_285' title='bbox 1763 3672 1818 3716; x_wconf 92' lang='lat' dir='ltr'><strong>ut</strong></span> <span class='ocrx_word' id='word_1_286' title='bbox 1841 3664 2056 3734; x_wconf 88' lang='lat' dir='ltr'><strong>quiquid</strong></span> 
     </span>
    </p>
   </div>
   <div class='ocr_carea' id='block_1_38' title="bbox 497 3747 2056 3824">
    <p class='ocr_par' dir='ltr' id='par_1_38' title="bbox 497 3747 2056 3824">
     <span class='ocr_line' id='line_1_38' title="bbox 497 3747 2056 3824; baseline 0.005 -24"><span class='ocrx_word' id='word_1_287' title='bbox 497 3747 583 3802; x_wconf 71' lang='lat' dir='ltr'><strong>ltic</strong></span> <span class='ocrx_word' id='word_1_288' title='bbox 608 3749 837 3802; x_wconf 83' lang='lat' dir='ltr'><strong>exsultat</strong></span> <span class='ocrx_word' id='word_1_289' title='bbox 865 3763 958 3803; x_wconf 85' lang='lat' dir='ltr'><strong>cor</strong></span> <span class='ocrx_word' id='word_1_290' title='bbox 983 3759 1219 3804; x_wconf 87' lang='lat' dir='ltr'><strong>nostrum</strong></span> <span class='ocrx_word' id='word_1_291' title='bbox 1249 3751 1299 3804; x_wconf 90' lang='lat' dir='ltr'><strong>in</strong></span> <span class='ocrx_word' id='word_1_292' title='bbox 1332 3751 1523 3804; x_wconf 89' lang='lat' dir='ltr'><strong>talibus</strong></span> <span class='ocrx_word' id='word_1_293' title='bbox 1553 3754 1899 3820; x_wconf 85' lang='lat' dir='ltr'><strong>spectaculis,</strong></span> <span class='ocrx_word' id='word_1_294' title='bbox 1935 3771 2056 3824; x_wconf 89' lang='lat' dir='ltr'><strong>per-</strong></span> 
     </span>
    </p>
   </div>
   <div class='ocr_carea' id='block_1_39' title="bbox 495 3841 2056 3912">
    <p class='ocr_par' dir='ltr' id='par_1_39' title="bbox 495 3841 2056 3912">
     <span class='ocr_line' id='line_1_39' title="bbox 495 3841 2056 3912; baseline 0.007 -20"><span class='ocrx_word' id='word_1_295' title='bbox 495 3841 652 3895; x_wconf 85' lang='lat' dir='ltr'><strong>ducat</strong></span> <span class='ocrx_word' id='word_1_296' title='bbox 680 3841 745 3896; x_wconf 89' lang='lat' dir='ltr'><strong>ad</strong></span> <span class='ocrx_word' id='word_1_297' title='bbox 777 3841 1005 3912; x_wconf 80' lang='lat' dir='ltr'><strong>linguam</strong></span> <span class='ocrx_word' id='word_1_298' title='bbox 1031 3883 1046 3902; x_wconf 89' lang='lat'><strong>,</strong></span> <span class='ocrx_word' id='word_1_299' title='bbox 1076 3852 1130 3897; x_wconf 90' lang='lat' dir='ltr'><strong>et</strong></span> <span class='ocrx_word' id='word_1_300' title='bbox 1155 3843 1277 3896; x_wconf 84' lang='lat' dir='ltr'><strong>inde</strong></span> <span class='ocrx_word' id='word_1_301' title='bbox 1320 3843 1370 3896; x_wconf 88' lang='lat' dir='ltr'><strong>in</strong></span> <span class='ocrx_word' id='word_1_302' title='bbox 1402 3859 1558 3897; x_wconf 89' lang='lat' dir='ltr'><strong>aures</strong></span> <span class='ocrx_word' id='word_1_303' title='bbox 1584 3855 1784 3900; x_wconf 87' lang='lat' dir='ltr'><strong>vestras</strong></span> <span class='ocrx_word' id='word_1_304' title='bbox 1806 3888 1820 3911; x_wconf 88' lang='lat'><strong>,</strong></span> <span class='ocrx_word' id='word_1_305' title='bbox 1861 3847 2056 3903; x_wconf 89' lang='lat' dir='ltr'><strong>deinde</strong></span> 
     </span>
    </p>
   </div>
   <div class='ocr_carea' id='block_1_40' title="bbox 494 3932 1602 3999">
    <p class='ocr_par' dir='ltr' id='par_1_40' title="bbox 494 3932 1602 3999">
     <span class='ocr_line' id='line_1_40' title="bbox 494 3932 1602 3999; baseline 0.003 -16"><span class='ocrx_word' id='word_1_306' title='bbox 494 3932 550 3984; x_wconf 87' lang='lat' dir='ltr'><strong>in</strong></span> <span class='ocrx_word' id='word_1_307' title='bbox 573 3946 667 3985; x_wconf 90' lang='lat' dir='ltr'><strong>cor</strong></span> <span class='ocrx_word' id='word_1_308' title='bbox 689 3941 916 3986; x_wconf 84' lang='lat' dir='ltr'><strong>vestrum</strong></span> <span class='ocrx_word' id='word_1_309' title='bbox 942 3973 959 3999; x_wconf 95' lang='lat'><strong>,</strong></span> <span class='ocrx_word' id='word_1_310' title='bbox 1001 3932 1129 3988; x_wconf 83' lang='lat' dir='ltr'><strong>inde</strong></span> <span class='ocrx_word' id='word_1_311' title='bbox 1164 3933 1213 3986; x_wconf 93' lang='lat' dir='ltr'><strong>in</strong></span> <span class='ocrx_word' id='word_1_312' title='bbox 1247 3933 1380 3988; x_wconf 80' lang='lat' dir='ltr'><strong>facta</strong></span> <span class='ocrx_word' id='word_1_313' title='bbox 1411 3944 1602 3989; x_wconf 85' lang='lat' dir='ltr'><strong>vestra.</strong></span> 
     </span>
    </p>
   </div>
   <div class='ocr_carea' id='block_1_41' title="bbox 561 4022 2051 4098">
    <p class='ocr_par' dir='ltr' id='par_1_41' title="bbox 561 4022 2051 4098">
     <span class='ocr_line' id='line_1_41' title="bbox 561 4022 2051 4098; baseline 0.007 -23"><span class='ocrx_word' id='word_1_314' title='bbox 561 4024 613 4076; x_wconf 73' lang='grc' dir='ltr'><strong>ι.</strong></span> <span class='ocrx_word' id='word_1_315' title='bbox 653 4022 892 4077; x_wconf 76' lang='lat' dir='ltr'><strong>Dominus</strong></span> <span class='ocrx_word' id='word_1_316' title='bbox 933 4025 1175 4094; x_wconf 79' lang='lat' dir='ltr'><strong>regnavit.</strong></span> <span class='ocrx_word' id='word_1_317' title='bbox 1213 4025 1304 4079; x_wconf 92' lang='lat' dir='ltr'><strong>llle</strong></span> <span class='ocrx_word' id='word_1_318' title='bbox 1344 4026 1429 4096; x_wconf 88' lang='lat' dir='ltr'><strong>qui</strong></span> <span class='ocrx_word' id='word_1_319' title='bbox 1472 4028 1618 4081; x_wconf 87' lang='lat' dir='ltr'><strong>stetit</strong></span> <span class='ocrx_word' id='word_1_320' title='bbox 1643 4038 1763 4082; x_wconf 91' lang='lat' dir='ltr'><strong>ante</strong></span> <span class='ocrx_word' id='word_1_321' title='bbox 1783 4029 2011 4098; x_wconf 86' lang='lat' dir='ltr'><strong>judicem</strong></span> <span class='ocrx_word' id='word_1_322' title='bbox 2036 4073 2051 4097; x_wconf 92' lang='lat'><strong>,</strong></span> 
     </span>
    </p>
   </div>
   <div class='ocr_carea' id='block_1_42' title="bbox 493 4113 2054 4187">
    <p class='ocr_par' dir='ltr' id='par_1_42' title="bbox 493 4113 2054 4187">
     <span class='ocr_line' id='line_1_42' title="bbox 493 4113 2054 4187; baseline 0.007 -23"><span class='ocrx_word' id='word_1_323' title='bbox 493 4113 580 4167; x_wconf 91' lang='lat' dir='ltr'><strong>ille</strong></span> <span class='ocrx_word' id='word_1_324' title='bbox 616 4114 704 4182; x_wconf 88' lang='lat' dir='ltr'><strong>qui</strong></span> <span class='ocrx_word' id='word_1_325' title='bbox 743 4115 920 4184; x_wconf 82' lang='lat' dir='ltr'><strong>alapas</strong></span> <span class='ocrx_word' id='word_1_326' title='bbox 941 4116 1175 4184; x_wconf 88' lang='lat' dir='ltr'><strong>accepit,</strong></span> <span class='ocrx_word' id='word_1_327' title='bbox 1214 4116 1303 4170; x_wconf 79' lang='lat' dir='ltr'><strong>iile</strong></span> <span class='ocrx_word' id='word_1_328' title='bbox 1349 4117 1434 4184; x_wconf 86' lang='lat' dir='ltr'><strong>qui</strong></span> <span class='ocrx_word' id='word_1_329' title='bbox 1484 4116 1775 4187; x_wconf 70' lang='lat' dir='ltr'><strong>flagellatus</strong></span> <span class='ocrx_word' id='word_1_330' title='bbox 1822 4129 1942 4180; x_wconf 91' lang='lat' dir='ltr'><strong>est,</strong></span> <span class='ocrx_word' id='word_1_331' title='bbox 1967 4121 2054 4175; x_wconf 89' lang='lat' dir='ltr'><strong>ille</strong></span> 
     </span>
    </p>
   </div>
   <div class='ocr_carea' id='block_1_43' title="bbox 488 4203 2055 4274">
    <p class='ocr_par' dir='ltr' id='par_1_43' title="bbox 488 4203 2055 4274">
     <span class='ocr_line' id='line_1_43' title="bbox 488 4203 2055 4274; baseline 0.008 -21"><span class='ocrx_word' id='word_1_332' title='bbox 488 4203 577 4271; x_wconf 88' lang='lat' dir='ltr'><strong>qtti</strong></span> <span class='ocrx_word' id='word_1_333' title='bbox 601 4213 885 4271; x_wconf 62' lang='lat' dir='ltr'><strong>oattsputus</strong></span> <span class='ocrx_word' id='word_1_334' title='bbox 911 4213 1029 4269; x_wconf 87' lang='lat' dir='ltr'><strong>est,</strong></span> <span class='ocrx_word' id='word_1_335' title='bbox 1054 4205 1140 4259; x_wconf 86' lang='lat' dir='ltr'><strong>ille</strong></span> <span class='ocrx_word' id='word_1_336' title='bbox 1174 4207 1261 4274; x_wconf 86' lang='lat' dir='ltr'><strong>qui</strong></span> <span class='ocrx_word' id='word_1_337' title='bbox 1305 4206 1470 4272; x_wconf 81' lang='lat' dir='ltr'><strong>Spinis</strong></span> <span class='ocrx_word' id='word_1_338' title='bbox 1511 4218 1794 4262; x_wconf 87' lang='lat' dir='ltr'><strong>coronatus</strong></span> <span class='ocrx_word' id='word_1_339' title='bbox 1817 4219 1898 4262; x_wconf 89' lang='lat' dir='ltr'><strong>est</strong></span> <span class='ocrx_word' id='word_1_340' title='bbox 1920 4250 1934 4273; x_wconf 94' lang='lat'><strong>,</strong></span> <span class='ocrx_word' id='word_1_341' title='bbox 1967 4211 2055 4266; x_wconf 86' lang='lat' dir='ltr'><strong>ille</strong></span> 
     </span>
    </p>
   </div>
   <div class='ocr_carea' id='block_1_44' title="bbox 488 4293 2050 4368">
    <p class='ocr_par' dir='ltr' id='par_1_44' title="bbox 488 4293 2050 4368">
     <span class='ocr_line' id='line_1_44' title="bbox 488 4293 2050 4368; baseline 0.007 -27"><span class='ocrx_word' id='word_1_342' title='bbox 488 4294 575 4360; x_wconf 86' lang='lat' dir='ltr'><strong>qui</strong></span> <span class='ocrx_word' id='word_1_343' title='bbox 603 4293 838 4363; x_wconf 85' lang='lat' dir='ltr'><strong>colaphis</strong></span> <span class='ocrx_word' id='word_1_344' title='bbox 861 4309 1030 4348; x_wconf 72' lang='grc' dir='ltr'><strong>οειεευε</strong></span> <span class='ocrx_word' id='word_1_345' title='bbox 1057 4304 1156 4356; x_wconf 88' lang='lat' dir='ltr'><strong>est,</strong></span> <span class='ocrx_word' id='word_1_346' title='bbox 1182 4295 1266 4348; x_wconf 88' lang='lat' dir='ltr'><strong>ille</strong></span> <span class='ocrx_word' id='word_1_347' title='bbox 1286 4296 1372 4362; x_wconf 89' lang='lat' dir='ltr'><strong>qui</strong></span> <span class='ocrx_word' id='word_1_348' title='bbox 1396 4297 1445 4348; x_wconf 94' lang='lat' dir='ltr'><strong>in</strong></span> <span class='ocrx_word' id='word_1_349' title='bbox 1479 4296 1618 4366; x_wconf 85' lang='lat' dir='ltr'><strong>ligno</strong></span> <span class='ocrx_word' id='word_1_350' title='bbox 1643 4313 1930 4368; x_wconf 88' lang='lat' dir='ltr'><strong>suspensus</strong></span> <span class='ocrx_word' id='word_1_351' title='bbox 1949 4309 2050 4365; x_wconf 87' lang='lat' dir='ltr'><strong>cst,</strong></span> 
     </span>
    </p>
   </div>
   <div class='ocr_carea' id='block_1_45' title="bbox 490 4385 2050 4459">
    <p class='ocr_par' dir='ltr' id='par_1_45' title="bbox 490 4385 2050 4459">
     <span class='ocr_line' id='line_1_45' title="bbox 490 4385 2050 4459; baseline 0.006 -24"><span class='ocrx_word' id='word_1_352' title='bbox 490 4385 576 4439; x_wconf 90' lang='lat' dir='ltr'><strong>ille</strong></span> <span class='ocrx_word' id='word_1_353' title='bbox 613 4386 694 4439; x_wconf 90' lang='lat' dir='ltr'><strong>cui</strong></span> <span class='ocrx_word' id='word_1_354' title='bbox 745 4385 990 4454; x_wconf 88' lang='lat' dir='ltr'><strong>pendenti</strong></span> <span class='ocrx_word' id='word_1_355' title='bbox 1022 4386 1073 4440; x_wconf 85' lang='lat' dir='ltr'><strong>in</strong></span> <span class='ocrx_word' id='word_1_356' title='bbox 1118 4387 1257 4456; x_wconf 84' lang='lat' dir='ltr'><strong>ligno</strong></span> <span class='ocrx_word' id='word_1_357' title='bbox 1299 4388 1600 4442; x_wconf 69' lang='lat' dir='ltr'><strong>insultatum</strong></span> <span class='ocrx_word' id='word_1_358' title='bbox 1626 4400 1737 4453; x_wconf 87' lang='lat' dir='ltr'><strong>est,</strong></span> <span class='ocrx_word' id='word_1_359' title='bbox 1771 4391 1858 4444; x_wconf 92' lang='lat' dir='ltr'><strong>ille</strong></span> <span class='ocrx_word' id='word_1_360' title='bbox 1882 4391 1968 4459; x_wconf 90' lang='lat' dir='ltr'><strong>qui</strong></span> <span class='ocrx_word' id='word_1_361' title='bbox 2000 4392 2050 4445; x_wconf 91' lang='lat' dir='ltr'><strong>iu</strong></span> 
     </span>
    </p>
   </div>
   <div class='ocr_carea' id='block_1_46' title="bbox 485 4476 2053 4548">
    <p class='ocr_par' dir='ltr' id='par_1_46' title="bbox 485 4476 2053 4548">
     <span class='ocr_line' id='line_1_46' title="bbox 485 4476 2053 4548; baseline 0.008 -24"><span class='ocrx_word' id='word_1_362' title='bbox 485 4490 644 4529; x_wconf 80' lang='lat' dir='ltr'><strong>cruce</strong></span> <span class='ocrx_word' id='word_1_363' title='bbox 679 4485 918 4530; x_wconf 88' lang='lat' dir='ltr'><strong>mortuus</strong></span> <span class='ocrx_word' id='word_1_364' title='bbox 944 4486 1055 4539; x_wconf 84' lang='lat' dir='ltr'><strong>ost;</strong></span> <span class='ocrx_word' id='word_1_365' title='bbox 1100 4476 1186 4531; x_wconf 89' lang='lat' dir='ltr'><strong>ille</strong></span> <span class='ocrx_word' id='word_1_366' title='bbox 1209 4477 1295 4546; x_wconf 88' lang='lat' dir='ltr'><strong>qui</strong></span> <span class='ocrx_word' id='word_1_367' title='bbox 1328 4478 1502 4532; x_wconf 77' lang='lat' dir='ltr'><strong>lancea</strong></span> <span class='ocrx_word' id='word_1_368' title='bbox 1533 4495 1812 4548; x_wconf 81' lang='lat' dir='ltr'><strong>percussus</strong></span> <span class='ocrx_word' id='word_1_369' title='bbox 1832 4491 1930 4544; x_wconf 89' lang='lat' dir='ltr'><strong>est,</strong></span> <span class='ocrx_word' id='word_1_370' title='bbox 1967 4482 2053 4536; x_wconf 91' lang='lat' dir='ltr'><strong>ille</strong></span> 
     </span>
    </p>
   </div>
   <div class='ocr_carea' id='block_1_47' title="bbox 485 4567 2052 4643">
    <p class='ocr_par' dir='ltr' id='par_1_47' title="bbox 485 4567 2052 4643">
     <span class='ocr_line' id='line_1_47' title="bbox 485 4567 2052 4643; baseline 0.005 -24"><span class='ocrx_word' id='word_1_371' title='bbox 485 4567 572 4634; x_wconf 89' lang='lat' dir='ltr'><strong>qni</strong></span> <span class='ocrx_word' id='word_1_372' title='bbox 617 4568 852 4636; x_wconf 84' lang='lat' dir='ltr'><strong>sepultus</strong></span> <span class='ocrx_word' id='word_1_373' title='bbox 879 4576 994 4634; x_wconf 88' lang='lat' dir='ltr'><strong>est,</strong></span> <span class='ocrx_word' id='word_1_374' title='bbox 1023 4568 1136 4639; x_wconf 82' lang='lat' dir='ltr'><strong>ipse</strong></span> <span class='ocrx_word' id='word_1_375' title='bbox 1175 4572 1484 4625; x_wconf 77' lang='lat' dir='ltr'><strong>resurrexit.</strong></span> <span class='ocrx_word' id='word_1_376' title='bbox 1519 4572 1764 4626; x_wconf 75' lang='lat' dir='ltr'><strong>Dominus</strong></span> <span class='ocrx_word' id='word_1_377' title='bbox 1808 4575 2052 4643; x_wconf 84' lang='lat' dir='ltr'><strong>regnavit.</strong></span> 
     </span>
    </p>
   </div>
   <div class='ocr_carea' id='block_1_48' title="bbox 485 4660 2047 4734">
    <p class='ocr_par' dir='ltr' id='par_1_48' title="bbox 485 4660 2047 4734">
     <span class='ocr_line' id='line_1_48' title="bbox 485 4660 2047 4734; baseline 0.006 -23"><span class='ocrx_word' id='word_1_378' title='bbox 485 4660 714 4714; x_wconf 70' lang='lat' dir='ltr'><strong>Saeviant</strong></span> <span class='ocrx_word' id='word_1_379' title='bbox 758 4672 1008 4730; x_wconf 84' lang='lat' dir='ltr'><strong>quantum</strong></span> <span class='ocrx_word' id='word_1_380' title='bbox 1056 4676 1270 4730; x_wconf 84' lang='lat' dir='ltr'><strong>possunt</strong></span> <span class='ocrx_word' id='word_1_381' title='bbox 1312 4679 1504 4734; x_wconf 83' lang='lat' dir='ltr'><strong>regna;</strong></span> <span class='ocrx_word' id='word_1_382' title='bbox 1535 4665 1660 4734; x_wconf 83' lang='lat' dir='ltr'><strong>quid</strong></span> <span class='ocrx_word' id='word_1_383' title='bbox 1691 4675 1813 4718; x_wconf 83' lang='lat' dir='ltr'><strong>sunt</strong></span> <span class='ocrx_word' id='word_1_384' title='bbox 1853 4665 2047 4720; x_wconf 70' lang='lat' dir='ltr'><strong>iactura</strong></span> 
     </span>
    </p>
   </div>
   <div class='ocr_carea' id='block_1_49' title="bbox 485 4751 2050 4823">
    <p class='ocr_par' dir='ltr' id='par_1_49' title="bbox 485 4751 2050 4823">
     <span class='ocr_line' id='line_1_49' title="bbox 485 4751 2050 4823; baseline 0.004 -19"><span class='ocrx_word' id='word_1_385' title='bbox 485 4751 608 4820; x_wconf 76' lang='lat' dir='ltr'><strong>Regi</strong></span> <span class='ocrx_word' id='word_1_386' title='bbox 666 4768 944 4820; x_wconf 81' lang='lat' dir='ltr'><strong>regnorum</strong></span> <span class='ocrx_word' id='word_1_387' title='bbox 969 4793 984 4816; x_wconf 89' lang='lat'><strong>,</strong></span> <span class='ocrx_word' id='word_1_388' title='bbox 1034 4753 1251 4810; x_wconf 84' lang='lat' dir='ltr'><strong>Domino</strong></span> <span class='ocrx_word' id='word_1_389' title='bbox 1295 4755 1528 4808; x_wconf 87' lang='lat' dir='ltr'><strong>omnium</strong></span> <span class='ocrx_word' id='word_1_390' title='bbox 1569 4771 1748 4823; x_wconf 84' lang='lat' dir='ltr'><strong>regum</strong></span> <span class='ocrx_word' id='word_1_391' title='bbox 1774 4796 1790 4819; x_wconf 93' lang='lat'><strong>,</strong></span> <span class='ocrx_word' id='word_1_392' title='bbox 1814 4755 2050 4811; x_wconf 81' lang='lat' dir='ltr'><strong>Creatori</strong></span> 
     </span>
    </p>
   </div>
   <div class='ocr_carea' id='block_1_50' title="bbox 481 4842 2047 4917">
    <p class='ocr_par' dir='ltr' id='par_1_50' title="bbox 481 4842 2047 4917">
     <span class='ocr_line' id='line_1_50' title="bbox 481 4842 2047 4917; baseline 0.003 -21"><span class='ocrx_word' id='word_1_393' title='bbox 481 4842 715 4896; x_wconf 89' lang='lat' dir='ltr'><strong>omnium</strong></span> <span class='ocrx_word' id='word_1_394' title='bbox 747 4843 1095 4897; x_wconf 61' lang='lat' dir='ltr'><strong>seculorum?</strong></span> <span class='ocrx_word' id='word_1_395' title='bbox 1118 4845 1194 4897; x_wconf 81' lang='lat' dir='ltr'><strong>An</strong></span> <span class='ocrx_word' id='word_1_396' title='bbox 1228 4845 1345 4900; x_wconf 87' lang='lat' dir='ltr'><strong>ideo</strong></span> <span class='ocrx_word' id='word_1_397' title='bbox 1383 4846 1768 4917; x_wconf 81' lang='lat' dir='ltr'><strong>contemnitur,</strong></span> <span class='ocrx_word' id='word_1_398' title='bbox 1791 4846 1911 4914; x_wconf 89' lang='lat' dir='ltr'><strong>quia</strong></span> <span class='ocrx_word' id='word_1_399' title='bbox 1944 4857 2047 4900; x_wconf 88' lang='lat' dir='ltr'><strong>tam</strong></span> 
     </span>
    </p>
   </div>
   <div class='ocr_carea' id='block_1_51' title="bbox 479 4933 2046 5005">
    <p class='ocr_par' dir='ltr' id='par_1_51' title="bbox 479 4933 2046 5005">
     <span class='ocr_line' id='line_1_51' title="bbox 479 4933 2046 5005; baseline 0.003 -19"><span class='ocrx_word' id='word_1_400' title='bbox 479 4933 795 4996; x_wconf 83' lang='lat' dir='ltr'><strong>submissus,</strong></span> <span class='ocrx_word' id='word_1_401' title='bbox 827 4943 881 4989; x_wconf 87' lang='lat' dir='ltr'><strong>et</strong></span> <span class='ocrx_word' id='word_1_402' title='bbox 910 4944 1012 4988; x_wconf 86' lang='lat' dir='ltr'><strong>tam</strong></span> <span class='ocrx_word' id='word_1_403' title='bbox 1042 4935 1250 4990; x_wconf 89' lang='lat' dir='ltr'><strong>bumilis</strong></span> <span class='ocrx_word' id='word_1_404' title='bbox 1278 4937 1548 5005; x_wconf 82' lang='lat' dir='ltr'><strong>apparuit?</strong></span> <span class='ocrx_word' id='word_1_405' title='bbox 1571 4935 1918 4990; x_wconf 80' lang='lat' dir='ltr'><strong>Misericordia</strong></span> <span class='ocrx_word' id='word_1_406' title='bbox 1945 4947 2046 5004; x_wconf 75' lang='lat' dir='ltr'><strong>est,</strong></span> 
     </span>
    </p>
   </div>
   <div class='ocr_carea' id='block_1_52' title="bbox 481 5025 2046 5096">
    <p class='ocr_par' dir='ltr' id='par_1_52' title="bbox 481 5025 2046 5096">
     <span class='ocr_line' id='line_1_52' title="bbox 481 5025 2046 5096; baseline 0.003 -18"><span class='ocrx_word' id='word_1_407' title='bbox 481 5039 586 5078; x_wconf 90' lang='lat' dir='ltr'><strong>non</strong></span> <span class='ocrx_word' id='word_1_408' title='bbox 619 5025 924 5096; x_wconf 86' lang='lat' dir='ltr'><strong>impotentia</strong></span> <span class='ocrx_word' id='word_1_409' title='bbox 955 5043 974 5080; x_wconf 93' lang='lat'><strong><em>:</em></strong></span> <span class='ocrx_word' id='word_1_410' title='bbox 1004 5026 1091 5080; x_wconf 83' lang='lat' dir='ltr'><strong>ille</strong></span> <span class='ocrx_word' id='word_1_411' title='bbox 1115 5027 1255 5081; x_wconf 90' lang='lat' dir='ltr'><strong>enim</strong></span> <span class='ocrx_word' id='word_1_412' title='bbox 1283 5027 1494 5082; x_wconf 89' lang='lat' dir='ltr'><strong>humilis</strong></span> <span class='ocrx_word' id='word_1_413' title='bbox 1532 5028 1802 5096; x_wconf 87' lang='lat' dir='ltr'><strong>apparuit,</strong></span> <span class='ocrx_word' id='word_1_414' title='bbox 1833 5039 1888 5081; x_wconf 93' lang='lat' dir='ltr'><strong>ut</strong></span> <span class='ocrx_word' id='word_1_415' title='bbox 1925 5045 2046 5083; x_wconf 89' lang='lat' dir='ltr'><strong>eum</strong></span> 
     </span>
    </p>
   </div>
   <div class='ocr_carea' id='block_1_53' title="bbox 475 5117 2047 5189">
    <p class='ocr_par' dir='ltr' id='par_1_53' title="bbox 475 5117 2047 5189">
     <span class='ocr_line' id='line_1_53' title="bbox 475 5117 2047 5189; baseline 0.001 -18"><span class='ocrx_word' id='word_1_416' title='bbox 475 5131 809 5185; x_wconf 85' lang='lat' dir='ltr'><strong>caperemus.</strong></span> <span class='ocrx_word' id='word_1_417' title='bbox 863 5117 968 5172; x_wconf 88' lang='lat' dir='ltr'><strong>Sed</strong></span> <span class='ocrx_word' id='word_1_418' title='bbox 1014 5118 1121 5186; x_wconf 87' lang='lat' dir='ltr'><strong>jam</strong></span> <span class='ocrx_word' id='word_1_419' title='bbox 1160 5118 1432 5173; x_wconf 83' lang='lat' dir='ltr'><strong>videamus</strong></span> <span class='ocrx_word' id='word_1_420' title='bbox 1464 5139 1475 5172; x_wconf 92' lang='lat'>:</span> <span class='ocrx_word' id='word_1_421' title='bbox 1506 5118 1754 5173; x_wconf 78' lang='lat' dir='ltr'><strong>Dominus</strong></span> <span class='ocrx_word' id='word_1_422' title='bbox 1803 5121 2047 5189; x_wconf 70' lang='lat' dir='ltr'><strong>regnavit;</strong></span> 
     </span>
    </p>
   </div>
   <div class='ocr_carea' id='block_1_54' title="bbox 480 5206 2042 5278">
    <p class='ocr_par' dir='ltr' id='par_1_54' title="bbox 480 5206 2042 5278">
     <span class='ocr_line' id='line_1_54' title="bbox 480 5206 2042 5278; baseline 0.002 -18"><span class='ocrx_word' id='word_1_423' title='bbox 480 5206 688 5262; x_wconf 67' lang='lat' dir='ltr'><strong>exsultet</strong></span> <span class='ocrx_word' id='word_1_424' title='bbox 716 5219 846 5261; x_wconf 84' lang='lat' dir='ltr'><strong>terra</strong></span> <span class='ocrx_word' id='word_1_425' title='bbox 869 5249 884 5272; x_wconf 93' lang='lat'><strong>,</strong></span> <span class='ocrx_word' id='word_1_426' title='bbox 900 5208 1244 5277; x_wconf 76' lang='lat' dir='ltr'><strong>jucundcntur</strong></span> <span class='ocrx_word' id='word_1_427' title='bbox 1268 5209 1448 5263; x_wconf 73' lang='lat' dir='ltr'><strong>insula:</strong></span> <span class='ocrx_word' id='word_1_428' title='bbox 1472 5209 1658 5262; x_wconf 64' lang='lat' dir='ltr'><strong>multis.</strong></span> <span class='ocrx_word' id='word_1_429' title='bbox 1694 5209 1784 5262; x_wconf 77' lang='lat' dir='ltr'><strong>Est</strong></span> <span class='ocrx_word' id='word_1_430' title='bbox 1813 5209 2042 5278; x_wconf 80' lang='lat' dir='ltr'><strong>quidem,</strong></span> 
     </span>
    </p>
   </div>
   <div class='ocr_carea' id='block_1_55' title="bbox 479 5299 2045 5370">
    <p class='ocr_par' dir='ltr' id='par_1_55' title="bbox 479 5299 2045 5370">
     <span class='ocr_line' id='line_1_55' title="bbox 479 5299 2045 5370; baseline 0.003 -20"><span class='ocrx_word' id='word_1_431' title='bbox 479 5299 596 5367; x_wconf 86' lang='lat' dir='ltr'><strong>quia</strong></span> <span class='ocrx_word' id='word_1_432' title='bbox 625 5301 840 5354; x_wconf 83' lang='lat' dir='ltr'><strong>verbum</strong></span> <span class='ocrx_word' id='word_1_433' title='bbox 873 5299 962 5352; x_wconf 88' lang='lat' dir='ltr'><strong>Dei</strong></span> <span class='ocrx_word' id='word_1_434' title='bbox 1003 5314 1106 5351; x_wconf 91' lang='lat' dir='ltr'><strong>non</strong></span> <span class='ocrx_word' id='word_1_435' title='bbox 1153 5299 1202 5350; x_wconf 91' lang='lat' dir='ltr'><strong>in</strong></span> <span class='ocrx_word' id='word_1_436' title='bbox 1233 5299 1343 5352; x_wconf 86' lang='lat' dir='ltr'><strong>sola</strong></span> <span class='ocrx_word' id='word_1_437' title='bbox 1369 5300 1655 5353; x_wconf 82' lang='lat' dir='ltr'><strong>continenti</strong></span> <span class='ocrx_word' id='word_1_438' title='bbox 1689 5310 1827 5354; x_wconf 85' lang='lat' dir='ltr'><strong>terra</strong></span> <span class='ocrx_word' id='word_1_439' title='bbox 1855 5301 2045 5370; x_wconf 67' lang='lat' dir='ltr'><strong>praedi-</strong></span> 
     </span>
    </p>
   </div>
   <div class='ocr_carea' id='block_1_56' title="bbox 477 5391 2084 5462">
    <p class='ocr_par' dir='ltr' id='par_1_56' title="bbox 477 5391 2084 5462">
     <span class='ocr_line' id='line_1_56' title="bbox 477 5391 2084 5462; baseline 0.002 -22"><span class='ocrx_word' id='word_1_440' title='bbox 477 5401 650 5446; x_wconf 82' lang='lat' dir='ltr'><strong>catum</strong></span> <span class='ocrx_word' id='word_1_441' title='bbox 679 5402 758 5446; x_wconf 89' lang='lat' dir='ltr'><strong>est</strong></span> <span class='ocrx_word' id='word_1_442' title='bbox 782 5434 796 5456; x_wconf 96' lang='lat'><strong>,</strong></span> <span class='ocrx_word' id='word_1_443' title='bbox 829 5392 921 5446; x_wconf 84' lang='lat' dir='ltr'><strong>sed</strong></span> <span class='ocrx_word' id='word_1_444' title='bbox 948 5391 1104 5446; x_wconf 90' lang='lat' dir='ltr'><strong>etiam</strong></span> <span class='ocrx_word' id='word_1_445' title='bbox 1145 5391 1195 5444; x_wconf 90' lang='lat' dir='ltr'><strong>in</strong></span> <span class='ocrx_word' id='word_1_446' title='bbox 1238 5391 1422 5445; x_wconf 84' lang='lat' dir='ltr'><strong>insulis</strong></span> <span class='ocrx_word' id='word_1_447' title='bbox 1445 5407 1563 5462; x_wconf 68' lang='lat' dir='ltr'><strong>qua:</strong></span> <span class='ocrx_word' id='word_1_448' title='bbox 1603 5391 2049 5447; x_wconf 70' lang='lat' dir='ltr'><strong>coostitnttn&#39;snut</strong></span> <span class='ocrx_word' id='word_1_449' title='bbox 2082 5442 2084 5444; x_wconf 74' lang='grc'>,</span> 
     </span>
    </p>
   </div>
   <div class='ocr_carea' id='block_1_57' title="bbox 478 5481 2099 5552">
    <p class='ocr_par' dir='ltr' id='par_1_57' title="bbox 478 5481 2099 5552">
     <span class='ocr_line' id='line_1_57' title="bbox 478 5481 2099 5552; baseline 0.002 -18"><span class='ocrx_word' id='word_1_450' title='bbox 478 5481 531 5534; x_wconf 90' lang='lat' dir='ltr'><strong>iu</strong></span> <span class='ocrx_word' id='word_1_451' title='bbox 559 5483 733 5535; x_wconf 87' lang='lat' dir='ltr'><strong>medio</strong></span> <span class='ocrx_word' id='word_1_452' title='bbox 756 5483 887 5536; x_wconf 83' lang='lat' dir='ltr'><strong>mari</strong></span> <span class='ocrx_word' id='word_1_453' title='bbox 917 5493 1003 5538; x_wconf 83' lang='lat' dir='ltr'><strong>:et</strong></span> <span class='ocrx_word' id='word_1_454' title='bbox 1037 5483 1163 5551; x_wconf 79' lang='lat' dir='ltr'><strong>ipsze</strong></span> <span class='ocrx_word' id='word_1_455' title='bbox 1193 5482 1360 5551; x_wconf 68' lang='lat' dir='ltr'><strong>plenae</strong></span> <span class='ocrx_word' id='word_1_456' title='bbox 1383 5482 1699 5545; x_wconf 85' lang='lat' dir='ltr'><strong>christianis,</strong></span> <span class='ocrx_word' id='word_1_457' title='bbox 1733 5484 1900 5552; x_wconf 77' lang='lat' dir='ltr'><strong>plena:</strong></span> <span class='ocrx_word' id='word_1_458' title='bbox 1925 5495 2048 5538; x_wconf 88' lang='lat' dir='ltr'><strong>sunt</strong></span> <span class='ocrx_word' id='word_1_459' title='bbox 2097 5534 2099 5537; x_wconf 89' lang='lat'><strong>.</strong></span> 
     </span>
    </p>
   </div>
   <div class='ocr_carea' id='block_1_58' title="bbox 479 5572 2045 5643">
    <p class='ocr_par' dir='ltr' id='par_1_58' title="bbox 479 5572 2045 5643">
     <span class='ocr_line' id='line_1_58' title="bbox 479 5572 2045 5643; baseline 0.002 -17"><span class='ocrx_word' id='word_1_460' title='bbox 479 5572 646 5626; x_wconf 82' lang='lat' dir='ltr'><strong>servis</strong></span> <span class='ocrx_word' id='word_1_461' title='bbox 673 5572 785 5626; x_wconf 88' lang='lat' dir='ltr'><strong>Dei.</strong></span> <span class='ocrx_word' id='word_1_462' title='bbox 811 5572 922 5626; x_wconf 84' lang='lat' dir='ltr'><strong>Non</strong></span> <span class='ocrx_word' id='word_1_463' title='bbox 951 5574 1090 5627; x_wconf 86' lang='lat' dir='ltr'><strong>enim</strong></span> <span class='ocrx_word' id='word_1_464' title='bbox 1120 5583 1327 5643; x_wconf 83' lang='lat' dir='ltr'><strong>separat</strong></span> <span class='ocrx_word' id='word_1_465' title='bbox 1356 5589 1500 5629; x_wconf 89' lang='lat' dir='ltr'><strong>mare</strong></span> <span class='ocrx_word' id='word_1_466' title='bbox 1528 5591 1646 5629; x_wconf 84' lang='lat' dir='ltr'><strong>eum</strong></span> <span class='ocrx_word' id='word_1_467' title='bbox 1677 5575 1763 5642; x_wconf 91' lang='lat' dir='ltr'><strong>qui</strong></span> <span class='ocrx_word' id='word_1_468' title='bbox 1793 5574 1912 5630; x_wconf 83' lang='lat' dir='ltr'><strong>fecit</strong></span> <span class='ocrx_word' id='word_1_469' title='bbox 1937 5589 2045 5629; x_wconf 90' lang='lat' dir='ltr'><strong>ma-</strong></span> 
     </span>
    </p>
   </div>
   <div class='ocr_carea' id='block_1_59' title="bbox 479 5662 2046 5735">
    <p class='ocr_par' dir='ltr' id='par_1_59' title="bbox 479 5662 2046 5735">
     <span class='ocr_line' id='line_1_59' title="bbox 479 5662 2046 5735; baseline 0.004 -23"><span class='ocrx_word' id='word_1_470' title='bbox 479 5677 555 5719; x_wconf 79' lang='lat' dir='ltr'><strong>re.</strong></span> <span class='ocrx_word' id='word_1_471' title='bbox 585 5662 700 5726; x_wconf 88' lang='lat' dir='ltr'><strong>Quo</strong></span> <span class='ocrx_word' id='word_1_472' title='bbox 728 5676 890 5716; x_wconf 86' lang='lat' dir='ltr'><strong>naves</strong></span> <span class='ocrx_word' id='word_1_473' title='bbox 925 5676 1139 5732; x_wconf 65' lang='lat' dir='ltr'><strong>possunt</strong></span> <span class='ocrx_word' id='word_1_474' title='bbox 1167 5666 1446 5731; x_wconf 82' lang='lat' dir='ltr'><strong>accedere,</strong></span> <span class='ocrx_word' id='word_1_475' title='bbox 1473 5667 1629 5721; x_wconf 87' lang='lat' dir='ltr'><strong>verba</strong></span> <span class='ocrx_word' id='word_1_476' title='bbox 1672 5667 1759 5720; x_wconf 90' lang='lat' dir='ltr'><strong>Dei</strong></span> <span class='ocrx_word' id='word_1_477' title='bbox 1799 5684 1901 5720; x_wconf 90' lang='lat' dir='ltr'><strong>non</strong></span> <span class='ocrx_word' id='word_1_478' title='bbox 1929 5681 2046 5735; x_wconf 87' lang='lat' dir='ltr'><strong>pos-</strong></span> 
     </span>
    </p>
   </div>
   <div class='ocr_carea' id='block_1_60' title="bbox 479 5742 2047 5825">
    <p class='ocr_par' dir='ltr' id='par_1_60' title="bbox 479 5742 2047 5825">
     <span class='ocr_line' id='line_1_60' title="bbox 479 5742 2047 5825; baseline 0.003 -19"><span class='ocrx_word' id='word_1_479' title='bbox 479 5753 639 5806; x_wconf 75' lang='lat' dir='ltr'><strong>sunt?</strong></span> <span class='ocrx_word' id='word_1_480' title='bbox 666 5749 897 5817; x_wconf 79' lang='lat' dir='ltr'><strong>impleta:</strong></span> <span class='ocrx_word' id='word_1_481' title='bbox 934 5763 1054 5806; x_wconf 86' lang='lat' dir='ltr'><strong>sunt</strong></span> <span class='ocrx_word' id='word_1_482' title='bbox 1075 5742 1284 5809; x_wconf 62' lang='lat' dir='ltr'><strong>insulte.</strong></span> <span class='ocrx_word' id='word_1_483' title='bbox 1314 5755 1685 5812; x_wconf 77' lang='lat' dir='ltr'><strong>Verumtamen</strong></span> <span class='ocrx_word' id='word_1_484' title='bbox 1737 5767 1954 5825; x_wconf 82' lang='lat' dir='ltr'><strong>possunt</strong></span> <span class='ocrx_word' id='word_1_485' title='bbox 1991 5767 2047 5812; x_wconf 87' lang='lat' dir='ltr'><strong>et</strong></span> 
     </span>
    </p>
   </div>
   <div class='ocr_carea' id='block_1_61' title="bbox 1685 286 2565 392">
    <p class='ocr_par' dir='ltr' id='par_1_61' title="bbox 1685 286 2565 392">
     <span class='ocr_line' id='line_1_61' title="bbox 1685 286 2565 392; baseline 0.003 -5"><span class='ocrx_word' id='word_1_486' title='bbox 1685 286 1694 293; x_wconf 34' lang='lat'><strong>.</strong></span> <span class='ocrx_word' id='word_1_487' title='bbox 1761 334 1821 388; x_wconf 79' lang='lat'><strong>8.</strong></span> <span class='ocrx_word' id='word_1_488' title='bbox 1864 334 2224 391; x_wconf 66' lang='lat' dir='ltr'><strong>AUC‘USTlNl</strong></span> <span class='ocrx_word' id='word_1_489' title='bbox 2266 336 2565 392; x_wconf 71' lang='lat' dir='ltr'><strong>EPISCOPI</strong></span> 
     </span>
    </p>
   </div>
   <div class='ocr_carea' id='block_1_62' title="bbox 3639 351 3772 405">
    <p class='ocr_par' dir='ltr' id='par_1_62' title="bbox 3639 351 3772 405">
     <span class='ocr_line' id='line_1_62' title="bbox 3639 351 3772 405; baseline 0.023 -3"><span class='ocrx_word' id='word_1_490' title='bbox 3639 351 3772 405; x_wconf 55' lang='grc' dir='ltr'><strong>Μαι</strong></span> 
     </span>
    </p>
   </div>
   <div class='ocr_carea' id='block_1_63' title="bbox 2203 451 3774 528">
    <p class='ocr_par' dir='ltr' id='par_1_63' title="bbox 2203 451 3774 528">
     <span class='ocr_line' id='line_1_63' title="bbox 2203 451 3774 528; baseline 0.009 -23"><span class='ocrx_word' id='word_1_491' title='bbox 2203 451 2255 505; x_wconf 91' lang='lat' dir='ltr'><strong>in</strong></span> <span class='ocrx_word' id='word_1_492' title='bbox 2287 451 2449 520; x_wconf 83' lang='lat' dir='ltr'><strong>figura</strong></span> <span class='ocrx_word' id='word_1_493' title='bbox 2474 461 2616 508; x_wconf 89' lang='lat' dir='ltr'><strong>recte</strong></span> <span class='ocrx_word' id='word_1_494' title='bbox 2642 454 2806 523; x_wconf 84' lang='lat' dir='ltr'><strong>accipi</strong></span> <span class='ocrx_word' id='word_1_495' title='bbox 2837 455 3020 510; x_wconf 67' lang='lat' dir='ltr'><strong>insulae</strong></span> <span class='ocrx_word' id='word_1_496' title='bbox 3045 497 3058 518; x_wconf 96' lang='lat'><strong>,</strong></span> <span class='ocrx_word' id='word_1_497' title='bbox 3088 472 3274 512; x_wconf 88' lang='lat' dir='ltr'><strong>omnes</strong></span> <span class='ocrx_word' id='word_1_498' title='bbox 3304 459 3569 514; x_wconf 71' lang='lat' dir='ltr'><strong>Ecclesize.</strong></span> <span class='ocrx_word' id='word_1_499' title='bbox 3598 466 3774 528; x_wconf 82' lang='lat' dir='ltr'><strong>Quate</strong></span> 
     </span>
    </p>
   </div>
   <div class='ocr_carea' id='block_1_64' title="bbox 2201 541 3770 610">
    <p class='ocr_par' dir='ltr' id='par_1_64' title="bbox 2201 541 3770 610">
     <span class='ocr_line' id='line_1_64' title="bbox 2201 541 3770 610; baseline 0.01 -16"><span class='ocrx_word' id='word_1_500' title='bbox 2201 541 2428 597; x_wconf 66' lang='lat' dir='ltr'><strong>insulae?</strong></span> <span class='ocrx_word' id='word_1_501' title='bbox 2451 543 2580 610; x_wconf 87' lang='lat' dir='ltr'><strong>Quia</strong></span> <span class='ocrx_word' id='word_1_502' title='bbox 2604 545 3062 600; x_wconf 81' lang='lat' dir='ltr'><strong>circutnlatrautur</strong></span> <span class='ocrx_word' id='word_1_503' title='bbox 3083 548 3323 603; x_wconf 84' lang='lat' dir='ltr'><strong>fluctibus</strong></span> <span class='ocrx_word' id='word_1_504' title='bbox 3344 551 3577 606; x_wconf 87' lang='lat' dir='ltr'><strong>omnium</strong></span> <span class='ocrx_word' id='word_1_505' title='bbox 3603 562 3770 608; x_wconf 81' lang='lat' dir='ltr'><strong>tenta-</strong></span> 
     </span>
    </p>
   </div>
   <div class='ocr_carea' id='block_1_65' title="bbox 2201 635 3769 714">
    <p class='ocr_par' dir='ltr' id='par_1_65' title="bbox 2201 635 3769 714">
     <span class='ocr_line' id='line_1_65' title="bbox 2201 635 3769 714; baseline 0.009 -29"><span class='ocrx_word' id='word_1_506' title='bbox 2201 635 2420 687; x_wconf 92' lang='lat' dir='ltr'><strong>tionum.</strong></span> <span class='ocrx_word' id='word_1_507' title='bbox 2448 635 2551 689; x_wconf 88' lang='lat' dir='ltr'><strong>Sed</strong></span> <span class='ocrx_word' id='word_1_508' title='bbox 2579 637 2843 704; x_wconf 90' lang='lat' dir='ltr'><strong>quomodo</strong></span> <span class='ocrx_word' id='word_1_509' title='bbox 2879 638 3041 693; x_wconf 88' lang='lat' dir='ltr'><strong>insula</strong></span> <span class='ocrx_word' id='word_1_510' title='bbox 3073 641 3302 708; x_wconf 89' lang='lat' dir='ltr'><strong>nudique</strong></span> <span class='ocrx_word' id='word_1_511' title='bbox 3321 643 3769 714; x_wconf 80' lang='lat' dir='ltr'><strong>circumstrepen-</strong></span> 
     </span>
    </p>
   </div>
   <div class='ocr_carea' id='block_1_66' title="bbox 2200 726 3762 807">
    <p class='ocr_par' dir='ltr' id='par_1_66' title="bbox 2200 726 3762 807">
     <span class='ocr_line' id='line_1_66' title="bbox 2200 726 3762 807; baseline 0.007 -28"><span class='ocrx_word' id='word_1_512' title='bbox 2200 727 2336 780; x_wconf 90' lang='lat' dir='ltr'><strong>tibus</strong></span> <span class='ocrx_word' id='word_1_513' title='bbox 2358 726 2596 782; x_wconf 88' lang='lat' dir='ltr'><strong>fluctibus</strong></span> <span class='ocrx_word' id='word_1_514' title='bbox 2620 730 2763 783; x_wconf 85' lang='lat' dir='ltr'><strong>tondi</strong></span> <span class='ocrx_word' id='word_1_515' title='bbox 2791 740 2984 798; x_wconf 89' lang='lat' dir='ltr'><strong>potest,</strong></span> <span class='ocrx_word' id='word_1_516' title='bbox 3016 731 3182 802; x_wconf 83' lang='lat' dir='ltr'><strong>frangi</strong></span> <span class='ocrx_word' id='word_1_517' title='bbox 3212 749 3314 787; x_wconf 93' lang='lat' dir='ltr'><strong>non</strong></span> <span class='ocrx_word' id='word_1_518' title='bbox 3347 745 3538 802; x_wconf 84' lang='lat' dir='ltr'><strong>potest,</strong></span> <span class='ocrx_word' id='word_1_519' title='bbox 3567 739 3762 807; x_wconf 49' lang='lat' dir='ltr'><strong>magis</strong></span> 
     </span>
    </p>
   </div>
   <div class='ocr_carea' id='block_1_67' title="bbox 2197 819 3772 898">
    <p class='ocr_par' dir='ltr' id='par_1_67' title="bbox 2197 819 3772 898">
     <span class='ocr_line' id='line_1_67' title="bbox 2197 819 3772 898; baseline 0.006 -28"><span class='ocrx_word' id='word_1_520' title='bbox 2197 833 2298 885; x_wconf 88' lang='lat' dir='ltr'><strong>que</strong></span> <span class='ocrx_word' id='word_1_521' title='bbox 2339 819 2448 888; x_wconf 79' lang='lat' dir='ltr'><strong>ipsa</strong></span> <span class='ocrx_word' id='word_1_522' title='bbox 2491 820 2679 890; x_wconf 79' lang='lat' dir='ltr'><strong>frangit</strong></span> <span class='ocrx_word' id='word_1_523' title='bbox 2736 823 2922 876; x_wconf 86' lang='lat' dir='ltr'><strong>tinctus</strong></span> <span class='ocrx_word' id='word_1_524' title='bbox 2961 823 3268 889; x_wconf 83' lang='lat' dir='ltr'><strong>venientes,</strong></span> <span class='ocrx_word' id='word_1_525' title='bbox 3309 840 3464 895; x_wconf 90' lang='lat' dir='ltr'><strong>quam</strong></span> <span class='ocrx_word' id='word_1_526' title='bbox 3511 826 3772 898; x_wconf 74' lang='lat' dir='ltr'><strong>frangitur</strong></span> 
     </span>
    </p>
   </div>
   <div class='ocr_carea' id='block_1_68' title="bbox 2194 909 3766 988">
    <p class='ocr_par' dir='ltr' id='par_1_68' title="bbox 2194 909 3766 988">
     <span class='ocr_line' id='line_1_68' title="bbox 2194 909 3766 988; baseline 0.01 -26"><span class='ocrx_word' id='word_1_527' title='bbox 2194 909 2262 962; x_wconf 88' lang='lat' dir='ltr'><strong>ab</strong></span> <span class='ocrx_word' id='word_1_528' title='bbox 2307 911 2385 964; x_wconf 90' lang='lat' dir='ltr'><strong>eis</strong></span> <span class='ocrx_word' id='word_1_529' title='bbox 2414 930 2425 964; x_wconf 91' lang='lat'>:</span> <span class='ocrx_word' id='word_1_530' title='bbox 2454 912 2530 967; x_wconf 82' lang='lat' dir='ltr'><strong>sic</strong></span> <span class='ocrx_word' id='word_1_531' title='bbox 2564 923 2618 968; x_wconf 90' lang='lat' dir='ltr'><strong>et</strong></span> <span class='ocrx_word' id='word_1_532' title='bbox 2662 914 2910 970; x_wconf 51' lang='lat' dir='ltr'><strong>Ecclesia</strong></span> <span class='ocrx_word' id='word_1_533' title='bbox 2958 915 3050 969; x_wconf 91' lang='lat' dir='ltr'><strong>Dei</strong></span> <span class='ocrx_word' id='word_1_534' title='bbox 3099 916 3411 984; x_wconf 90' lang='lat' dir='ltr'><strong>pullulantcs</strong></span> <span class='ocrx_word' id='word_1_535' title='bbox 3461 935 3553 988; x_wconf 86' lang='lat' dir='ltr'><strong>per</strong></span> <span class='ocrx_word' id='word_1_536' title='bbox 3593 929 3766 976; x_wconf 89' lang='lat' dir='ltr'><strong>totum</strong></span> 
     </span>
    </p>
   </div>
   <div class='ocr_carea' id='block_1_69' title="bbox 2193 1001 3766 1075">
    <p class='ocr_par' dir='ltr' id='par_1_69' title="bbox 2193 1001 3766 1075">
     <span class='ocr_line' id='line_1_69' title="bbox 2193 1001 3766 1075; baseline 0.007 -22"><span class='ocrx_word' id='word_1_537' title='bbox 2193 1001 2374 1055; x_wconf 88' lang='lat' dir='ltr'><strong>orbem</strong></span> <span class='ocrx_word' id='word_1_538' title='bbox 2432 1011 2721 1068; x_wconf 88' lang='lat' dir='ltr'><strong>terrarum,</strong></span> <span class='ocrx_word' id='word_1_539' title='bbox 2752 1021 2919 1074; x_wconf 67' lang='lat' dir='ltr'><strong>passa:</strong></span> <span class='ocrx_word' id='word_1_540' title='bbox 2970 1015 3092 1060; x_wconf 91' lang='lat' dir='ltr'><strong>sunt</strong></span> <span class='ocrx_word' id='word_1_541' title='bbox 3159 1007 3547 1075; x_wconf 80' lang='lat' dir='ltr'><strong>persecutiones</strong></span> <span class='ocrx_word' id='word_1_542' title='bbox 3599 1011 3766 1064; x_wconf 88' lang='lat' dir='ltr'><strong>undi-</strong></span> 
     </span>
    </p>
   </div>
   <div class='ocr_carea' id='block_1_70' title="bbox 2191 1093 3765 1171">
    <p class='ocr_par' dir='ltr' id='par_1_70' title="bbox 2191 1093 3765 1171">
     <span class='ocr_line' id='line_1_70' title="bbox 2191 1093 3765 1171; baseline 0.008 -26"><span class='ocrx_word' id='word_1_543' title='bbox 2191 1107 2292 1162; x_wconf 89' lang='lat' dir='ltr'><strong>que</strong></span> <span class='ocrx_word' id='word_1_544' title='bbox 2337 1093 2670 1150; x_wconf 85' lang='lat' dir='ltr'><strong>frementium</strong></span> <span class='ocrx_word' id='word_1_545' title='bbox 2719 1097 3046 1162; x_wconf 83' lang='lat' dir='ltr'><strong>infidelium,</strong></span> <span class='ocrx_word' id='word_1_546' title='bbox 3093 1108 3148 1152; x_wconf 91' lang='lat' dir='ltr'><strong>et</strong></span> <span class='ocrx_word' id='word_1_547' title='bbox 3192 1114 3316 1153; x_wconf 78' lang='lat' dir='ltr'><strong>ecce</strong></span> <span class='ocrx_word' id='word_1_548' title='bbox 3361 1109 3502 1154; x_wconf 89' lang='lat' dir='ltr'><strong>stant</strong></span> <span class='ocrx_word' id='word_1_549' title='bbox 3527 1101 3717 1158; x_wconf 68' lang='lat' dir='ltr'><strong>insula:</strong></span> <span class='ocrx_word' id='word_1_550' title='bbox 3745 1144 3765 1171; x_wconf 91' lang='lat'><strong>,</strong></span> 
     </span>
    </p>
   </div>
   <div class='ocr_carea' id='block_1_71' title="bbox 2189 1184 3765 1254">
    <p class='ocr_par' dir='ltr' id='par_1_71' title="bbox 2189 1184 3765 1254">
     <span class='ocr_line' id='line_1_71' title="bbox 2189 1184 3765 1254; baseline 0.006 -17"><span class='ocrx_word' id='word_1_551' title='bbox 2189 1193 2243 1238; x_wconf 91' lang='lat' dir='ltr'><strong>et</strong></span> <span class='ocrx_word' id='word_1_552' title='bbox 2263 1184 2370 1250; x_wconf 88' lang='lat' dir='ltr'><strong>jam</strong></span> <span class='ocrx_word' id='word_1_553' title='bbox 2398 1185 2654 1254; x_wconf 88' lang='lat' dir='ltr'><strong>placatum</strong></span> <span class='ocrx_word' id='word_1_554' title='bbox 2681 1196 2761 1242; x_wconf 90' lang='lat' dir='ltr'><strong>est</strong></span> <span class='ocrx_word' id='word_1_555' title='bbox 2788 1203 2948 1242; x_wconf 90' lang='lat' dir='ltr'><strong>mare.</strong></span> <span class='ocrx_word' id='word_1_556' title='bbox 2976 1187 3329 1244; x_wconf 80' lang='lat' dir='ltr'><strong>Jurundenlur</strong></span> <span class='ocrx_word' id='word_1_557' title='bbox 3362 1191 3540 1245; x_wconf 72' lang='lat' dir='ltr'><strong>insula:</strong></span> <span class='ocrx_word' id='word_1_558' title='bbox 3565 1195 3765 1248; x_wconf 71' lang='lat' dir='ltr'><strong>multa.</strong></span> 
     </span>
    </p>
   </div>
   <div class='ocr_carea' id='block_1_72' title="bbox 2257 1273 3766 1352">
    <p class='ocr_par' dir='ltr' id='par_1_72' title="bbox 2257 1273 3766 1352">
     <span class='ocr_line' id='line_1_72' title="bbox 2257 1273 3766 1352; baseline 0.006 -22"><span class='ocrx_word' id='word_1_559' title='bbox 2257 1275 2308 1330; x_wconf 74' lang='grc' dir='ltr'><strong>ὅ.</strong></span> <span class='ocrx_word' id='word_1_560' title='bbox 2344 1273 2498 1348; x_wconf 82' lang='lat' dir='ltr'><strong>[vers.</strong></span> <span class='ocrx_word' id='word_1_561' title='bbox 2523 1275 2601 1348; x_wconf 71' lang='lat'><strong>2.]</strong></span> <span class='ocrx_word' id='word_1_562' title='bbox 2637 1295 2656 1327; x_wconf 78' lang='grc' dir='ltr'>ι</span> <span class='ocrx_word' id='word_1_563' title='bbox 2690 1277 2865 1332; x_wconf 84' lang='lat' dir='ltr'><strong>Nubes</strong></span> <span class='ocrx_word' id='word_1_564' title='bbox 2891 1289 2945 1333; x_wconf 86' lang='lat' dir='ltr'><strong>et</strong></span> <span class='ocrx_word' id='word_1_565' title='bbox 2969 1280 3134 1348; x_wconf 76' lang='lat' dir='ltr'><strong>Caligo</strong></span> <span class='ocrx_word' id='word_1_566' title='bbox 3161 1281 3212 1333; x_wconf 91' lang='lat' dir='ltr'><strong>in</strong></span> <span class='ocrx_word' id='word_1_567' title='bbox 3241 1281 3460 1336; x_wconf 89' lang='lat' dir='ltr'><strong>circuitu</strong></span> <span class='ocrx_word' id='word_1_568' title='bbox 3484 1282 3599 1351; x_wconf 84' lang='lat' dir='ltr'><strong>ejus</strong></span> <span class='ocrx_word' id='word_1_569' title='bbox 3622 1299 3637 1347; x_wconf 89' lang='lat'><strong>;</strong></span> <span class='ocrx_word' id='word_1_570' title='bbox 3662 1283 3766 1352; x_wconf 77' lang='lat' dir='ltr'><strong>ju-</strong></span> 
     </span>
    </p>
   </div>
   <div class='ocr_carea' id='block_1_73' title="bbox 2187 1366 3766 1440">
    <p class='ocr_par' dir='ltr' id='par_1_73' title="bbox 2187 1366 3766 1440">
     <span class='ocr_line' id='line_1_73' title="bbox 2187 1366 3766 1440; baseline 0.006 -23"><span class='ocrx_word' id='word_1_571' title='bbox 2187 1366 2324 1419; x_wconf 89' lang='lat' dir='ltr'><strong>stitia</strong></span> <span class='ocrx_word' id='word_1_572' title='bbox 2364 1378 2417 1420; x_wconf 89' lang='lat' dir='ltr'><strong>et</strong></span> <span class='ocrx_word' id='word_1_573' title='bbox 2443 1368 2693 1432; x_wconf 87' lang='lat' dir='ltr'><strong>judicium</strong></span> <span class='ocrx_word' id='word_1_574' title='bbox 2735 1369 2956 1423; x_wconf 84' lang='lat' dir='ltr'><strong>directio</strong></span> <span class='ocrx_word' id='word_1_575' title='bbox 2988 1371 3126 1422; x_wconf 76' lang='lat' dir='ltr'><strong>sedis</strong></span> <span class='ocrx_word' id='word_1_576' title='bbox 3155 1371 3287 1440; x_wconf 74' lang='lat' dir='ltr'><strong>ejus.</strong></span> <span class='ocrx_word' id='word_1_577' title='bbox 3323 1391 3341 1422; x_wconf 72' lang='grc' dir='ltr'><strong><em>ι</em></strong></span> <span class='ocrx_word' id='word_1_578' title='bbox 3373 1371 3571 1440; x_wconf 83' lang='lat' dir='ltr'><strong>Quibus</strong></span> <span class='ocrx_word' id='word_1_579' title='bbox 3596 1391 3616 1424; x_wconf 85' lang='lat' dir='ltr'><strong>t</strong></span> <span class='ocrx_word' id='word_1_580' title='bbox 3651 1391 3766 1426; x_wconf 80' lang='lat' dir='ltr'><strong>ttu-</strong></span> 
     </span>
    </p>
   </div>
   <div class='ocr_carea' id='block_1_74' title="bbox 2185 1458 3766 1534">
    <p class='ocr_par' dir='ltr' id='par_1_74' title="bbox 2185 1458 3766 1534">
     <span class='ocr_line' id='line_1_74' title="bbox 2185 1458 3766 1534; baseline 0.004 -22"><span class='ocrx_word' id='word_1_581' title='bbox 2185 1458 2279 1513; x_wconf 84' lang='lat' dir='ltr'><strong>bes</strong></span> <span class='ocrx_word' id='word_1_582' title='bbox 2307 1469 2359 1512; x_wconf 89' lang='lat' dir='ltr'><strong>et</strong></span> <span class='ocrx_word' id='word_1_583' title='bbox 2386 1461 2552 1528; x_wconf 87' lang='lat' dir='ltr'><strong>caligo</strong></span> <span class='ocrx_word' id='word_1_584' title='bbox 2582 1462 2630 1513; x_wconf 91' lang='lat' dir='ltr'><strong>in</strong></span> <span class='ocrx_word' id='word_1_585' title='bbox 2661 1462 2882 1515; x_wconf 88' lang='lat' dir='ltr'><strong>circuitu</strong></span> <span class='ocrx_word' id='word_1_586' title='bbox 2907 1462 3052 1528; x_wconf 82' lang='lat' dir='ltr'><strong>ejus?</strong></span> <span class='ocrx_word' id='word_1_587' title='bbox 3080 1483 3095 1511; x_wconf 75' lang='grc' dir='ltr'>ι</span> <span class='ocrx_word' id='word_1_588' title='bbox 3117 1462 3316 1530; x_wconf 81' lang='lat' dir='ltr'><strong>Quibus</strong></span> <span class='ocrx_word' id='word_1_589' title='bbox 3338 1464 3570 1530; x_wconf 69' lang='lat' dir='ltr'><strong>«justitia</strong></span> <span class='ocrx_word' id='word_1_590' title='bbox 3597 1475 3650 1518; x_wconf 90' lang='lat' dir='ltr'><strong>et</strong></span> <span class='ocrx_word' id='word_1_591' title='bbox 3671 1465 3766 1534; x_wconf 74' lang='lat' dir='ltr'><strong>ju-</strong></span> 
     </span>
    </p>
   </div>
   <div class='ocr_carea' id='block_1_75' title="bbox 2183 1549 3755 1626">
    <p class='ocr_par' dir='ltr' id='par_1_75' title="bbox 2183 1549 3755 1626">
     <span class='ocr_line' id='line_1_75' title="bbox 2183 1549 3755 1626; baseline 0.006 -24"><span class='ocrx_word' id='word_1_592' title='bbox 2183 1549 2374 1604; x_wconf 90' lang='lat' dir='ltr'><strong>dicium</strong></span> <span class='ocrx_word' id='word_1_593' title='bbox 2404 1551 2626 1606; x_wconf 88' lang='lat' dir='ltr'><strong>dircctio</strong></span> <span class='ocrx_word' id='word_1_594' title='bbox 2645 1553 2788 1607; x_wconf 86' lang='lat' dir='ltr'><strong>sedis</strong></span> <span class='ocrx_word' id='word_1_595' title='bbox 2813 1553 2964 1622; x_wconf 73' lang='lat' dir='ltr'><strong>ejus?</strong></span> <span class='ocrx_word' id='word_1_596' title='bbox 3003 1574 3020 1606; x_wconf 71' lang='grc' dir='ltr'><strong>ι</strong></span> <span class='ocrx_word' id='word_1_597' title='bbox 3056 1555 3231 1608; x_wconf 87' lang='lat' dir='ltr'><strong>Nubes</strong></span> <span class='ocrx_word' id='word_1_598' title='bbox 3258 1564 3312 1608; x_wconf 89' lang='lat' dir='ltr'><strong>et</strong></span> <span class='ocrx_word' id='word_1_599' title='bbox 3344 1555 3513 1626; x_wconf 87' lang='lat' dir='ltr'><strong>caligo</strong></span> <span class='ocrx_word' id='word_1_600' title='bbox 3539 1557 3720 1624; x_wconf 86' lang='lat' dir='ltr'><strong>impiis</strong></span> <span class='ocrx_word' id='word_1_601' title='bbox 3739 1598 3755 1620; x_wconf 95' lang='lat'><strong>,</strong></span> 
     </span>
    </p>
   </div>
   <div class='ocr_carea' id='block_1_76' title="bbox 2182 1642 3761 1715">
    <p class='ocr_par' dir='ltr' id='par_1_76' title="bbox 2182 1642 3761 1715">
     <span class='ocr_line' id='line_1_76' title="bbox 2182 1642 3761 1715; baseline 0.006 -22"><span class='ocrx_word' id='word_1_602' title='bbox 2182 1642 2268 1711; x_wconf 89' lang='lat' dir='ltr'><strong>qui</strong></span> <span class='ocrx_word' id='word_1_603' title='bbox 2295 1658 2412 1696; x_wconf 90' lang='lat' dir='ltr'><strong>eum</strong></span> <span class='ocrx_word' id='word_1_604' title='bbox 2454 1658 2556 1697; x_wconf 92' lang='lat' dir='ltr'><strong>non</strong></span> <span class='ocrx_word' id='word_1_605' title='bbox 2586 1644 2952 1698; x_wconf 79' lang='lat' dir='ltr'><strong>intellexerunt</strong></span> <span class='ocrx_word' id='word_1_606' title='bbox 2973 1663 2986 1707; x_wconf 86' lang='lat'>;</span> <span class='ocrx_word' id='word_1_607' title='bbox 3005 1647 3204 1714; x_wconf 89' lang='lat' dir='ltr'><strong>justitia</strong></span> <span class='ocrx_word' id='word_1_608' title='bbox 3225 1657 3277 1701; x_wconf 89' lang='lat' dir='ltr'><strong>et</strong></span> <span class='ocrx_word' id='word_1_609' title='bbox 3298 1647 3551 1715; x_wconf 86' lang='lat' dir='ltr'><strong>judicium</strong></span> <span class='ocrx_word' id='word_1_610' title='bbox 3585 1649 3761 1704; x_wconf 84' lang='lat' dir='ltr'><strong>fideli-</strong></span> 
     </span>
    </p>
   </div>
   <div class='ocr_carea' id='block_1_77' title="bbox 2182 1734 3756 1808">
    <p class='ocr_par' dir='ltr' id='par_1_77' title="bbox 2182 1734 3756 1808">
     <span class='ocr_line' id='line_1_77' title="bbox 2182 1734 3756 1808; baseline 0.004 -20"><span class='ocrx_word' id='word_1_611' title='bbox 2182 1734 2298 1797; x_wconf 88' lang='lat' dir='ltr'><strong>bus,</strong></span> <span class='ocrx_word' id='word_1_612' title='bbox 2323 1737 2408 1803; x_wconf 93' lang='lat' dir='ltr'><strong>qui</strong></span> <span class='ocrx_word' id='word_1_613' title='bbox 2443 1736 2495 1790; x_wconf 91' lang='lat' dir='ltr'><strong>in</strong></span> <span class='ocrx_word' id='word_1_614' title='bbox 2519 1751 2639 1791; x_wconf 89' lang='lat' dir='ltr'><strong>eum</strong></span> <span class='ocrx_word' id='word_1_615' title='bbox 2665 1737 2998 1792; x_wconf 85' lang='lat' dir='ltr'><strong>crediderunt</strong></span> <span class='ocrx_word' id='word_1_616' title='bbox 3025 1756 3038 1790; x_wconf 90' lang='lat'><strong>:</strong></span> <span class='ocrx_word' id='word_1_617' title='bbox 3064 1739 3138 1791; x_wconf 91' lang='lat' dir='ltr'><strong>illi</strong></span> <span class='ocrx_word' id='word_1_618' title='bbox 3168 1740 3306 1792; x_wconf 89' lang='lat' dir='ltr'><strong>enim</strong></span> <span class='ocrx_word' id='word_1_619' title='bbox 3337 1755 3429 1808; x_wconf 89' lang='lat' dir='ltr'><strong>per</strong></span> <span class='ocrx_word' id='word_1_620' title='bbox 3450 1741 3756 1808; x_wconf 85' lang='lat' dir='ltr'><strong>superbiam</strong></span> 
     </span>
    </p>
   </div>
   <div class='ocr_carea' id='block_1_78' title="bbox 2181 1826 3754 1899">
    <p class='ocr_par' dir='ltr' id='par_1_78' title="bbox 2181 1826 3754 1899">
     <span class='ocr_line' id='line_1_78' title="bbox 2181 1826 3754 1899; baseline 0.003 -20"><span class='ocrx_word' id='word_1_621' title='bbox 2181 1842 2283 1880; x_wconf 91' lang='lat' dir='ltr'><strong>non</strong></span> <span class='ocrx_word' id='word_1_622' title='bbox 2318 1826 2598 1893; x_wconf 88' lang='lat' dir='ltr'><strong>viderunt,</strong></span> <span class='ocrx_word' id='word_1_623' title='bbox 2626 1828 2696 1882; x_wconf 89' lang='lat' dir='ltr'><strong>illi</strong></span> <span class='ocrx_word' id='word_1_624' title='bbox 2721 1844 2815 1899; x_wconf 89' lang='lat' dir='ltr'><strong>per</strong></span> <span class='ocrx_word' id='word_1_625' title='bbox 2839 1829 3184 1884; x_wconf 89' lang='lat' dir='ltr'><strong>humilitatem</strong></span> <span class='ocrx_word' id='word_1_626' title='bbox 3225 1829 3377 1898; x_wconf 83' lang='lat' dir='ltr'><strong>dirigi</strong></span> <span class='ocrx_word' id='word_1_627' title='bbox 3421 1841 3754 1884; x_wconf 83' lang='lat' dir='ltr'><strong>meruerunt.</strong></span> 
     </span>
    </p>
   </div>
   <div class='ocr_carea' id='block_1_79' title="bbox 2178 1918 3752 1989">
    <p class='ocr_par' dir='ltr' id='par_1_79' title="bbox 2178 1918 3752 1989">
     <span class='ocr_line' id='line_1_79' title="bbox 2178 1918 3752 1989; baseline 0.003 -17"><span class='ocrx_word' id='word_1_628' title='bbox 2178 1919 2314 1973; x_wconf 83' lang='lat' dir='ltr'><strong>Audi</strong></span> <span class='ocrx_word' id='word_1_629' title='bbox 2341 1918 2509 1975; x_wconf 90' lang='lat' dir='ltr'><strong>nubes</strong></span> <span class='ocrx_word' id='word_1_630' title='bbox 2531 1928 2583 1974; x_wconf 91' lang='lat' dir='ltr'><strong>et</strong></span> <span class='ocrx_word' id='word_1_631' title='bbox 2610 1920 2875 1980; x_wconf 83' lang='lat' dir='ltr'><strong>nebulam,</strong></span> <span class='ocrx_word' id='word_1_632' title='bbox 2899 1929 2952 1974; x_wconf 91' lang='lat' dir='ltr'><strong>et</strong></span> <span class='ocrx_word' id='word_1_633' title='bbox 2981 1920 3098 1972; x_wconf 89' lang='lat' dir='ltr'><strong>audi</strong></span> <span class='ocrx_word' id='word_1_634' title='bbox 3123 1920 3375 1989; x_wconf 88' lang='lat' dir='ltr'><strong>justitiam</strong></span> <span class='ocrx_word' id='word_1_635' title='bbox 3396 1930 3448 1974; x_wconf 90' lang='lat' dir='ltr'><strong>et</strong></span> <span class='ocrx_word' id='word_1_636' title='bbox 3468 1921 3752 1989; x_wconf 80' lang='lat' dir='ltr'><strong>judicium.</strong></span> 
     </span>
    </p>
   </div>
   <div class='ocr_carea' id='block_1_80' title="bbox 2178 2010 3753 2083">
    <p class='ocr_par' dir='ltr' id='par_1_80' title="bbox 2178 2010 3753 2083">
     <span class='ocr_line' id='line_1_80' title="bbox 2178 2010 3753 2083; baseline 0.001 -19"><span class='ocrx_word' id='word_1_637' title='bbox 2178 2010 2294 2080; x_wconf 84' lang='lat' dir='ltr'><strong>Ipse</strong></span> <span class='ocrx_word' id='word_1_638' title='bbox 2309 2012 2560 2065; x_wconf 89' lang='lat' dir='ltr'><strong>Dominus</strong></span> <span class='ocrx_word' id='word_1_639' title='bbox 2571 2013 2648 2066; x_wconf 86' lang='lat' dir='ltr'><strong>ait</strong></span> <span class='ocrx_word' id='word_1_640' title='bbox 2665 2031 2676 2064; x_wconf 85' lang='lat'><strong>:</strong></span> <span class='ocrx_word' id='word_1_641' title='bbox 2695 2011 2757 2065; x_wconf 87' lang='grc' dir='ltr'><strong>1η</strong></span> <span class='ocrx_word' id='word_1_642' title='bbox 2770 2013 3013 2079; x_wconf 83' lang='lat' dir='ltr'><strong>iudicium</strong></span> <span class='ocrx_word' id='word_1_643' title='bbox 3030 2030 3118 2083; x_wconf 85' lang='lat' dir='ltr'><strong>ego</strong></span> <span class='ocrx_word' id='word_1_644' title='bbox 3139 2014 3189 2065; x_wconf 85' lang='lat' dir='ltr'><strong>in</strong></span> <span class='ocrx_word' id='word_1_645' title='bbox 3208 2015 3338 2065; x_wconf 84' lang='lat' dir='ltr'><strong>hunc</strong></span> <span class='ocrx_word' id='word_1_646' title='bbox 3357 2013 3595 2066; x_wconf 85' lang='lat' dir='ltr'><strong>mundum</strong></span> <span class='ocrx_word' id='word_1_647' title='bbox 3611 2015 3753 2077; x_wconf 78' lang='lat' dir='ltr'><strong>veni,</strong></span> 
     </span>
    </p>
   </div>
   <div class='ocr_carea' id='block_1_81' title="bbox 2176 2102 3750 2173">
    <p class='ocr_par' dir='ltr' id='par_1_81' title="bbox 2176 2102 3750 2173">
     <span class='ocr_line' id='line_1_81' title="bbox 2176 2102 3750 2173; baseline 0.001 -19"><span class='ocrx_word' id='word_1_648' title='bbox 2176 2111 2230 2154; x_wconf 86' lang='lat' dir='ltr'><strong>ut</strong></span> <span class='ocrx_word' id='word_1_649' title='bbox 2267 2105 2350 2168; x_wconf 85' lang='lat' dir='ltr'><strong>qui</strong></span> <span class='ocrx_word' id='word_1_650' title='bbox 2371 2118 2470 2155; x_wconf 83' lang='lat' dir='ltr'><strong>non</strong></span> <span class='ocrx_word' id='word_1_651' title='bbox 2495 2103 2660 2156; x_wconf 83' lang='lat' dir='ltr'><strong>uident</strong></span> <span class='ocrx_word' id='word_1_652' title='bbox 2680 2103 2895 2166; x_wconf 81' lang='lat' dir='ltr'><strong>videant,</strong></span> <span class='ocrx_word' id='word_1_653' title='bbox 2916 2113 2961 2156; x_wconf 86' lang='lat' dir='ltr'><strong>et</strong></span> <span class='ocrx_word' id='word_1_654' title='bbox 2980 2105 3064 2172; x_wconf 85' lang='lat' dir='ltr'><strong>qui</strong></span> <span class='ocrx_word' id='word_1_655' title='bbox 3091 2102 3252 2156; x_wconf 78' lang='lat' dir='ltr'><strong>vident</strong></span> <span class='ocrx_word' id='word_1_656' title='bbox 3275 2104 3391 2156; x_wconf 64' lang='grc' dir='ltr'><strong>ι’ωεὶ</strong></span> <span class='ocrx_word' id='word_1_657' title='bbox 3407 2104 3531 2172; x_wconf 82' lang='lat' dir='ltr'><strong>ﬁant</strong></span> <span class='ocrx_word' id='word_1_658' title='bbox 3551 2104 3569 2173; x_wconf 97' lang='lat'><strong>(</strong></span> <span class='ocrx_word' id='word_1_659' title='bbox 3587 2103 3750 2157; x_wconf 83' lang='lat' dir='ltr'><strong>Joan.</strong></span> 
     </span>
    </p>
   </div>
   <div class='ocr_carea' id='block_1_82' title="bbox 2177 2193 3755 2264">
    <p class='ocr_par' dir='ltr' id='par_1_82' title="bbox 2177 2193 3755 2264">
     <span class='ocr_line' id='line_1_82' title="bbox 2177 2193 3755 2264; baseline 0.002 -20"><span class='ocrx_word' id='word_1_660' title='bbox 2177 2208 2248 2256; x_wconf 77' lang='lat' dir='ltr'><strong>Ix,</strong></span> <span class='ocrx_word' id='word_1_661' title='bbox 2269 2194 2378 2262; x_wconf 78' lang='lat'><strong>59).</strong></span> <span class='ocrx_word' id='word_1_662' title='bbox 2402 2193 2533 2261; x_wconf 85' lang='lat' dir='ltr'><strong>Quid</strong></span> <span class='ocrx_word' id='word_1_663' title='bbox 2565 2203 2665 2257; x_wconf 85' lang='lat' dir='ltr'><strong>est,</strong></span> <span class='ocrx_word' id='word_1_664' title='bbox 2684 2195 2769 2264; x_wconf 87' lang='lat' dir='ltr'><strong>qui</strong></span> <span class='ocrx_word' id='word_1_665' title='bbox 2799 2194 2965 2248; x_wconf 83' lang='lat' dir='ltr'><strong>vident</strong></span> <span class='ocrx_word' id='word_1_666' title='bbox 2985 2194 3101 2247; x_wconf 69' lang='lat' dir='ltr'><strong>carri</strong></span> <span class='ocrx_word' id='word_1_667' title='bbox 3131 2195 3254 2261; x_wconf 76' lang='lat' dir='ltr'><strong>ﬁant</strong></span> <span class='ocrx_word' id='word_1_668' title='bbox 3276 2193 3300 2246; x_wconf 71' lang='grc' dir='ltr'><strong>Ζ)</strong></span> <span class='ocrx_word' id='word_1_669' title='bbox 3321 2193 3417 2258; x_wconf 85' lang='lat' dir='ltr'><strong>Qui</strong></span> <span class='ocrx_word' id='word_1_670' title='bbox 3441 2194 3535 2248; x_wconf 91' lang='lat' dir='ltr'><strong>sibi</strong></span> <span class='ocrx_word' id='word_1_671' title='bbox 3564 2194 3755 2249; x_wconf 81' lang='lat' dir='ltr'><strong>videre</strong></span> 
     </span>
    </p>
   </div>
   <div class='ocr_carea' id='block_1_83' title="bbox 2176 2283 3751 2354">
    <p class='ocr_par' dir='ltr' id='par_1_83' title="bbox 2176 2283 3751 2354">
     <span class='ocr_line' id='line_1_83' title="bbox 2176 2283 3751 2354; baseline 0.002 -18"><span class='ocrx_word' id='word_1_672' title='bbox 2176 2283 2436 2348; x_wconf 86' lang='lat' dir='ltr'><strong>videntur,</strong></span> <span class='ocrx_word' id='word_1_673' title='bbox 2459 2285 2621 2354; x_wconf 90' lang='lat' dir='ltr'><strong>quise</strong></span> <span class='ocrx_word' id='word_1_674' title='bbox 2637 2285 2900 2354; x_wconf 84' lang='lat' dir='ltr'><strong>sapientes</strong></span> <span class='ocrx_word' id='word_1_675' title='bbox 2920 2295 3124 2354; x_wconf 89' lang='lat' dir='ltr'><strong>putant,</strong></span> <span class='ocrx_word' id='word_1_676' title='bbox 3143 2285 3231 2354; x_wconf 91' lang='lat' dir='ltr'><strong>qui</strong></span> <span class='ocrx_word' id='word_1_677' title='bbox 3251 2301 3352 2338; x_wconf 92' lang='lat' dir='ltr'><strong>non</strong></span> <span class='ocrx_word' id='word_1_678' title='bbox 3366 2286 3462 2338; x_wconf 88' lang='lat' dir='ltr'><strong>sibi</strong></span> <span class='ocrx_word' id='word_1_679' title='bbox 3477 2286 3751 2339; x_wconf 79' lang='lat' dir='ltr'><strong>arbitran-</strong></span> 
     </span>
    </p>
   </div>
   <div class='ocr_carea' id='block_1_84' title="bbox 2173 2377 3753 2446">
    <p class='ocr_par' dir='ltr' id='par_1_84' title="bbox 2173 2377 3753 2446">
     <span class='ocr_line' id='line_1_84' title="bbox 2173 2377 3753 2446; baseline 0.004 -20"><span class='ocrx_word' id='word_1_680' title='bbox 2173 2383 2257 2428; x_wconf 90' lang='lat' dir='ltr'><strong>tur</strong></span> <span class='ocrx_word' id='word_1_681' title='bbox 2270 2377 2616 2431; x_wconf 89' lang='lat' dir='ltr'><strong>necessariam</strong></span> <span class='ocrx_word' id='word_1_682' title='bbox 2633 2377 3064 2446; x_wconf 87' lang='lat' dir='ltr'><strong>medicinam,ipsi</strong></span> <span class='ocrx_word' id='word_1_683' title='bbox 3079 2377 3200 2430; x_wconf 71' lang='lat' dir='ltr'><strong>emci</strong></span> <span class='ocrx_word' id='word_1_684' title='bbox 3219 2378 3466 2444; x_wconf 84' lang='lat' dir='ltr'><strong>fiant,ipsi</strong></span> <span class='ocrx_word' id='word_1_685' title='bbox 3482 2395 3582 2431; x_wconf 88' lang='lat' dir='ltr'><strong>non</strong></span> <span class='ocrx_word' id='word_1_686' title='bbox 3599 2378 3753 2432; x_wconf 85' lang='lat' dir='ltr'><strong>intel-</strong></span> 
     </span>
    </p>
   </div>
   <div class='ocr_carea' id='block_1_85' title="bbox 2172 2467 3753 2536">
    <p class='ocr_par' dir='ltr' id='par_1_85' title="bbox 2172 2467 3753 2536">
     <span class='ocr_line' id='line_1_85' title="bbox 2172 2467 3753 2536; baseline 0.001 -17"><span class='ocrx_word' id='word_1_687' title='bbox 2172 2467 2350 2533; x_wconf 81' lang='lat' dir='ltr'><strong>ligant.</strong></span> <span class='ocrx_word' id='word_1_688' title='bbox 2367 2467 2463 2532; x_wconf 85' lang='lat' dir='ltr'><strong>Qui</strong></span> <span class='ocrx_word' id='word_1_689' title='bbox 2481 2479 2651 2521; x_wconf 84' lang='lat' dir='ltr'><strong>autem</strong></span> <span class='ocrx_word' id='word_1_690' title='bbox 2669 2485 2766 2521; x_wconf 87' lang='lat' dir='ltr'><strong>non</strong></span> <span class='ocrx_word' id='word_1_691' title='bbox 2783 2468 3194 2530; x_wconf 79' lang='lat' dir='ltr'><strong>vident,vide(mt:</strong></span> <span class='ocrx_word' id='word_1_692' title='bbox 3210 2469 3294 2536; x_wconf 87' lang='lat' dir='ltr'><strong>qui</strong></span> <span class='ocrx_word' id='word_1_693' title='bbox 3312 2469 3486 2520; x_wconf 67' lang='lat' dir='ltr'><strong>Ctt&#39;t&#39;llﬂ</strong></span> <span class='ocrx_word' id='word_1_694' title='bbox 3496 2479 3598 2522; x_wconf 89' lang='lat' dir='ltr'><strong>tem</strong></span> <span class='ocrx_word' id='word_1_695' title='bbox 3614 2483 3753 2521; x_wconf 74' lang='lat' dir='ltr'><strong>con-</strong></span> 
     </span>
    </p>
   </div>
   <div class='ocr_carea' id='block_1_86' title="bbox 2172 2558 3749 2631">
    <p class='ocr_par' dir='ltr' id='par_1_86' title="bbox 2172 2558 3749 2631">
     <span class='ocr_line' id='line_1_86' title="bbox 2172 2558 3749 2631; baseline 0.003 -21"><span class='ocrx_word' id='word_1_696' title='bbox 2172 2558 2405 2624; x_wconf 89' lang='lat' dir='ltr'><strong>fitentur,</strong></span> <span class='ocrx_word' id='word_1_697' title='bbox 2427 2560 2706 2613; x_wconf 85' lang='lat' dir='ltr'><strong>illuminari</strong></span> <span class='ocrx_word' id='word_1_698' title='bbox 2724 2570 3040 2613; x_wconf 87' lang='lat' dir='ltr'><strong>mereantur.</strong></span> <span class='ocrx_word' id='word_1_699' title='bbox 3063 2561 3170 2614; x_wconf 71' lang='lat' dir='ltr'><strong>Sit‘</strong></span> <span class='ocrx_word' id='word_1_700' title='bbox 3192 2576 3319 2631; x_wconf 87' lang='lat' dir='ltr'><strong>ergo</strong></span> <span class='ocrx_word' id='word_1_701' title='bbox 3337 2562 3387 2612; x_wconf 89' lang='lat' dir='ltr'><strong>in</strong></span> <span class='ocrx_word' id='word_1_702' title='bbox 3404 2562 3609 2613; x_wconf 83' lang='lat' dir='ltr'><strong>circuitu</strong></span> <span class='ocrx_word' id='word_1_703' title='bbox 3625 2562 3749 2629; x_wconf 82' lang='lat' dir='ltr'><strong>ejus</strong></span> 
     </span>
    </p>
   </div>
   <div class='ocr_carea' id='block_1_87' title="bbox 2169 2648 3750 2721">
    <p class='ocr_par' dir='ltr' id='par_1_87' title="bbox 2169 2648 3750 2721">
     <span class='ocr_line' id='line_1_87' title="bbox 2169 2648 3750 2721; baseline 0.004 -21"><span class='ocrx_word' id='word_1_704' title='bbox 2169 2648 2320 2701; x_wconf 85' lang='lat' dir='ltr'><strong>nubes</strong></span> <span class='ocrx_word' id='word_1_705' title='bbox 2343 2659 2390 2703; x_wconf 82' lang='lat' dir='ltr'><strong>et</strong></span> <span class='ocrx_word' id='word_1_706' title='bbox 2411 2650 2572 2720; x_wconf 84' lang='lat' dir='ltr'><strong>caligo</strong></span> <span class='ocrx_word' id='word_1_707' title='bbox 2593 2693 2608 2715; x_wconf 95' lang='lat'><strong>,</strong></span> <span class='ocrx_word' id='word_1_708' title='bbox 2643 2651 2722 2703; x_wconf 91' lang='lat' dir='ltr'><strong>his</strong></span> <span class='ocrx_word' id='word_1_709' title='bbox 2748 2651 2834 2720; x_wconf 86' lang='lat' dir='ltr'><strong>qui</strong></span> <span class='ocrx_word' id='word_1_710' title='bbox 2865 2665 2985 2704; x_wconf 90' lang='lat' dir='ltr'><strong>eum</strong></span> <span class='ocrx_word' id='word_1_711' title='bbox 3017 2666 3120 2705; x_wconf 89' lang='lat' dir='ltr'><strong>non</strong></span> <span class='ocrx_word' id='word_1_712' title='bbox 3151 2662 3506 2721; x_wconf 81' lang='lat' dir='ltr'><strong>cognoverunt</strong></span> <span class='ocrx_word' id='word_1_713' title='bbox 3531 2669 3545 2716; x_wconf 89' lang='lat'><strong>;</strong></span> <span class='ocrx_word' id='word_1_714' title='bbox 3568 2652 3750 2706; x_wconf 78' lang='lat' dir='ltr'><strong>confi-</strong></span> 
     </span>
    </p>
   </div>
   <div class='ocr_carea' id='block_1_88' title="bbox 2169 2741 3748 2813">
    <p class='ocr_par' dir='ltr' id='par_1_88' title="bbox 2169 2741 3748 2813">
     <span class='ocr_line' id='line_1_88' title="bbox 2169 2741 3748 2813; baseline 0.003 -21"><span class='ocrx_word' id='word_1_715' title='bbox 2169 2741 2398 2795; x_wconf 87' lang='lat' dir='ltr'><strong>tentibus</strong></span> <span class='ocrx_word' id='word_1_716' title='bbox 2419 2752 2591 2796; x_wconf 87' lang='lat' dir='ltr'><strong>autem</strong></span> <span class='ocrx_word' id='word_1_717' title='bbox 2614 2753 2665 2797; x_wconf 85' lang='lat' dir='ltr'><strong>et</strong></span> <span class='ocrx_word' id='word_1_718' title='bbox 2688 2741 3081 2796; x_wconf 87' lang='lat' dir='ltr'><strong>humiliantibus</strong></span> <span class='ocrx_word' id='word_1_719' title='bbox 3097 2758 3176 2808; x_wconf 88' lang='lat' dir='ltr'><strong>se,</strong></span> <span class='ocrx_word' id='word_1_720' title='bbox 3189 2743 3392 2810; x_wconf 79' lang='lat' dir='ltr'><strong>justitia</strong></span> <span class='ocrx_word' id='word_1_721' title='bbox 3422 2753 3466 2796; x_wconf 86' lang='lat' dir='ltr'><strong>et</strong></span> <span class='ocrx_word' id='word_1_722' title='bbox 3483 2743 3748 2813; x_wconf 80' lang='lat' dir='ltr'><strong>judicium</strong></span> 
     </span>
    </p>
   </div>
   <div class='ocr_carea' id='block_1_89' title="bbox 2167 2832 3744 2904">
    <p class='ocr_par' dir='ltr' id='par_1_89' title="bbox 2167 2832 3744 2904">
     <span class='ocr_line' id='line_1_89' title="bbox 2167 2832 3744 2904; baseline 0.004 -20"><span class='ocrx_word' id='word_1_723' title='bbox 2167 2832 2370 2886; x_wconf 85' lang='lat' dir='ltr'><strong>directio</strong></span> <span class='ocrx_word' id='word_1_724' title='bbox 2390 2833 2520 2887; x_wconf 81' lang='lat' dir='ltr'><strong>sedis</strong></span> <span class='ocrx_word' id='word_1_725' title='bbox 2545 2836 2670 2902; x_wconf 82' lang='lat' dir='ltr'><strong>ejus.</strong></span> <span class='ocrx_word' id='word_1_726' title='bbox 2688 2833 2877 2888; x_wconf 88' lang='lat' dir='ltr'><strong>Sedem</strong></span> <span class='ocrx_word' id='word_1_727' title='bbox 2891 2835 3003 2902; x_wconf 68' lang='lat' dir='ltr'><strong>ejus</strong></span> <span class='ocrx_word' id='word_1_728' title='bbox 3016 2834 3142 2888; x_wconf 86' lang='lat' dir='ltr'><strong>dicit</strong></span> <span class='ocrx_word' id='word_1_729' title='bbox 3159 2850 3250 2888; x_wconf 90' lang='lat' dir='ltr'><strong>eos</strong></span> <span class='ocrx_word' id='word_1_730' title='bbox 3275 2836 3415 2904; x_wconf 88' lang='lat' dir='ltr'><strong>ipsos</strong></span> <span class='ocrx_word' id='word_1_731' title='bbox 3434 2836 3587 2904; x_wconf 91' lang='lat' dir='ltr'><strong>quiin</strong></span> <span class='ocrx_word' id='word_1_732' title='bbox 3608 2851 3744 2891; x_wconf 84' lang='lat' dir='ltr'><strong>eum</strong></span> 
     </span>
    </p>
   </div>
   <div class='ocr_carea' id='block_1_90' title="bbox 2165 2924 3748 2995">
    <p class='ocr_par' dir='ltr' id='par_1_90' title="bbox 2165 2924 3748 2995">
     <span class='ocr_line' id='line_1_90' title="bbox 2165 2924 3748 2995; baseline 0.004 -18"><span class='ocrx_word' id='word_1_733' title='bbox 2165 2924 2502 2980; x_wconf 88' lang='lat' dir='ltr'><strong>crediderunt</strong></span> <span class='ocrx_word' id='word_1_734' title='bbox 2527 2943 2538 2977; x_wconf 94' lang='lat'>:</span> <span class='ocrx_word' id='word_1_735' title='bbox 2569 2925 2634 2979; x_wconf 89' lang='lat' dir='ltr'><strong>de</strong></span> <span class='ocrx_word' id='word_1_736' title='bbox 2659 2926 2780 2991; x_wconf 72' lang='lat' dir='ltr'><strong>ipsis</strong></span> <span class='ocrx_word' id='word_1_737' title='bbox 2793 2927 2931 2980; x_wconf 91' lang='lat' dir='ltr'><strong>enim</strong></span> <span class='ocrx_word' id='word_1_738' title='bbox 2952 2927 3048 2980; x_wconf 88' lang='lat' dir='ltr'><strong>sibi</strong></span> <span class='ocrx_word' id='word_1_739' title='bbox 3072 2927 3195 2980; x_wconf 85' lang='lat' dir='ltr'><strong>fecit</strong></span> <span class='ocrx_word' id='word_1_740' title='bbox 3213 2925 3414 2991; x_wconf 89' lang='lat' dir='ltr'><strong>sedem,</strong></span> <span class='ocrx_word' id='word_1_741' title='bbox 3437 2928 3553 2995; x_wconf 86' lang='lat' dir='ltr'><strong>quia</strong></span> <span class='ocrx_word' id='word_1_742' title='bbox 3576 2928 3625 2980; x_wconf 90' lang='lat' dir='ltr'><strong>in</strong></span> <span class='ocrx_word' id='word_1_743' title='bbox 3651 2929 3748 2984; x_wconf 88' lang='lat' dir='ltr'><strong>eis</strong></span> 
     </span>
    </p>
   </div>
   <div class='ocr_carea' id='block_1_91' title="bbox 2163 3015 3742 3090">
    <p class='ocr_par' dir='ltr' id='par_1_91' title="bbox 2163 3015 3742 3090">
     <span class='ocr_line' id='line_1_91' title="bbox 2163 3015 3742 3090; baseline 0.003 -22"><span class='ocrx_word' id='word_1_744' title='bbox 2163 3015 2781 3089; x_wconf 72' lang='lat' dir='ltr'><strong>sedetSajtientiazFilitts</strong></span> <span class='ocrx_word' id='word_1_745' title='bbox 2797 3019 2933 3071; x_wconf 79' lang='lat' dir='ltr'><strong>enim</strong></span> <span class='ocrx_word' id='word_1_746' title='bbox 2957 3017 3336 3087; x_wconf 88' lang='lat' dir='ltr'><strong>Dei,Sapieutia</strong></span> <span class='ocrx_word' id='word_1_747' title='bbox 3359 3019 3446 3073; x_wconf 90' lang='lat' dir='ltr'><strong>Dei</strong></span> <span class='ocrx_word' id='word_1_748' title='bbox 3470 3017 3597 3090; x_wconf 88' lang='lat' dir='ltr'><strong>est(l</strong></span> <span class='ocrx_word' id='word_1_749' title='bbox 3613 3019 3742 3074; x_wconf 80' lang='lat' dir='ltr'><strong>Cor.</strong></span> 
     </span>
    </p>
   </div>
   <div class='ocr_carea' id='block_1_92' title="bbox 2165 3092 3740 3179">
    <p class='ocr_par' dir='ltr' id='par_1_92' title="bbox 2165 3092 3740 3179">
     <span class='ocr_line' id='line_1_92' title="bbox 2165 3092 3740 3179; baseline 0.002 -18"><span class='ocrx_word' id='word_1_750' title='bbox 2165 3120 2203 3167; x_wconf 86' lang='lat' dir='ltr'><strong>l.</strong></span> <span class='ocrx_word' id='word_1_751' title='bbox 2230 3092 2345 3175; x_wconf 64' lang='lat' dir='ltr'><strong>Si).</strong></span> <span class='ocrx_word' id='word_1_752' title='bbox 2374 3107 2681 3162; x_wconf 85' lang='lat' dir='ltr'><strong>Audivimus</strong></span> <span class='ocrx_word' id='word_1_753' title='bbox 2705 3109 2724 3138; x_wconf 84' lang='grc'>¹</span> <span class='ocrx_word' id='word_1_754' title='bbox 2751 3118 2923 3161; x_wconf 88' lang='lat' dir='ltr'><strong>autem</strong></span> <span class='ocrx_word' id='word_1_755' title='bbox 2951 3123 3018 3162; x_wconf 78' lang='lat' dir='ltr'><strong>ex</strong></span> <span class='ocrx_word' id='word_1_756' title='bbox 3054 3105 3155 3161; x_wconf 87' lang='lat' dir='ltr'><strong>alia</strong></span> <span class='ocrx_word' id='word_1_757' title='bbox 3181 3108 3447 3176; x_wconf 88' lang='lat' dir='ltr'><strong>Scriptura</strong></span> <span class='ocrx_word' id='word_1_758' title='bbox 3483 3124 3740 3179; x_wconf 86' lang='lat' dir='ltr'><strong>magnum</strong></span> 
     </span>
    </p>
   </div>
   <div class='ocr_carea' id='block_1_93' title="bbox 2164 3196 3746 3271">
    <p class='ocr_par' dir='ltr' id='par_1_93' title="bbox 2164 3196 3746 3271">
     <span class='ocr_line' id='line_1_93' title="bbox 2164 3196 3746 3271; baseline 0.004 -21"><span class='ocrx_word' id='word_1_759' title='bbox 2164 3196 2320 3265; x_wconf 82' lang='lat' dir='ltr'><strong>hujus</strong></span> <span class='ocrx_word' id='word_1_760' title='bbox 2364 3199 2715 3267; x_wconf 72' lang='lat' dir='ltr'><strong>intelligentite</strong></span> <span class='ocrx_word' id='word_1_761' title='bbox 2759 3200 3151 3254; x_wconf 75' lang='lat' dir='ltr'><strong>dorumenlum.</strong></span> <span class='ocrx_word' id='word_1_762' title='bbox 3194 3201 3371 3253; x_wconf 81' lang='lat' dir='ltr'><strong>Anima</strong></span> <span class='ocrx_word' id='word_1_763' title='bbox 3395 3201 3560 3271; x_wconf 76' lang='lat' dir='ltr'><strong>justi,</strong></span> <span class='ocrx_word' id='word_1_764' title='bbox 3588 3202 3746 3256; x_wconf 79' lang='lat' dir='ltr'><strong>sedes</strong></span> 
     </span>
    </p>
   </div>
   <div class='ocr_carea' id='block_1_94' title="bbox 2160 3289 3738 3363">
    <p class='ocr_par' dir='ltr' id='par_1_94' title="bbox 2160 3289 3738 3363">
     <span class='ocr_line' id='line_1_94' title="bbox 2160 3289 3738 3363; baseline 0.004 -22"><span class='ocrx_word' id='word_1_765' title='bbox 2160 3289 2437 3359; x_wconf 72' lang='lat' dir='ltr'><strong>sapientiaz.</strong></span> <span class='ocrx_word' id='word_1_766' title='bbox 2471 3291 2604 3360; x_wconf 81' lang='lat' dir='ltr'><strong>Ergo</strong></span> <span class='ocrx_word' id='word_1_767' title='bbox 2631 3291 2748 3360; x_wconf 86' lang='lat' dir='ltr'><strong>quia</strong></span> <span class='ocrx_word' id='word_1_768' title='bbox 2793 3292 2874 3345; x_wconf 82' lang='lat' dir='ltr'><strong>isti</strong></span> <span class='ocrx_word' id='word_1_769' title='bbox 2925 3292 3044 3344; x_wconf 86' lang='lat' dir='ltr'><strong>facti</strong></span> <span class='ocrx_word' id='word_1_770' title='bbox 3071 3302 3191 3346; x_wconf 73' lang='lat' dir='ltr'><strong>sunt</strong></span> <span class='ocrx_word' id='word_1_771' title='bbox 3220 3292 3342 3362; x_wconf 86' lang='lat' dir='ltr'><strong>justi</strong></span> <span class='ocrx_word' id='word_1_772' title='bbox 3364 3333 3376 3354; x_wconf 90' lang='lat'><strong>,</strong></span> <span class='ocrx_word' id='word_1_773' title='bbox 3405 3293 3490 3363; x_wconf 89' lang='lat' dir='ltr'><strong>qui</strong></span> <span class='ocrx_word' id='word_1_774' title='bbox 3528 3294 3578 3346; x_wconf 91' lang='lat' dir='ltr'><strong>in</strong></span> <span class='ocrx_word' id='word_1_775' title='bbox 3603 3309 3738 3347; x_wconf 85' lang='lat' dir='ltr'><strong>eum</strong></span> 
     </span>
    </p>
   </div>
   <div class='ocr_carea' id='block_1_95' title="bbox 2161 3380 3739 3456">
    <p class='ocr_par' dir='ltr' id='par_1_95' title="bbox 2161 3380 3739 3456">
     <span class='ocr_line' id='line_1_95' title="bbox 2161 3380 3739 3456; baseline 0.004 -24"><span class='ocrx_word' id='word_1_776' title='bbox 2161 3380 2500 3434; x_wconf 89' lang='lat' dir='ltr'><strong>crediderunt</strong></span> <span class='ocrx_word' id='word_1_777' title='bbox 2527 3396 2542 3444; x_wconf 89' lang='lat'><strong>;</strong></span> <span class='ocrx_word' id='word_1_778' title='bbox 2569 3381 2833 3449; x_wconf 76' lang='lat' dir='ltr'><strong>iustificati</strong></span> <span class='ocrx_word' id='word_1_779' title='bbox 2876 3398 2937 3436; x_wconf 76' lang='lat' dir='ltr'><strong>ex</strong></span> <span class='ocrx_word' id='word_1_780' title='bbox 2973 3383 3095 3449; x_wconf 89' lang='lat' dir='ltr'><strong>fide,</strong></span> <span class='ocrx_word' id='word_1_781' title='bbox 3129 3383 3246 3438; x_wconf 85' lang='lat' dir='ltr'><strong>facti</strong></span> <span class='ocrx_word' id='word_1_782' title='bbox 3285 3395 3407 3438; x_wconf 90' lang='lat' dir='ltr'><strong>sunt</strong></span> <span class='ocrx_word' id='word_1_783' title='bbox 3452 3384 3604 3440; x_wconf 91' lang='lat' dir='ltr'><strong>sedes</strong></span> <span class='ocrx_word' id='word_1_784' title='bbox 3649 3386 3739 3456; x_wconf 71' lang='lat' dir='ltr'><strong>ip,-</strong></span> 
     </span>
    </p>
   </div>
   <div class='ocr_carea' id='block_1_96' title="bbox 2161 3473 3738 3545">
    <p class='ocr_par' dir='ltr' id='par_1_96' title="bbox 2161 3473 3738 3545">
     <span class='ocr_line' id='line_1_96' title="bbox 2161 3473 3738 3545; baseline 0.003 -19"><span class='ocrx_word' id='word_1_785' title='bbox 2161 3473 2271 3526; x_wconf 90' lang='lat' dir='ltr'><strong>sins</strong></span> <span class='ocrx_word' id='word_1_786' title='bbox 2299 3491 2310 3526; x_wconf 96' lang='lat'>:</span> <span class='ocrx_word' id='word_1_787' title='bbox 2339 3473 2487 3526; x_wconf 87' lang='lat' dir='ltr'><strong>sedet</strong></span> <span class='ocrx_word' id='word_1_788' title='bbox 2527 3473 2576 3526; x_wconf 91' lang='lat' dir='ltr'><strong>in</strong></span> <span class='ocrx_word' id='word_1_789' title='bbox 2621 3473 2746 3542; x_wconf 79' lang='lat' dir='ltr'><strong>ipsis</strong></span> <span class='ocrx_word' id='word_1_790' title='bbox 2770 3516 2785 3539; x_wconf 91' lang='lat'><strong>,</strong></span> <span class='ocrx_word' id='word_1_791' title='bbox 2822 3474 3062 3542; x_wconf 79' lang='lat' dir='ltr'><strong>judicans</strong></span> <span class='ocrx_word' id='word_1_792' title='bbox 3102 3489 3165 3529; x_wconf 76' lang='lat' dir='ltr'><strong>ex</strong></span> <span class='ocrx_word' id='word_1_793' title='bbox 3212 3475 3336 3544; x_wconf 56' lang='lat' dir='ltr'><strong>ipsis</strong></span> <span class='ocrx_word' id='word_1_794' title='bbox 3362 3517 3375 3538; x_wconf 99' lang='lat'><strong>,</strong></span> <span class='ocrx_word' id='word_1_795' title='bbox 3400 3484 3453 3528; x_wconf 91' lang='lat' dir='ltr'><strong>et</strong></span> <span class='ocrx_word' id='word_1_796' title='bbox 3496 3475 3738 3545; x_wconf 77' lang='lat' dir='ltr'><strong>dirigens</strong></span> 
     </span>
    </p>
   </div>
   <div class='ocr_carea' id='block_1_97' title="bbox 2161 3565 3733 3636">
    <p class='ocr_par' dir='ltr' id='par_1_97' title="bbox 2161 3565 3733 3636">
     <span class='ocr_line' id='line_1_97' title="bbox 2161 3565 3733 3636; baseline 0.003 -17"><span class='ocrx_word' id='word_1_797' title='bbox 2161 3581 2272 3619; x_wconf 84' lang='lat' dir='ltr'><strong>eos.</strong></span> <span class='ocrx_word' id='word_1_798' title='bbox 2305 3565 2514 3635; x_wconf 86' lang='lat' dir='ltr'><strong>Quare?</strong></span> <span class='ocrx_word' id='word_1_799' title='bbox 2541 3567 2670 3633; x_wconf 86' lang='lat' dir='ltr'><strong>Quia</strong></span> <span class='ocrx_word' id='word_1_800' title='bbox 2702 3576 3005 3622; x_wconf 87' lang='lat' dir='ltr'><strong>mansuetos</strong></span> <span class='ocrx_word' id='word_1_801' title='bbox 3051 3567 3250 3620; x_wconf 89' lang='lat' dir='ltr'><strong>invenit</strong></span> <span class='ocrx_word' id='word_1_802' title='bbox 3271 3609 3284 3630; x_wconf 93' lang='lat'><strong>,</strong></span> <span class='ocrx_word' id='word_1_803' title='bbox 3314 3567 3470 3620; x_wconf 83' lang='lat' dir='ltr'><strong>veluti</strong></span> <span class='ocrx_word' id='word_1_804' title='bbox 3491 3568 3733 3636; x_wconf 88' lang='lat' dir='ltr'><strong>jumenta</strong></span> 
     </span>
    </p>
   </div>
   <div class='ocr_carea' id='block_1_98' title="bbox 2160 3655 3735 3726">
    <p class='ocr_par' dir='ltr' id='par_1_98' title="bbox 2160 3655 3735 3726">
     <span class='ocr_line' id='line_1_98' title="bbox 2160 3655 3735 3726; baseline 0.001 -17"><span class='ocrx_word' id='word_1_805' title='bbox 2160 3657 2302 3710; x_wconf 88' lang='lat' dir='ltr'><strong>tnitia</strong></span> <span class='ocrx_word' id='word_1_806' title='bbox 2325 3697 2340 3721; x_wconf 88' lang='lat'><strong>,</strong></span> <span class='ocrx_word' id='word_1_807' title='bbox 2366 3673 2468 3711; x_wconf 91' lang='lat' dir='ltr'><strong>non</strong></span> <span class='ocrx_word' id='word_1_808' title='bbox 2499 3655 2910 3720; x_wconf 86' lang='lat' dir='ltr'><strong>recalcitrantia,</strong></span> <span class='ocrx_word' id='word_1_809' title='bbox 2940 3672 3041 3709; x_wconf 90' lang='lat' dir='ltr'><strong>non</strong></span> <span class='ocrx_word' id='word_1_810' title='bbox 3079 3656 3271 3710; x_wconf 91' lang='lat' dir='ltr'><strong>collum</strong></span> <span class='ocrx_word' id='word_1_811' title='bbox 3311 3657 3592 3726; x_wconf 79' lang='lat' dir='ltr'><strong>superbum</strong></span> <span class='ocrx_word' id='word_1_812' title='bbox 3627 3659 3735 3710; x_wconf 81' lang='lat' dir='ltr'><strong>atl-</strong></span> 
     </span>
    </p>
   </div>
   <div class='ocr_carea' id='block_1_99' title="bbox 2160 3747 3735 3817">
    <p class='ocr_par' dir='ltr' id='par_1_99' title="bbox 2160 3747 3735 3817">
     <span class='ocr_line' id='line_1_99' title="bbox 2160 3747 3735 3817; baseline 0.001 -19"><span class='ocrx_word' id='word_1_813' title='bbox 2160 3763 2344 3800; x_wconf 86' lang='lat' dir='ltr'><strong>versns</strong></span> <span class='ocrx_word' id='word_1_814' title='bbox 2384 3750 2564 3817; x_wconf 78' lang='lat' dir='ltr'><strong>jugum</strong></span> <span class='ocrx_word' id='word_1_815' title='bbox 2613 3747 2725 3816; x_wconf 87' lang='lat' dir='ltr'><strong>ejus</strong></span> <span class='ocrx_word' id='word_1_816' title='bbox 2768 3748 3080 3802; x_wconf 80' lang='lat' dir='ltr'><strong>exentientia</strong></span> <span class='ocrx_word' id='word_1_817' title='bbox 3110 3789 3124 3811; x_wconf 95' lang='lat'><strong>,</strong></span> <span class='ocrx_word' id='word_1_818' title='bbox 3169 3761 3272 3800; x_wconf 91' lang='lat' dir='ltr'><strong>non</strong></span> <span class='ocrx_word' id='word_1_819' title='bbox 3301 3748 3562 3815; x_wconf 85' lang='lat' dir='ltr'><strong>flagellum</strong></span> <span class='ocrx_word' id='word_1_820' title='bbox 3607 3748 3735 3813; x_wconf 73' lang='lat' dir='ltr'><strong>eius</strong></span> 
     </span>
    </p>
   </div>
   <div class='ocr_carea' id='block_1_100' title="bbox 2160 3841 3731 3910">
    <p class='ocr_par' dir='ltr' id='par_1_100' title="bbox 2160 3841 3731 3910">
     <span class='ocr_line' id='line_1_100' title="bbox 2160 3841 3731 3910; baseline 0.001 -16"><span class='ocrx_word' id='word_1_821' title='bbox 2160 3842 2452 3896; x_wconf 86' lang='lat' dir='ltr'><strong>recusantia</strong></span> <span class='ocrx_word' id='word_1_822' title='bbox 2495 3860 2507 3894; x_wconf 93' lang='lat'><strong>:</strong></span> <span class='ocrx_word' id='word_1_823' title='bbox 2555 3842 2686 3896; x_wconf 85' lang='lat' dir='ltr'><strong>facta</strong></span> <span class='ocrx_word' id='word_1_824' title='bbox 2739 3850 2860 3896; x_wconf 90' lang='lat' dir='ltr'><strong>sunt</strong></span> <span class='ocrx_word' id='word_1_825' title='bbox 2897 3841 3132 3910; x_wconf 88' lang='lat' dir='ltr'><strong>jumenta</strong></span> <span class='ocrx_word' id='word_1_826' title='bbox 3186 3842 3302 3910; x_wconf 89' lang='lat' dir='ltr'><strong>ejus</strong></span> <span class='ocrx_word' id='word_1_827' title='bbox 3343 3841 3474 3895; x_wconf 86' lang='lat' dir='ltr'><strong>bona</strong></span> <span class='ocrx_word' id='word_1_828' title='bbox 3501 3883 3514 3904; x_wconf 93' lang='lat'><strong>,</strong></span> <span class='ocrx_word' id='word_1_829' title='bbox 3567 3859 3731 3896; x_wconf 85' lang='lat' dir='ltr'><strong>man-</strong></span> 
     </span>
    </p>
   </div>
   <div class='ocr_carea' id='block_1_101' title="bbox 2159 3931 3733 4000">
    <p class='ocr_par' dir='ltr' id='par_1_101' title="bbox 2159 3931 3733 4000">
     <span class='ocr_line' id='line_1_101' title="bbox 2159 3931 3733 4000; baseline 0.001 -13"><span class='ocrx_word' id='word_1_830' title='bbox 2159 3941 2344 3996; x_wconf 87' lang='lat' dir='ltr'><strong>sueta;</strong></span> <span class='ocrx_word' id='word_1_831' title='bbox 2394 3942 2449 3987; x_wconf 90' lang='lat' dir='ltr'><strong>et</strong></span> <span class='ocrx_word' id='word_1_832' title='bbox 2502 3942 2802 3987; x_wconf 78' lang='lat' dir='ltr'><strong>meruerunt</strong></span> <span class='ocrx_word' id='word_1_833' title='bbox 2846 3931 2984 4000; x_wconf 89' lang='lat' dir='ltr'><strong>quod</strong></span> <span class='ocrx_word' id='word_1_834' title='bbox 3023 3931 3218 3986; x_wconf 91' lang='lat' dir='ltr'><strong>dictum</strong></span> <span class='ocrx_word' id='word_1_835' title='bbox 3243 3943 3323 3986; x_wconf 90' lang='lat' dir='ltr'><strong>est</strong></span> <span class='ocrx_word' id='word_1_836' title='bbox 3369 3934 3423 3986; x_wconf 92' lang='lat' dir='ltr'><strong>in</strong></span> <span class='ocrx_word' id='word_1_837' title='bbox 3447 3933 3547 3986; x_wconf 88' lang='lat' dir='ltr'><strong>alio</strong></span> <span class='ocrx_word' id='word_1_838' title='bbox 3587 3936 3733 4000; x_wconf 86' lang='lat' dir='ltr'><strong>psal-</strong></span> 
     </span>
    </p>
   </div>
   <div class='ocr_carea' id='block_1_102' title="bbox 2159 4024 3732 4095">
    <p class='ocr_par' dir='ltr' id='par_1_102' title="bbox 2159 4024 3732 4095">
     <span class='ocr_line' id='line_1_102' title="bbox 2159 4024 3732 4095; baseline 0.001 -17"><span class='ocrx_word' id='word_1_839' title='bbox 2159 4042 2265 4087; x_wconf 87' lang='lat' dir='ltr'><strong>mo,</strong></span> <span class='ocrx_word' id='word_1_840' title='bbox 2287 4025 2476 4095; x_wconf 85' lang='lat' dir='ltr'><strong>Diriget</strong></span> <span class='ocrx_word' id='word_1_841' title='bbox 2504 4027 2643 4080; x_wconf 74' lang='lat' dir='ltr'><strong>mites</strong></span> <span class='ocrx_word' id='word_1_842' title='bbox 2670 4027 2718 4078; x_wconf 87' lang='lat' dir='ltr'><strong>in</strong></span> <span class='ocrx_word' id='word_1_843' title='bbox 2731 4026 2944 4095; x_wconf 77' lang='lat' dir='ltr'><strong>judicio.</strong></span> <span class='ocrx_word' id='word_1_844' title='bbox 2961 4024 3146 4078; x_wconf 78' lang='lat' dir='ltr'><strong>docebit</strong></span> <span class='ocrx_word' id='word_1_845' title='bbox 3173 4036 3454 4079; x_wconf 85' lang='lat' dir='ltr'><strong>mansuetos</strong></span> <span class='ocrx_word' id='word_1_846' title='bbox 3478 4027 3580 4078; x_wconf 83' lang='lat' dir='ltr'><strong>vius</strong></span> <span class='ocrx_word' id='word_1_847' title='bbox 3605 4043 3732 4079; x_wconf 73' lang='lat' dir='ltr'><strong>suos</strong></span> 
     </span>
    </p>
   </div>
   <div class='ocr_carea' id='block_1_103' title="bbox 2160 4116 3728 4188">
    <p class='ocr_par' dir='ltr' id='par_1_103' title="bbox 2160 4116 3728 4188">
     <span class='ocr_line' id='line_1_103' title="bbox 2160 4116 3728 4188; baseline -0.001 -19"><span class='ocrx_word' id='word_1_848' title='bbox 2160 4116 2326 4188; x_wconf 86' lang='lat' dir='ltr'><strong>(Psal.</strong></span> <span class='ocrx_word' id='word_1_849' title='bbox 2349 4133 2488 4182; x_wconf 72' lang='lat' dir='ltr'><strong>xxnv,</strong></span> <span class='ocrx_word' id='word_1_850' title='bbox 2513 4117 2587 4184; x_wconf 85' lang='lat'><strong>9).</strong></span> <span class='ocrx_word' id='word_1_851' title='bbox 2618 4117 2900 4184; x_wconf 81' lang='lat' dir='ltr'><strong>PrOpterea</strong></span> <span class='ocrx_word' id='word_1_852' title='bbox 2941 4131 3066 4184; x_wconf 82' lang='lat' dir='ltr'><strong>ergo</strong></span> <span class='ocrx_word' id='word_1_853' title='bbox 3104 4117 3203 4170; x_wconf 91' lang='lat' dir='ltr'><strong>illis</strong></span> <span class='ocrx_word' id='word_1_854' title='bbox 3243 4116 3396 4170; x_wconf 76' lang='lat' dir='ltr'><strong>nubes</strong></span> <span class='ocrx_word' id='word_1_855' title='bbox 3440 4126 3484 4168; x_wconf 84' lang='lat' dir='ltr'><strong>et</strong></span> <span class='ocrx_word' id='word_1_856' title='bbox 3521 4117 3689 4185; x_wconf 79' lang='lat' dir='ltr'><strong>caligo</strong></span> <span class='ocrx_word' id='word_1_857' title='bbox 3713 4161 3728 4179; x_wconf 85' lang='lat'><strong>,</strong></span> 
     </span>
    </p>
   </div>
   <div class='ocr_carea' id='block_1_104' title="bbox 2157 4207 3734 4278">
    <p class='ocr_par' dir='ltr' id='par_1_104' title="bbox 2157 4207 3734 4278">
     <span class='ocr_line' id='line_1_104' title="bbox 2157 4207 3734 4278; baseline -0.003 -16"><span class='ocrx_word' id='word_1_858' title='bbox 2157 4210 2274 4278; x_wconf 89' lang='lat' dir='ltr'><strong>quia</strong></span> <span class='ocrx_word' id='word_1_859' title='bbox 2323 4225 2424 4262; x_wconf 91' lang='lat' dir='ltr'><strong>non</strong></span> <span class='ocrx_word' id='word_1_860' title='bbox 2473 4217 2595 4261; x_wconf 79' lang='lat' dir='ltr'><strong>snt</strong></span> <span class='ocrx_word' id='word_1_861' title='bbox 2643 4209 2770 4261; x_wconf 78' lang='lat' dir='ltr'><strong>recti</strong></span> <span class='ocrx_word' id='word_1_862' title='bbox 2802 4208 2866 4271; x_wconf 83' lang='grc'><strong>³;</strong></span> <span class='ocrx_word' id='word_1_863' title='bbox 2921 4207 3204 4261; x_wconf 86' lang='lat' dir='ltr'><strong>mansuetis</strong></span> <span class='ocrx_word' id='word_1_864' title='bbox 3263 4215 3477 4272; x_wconf 87' lang='lat' dir='ltr'><strong>autem,</strong></span> <span class='ocrx_word' id='word_1_865' title='bbox 3517 4207 3734 4278; x_wconf 72' lang='lat' dir='ltr'><strong>justitia</strong></span> 
     </span>
    </p>
   </div>
   <div class='ocr_carea' id='block_1_105' title="bbox 2156 4299 3006 4370">
    <p class='ocr_par' dir='ltr' id='par_1_105' title="bbox 2156 4299 3006 4370">
     <span class='ocr_line' id='line_1_105' title="bbox 2156 4299 3006 4370; baseline -0.005 -17"><span class='ocrx_word' id='word_1_866' title='bbox 2156 4312 2202 4354; x_wconf 85' lang='lat' dir='ltr'><strong>et</strong></span> <span class='ocrx_word' id='word_1_867' title='bbox 2221 4300 2472 4370; x_wconf 86' lang='lat' dir='ltr'><strong>judicium</strong></span> <span class='ocrx_word' id='word_1_868' title='bbox 2500 4299 2704 4352; x_wconf 78' lang='lat' dir='ltr'><strong>directio</strong></span> <span class='ocrx_word' id='word_1_869' title='bbox 2722 4299 2852 4352; x_wconf 82' lang='lat' dir='ltr'><strong>sedis</strong></span> <span class='ocrx_word' id='word_1_870' title='bbox 2880 4300 3006 4367; x_wconf 84' lang='lat' dir='ltr'><strong>cjus.</strong></span> 
     </span>
    </p>
   </div>
   <div class='ocr_carea' id='block_1_106' title="bbox 2225 4387 3734 4460">
    <p class='ocr_par' dir='ltr' id='par_1_106' title="bbox 2225 4387 3734 4460">
     <span class='ocr_line' id='line_1_106' title="bbox 2225 4387 3734 4460; baseline -0.004 -15"><span class='ocrx_word' id='word_1_871' title='bbox 2225 4394 2277 4445; x_wconf 84' lang='lat' dir='ltr'><strong>ti.</strong></span> <span class='ocrx_word' id='word_1_872' title='bbox 2303 4391 2463 4460; x_wconf 73' lang='lat' dir='ltr'><strong>laets.</strong></span> <span class='ocrx_word' id='word_1_873' title='bbox 2495 4387 2580 4459; x_wconf 79' lang='lat'><strong>5.]</strong></span> <span class='ocrx_word' id='word_1_874' title='bbox 2613 4387 2753 4458; x_wconf 86' lang='lat' dir='ltr'><strong>Ignis</strong></span> <span class='ocrx_word' id='word_1_875' title='bbox 2781 4399 2897 4442; x_wconf 82' lang='lat' dir='ltr'><strong>ante</strong></span> <span class='ocrx_word' id='word_1_876' title='bbox 2922 4405 3032 4441; x_wconf 79' lang='lat' dir='ltr'><strong>eum</strong></span> <span class='ocrx_word' id='word_1_877' title='bbox 3063 4387 3252 4455; x_wconf 75' lang='lat' dir='ltr'><strong>prteibit</strong></span> <span class='ocrx_word' id='word_1_878' title='bbox 3276 4427 3290 4450; x_wconf 84' lang='lat'><strong>,</strong></span> <span class='ocrx_word' id='word_1_879' title='bbox 3318 4396 3364 4440; x_wconf 85' lang='lat' dir='ltr'><strong>et</strong></span> <span class='ocrx_word' id='word_1_880' title='bbox 3389 4387 3734 4456; x_wconf 79' lang='lat' dir='ltr'><strong>inﬂammabit</strong></span> 
     </span>
    </p>
   </div>
   <div class='ocr_carea' id='block_1_107' title="bbox 2154 4475 3725 4548">
    <p class='ocr_par' dir='ltr' id='par_1_107' title="bbox 2154 4475 3725 4548">
     <span class='ocr_line' id='line_1_107' title="bbox 2154 4475 3725 4548; baseline -0.006 -14"><span class='ocrx_word' id='word_1_881' title='bbox 2154 4483 2205 4534; x_wconf 82' lang='lat' dir='ltr'><strong>in</strong></span> <span class='ocrx_word' id='word_1_882' title='bbox 2238 4482 2444 4538; x_wconf 80' lang='lat' dir='ltr'><strong>circuitu</strong></span> <span class='ocrx_word' id='word_1_883' title='bbox 2481 4481 2706 4533; x_wconf 80' lang='lat' dir='ltr'><strong>inimicos</strong></span> <span class='ocrx_word' id='word_1_884' title='bbox 2742 4481 2868 4548; x_wconf 84' lang='lat' dir='ltr'><strong>ejus.</strong></span> <span class='ocrx_word' id='word_1_885' title='bbox 2899 4479 2970 4532; x_wconf 86' lang='lat' dir='ltr'><strong>Dc</strong></span> <span class='ocrx_word' id='word_1_886' title='bbox 3009 4494 3115 4547; x_wconf 81' lang='lat' dir='ltr'><strong>quo</strong></span> <span class='ocrx_word' id='word_1_887' title='bbox 3163 4479 3280 4546; x_wconf 88' lang='lat' dir='ltr'><strong>igne</strong></span> <span class='ocrx_word' id='word_1_888' title='bbox 3305 4476 3426 4530; x_wconf 85' lang='lat' dir='ltr'><strong>dicit</strong></span> <span class='ocrx_word' id='word_1_889' title='bbox 3451 4518 3464 4540; x_wconf 90' lang='lat'><strong>,</strong></span> <span class='ocrx_word' id='word_1_890' title='bbox 3489 4475 3684 4528; x_wconf 68' lang='lat' dir='ltr'><strong>fratres</strong></span> <span class='ocrx_word' id='word_1_891' title='bbox 3708 4519 3725 4541; x_wconf 82' lang='lat'><strong>,</strong></span> 
     </span>
    </p>
   </div>
   <div class='ocr_carea' id='block_1_108' title="bbox 2155 4569 3727 4642">
    <p class='ocr_par' dir='ltr' id='par_1_108' title="bbox 2155 4569 3727 4642">
     <span class='ocr_line' id='line_1_108' title="bbox 2155 4569 3727 4642; baseline -0.003 -17"><span class='ocrx_word' id='word_1_892' title='bbox 2155 4573 2298 4642; x_wconf 87' lang='lat' dir='ltr'><strong>Ignis</strong></span> <span class='ocrx_word' id='word_1_893' title='bbox 2335 4581 2447 4625; x_wconf 80' lang='lat' dir='ltr'><strong>ante</strong></span> <span class='ocrx_word' id='word_1_894' title='bbox 2483 4589 2592 4626; x_wconf 87' lang='lat' dir='ltr'><strong>eum</strong></span> <span class='ocrx_word' id='word_1_895' title='bbox 2619 4571 2809 4640; x_wconf 72' lang='lat' dir='ltr'><strong>prwibit</strong></span> <span class='ocrx_word' id='word_1_896' title='bbox 2829 4611 2842 4634; x_wconf 93' lang='lat'><strong>,</strong></span> <span class='ocrx_word' id='word_1_897' title='bbox 2873 4581 2920 4623; x_wconf 87' lang='lat' dir='ltr'><strong>et</strong></span> <span class='ocrx_word' id='word_1_898' title='bbox 2949 4571 3277 4638; x_wconf 79' lang='lat' dir='ltr'><strong>iuﬂanunabit</strong></span> <span class='ocrx_word' id='word_1_899' title='bbox 3303 4570 3355 4622; x_wconf 89' lang='lat' dir='ltr'><strong>in</strong></span> <span class='ocrx_word' id='word_1_900' title='bbox 3375 4569 3583 4621; x_wconf 84' lang='lat' dir='ltr'><strong>circuitu</strong></span> <span class='ocrx_word' id='word_1_901' title='bbox 3614 4569 3727 4620; x_wconf 82' lang='lat' dir='ltr'><strong>ini-</strong></span> 
     </span>
    </p>
   </div>
   <div class='ocr_carea' id='block_1_109' title="bbox 2154 4660 3730 4734">
    <p class='ocr_par' dir='ltr' id='par_1_109' title="bbox 2154 4660 3730 4734">
     <span class='ocr_line' id='line_1_109' title="bbox 2154 4660 3730 4734; baseline -0.002 -16"><span class='ocrx_word' id='word_1_902' title='bbox 2154 4667 2306 4718; x_wconf 87' lang='lat' dir='ltr'><strong>micas</strong></span> <span class='ocrx_word' id='word_1_903' title='bbox 2343 4664 2488 4734; x_wconf 86' lang='lat' dir='ltr'><strong>ejus?</strong></span> <span class='ocrx_word' id='word_1_904' title='bbox 2511 4663 2626 4719; x_wconf 83' lang='lat' dir='ltr'><strong>Non</strong></span> <span class='ocrx_word' id='word_1_905' title='bbox 2674 4663 2898 4717; x_wconf 87' lang='lat' dir='ltr'><strong>arbitror</strong></span> <span class='ocrx_word' id='word_1_906' title='bbox 2939 4664 3006 4716; x_wconf 85' lang='lat' dir='ltr'><strong>de</strong></span> <span class='ocrx_word' id='word_1_907' title='bbox 3054 4663 3140 4715; x_wconf 91' lang='lat' dir='ltr'><strong>illo</strong></span> <span class='ocrx_word' id='word_1_908' title='bbox 3171 4663 3286 4732; x_wconf 86' lang='lat' dir='ltr'><strong>igne</strong></span> <span class='ocrx_word' id='word_1_909' title='bbox 3312 4660 3446 4723; x_wconf 86' lang='lat' dir='ltr'><strong>dici,</strong></span> <span class='ocrx_word' id='word_1_910' title='bbox 3481 4661 3531 4713; x_wconf 93' lang='lat' dir='ltr'><strong>in</strong></span> <span class='ocrx_word' id='word_1_911' title='bbox 3558 4675 3730 4729; x_wconf 84' lang='lat' dir='ltr'><strong>quem</strong></span> 
     </span>
    </p>
   </div>
   <div class='ocr_carea' id='block_1_110' title="bbox 2154 4750 3731 4823">
    <p class='ocr_par' dir='ltr' id='par_1_110' title="bbox 2154 4750 3731 4823">
     <span class='ocr_line' id='line_1_110' title="bbox 2154 4750 3731 4823; baseline -0.003 -12"><span class='ocrx_word' id='word_1_912' title='bbox 2154 4756 2389 4812; x_wconf 88' lang='lat' dir='ltr'><strong>tnittendi</strong></span> <span class='ocrx_word' id='word_1_913' title='bbox 2416 4767 2537 4810; x_wconf 88' lang='lat' dir='ltr'><strong>sunt</strong></span> <span class='ocrx_word' id='word_1_914' title='bbox 2559 4754 2701 4823; x_wconf 92' lang='lat' dir='ltr'><strong>impii</strong></span> <span class='ocrx_word' id='word_1_915' title='bbox 2724 4755 2806 4807; x_wconf 89' lang='lat' dir='ltr'><strong>illa</strong></span> <span class='ocrx_word' id='word_1_916' title='bbox 2830 4754 3008 4807; x_wconf 84' lang='lat' dir='ltr'><strong>ultima</strong></span> <span class='ocrx_word' id='word_1_917' title='bbox 3021 4753 3200 4822; x_wconf 84' lang='lat' dir='ltr'><strong>jndicii</strong></span> <span class='ocrx_word' id='word_1_918' title='bbox 3223 4751 3503 4816; x_wconf 87' lang='lat' dir='ltr'><strong>sententia,</strong></span> <span class='ocrx_word' id='word_1_919' title='bbox 3524 4750 3731 4818; x_wconf 87' lang='lat' dir='ltr'><strong>quibus</strong></span> 
     </span>
    </p>
   </div>
   <div class='ocr_carea' id='block_1_111' title="bbox 2152 4845 3728 4915">
    <p class='ocr_par' dir='ltr' id='par_1_111' title="bbox 2152 4845 3728 4915">
     <span class='ocr_line' id='line_1_111' title="bbox 2152 4845 3728 4915; baseline -0.003 -12"><span class='ocrx_word' id='word_1_920' title='bbox 2152 4851 2216 4903; x_wconf 89' lang='lat' dir='ltr'><strong>ad</strong></span> <span class='ocrx_word' id='word_1_921' title='bbox 2246 4849 2508 4903; x_wconf 87' lang='lat' dir='ltr'><strong>sinistram</strong></span> <span class='ocrx_word' id='word_1_922' title='bbox 2532 4849 2806 4913; x_wconf 86' lang='lat' dir='ltr'><strong>separatis,</strong></span> <span class='ocrx_word' id='word_1_923' title='bbox 2835 4848 2967 4900; x_wconf 88' lang='lat' dir='ltr'><strong>sicut</strong></span> <span class='ocrx_word' id='word_1_924' title='bbox 2995 4847 3046 4901; x_wconf 88' lang='lat' dir='ltr'><strong>in</strong></span> <span class='ocrx_word' id='word_1_925' title='bbox 3076 4845 3355 4915; x_wconf 78' lang='lat' dir='ltr'><strong>Evangelia</strong></span> <span class='ocrx_word' id='word_1_926' title='bbox 3385 4845 3574 4898; x_wconf 87' lang='lat' dir='ltr'><strong>lectum</strong></span> <span class='ocrx_word' id='word_1_927' title='bbox 3598 4861 3728 4898; x_wconf 78' lang='lat' dir='ltr'><strong>mc-</strong></span> 
     </span>
    </p>
   </div>
   <div class='ocr_carea' id='block_1_112' title="bbox 2152 4935 3726 5004">
    <p class='ocr_par' dir='ltr' id='par_1_112' title="bbox 2152 4935 3726 5004">
     <span class='ocr_line' id='line_1_112' title="bbox 2152 4935 3726 5004; baseline -0.003 -12"><span class='ocrx_word' id='word_1_928' title='bbox 2152 4939 2400 4993; x_wconf 88' lang='lat' dir='ltr'><strong>minimus</strong></span> <span class='ocrx_word' id='word_1_929' title='bbox 2419 4981 2432 5000; x_wconf 89' lang='lat'><strong>,</strong></span> <span class='ocrx_word' id='word_1_930' title='bbox 2459 4938 2692 4992; x_wconf 88' lang='lat' dir='ltr'><strong>dicturus</strong></span> <span class='ocrx_word' id='word_1_931' title='bbox 2710 4945 2819 5002; x_wconf 84' lang='lat' dir='ltr'><strong>est,</strong></span> <span class='ocrx_word' id='word_1_932' title='bbox 2855 4936 2931 4989; x_wconf 87' lang='lat' dir='ltr'><strong>Ite</strong></span> <span class='ocrx_word' id='word_1_933' title='bbox 2952 4938 3000 4989; x_wconf 89' lang='lat' dir='ltr'><strong>in</strong></span> <span class='ocrx_word' id='word_1_934' title='bbox 3032 4938 3194 5004; x_wconf 83' lang='lat' dir='ltr'><strong>ignem</strong></span> <span class='ocrx_word' id='word_1_935' title='bbox 3219 4946 3456 4990; x_wconf 67' lang='lat' dir='ltr'><strong>aeternum</strong></span> <span class='ocrx_word' id='word_1_936' title='bbox 3474 4978 3490 4996; x_wconf 87' lang='lat'><strong>,</strong></span> <span class='ocrx_word' id='word_1_937' title='bbox 3517 4935 3605 5002; x_wconf 86' lang='lat' dir='ltr'><strong>qui</strong></span> <span class='ocrx_word' id='word_1_938' title='bbox 3626 4953 3726 5004; x_wconf 76' lang='lat' dir='ltr'><strong>pa-</strong></span> 
     </span>
    </p>
   </div>
   <div class='ocr_carea' id='block_1_113' title="bbox 2151 5024 3725 5098">
    <p class='ocr_par' dir='ltr' id='par_1_113' title="bbox 2151 5024 3725 5098">
     <span class='ocr_line' id='line_1_113' title="bbox 2151 5024 3725 5098; baseline -0.003 -15"><span class='ocrx_word' id='word_1_939' title='bbox 2151 5041 2292 5084; x_wconf 79' lang='lat' dir='ltr'><strong>ratus</strong></span> <span class='ocrx_word' id='word_1_940' title='bbox 2319 5040 2389 5083; x_wconf 83' lang='lat' dir='ltr'><strong>est</strong></span> <span class='ocrx_word' id='word_1_941' title='bbox 2415 5029 2612 5082; x_wconf 83' lang='lat' dir='ltr'><strong>diabolo</strong></span> <span class='ocrx_word' id='word_1_942' title='bbox 2631 5038 2675 5081; x_wconf 87' lang='lat' dir='ltr'><strong>et</strong></span> <span class='ocrx_word' id='word_1_943' title='bbox 2703 5029 2892 5098; x_wconf 80' lang='lat' dir='ltr'><strong>augetis</strong></span> <span class='ocrx_word' id='word_1_944' title='bbox 2917 5029 3026 5086; x_wconf 87' lang='lat' dir='ltr'><strong>eius</strong></span> <span class='ocrx_word' id='word_1_945' title='bbox 3056 5026 3262 5097; x_wconf 79' lang='lat' dir='ltr'><strong>(Matth.</strong></span> <span class='ocrx_word' id='word_1_946' title='bbox 3295 5043 3416 5090; x_wconf 73' lang='lat' dir='ltr'><strong>xxv,</strong></span> <span class='ocrx_word' id='word_1_947' title='bbox 3442 5024 3530 5095; x_wconf 71' lang='grc'><strong>41)</strong></span> <span class='ocrx_word' id='word_1_948' title='bbox 3562 5044 3572 5078; x_wconf 91' lang='lat'><strong>:</strong></span> <span class='ocrx_word' id='word_1_949' title='bbox 3609 5041 3725 5080; x_wconf 75' lang='lat' dir='ltr'><strong>novt</strong></span> 
     </span>
    </p>
   </div>
   <div class='ocr_carea' id='block_1_114' title="bbox 2152 5117 3725 5190">
    <p class='ocr_par' dir='ltr' id='par_1_114' title="bbox 2152 5117 3725 5190">
     <span class='ocr_line' id='line_1_114' title="bbox 2152 5117 3725 5190; baseline -0.001 -17"><span class='ocrx_word' id='word_1_950' title='bbox 2152 5130 2276 5190; x_wconf 88' lang='lat' dir='ltr'><strong>puto</strong></span> <span class='ocrx_word' id='word_1_951' title='bbox 2302 5121 2368 5176; x_wconf 89' lang='lat' dir='ltr'><strong>de</strong></span> <span class='ocrx_word' id='word_1_952' title='bbox 2397 5121 2482 5174; x_wconf 91' lang='lat' dir='ltr'><strong>illo</strong></span> <span class='ocrx_word' id='word_1_953' title='bbox 2512 5120 2631 5188; x_wconf 82' lang='lat' dir='ltr'><strong>igne</strong></span> <span class='ocrx_word' id='word_1_954' title='bbox 2667 5120 2790 5172; x_wconf 88' lang='lat' dir='ltr'><strong>dici.</strong></span> <span class='ocrx_word' id='word_1_955' title='bbox 2814 5118 2961 5174; x_wconf 88' lang='lat' dir='ltr'><strong>Unde</strong></span> <span class='ocrx_word' id='word_1_956' title='bbox 3001 5119 3101 5173; x_wconf 89' lang='lat' dir='ltr'><strong>hoc</strong></span> <span class='ocrx_word' id='word_1_957' title='bbox 3144 5134 3247 5172; x_wconf 92' lang='lat' dir='ltr'><strong>non</strong></span> <span class='ocrx_word' id='word_1_958' title='bbox 3278 5118 3442 5187; x_wconf 88' lang='lat' dir='ltr'><strong>puto?</strong></span> <span class='ocrx_word' id='word_1_959' title='bbox 3470 5117 3602 5185; x_wconf 89' lang='lat' dir='ltr'><strong>Quia</strong></span> <span class='ocrx_word' id='word_1_960' title='bbox 3645 5118 3725 5171; x_wconf 83' lang='lat' dir='ltr'><strong>de</strong></span> 
     </span>
    </p>
   </div>
   <div class='ocr_carea' id='block_1_115' title="bbox 2150 5209 3729 5281">
    <p class='ocr_par' dir='ltr' id='par_1_115' title="bbox 2150 5209 3729 5281">
     <span class='ocr_line' id='line_1_115' title="bbox 2150 5209 3729 5281; baseline -0.002 -16"><span class='ocrx_word' id='word_1_961' title='bbox 2150 5212 2375 5281; x_wconf 88' lang='lat' dir='ltr'><strong>quodam</strong></span> <span class='ocrx_word' id='word_1_962' title='bbox 2402 5211 2519 5280; x_wconf 81' lang='lat' dir='ltr'><strong>igne</strong></span> <span class='ocrx_word' id='word_1_963' title='bbox 2545 5210 2671 5264; x_wconf 88' lang='lat' dir='ltr'><strong>dicit</strong></span> <span class='ocrx_word' id='word_1_964' title='bbox 2690 5253 2704 5276; x_wconf 95' lang='lat'><strong>,</strong></span> <span class='ocrx_word' id='word_1_965' title='bbox 2735 5209 2822 5279; x_wconf 92' lang='lat' dir='ltr'><strong>qui</strong></span> <span class='ocrx_word' id='word_1_966' title='bbox 2855 5210 3058 5278; x_wconf 73' lang='lat' dir='ltr'><strong>prmibit</strong></span> <span class='ocrx_word' id='word_1_967' title='bbox 3083 5218 3204 5264; x_wconf 91' lang='lat' dir='ltr'><strong>ante</strong></span> <span class='ocrx_word' id='word_1_968' title='bbox 3235 5209 3401 5272; x_wconf 90' lang='lat' dir='ltr'><strong>illum,</strong></span> <span class='ocrx_word' id='word_1_969' title='bbox 3429 5218 3729 5276; x_wconf 87' lang='lat' dir='ltr'><strong>antequam</strong></span> 
     </span>
    </p>
   </div>
   <div class='ocr_carea' id='block_1_116' title="bbox 2151 5298 3724 5370">
    <p class='ocr_par' dir='ltr' id='par_1_116' title="bbox 2151 5298 3724 5370">
     <span class='ocr_line' id='line_1_116' title="bbox 2151 5298 3724 5370; baseline 0.001 -17"><span class='ocrx_word' id='word_1_970' title='bbox 2151 5304 2327 5357; x_wconf 87' lang='lat' dir='ltr'><strong>veniat</strong></span> <span class='ocrx_word' id='word_1_971' title='bbox 2349 5302 2413 5356; x_wconf 86' lang='lat' dir='ltr'><strong>ad</strong></span> <span class='ocrx_word' id='word_1_972' title='bbox 2435 5298 2707 5370; x_wconf 85' lang='lat' dir='ltr'><strong>judicium.</strong></span> <span class='ocrx_word' id='word_1_973' title='bbox 2739 5301 2940 5355; x_wconf 89' lang='lat' dir='ltr'><strong>Dictum</strong></span> <span class='ocrx_word' id='word_1_974' title='bbox 2963 5309 3045 5356; x_wconf 88' lang='lat' dir='ltr'><strong>est</strong></span> <span class='ocrx_word' id='word_1_975' title='bbox 3067 5301 3206 5354; x_wconf 91' lang='lat' dir='ltr'><strong>enim</strong></span> <span class='ocrx_word' id='word_1_976' title='bbox 3236 5300 3423 5370; x_wconf 69' lang='lat' dir='ltr'><strong>prwire</strong></span> <span class='ocrx_word' id='word_1_977' title='bbox 3450 5299 3622 5366; x_wconf 90' lang='lat' dir='ltr'><strong>ignem</strong></span> <span class='ocrx_word' id='word_1_978' title='bbox 3666 5307 3724 5354; x_wconf 86' lang='lat' dir='ltr'><strong>ct</strong></span> 
     </span>
    </p>
   </div>
   <div class='ocr_carea' id='block_1_117' title="bbox 2151 5391 3728 5460">
    <p class='ocr_par' dir='ltr' id='par_1_117' title="bbox 2151 5391 3728 5460">
     <span class='ocr_line' id='line_1_117' title="bbox 2151 5391 3728 5460; baseline -0.003 -14"><span class='ocrx_word' id='word_1_979' title='bbox 2151 5393 2478 5450; x_wconf 83' lang='lat' dir='ltr'><strong>inﬂammare</strong></span> <span class='ocrx_word' id='word_1_980' title='bbox 2501 5391 2550 5444; x_wconf 91' lang='lat' dir='ltr'><strong>in</strong></span> <span class='ocrx_word' id='word_1_981' title='bbox 2579 5393 2819 5456; x_wconf 87' lang='lat' dir='ltr'><strong>circuitu,</strong></span> <span class='ocrx_word' id='word_1_982' title='bbox 2846 5391 2898 5445; x_wconf 91' lang='lat' dir='ltr'><strong>id</strong></span> <span class='ocrx_word' id='word_1_983' title='bbox 2927 5403 3007 5445; x_wconf 86' lang='lat' dir='ltr'><strong>est</strong></span> <span class='ocrx_word' id='word_1_984' title='bbox 3032 5407 3122 5460; x_wconf 87' lang='lat' dir='ltr'><strong>per</strong></span> <span class='ocrx_word' id='word_1_985' title='bbox 3146 5401 3307 5445; x_wconf 89' lang='lat' dir='ltr'><strong>totutn</strong></span> <span class='ocrx_word' id='word_1_986' title='bbox 3339 5391 3516 5443; x_wconf 91' lang='lat' dir='ltr'><strong>orbem</strong></span> <span class='ocrx_word' id='word_1_987' title='bbox 3545 5397 3728 5442; x_wconf 65' lang='grc' dir='ltr'><strong>ωτι-ε·-</strong></span> 
     </span>
    </p>
   </div>
   <div class='ocr_carea' id='block_1_118' title="bbox 2150 5482 3726 5554">
    <p class='ocr_par' dir='ltr' id='par_1_118' title="bbox 2150 5482 3726 5554">
     <span class='ocr_line' id='line_1_118' title="bbox 2150 5482 3726 5554; baseline -0.003 -16"><span class='ocrx_word' id='word_1_988' title='bbox 2150 5501 2287 5550; x_wconf 87' lang='lat' dir='ltr'><strong>rum,</strong></span> <span class='ocrx_word' id='word_1_989' title='bbox 2307 5485 2544 5540; x_wconf 81' lang='lat' dir='ltr'><strong>inimicos</strong></span> <span class='ocrx_word' id='word_1_990' title='bbox 2569 5484 2702 5554; x_wconf 88' lang='lat' dir='ltr'><strong>ejus.</strong></span> <span class='ocrx_word' id='word_1_991' title='bbox 2735 5483 2824 5539; x_wconf 88' lang='lat' dir='ltr'><strong>llle</strong></span> <span class='ocrx_word' id='word_1_992' title='bbox 2852 5485 2983 5554; x_wconf 81' lang='lat' dir='ltr'><strong>ignis</strong></span> <span class='ocrx_word' id='word_1_993' title='bbox 3007 5493 3123 5553; x_wconf 82' lang='lat' dir='ltr'><strong>post</strong></span> <span class='ocrx_word' id='word_1_994' title='bbox 3143 5485 3256 5554; x_wconf 88' lang='lat' dir='ltr'><strong>ejus</strong></span> <span class='ocrx_word' id='word_1_995' title='bbox 3283 5483 3563 5540; x_wconf 81' lang='lat' dir='ltr'><strong>adventum</strong></span> <span class='ocrx_word' id='word_1_996' title='bbox 3592 5482 3726 5544; x_wconf 78' lang='lat' dir='ltr'><strong>erit;</strong></span> 
     </span>
    </p>
   </div>
   <div class='ocr_carea' id='block_1_119' title="bbox 2215 5601 3650 5696">
    <p class='ocr_par' dir='ltr' id='par_1_119' title="bbox 2215 5601 3650 5696">
     <span class='ocr_line' id='line_1_119' title="bbox 2215 5601 3650 5696; baseline -0.001 -10"><span class='ocrx_word' id='word_1_997' title='bbox 2215 5629 2321 5688; x_wconf 60' lang='lat' dir='ltr'><strong>tua</strong></span> <span class='ocrx_word' id='word_1_998' title='bbox 2343 5644 2446 5687; x_wconf 76' lang='lat' dir='ltr'><strong>Mss.</strong></span> <span class='ocrx_word' id='word_1_999' title='bbox 2473 5623 2524 5686; x_wconf 76' lang='grc' dir='ltr'>Αἶ</span> <span class='ocrx_word' id='word_1_1000' title='bbox 2546 5637 2678 5696; x_wconf 64' lang='lat' dir='ltr'><strong>add,</strong></span> <span class='ocrx_word' id='word_1_1001' title='bbox 2702 5639 2794 5688; x_wconf 81' lang='lat' dir='ltr'><strong>sic.</strong></span> <span class='ocrx_word' id='word_1_1002' title='bbox 3630 5601 3650 5627; x_wconf 53' lang='lat'><em>.</em></span> 
     </span>
    </p>
   </div>
   <div class='ocr_carea' id='block_1_120' title="bbox 2215 5700 2906 5757">
    <p class='ocr_par' dir='ltr' id='par_1_120' title="bbox 2215 5700 2906 5757">
     <span class='ocr_line' id='line_1_120' title="bbox 2215 5700 2906 5757; baseline -0.001 -10"><span class='ocrx_word' id='word_1_1003' title='bbox 2215 5704 2235 5731; x_wconf 81' lang='grc'>³</span> <span class='ocrx_word' id='word_1_1004' title='bbox 2258 5707 2460 5757; x_wconf 84' lang='lat' dir='ltr'><strong>Quatuor</strong></span> <span class='ocrx_word' id='word_1_1005' title='bbox 2485 5707 2610 5756; x_wconf 68' lang='lat' dir='ltr'><strong>Mss,</strong></span> <span class='ocrx_word' id='word_1_1006' title='bbox 2632 5700 2906 5748; x_wconf 50' lang='lat' dir='ltr'><strong>audiamus.</strong></span> 
     </span>
    </p>
   </div>
   <div class='ocr_carea' id='block_1_121' title="bbox 2219 5761 3406 5825">
    <p class='ocr_par' dir='ltr' id='par_1_121' title="bbox 2219 5761 3406 5825">
     <span class='ocr_line' id='line_1_121' title="bbox 2219 5761 3406 5825; baseline -0.001 -13"><span class='ocrx_word' id='word_1_1007' title='bbox 2219 5763 2238 5794; x_wconf 85' lang='grc'>³</span> <span class='ocrx_word' id='word_1_1008' title='bbox 2257 5761 2441 5822; x_wconf 76' lang='lat' dir='ltr'><strong>Aliquot</strong></span> <span class='ocrx_word' id='word_1_1009' title='bbox 2461 5769 2588 5824; x_wconf 66' lang='lat' dir='ltr'><strong>Mss,</strong></span> <span class='ocrx_word' id='word_1_1010' title='bbox 2619 5761 2790 5813; x_wconf 78' lang='lat' dir='ltr'><strong>directi</strong></span> <span class='ocrx_word' id='word_1_1011' title='bbox 2813 5774 2830 5812; x_wconf 90' lang='lat'><strong><em>:</em></strong></span> <span class='ocrx_word' id='word_1_1012' title='bbox 2857 5770 2908 5812; x_wconf 90' lang='lat' dir='ltr'><strong>et</strong></span> <span class='ocrx_word' id='word_1_1013' title='bbox 2929 5762 3138 5825; x_wconf 80' lang='lat' dir='ltr'><strong>quidam,</strong></span> <span class='ocrx_word' id='word_1_1014' title='bbox 3161 5762 3406 5811; x_wconf 72' lang='lat' dir='ltr'><strong>mansueti.</strong></span> 
     </span>
    </p>
   </div>
  </div>
