4012 6202
279 345 414 400 util

271 553 450 623 ignis?
478 552 768 607 Possumus
806 567 924 605 eum
954 551 1192 620 accipere
1231 552 1282 604 in
1309 562 1520 622 pmnam
1546 555 1806 609 malorum
1832 595 1848 621 ,

272 658 561 713 possumus
584 643 637 697 in
659 643 881 697 salutem
907 642 1318 712 redemptorum.
1351 644 1403 698 lu
1437 660 1645 714 poenam
1685 647 1854 701 malor-

270 750 396 788 rnm
421 775 438 799 ,
469 732 771 802 quomodo?
805 732 936 800 Quia
983 747 1102 787 cum
1155 733 1530 811 prardicaretur
1572 735 1810 791 Christus
1835 777 1850 800 ,

246 812 427 879 ’iratze
467 835 588 879 sunt
615 833 801 893 gentes
824 865 840 890 ,
867 830 924 877 et
949 833 1348 878 commoverunt
1387 827 1804 894 persecutionem
1837 845 1850 880 :

269 932 394 985 quas
419 917 496 970 ira
524 917 660 987 ignis
702 914 838 982 fuit,
867 915 1033 985 magis
1061 930 1378 970 consumens
1415 933 1507 970 eos
1547 918 1636 996 qui
1676 934 1851 987 perse-

264 1008 611 1076 quebantur,
657 1023 815 1076 quam
866 1020 958 1061 eos
1017 1023 1149 1076 quos
1205 1007 1673 1076 persequebantur.
1719 1010 1850 1063 Cum

261 1100 414 1153 enim
459 1097 702 1154 videmus
740 1096 909 1160 duos,
940 1112 1097 1151 unum
1130 1097 1469 1160 irascentem,
1499 1099 1723 1154 alterum
1755 1115 1849 1167 pa-

267 1189 464 1244 tienter
494 1189 784 1254 ferentem,
813 1189 930 1257 quis
953 1183 1136 1242 eorum
1161 1188 1376 1254 ardeat,
1399 1196 1633 1243 vestrum
1655 1199 1737 1245 est
1758 1190 1849 1260 ju-

261 1278 466 1332 dicare.
507 1278 736 1332 Potestis
776 1278 826 1330 in
853 1293 1047 1347 genere
1076 1277 1307 1331 humano
1344 1279 1445 1332 tale
1491 1280 1847 1348 spectaculum

262 1369 530 1424 contueri.
559 1368 747 1424 Ponite
763 1368 910 1423 vobis
932 1380 1053 1422 ante
1082 1370 1260 1423 oculos
1292 1368 1558 1425 hominem
1589 1371 1844 1440 iniquum,

261 1471 593 1518 commotum
620 1464 814 1527 animo,
841 1472 1038 1518 trucem
1064 1463 1225 1528 vultu,
1248 1462 1638 1517 ﬂammantibus
1657 1464 1840 1527 oculis,

261 1552 680 1607 scintillantibus
708 1552 881 1607 verbis
903 1593 918 1614 ,
950 1551 1077 1607 ferri
1105 1552 1155 1606 in
1180 1551 1408 1607 hominis
1434 1569 1640 1618 necem,
1672 1553 1724 1607 in
1749 1553 1844 1608 de-

265 1646 671 1713 prazdationem,
698 1645 748 1698 iu
781 1644 1000 1713 injurias
1019 1685 1033 1706 ,
1065 1645 1116 1698 in
1143 1645 1509 1707 contumelias,
1544 1659 1646 1698 non
1672 1659 1730 1698 se
1758 1659 1846 1698 ca-

263 1754 422 1803 pere,
453 1754 562 1792 non
606 1753 665 1792 se
710 1746 920 1801 tenere;
949 1737 1172 1792 alterum
1210 1737 1468 1805 patienter
1492 1736 1839 1805 excipientem

261 1828 444 1894 verba,
478 1829 662 1898 plagas
684 1829 724 1892 ¹,
752 1826 1002 1896 quidquid
1030 1827 1118 1881 ille
1139 1827 1330 1884 inferre
1354 1825 1584 1880 voluerit
1601 1866 1616 1888 .
1642 1834 1696 1880 et
1727 1840 1842 1893 pcr-

259 1919 479 1974 cutienti
505 1917 798 1981 maxillam,
828 1926 1102 1986 parantem
1129 1925 1184 1971 et
1209 1917 1428 1972 alteram
1459 1933 1472 1968 :
1503 1933 1621 1971 cum
1647 1914 1840 1970 videris

262 2009 384 2063 hinc
426 2009 593 2064 furias
616 2049 631 2072 ,
661 2008 785 2063 inde
812 2007 1117 2072 lenitatem;
1149 2006 1270 2060 hinc
1293 2007 1424 2060 iram
1449 2048 1464 2071 ,
1494 2005 1614 2058 inde
1641 2005 1840 2073 patien-

260 2101 421 2162 tiam;
453 2099 580 2153 hinc
604 2097 865 2166 ﬂammas,
897 2097 1017 2152 inde
1045 2096 1396 2161 tolerantiam;
1426 2095 1690 2149 dubitabis
1715 2111 1838 2165 pro-

258 2191 507 2244 nuntiare
524 2189 642 2259 quis
656 2203 840 2243 eorum
859 2185 1044 2242 ardeat
1058 2200 1372 2261 poenamque
1396 2185 1657 2253 patiatur?
1680 2185 1836 2240 illene

254 2282 408 2349 cujus
433 2297 630 2350 corpus
658 2288 896 2345 vexatur,
909 2294 986 2356 .an
1009 2279 1158 2348 cujus
1180 2277 1387 2332 animus
1413 2277 1680 2332 vastatur?
1707 2277 1834 2331 Pro—

257 2383 433 2438 pterea
465 2381 522 2427 et
542 2371 702 2426 Isaias
726 2372 979 2441 propheta
1001 2369 1133 2425 dixit
1159 2387 1172 2422 :
1198 2369 1264 2424 Et
1285 2386 1417 2424 nunc
1434 2369 1564 2441 ignis
1599 2369 1834 2423 adversa-

253 2466 353 2521 rios
394 2464 621 2517 comedet
667 2461 838 2532 (Isai.
883 2462 1196 2530 xxv1,ll).
1242 2459 1377 2527 Quid
1419 2459 1624 2524 est,Et
1655 2459 1833 2513 nunc?

253 2559 551 2626 Antequam
583 2557 756 2612 veniat
780 2555 894 2610 dies
921 2555 1009 2610 ille
1031 2554 1214 2623 judicii
1244 2553 1622 2623 magnus,jam
1651 2550 1831 2608 furore

248 2664 348 2702 suo
373 2649 566 2702 ardent
594 2647 682 2717 qui
715 2656 893 2715 postea
920 2646 1175 2716 supplicio
1199 2645 1503 2714 sempiterni
1526 2644 1666 2698 illius
1695 2644 1828 2708 ignis

247 2740 424 2794 arsuri
453 2746 598 2792 sunt.
623 2738 730 2791 Nisi
761 2735 898 2792 forte
922 2736 1136 2805 putatis,
1169 2735 1360 2789 fratres
1387 2733 1512 2796 mei,
1544 2733 1660 2802 quia
1691 2732 1828 2801 inju-

247 2830 420 2891 stitia,
447 2845 569 2898 qua:
598 2827 834 2896 procedit
857 2843 921 2880 ex
943 2825 1154 2880 homine
1181 2824 1245 2878 ad
1279 2822 1570 2878 laedendum
1599 2822 1821 2878 alterum

247 2921 521 2975 hominem
545 2962 558 2985 ,
592 2921 662 2974 illi
684 2919 748 2974 ad
770 2934 926 2988 quem
959 2917 1195 2986 procedit
1219 2926 1373 2972 nocet
1396 2957 1411 2981 ,
1445 2923 1496 2969 et
1526 2915 1598 2968 illi
1625 2914 1690 2968 de
1717 2929 1822 2984 quo

245 3011 494 3080 procedit
522 3027 626 3064 non
657 3017 830 3064 nocet.
855 3008 1011 3064 Unde
1039 3008 1149 3061 ﬁeri
1179 3005 1390 3076 potest?
1418 3003 1714 3074 Aliquando
1741 3003 1819 3058 fa-

241 3104 366 3156 cula
395 3102 587 3156 ardens
611 3101 893 3170 apponitur
917 3099 982 3152 ad
1013 3099 1207 3168 lignum
1240 3096 1512 3152 humidum
1539 3107 1591 3151 et
1613 3094 1780 3150 viride
1800 3136 1816 3160 ,

240 3209 292 3250 et
328 3212 436 3249 non
468 3195 592 3248 illud
619 3193 884 3258 incendit,
909 3192 1018 3260 ipsa
1055 3200 1228 3245 tamen
1255 3190 1436 3243 ardet:
1462 3189 1538 3244 sic
1568 3198 1620 3243 et
1646 3189 1819 3243 initni-

237 3302 341 3341 cus
374 3296 508 3341 tuus.
532 3285 592 3341 Si
613 3284 736 3356 quis
768 3283 906 3338 forte
933 3283 1117 3338 existit
1147 3282 1371 3348 iujustus
1395 3280 1481 3351 qui
1514 3279 1604 3334 tibi
1635 3280 1818 3334 molia-

238 3390 329 3432 tur
359 3376 594 3447 insidias,
613 3375 698 3430 vel
719 3381 981 3444 praeparet
1000 3372 1226 3442 aliquam
1250 3371 1566 3434 molestiam,
1592 3370 1815 3437 injustas

235 3480 322 3526 est
360 3488 374 3522 :
403 3479 454 3523 tu
478 3468 524 3523 si
553 3467 717 3522 viride
741 3467 936 3536 lignum
961 3463 1161 3526 fueris,
1190 3462 1242 3516 id
1265 3470 1348 3517 est
1369 3503 1385 3528 ,
1417 3461 1460 3516 si
1482 3475 1640 3516 succo
1661 3461 1815 3530 Spiri-

233 3562 373 3617 tuali
393 3562 573 3631 vigens
590 3568 645 3614 et
663 3559 858 3622 virens,
873 3555 1099 3611 ﬂammis
1120 3553 1511 3608 inimicitiarum
1532 3553 1807 3619 restiteris,

233 3651 438 3706 oramlo
457 3666 554 3721 pro
583 3649 674 3704 illo
689 3649 778 3718 qui
803 3657 853 3702 te
873 3645 1228 3718 persequitur;
1249 3643 1335 3698 ille
1359 3643 1525 3704 ardet,
1553 3652 1605 3696 tu
1629 3657 1811 3696 manes

233 3746 474 3813 integer;
503 3752 559 3798 et
579 3741 831 3810 injustitia
855 3739 994 3794 illitis
1021 3737 1095 3791 illi
1124 3725 1309 3800 nocet,
1338 3735 1429 3789 tibi
1465 3733 1594 3787 nihil
1632 3741 1807 3788 nocet.

230 3834 343 3888 Nisi
367 3833 503 3888 forte
536 3842 689 3903 putas
714 3830 834 3900 quia
865 3838 1022 3883 nocet
1045 3826 1158 3889 tibi,
1188 3825 1232 3879 si
1257 3823 1470 3894 corpori
1496 3833 1584 3876 tuo
1611 3821 1806 3891 aliquid

227 3922 438 3989 fecerit,
466 3932 521 3976 et
545 3921 718 3975 anima
745 3919 947 3989 patiens
973 3927 1028 3972 et
1048 3917 1346 3984 incorrupta
1373 3913 1438 3966 ad
1466 3913 1626 3965 Demn
1653 3927 1810 3966 coro-

227 4015 404 4068 nanda
435 4013 758 4082 pervenerit,
787 4022 1014 4078 sequens
1033 4004 1329 4073 exemplum
1359 4003 1562 4057 Domini
1593 4001 1694 4066 sui,
1719 3989 1807 4070 qui

224 4107 336 4176 pati
366 4104 555 4160 maluit
596 4118 626 4157 a
667 4101 893 4165 Judaeis,
927 4109 980 4154 et
1004 4099 1092 4168 qui
1123 4103 1326 4166 poterat
1349 4110 1452 4148 non
1480 4093 1636 4156 mori,
1668 4109 1811 4146 mor-

221 4207 348 4248 tuus
373 4203 479 4255 est,
510 4193 629 4261 quia
655 4200 709 4247 et
737 4191 821 4260 qui
855 4196 1058 4259 poterat
1086 4201 1189 4240 non
1215 4185 1379 4249 nasci,
1409 4194 1565 4240 natus
1593 4193 1694 4238 est.
1721 4181 1803 4237 Tu

217 4287 370 4340 enim
399 4284 699 4338 conditione
724 4291 877 4335 natus
901 4296 978 4344 es,
1001 4279 1087 4332 ille
1103 4277 1398 4342 voluntate;
1423 4285 1476 4331 tu
1497 4275 1804 4330 conditione

215 4375 496 4437 moreris,
525 4373 613 4428 ille
654 4370 1038 4428 misericordia.
1067 4368 1344 4436 Quomodo
1381 4382 1508 4439 ergo
1549 4368 1623 4420 illi
1674 4366 1802 4421 nihil

213 4475 526 4522 nocuerunt
560 4465 756 4529 Judazi;
789 4464 866 4518 sic
909 4477 1008 4517 nec
1050 4462 1141 4517 tibi
1187 4461 1462 4532 quisquam
1493 4467 1802 4530 persecutor

212 4560 480 4614 inimicus
508 4599 525 4625 ,
576 4559 656 4614 si“
685 4565 740 4611 tu
795 4554 1023 4626 elegeris
1082 4567 1202 4609 esse
1259 4551 1555 4627 membrum
1616 4549 1801 4621 capitis

208 4653 386 4708 illius.

282 4744 345 4796 7.
375 4740 517 4795 Ecce
555 4737 908 4793 intelleximus
939 4736 1111 4806 ignem
1137 4741 1259 4788 ante
1287 4748 1408 4788 eum
1434 4741 1757 4802 prmeuntem
1781 4774 1796 4799 ,

207 4835 261 4888 id
287 4844 380 4888 est
399 4873 416 4893 .
445 4831 544 4885 hoc
590 4838 826 4900 tempore
857 4824 1253 4894 intelligendum
1283 4824 1336 4876 in
1369 4837 1578 4892 pmnam
1609 4837 1797 4891 quam-

205 4926 337 4980 dam
365 4921 661 4978 inﬁdelium
689 4930 742 4972 et
770 4919 1070 4986 iniquorum
1107 4931 1121 4968 :
1152 4913 1727 4984 intelligamusjgnem,
1751 4911 1795 4966 si

206 5027 524 5084 possumus,
550 5021 604 5066 et
631 5011 682 5063 iu
713 5009 934 5062 salutem
967 5005 1358 5076 redemptorum
1381 5021 1395 5067 ;
1424 5004 1493 5058 ita
1513 5004 1652 5058 enim
1677 5018 1798 5072 pro-

204 5091 590 5176 posueramus.
613 5101 756 5154 Idem
789 5101 899 5169 ipse
924 5099 1178 5152 Dominus
1201 5095 1309 5150 ait:
1336 5093 1510 5166 Ignem
1539 5093 1648 5147 veni
1677 5095 1796 5147 mito

200 5209 317 5254 tere
341 5213 397 5250 tn
420 5205 603 5248 tetram
625 5190 772 5262 (an.
801 5206 893 5254 xu,
922 5187 1038 5259 49).
1062 5188 1152 5243 Sic
1178 5187 1371 5258 ignem,
1395 5186 1659 5257 quomodo
1686 5186 1799 5256 gla-

196 5289 364 5344 dium
398 5305 412 5339 :
440 5301 562 5339 nam
587 5291 643 5338 et
670 5281 897 5352 quodam
920 5279 1038 5333 loco
1064 5277 1138 5332 ait
1163 5293 1266 5332 non
1289 5293 1346 5332 se
1375 5277 1584 5355 venisse
1611 5292 1792 5346 pacem

197 5382 430 5433 mittere
455 5377 506 5429 in
539 5384 733 5430 terram
758 5413 773 5437 ,
799 5371 894 5428 sed
919 5371 1150 5441 gladium
1180 5357 1388 5442 (Matth.
1417 5385 1453 5422 x
1471 5409 1486 5432 ,
1513 5369 1638 5438 54).
1668 5367 1792 5424 Gla-

195 5472 364 5525 dium
411 5468 477 5521 ad
524 5465 951 5535 separationem,
1003 5463 1177 5534 ignem
1221 5461 1286 5514 ad
1343 5461 1602 5515 ustionem
1645 5477 1658 5513 :
1700 5458 1792 5514 sed

196 5575 501 5628 utrumque
542 5557 807 5612 salubrem
833 5598 848 5622 ,
880 5556 999 5625 quia
1028 5566 1082 5610 et
1102 5553 1304 5625 gladius
1332 5552 1477 5607 verbi
1511 5553 1674 5622 ipsius
1706 5568 1792 5606 sa-

196 5654 442 5710 lubriter
469 5666 566 5704 nos
600 5649 865 5718 separavit
901 5664 931 5701 a
959 5646 1338 5701 consuetudine
1363 5645 1518 5700 mala.
1551 5644 1792 5701 Gladium

263 5820 286 5858 '-
313 5819 399 5871 εἰς
423 5825 525 5872 διεδ,
553 5821 606 5865 Al
625 5821 756 5873 Lov.,
781 5812 973 5865 verbera
1012 5827 1069 5866 at:
1096 5811 1276 5877 plagas.

1405 347 1725 404 ENARRAT
1731 347 1796 404 10
1833 347 1898 403 IN
1937 349 2255 409 PSALMUll
2292 354 2474 410 XCVI.

267 457 380 513 iste
408 469 586 514 autem
619 459 751 527 ignis
789 467 912 513 ante
933 474 1051 513 eum
1086 458 1309 526 prmibit.
1337 459 1466 528 Quis
1485 472 1568 516 est
1601 477 1727 529 ergo
1756 463 1854 518 iste
1899 487 1902 490 η

3379 371 3523 424 1249.

1962 468 2101 519 cuitu
2131 468 2326 534 ato‘ulit,
2348 479 2402 522 et
2431 472 2695 538 separavit
2721 489 3145 548 unumquemque
3176 479 3403 539 ﬁdelium
3433 497 3523 540 aut

1959 570 1990 609 a
2033 565 2180 624 patre
2221 573 2316 613 suo
2356 559 2445 628 qui
2474 561 2523 613 in
2565 561 2829 619 Christum
2877 583 2980 621 non
3010 570 3341 642 crediderat,
3372 587 3463 632 aut
3490 593 3522 634 τι

1959 655 2128 701 matre
2173 649 2415 703 simililer
2456 651 2651 706 infideli
2676 669 2690 717 ;
2719 664 2810 708 aut
2838 667 2986 712 certe
3009 700 3022 722 ,
3052 662 3095 714 si
3127 663 3192 716 de
3218 667 3523 731 parentibus

1955 735 2237 793 christarris
2278 748 2430 824 natus
2469 751 2587 807 est,
2618 745 2803 800 saltem
2833 763 2861 800 a
2899 751 3152 820 progenie
3190 768 3282 808 sua
3324 757 3516 824 priore.

1954 827 2122 882 Nemo
2147 831 2286 884 enim
2310 821 2544 887 niostrum
2569 850 2670 888 non
2701 846 2790 890 aut
2813 854 2986 902 avum,
3010 851 3098 894 aut
3128 821 3398 911 proavum,
3431 861 3522 905 aut

1955 917 2180 985 aliquam
2208 921 2475 991 antiquam
2507 926 2760 994 originem
2794 928 2844 981 in
2872 929 3124 986 Gentibus
3154 933 3352 1001 habuit,
3386 949 3440 992 et
3468 941 3518 994 in

1955 1010 2046 1065 illa
2065 1014 2370 1068 exsecrabili
2404 1017 2511 1070 Deo
2537 1018 2843 1073 infidelitate
2873 1039 2886 1074 :
2915 1026 3139 1090 separati
3165 1041 3346 1083 sumus
3368 1030 3433 1084 ab
3455 1047 3519 1086 eo

1953 1100 2092 1168 quod
2121 1117 2363 1167 eramus;
2391 1106 2482 1160 sed
2507 1104 2714 1176 gladius
2737 1110 3033 1166 intercessit
3061 1131 3341 1173 secernens
3369 1163 3383 1185 ,
3412 1137 3514 1176 non

1955 1189 2294 1247 interﬁciens.
2328 1195 2439 1251 Hoc
2471 1199 2626 1253 modo
2666 1210 2718 1255 et
2756 1201 2890 1271 ignis
2935 1222 2947 1255 :
2975 1203 3150 1274 Ignem
3180 1211 3286 1262 veni
3325 1215 3518 1270 mittere

1953 1281 2004 1333 in
2027 1291 2228 1338 terram.
2259 1285 2586 1342 Exarserunt
2613 1291 2852 1348 homines
2874 1295 3156 1352 credentes
3186 1300 3234 1353 in
3263 1317 3403 1367 cum,
3433 1321 3519 1361 ac-

1951 1385 2206 1442 ceperunt
2241 1377 2505 1436 ﬂammam
2536 1382 2847 1452 charilatis;
2877 1398 3154 1458 prepterca
3179 1404 3234 1448 et
3264 1395 3374 1463 ipse
3399 1397 3520 1467 Spi-

1951 1465 2083 1520 ritus
2101 1480 2315 1524 sanctus
2330 1486 2448 1525 cum
2475 1474 2667 1530 missus
2681 1487 2821 1532 esset
2847 1479 2882 1533 A
2894 1483 3132 1550 postolis,
3154 1485 3230 1540 sic
3244 1465 3483 1557 apparuit
3503 1508 3515 1544 :

1963 1556 2091 1612 Visw
2116 1571 2229 1613 sunt
2248 1562 2368 1625 illis,
2400 1563 2597 1634 inquit,
2626 1567 2811 1637 lingua:
2830 1569 3000 1625 divisa:
3018 1575 3147 1627 velut
3169 1556 3328 1646 ignis,
3354 1582 3442 1650 qui
3469 1591 3515 1634 et

1947 1647 2124 1740 insedit
2157 1668 2307 1720 super
2341 1669 2737 1727 unumquemque
2778 1661 2979 1715 illorunt
3007 1665 3028 1734 (
3043 1665 3154 1720 Act.
3181 1683 3217 1721 tl
3243 1709 3258 1733 ,
3287 1671 3320 1724 5
3339 1647 3383 1740 ).
3411 1671 3516 1727 Isto

1949 1736 2066 1806 igne
2087 1739 2390 1796 inﬂammati
2419 1759 2694 1815 coeperunt
2720 1749 2794 1804 ire
2823 1767 2915 1819 per
2940 1755 3212 1822 mundum,
3237 1767 3290 1812 et
3313 1736 3516 1817 inﬂam-

1947 1845 2092 1924 mare
2116 1873 2131 1897 ,
2155 1841 2210 1886 et
2253 1835 2535 1893 incendere
2580 1839 2632 1893 in
2662 1842 2884 1898 circuitu
2924 1847 3166 1904 inimicos
3206 1852 3339 1921 ejus.
3370 1855 3515 1924 Quos

1945 1919 2186 1977 inimicos
2210 1925 2361 1991 ejus?
2381 1927 2478 1994 Qui
2505 1929 2717 1988 deserto
2745 1934 2852 1990 Deo
2871 1951 2899 1990 a
2926 1953 3031 2007 quo
3051 1939 3171 1996 facti
3198 1919 3366 2010 erant,
3382 1919 3514 2002 ado-

1943 2010 2130 2104 rahaut
2155 2013 2434 2072 simulacra
2461 2035 2578 2089 qua:
2605 2022 2859 2080 fecerant.
2885 2027 2986 2097 lpsi
3010 2030 3442 2104 incendebantur,
3465 2041 3511 2094 si

1944 2101 2064 2155 mali
2091 2113 2266 2169 erant,
2298 2107 2363 2161 ad
2382 2115 2836 2182 consumptionem
2859 2137 2872 2183 ;
2901 2120 2945 2174 si
2979 2121 3100 2176 boni
3123 2137 3307 2192 erant,
3335 2130 3397 2183 ad
3424 2101 3513 2185 re-

1941 2192 2264 2282 parationem
2297 2213 2310 2248 :
2342 2208 2432 2253 aut
2460 2200 2572 2271 ipse
2597 2203 2975 2264 incendebatur
2994 2253 3009 2277 ,
3039 2215 3127 2282 qui
3154 2217 3358 2273 nolebat
3390 2238 3511 2276 ere-

1939 2279 2086 2347 derc,
2116 2283 2202 2336 illo
2231 2285 2346 2356 igne
2365 2327 2381 2353 ,
2403 2291 2580 2346 audito
2607 2297 2769 2352 verbo
2794 2299 2885 2353 Dei
2909 2279 3077 2358 factus
3104 2306 3252 2376 pejor
3270 2350 3284 2373 ,
3316 2311 3506 2367 invidia

1937 2385 2030 2424 sua
2057 2385 2276 2431 exustus
2303 2388 2462 2449 atque
2490 2395 2871 2456 consumptus;
2903 2400 2994 2446 aut
3021 2394 3065 2446 si
3110 2409 3509 2457 converteretur

1935 2475 1989 2520 et
2013 2469 2282 2537 crederet,
2313 2490 2411 2530 nec
2429 2475 2576 2530 sicin
2600 2478 2687 2533 illo
2707 2481 2837 2538 nihil
2857 2486 3093 2540 arsisset.
3121 2490 3340 2547 Arserat
3363 2496 3504 2550 enim

1936 2557 2134 2624 fenum,
2167 2571 2224 2617 ut
2253 2575 2561 2635 purgaretur
2584 2584 2791 2635 aurum.
2821 2573 3019 2630 Aurum
3052 2576 3181 2632 ﬁdes
3201 2589 3301 2644 est,
3327 2583 3502 2639 femnu

1932 2651 2160 2706 carnalis
2185 2657 2608 2724 concupiscentia
2635 2670 2736 2716 est.
2768 2661 2944 2719 Omnis
2973 2683 3088 2720 caro
3117 2672 3308 2738 fenum,
3337 2673 3500 2728 Isaias

1931 2739 2094 2807 dicit,
2122 2753 2169 2795 et
2197 2747 2354 2797 omnis
2384 2748 2542 2801 honor
2577 2753 2741 2806 carnis
2771 2763 2822 2806 ut
2849 2755 2946 2824 ﬂos
2976 2759 3080 2827 feni
3108 2761 3258 2831 (lsai.
3293 2779 3392 2832 XL,
3425 2765 3502 2836 6).

1929 2832 2188 2903 Quidquid
2220 2847 2302 2891 est
2320 2854 2447 2909 ergo
2475 2841 2526 2894 in
2557 2843 2769 2900 homine
2794 2849 2988 2904 carnali
3009 2860 3265 2921 appetens
3293 2871 3426 2911 vana
3449 2832 3503 2914 et

1929 2927 2196 2981 saecularia
2227 2970 2242 2994 ,
2277 2929 2452 2986 fenum
2492 2943 2593 2988 est.
2620 2935 2786 3002 Quam
2833 2942 2984 2995 multi
3027 2943 3196 3010 forte,
3229 2956 3283 3001 et
3311 2947 3503 3006 fratres

1928 3019 2092 3082 nostri
2143 3019 2312 3075 ierunt
2356 3024 2422 3077 ad
2461 3026 2760 3082 theatrum?
2789 3031 2907 3085 feno
2954 3033 3095 3090 ducti
3133 3045 3275 3092 sunt.
3313 3039 3500 3096 Nonne

1924 3108 2184 3178 optandus
2204 3120 2282 3165 est
2307 3112 2407 3167 illis
2429 3114 2526 3169 iste
2548 3115 2702 3185 ignis,
2727 3128 2782 3172 ut
2806 3119 2982 3176 fenum
3009 3123 3210 3190 ardeat,
3235 3136 3288 3182 et
3311 3144 3498 3185 aurum

1924 3211 2176 3270 purgetur
2201 3202 2224 3254 ?
2251 3203 2400 3271 Quod
2428 3206 2567 3260 enim
2598 3207 2698 3264 illis
2728 3211 2865 3266 inest
2889 3214 3031 3278 fidei,
3063 3215 3185 3272 feno
3214 3222 3494 3287 premitur.

1922 3289 2125 3345 Bonum
2155 3303 2234 3346 est
2258 3309 2384 3364 ergo
2411 3297 2489 3350 eis
2513 3297 2704 3355 ardere
2726 3309 2909 3358 sancto
2936 3304 3056 3375 igne
3080 3347 3094 3370 ,
3118 3316 3176 3362 ut
3216 3307 3336 3365 leno
3361 3325 3493 3367 cou-

1920 3392 2150 3452 sumpto,
2183 3385 2456 3452 Splendeat
2485 3390 2942 3464 pretiosum‘quod
2974 3394 3197 3453 redemit
3223 3400 3493 3460 Christus.

1920 3472 2238 3546 Ergo,lgnis
2265 3486 2380 3530 ante
2404 3495 2515 3532 eum
2540 3481 2756 3550 prwibit,
2775 3493 2821 3537 et
2849 3485 3180 3555 inflanmtabit
3203 3492 3255 3544 in
3284 3492 3493 3548 circuitu

1917 3564 2145 3619 inimicos
2191 3567 2485 3638 ejus.‘Sunt
2533 3571 2624 3642 qui
2677 3557 2975 3631 salubriter.
3002 3591 3285 3647 arserunt,
3338 3582 3494 3648 hodie

1919 3653 2100 3709 ﬁdeles
2129 3657 2246 3724 ejus
2272 3668 2412 3725 sunt;
2431 3659 2625 3714 inimici
2652 3662 2767 3732 ejus
2795 3675 2965 3728 erant.
2983 3676 3038 3722 et
3059 3685 3199 3724 nunc
3219 3670 3328 3740 jam
3360 3672 3494 3728 fide-

1916 3745 1994 3799 les
2017 3747 2132 3814 ejus
2157 3760 2282 3800 snnt
2315 3768 2328 3802 :
2357 3753 2551 3819 qtneris
2579 3751 2841 3818 inimicos,
2864 3769 2970 3808 non
3001 3766 3158 3824 sunt;
3189 3764 3488 3830 consumpti

1913 3845 2056 3895 sunt.
2077 3848 2354 3903 arserunt;
2378 3839 2604 3894 charitas
2623 3845 2948 3914 consumpsit
2976 3845 3027 3899 in
3048 3847 3126 3902 eis
3149 3849 3288 3918 quod
3307 3851 3505 3919 perse-'

1914 3929 2212 3998 quehantnr
2233 3930 2248 3961 ¹
2279 3931 2575 3996 Christum,
2603 3943 2657 3987 et
2680 3937 2919 4006 purgavit
2945 3937 2996 3991 in
3026 3938 3104 3994 eis
3127 3940 3270 4009 quod
3293 3943 3486 3996 crede.

1913 4029 2032 4074 rent.
2057 4021 2108 4083 in
2131 4020 2399 4076 Christum
2434 4042 2447 4077 :
2481 4023 2544 4077 Et
2571 4026 2904 4094 inﬂammabit
2940 4029 2992 4083 in
3021 4030 3231 4086 circuitu
3257 4033 3485 4090 inimicos

1911 4111 2037 4180 ejus.

1981 4205 2034 4258 8.
2077 4203 2223 4276 [νει-ε.
2268 4204 2345 4278 4.]
2387 4207 2740 4278 Apparuerunt
2779 4212 2984 4280 fulgura
3019 4215 3130 4285 ejus
3169 4215 3277 4269 orbi
3313 4226 3478 4272 terra.

1909 4293 2094 4364 Magna
2114 4295 2413 4350 exsultatio.
2437 4287 2919 4356 Nonne'videmus?
2945 4318 3119 4359 nonne
3145 4306 3482 4362 manifestum

1909 4386 2028 4440 est?
2070 4387 2442 4455 Apparueruut
2480 4387 2681 4458 fulgura
2720 4389 2834 4460 ejus
2875 4392 3131 4448 universa:
3173 4403 3360 4461 terrae;
3397 4398 3479 4451 iu-

1907 4476 2158 4534 ﬁammati
2182 4487 2304 4532 sunt
2324 4478 2539 4547 inimici,
2563 4481 2760 4536 incensi
2787 4493 2907 4537 sunt
2934 4484 3151 4542 inimici.
3175 4487 3318 4542 Arsit
3336 4489 3482 4558 quid-

1907 4568 2032 4639 quid
2070 4571 2494 4640 contradicehat,
2525 4581 2579 4627 et
2610 4586 2953 4644 apparuerunt
2988 4577 3194 4649 fulgura
3229 4582 3338 4651 ejus
3372 4583 3481 4638 orbi

1905 4667 2070 4714 teme.
2099 4659 2374 4727 Quomodo
2401 4666 2790 4736 apparuerunt?
2817 4665 2880 4722 Ut
2903 4667 3012 4737 jam
3041 4671 3336 4726 crederent.
3372 4673 3480 4730 Un-

1905 4749 1973 4805 de
2012 4748 2250 4818 fulgura?
2284 4752 2354 4806 De
2385 4753 2629 4808 nubibus.
2660 4753 2788 4821 Quae
2824 4766 2946 4812 sunt
2980 4759 3146 4814 nubes
3177 4761 3302 4816 Dei?
3331 4763 3475 4819 Prte-

1903 4839 2164 4896 dicatores
2187 4843 2440 4898 veritatis.
2463 4843 2619 4898 Vides
2641 4855 2814 4902 autem
2834 4848 3046 4915 nubem,
3075 4851 3127 4908 in
3151 4853 3287 4908 etelo
3311 4854 3481 4908 nebu-

1903 4934 2070 4992 losam
2090 4975 2110 4998 ,_
2133 4934 2442 4998 obscuram,
2471 4944 2525 4988 et
2559 4934 2718 4992 habet
2754 4938 2895 4992 intus
2924 4940 3103 4996 nescio
3131 4942 3254 5013 quid
3283 4943 3470 4998 latens.

1902 5023 1956 5079 Si
1979 5036 2217 5079 coruscet
2236 5024 2303 5080 tle
2325 5025 2481 5090 nube,
2509 5026 2699 5080 emicat
2717 5028 2968 5098 Splendor
2991 5049 3004 5085 :
3027 5046 3093 5086 ex
3114 5047 3180 5086 eo
3199 5033 3313 5103 ipso
3332 5035 3472 5102 quod

1901 5113 2280 5169 contemnebas
2303 5154 2317 5177 ,
2359 5113 2480 5169 inde
2516 5116 2744 5172 exsilivit
2778 5120 2918 5188 quod
2961 5135 3298 5190 expavescas.
3334 5123 3474 5184 Misit

1902 5222 2027 5277 etgo
2059 5205 2310 5260 Dominus
2343 5215 2521 5260 noster
2557 5205 2710 5264 Jesns
2737 5209 2977 5266 Christus
3006 5214 3286 5282 Apostolus
3313 5230 3468 5281 suos,

1902 5300 2272 5371 prtcdicatores
2301 5316 2424 5355 suos
2443 5341 2460 5366 ,
2486 5302 2630 5356 velut
2657 5305 2823 5360 nubes
2853 5324 2866 5359 :
2895 5297 3207 5363 videbantur
3229 5307 3471 5369 homines.

1902 5402 1954 5448 et
1977 5392 2475 5458 contemnebantur;
2501 5395 2763 5463 quomodo
2788 5395 3030 5452 videntur
3054 5399 3241 5464 nubes,
3267 5409 3320 5455 et
3344 5415 3472 5456 cons

1905 5491 2238 5549 tetnnuntur,
2281 5493 2559 5553 antequam
2600 5483 2666 5540 de
2701 5487 2778 5540 eis
2815 5487 3022 5542 exsiliat
3062 5488 3204 5557 quod
3238 5492 3471 5557 mireris.l

1965 5683 1982 5714 ί
2008 5689 2106 5730 Am.
2132 5687 2186 5745 et
2204 5685 2331 5745 uss,
2371 5678 2500 5745 quod
2532 5679 2897 5744 persequebatur
2924 5693 2942 5730 :
2968 5688 3022 5733 et
3051 5681 3192 5741 infra,
3214 5685 3341 5745 quod
3363 5699 3464 5743 (re
3537 5667 3542 5672 ’

1901 5745 2051 5859 ﬁgit.
2089 5742 2181 5793 sed
2211 5739 2400 5794 videtur
2438 5739 2565 5810 legi,
2588 5739 2689 5807 quo'
2713 5747 3140 5808 persequebantur,
3170 5739 3264 5808 alio
3297 5741 3476 5806 credat
