4012 6202
509 351 649 409 ista
1382 428 1387 437 ν

509 473 672 526 Erant
698 470 839 525 enim
879 468 951 523 illi
990 465 1213 535 primum
1249 461 1489 517 homines
1517 476 1728 516 carnem
1772 467 2070 530 portanteS,

505 561 731 625 lnﬁrtni;
757 558 947 614 deinde
972 556 1166 620 idiotas,
1195 553 1411 616 indocti,
1442 552 1696 622 ignobiles
1723 570 1735 605 :
1760 550 1853 605 sed
1880 560 1993 604 erat
2016 551 2069 604 in

503 653 606 708 illis
633 650 771 722 quod
809 650 1127 718 fulguraret,
1170 655 1285 701 erat
1322 645 1373 698 in
1416 644 1520 699 illis
1561 642 1704 714 qpod
1743 650 2069 697 coruscat-et.

481 741 799 809 ,Aecedebat
827 739 1014 794 Petrus
1043 737 1201 791 homo
1236 738 1479 805 piscator,
1510 734 1715 800 orabat,
1747 742 1799 787 et
1825 731 2073 803 surgebat

503 844 739 889 mortuus
774 831 925 903 (Act.
956 847 1043 898 ιι,
1071 830 1196 899 ιο).
1229 829 1418 885 Forma
1462 829 1689 883 humana
1718 828 1885 882 nubes
1917 835 2067 893 erat,

502 924 748 994 splendor
777 923 1012 978 miraculi
1041 921 1337 976 coruscatio
1371 929 1503 975 erat.
1540 918 1629 975 Sic
1665 921 1717 973 in
1755 918 1962 980 verbis,
1992 917 2072 972 sic

503 1016 552 1069 in
591 1015 774 1081 factis,
805 1028 926 1068 eum
966 1012 1202 1067 miranda
1241 1011 1452 1077 dicunt,
1482 1020 1535 1064 et
1566 1008 1803 1064 miranda
1840 1007 2067 1073 faciunt,

499 1107 852 1173 Apparuerunt
884 1104 1091 1174 fulgura
1118 1104 1226 1173 ejus
1253 1102 1359 1156 orbi
1385 1109 1546 1154 (errat.
1589 1098 1723 1154 Vidit
1746 1107 1794 1152 et
1824 1105 2071 1151 commota

498 1207 569 1250 est
605 1207 756 1252 terra.
794 1196 850 1252 Si
888 1196 1027 1251 enim
1067 1210 1171 1250 non
1201 1205 1282 1249 est
1308 1193 1526 1249 verum?
1562 1193 1606 1247 si
1644 1207 1749 1247 non
1790 1201 1896 1246 tota
1930 1201 2068 1246 terra

497 1288 602 1356 jam
628 1288 909 1342 christiana
936 1287 1152 1351 clamat,
1184 1292 1371 1348 Amen,
1397 1293 1659 1339 commota
1686 1282 1977 1353 fulguribus
2000 1282 2070 1338 de

501 1379 604 1433 illis
624 1379 848 1434 nubibus
868 1378 1296 1447 erumpentibus?
1322 1376 1473 1440 Vidit,
1492 1386 1539 1431 et
1559 1385 1805 1431 commota
1822 1385 1894 1430 est
1914 1384 2066 1430 terra.

568 1470 623 1525 9.
655 1468 799 1542 [vers.
833 1468 912 1541 5.]
946 1468 1145 1523 Montes
1182 1471 1433 1539 ﬂuxerunt
1460 1468 1586 1523 sicut
1610 1484 1726 1521 cera
1750 1484 1781 1519 a
1805 1467 1935 1537 facie
1962 1465 2072 1519 Do-

501 1559 641 1612 mini.
671 1558 769 1627 Qui
806 1567 930 1612 sunt
965 1558 1206 1613 montes?
1241 1558 1485 1627 Superbi.
1514 1555 1699 1612 Omnis
1724 1555 1946 1611 altitudo
1971 1571 2069 1612 ex-

500 1651 694 1707 tollens
728 1666 789 1707 se
822 1650 1074 1705 adversus
1103 1650 1298 1711 Deum,
1332 1648 1482 1704 factis
1508 1648 1705 1703 Christi
1731 1658 1783 1702 et
1808 1647 2068 1702 Christia-

494 1758 686 1797 norum
727 1743 1071 1805 contremuit,
1110 1741 1410 1804 succubuit,
1439 1749 1492 1795 et
1532 1738 1743 1809 quando
1775 1738 1894 1793 dico
1926 1737 2067 1807 quod

494 1833 693 1887 dictum
720 1842 833 1899 εει,
861 1832 1068 1895 Fluxit,
1100 1832 1286 1887 melius
1324 1831 1539 1887 verbum
1580 1829 1801 1885 inveniri
1832 1844 1936 1883 non
1970 1844 2067 1898 po-

501 1932 621 1978 test.
655 1924 854 1979 Montes
879 1926 1135 1995 [luserunt
1171 1925 1302 1977 velut
1334 1940 1448 1977 cera
1481 1939 1512 1975 a
1546 1922 1676 1994 facie
1712 1921 1935 1975 Domini.
1968 1920 2066 1975 Ubi

496 2026 580 2069 est
604 2016 827 2071 altitudo
854 2016 1211 2087 potestatum?
1239 2016 1323 2069 ubi
1350 2014 1541 2069 duritia
1570 2013 1899 2068 inﬁdelium?
1925 2010 2069 2066 Mon-

499 2120 571 2162 tes
597 2111 851 2179 ﬂuxerunt
886 2110 1009 2164 sicut
1037 2126 1151 2163 cera
1184 2126 1215 2162 n
1253 2110 1381 2180 facie
1421 2106 1644 2161 Domini.
1676 2107 1812 2177 ignis
1851 2107 1931 2162 eis
1971 2106 2067 2161 fuit

500 2202 782 2266 Dominus,
813 2203 884 2257 illi
924 2212 1045 2256 ante
1075 2201 1259 2256 faciem
1296 2200 1411 2271 ejus
1443 2201 1735 2285 sicttt‘cera
1768 2199 2063 2265 ﬂuxerunt;

497 2293 695 2347 tamdiu
725 2293 875 2354 duri.
906 2294 1076 2347 donec
1107 2294 1237 2363 ignis
1276 2293 1363 2348 ille
1400 2292 1790 2346 admoveretur.
1822 2290 2069 2362 Compla-

498 2396 616 2441 uata
644 2397 724 2443 est
750 2387 924 2443 omnis
952 2386 1203 2452 altitudo;
1229 2386 1384 2440 modo
1410 2385 1775 2453 blasphemare
1799 2384 2064 2451 Christum

497 2495 601 2535 non
630 2480 789 2534 audet
817 2497 831 2531 :
860 2489 913 2534 et
941 2494 1171 2549 paganus
1208 2494 1312 2532 non
1348 2479 1398 2531 in
1433 2492 1551 2530 eum
1582 2477 1778 2539 credit,
1810 2490 1911 2529 non
1943 2491 2065 2529 cum

497 2581 670 2626 tamen
701 2570 1064 2640 blasphemat;
1096 2568 1194 2623 etsi
1239 2567 1469 2657 nondum
1510 2567 1675 2621 factus
1701 2575 1781 2619 est
1812 2556 1961 2618 vittis
1993 2566 2067 2617 la-

498 2663 609 2729 pis,
643 2671 814 2715 tamen
845 2660 1012 2714 victus
1048 2668 1132 2714 est
1168 2659 1330 2713 durus
1368 2656 1541 2712 mons.
1580 2656 1773 2710 Montes
1813 2658 2068 2725 ﬂuxerunt

434 2772 449 2789 ι
496 2753 623 2806 sicut
650 2767 764 2804 cera
792 2767 823 2803 a
852 2751 981 2822 facie
1008 2749 1232 2816 Domini,
1260 2766 1290 2801 η
1315 2749 1442 2819 facie
1469 2747 1671 2801 Domini
1698 2748 1858 2801 omnis
1883 2756 2027 2801 terra:
2047 2763 2067 2801 :

496 2857 599 2896 non
636 2841 937 2897 Judteorum
974 2850 1205 2901 tantum.
1241 2840 1335 2893 sed
1372 2848 1426 2895 et
1457 2839 1700 2894 Gentium
1724 2880 1740 2905 ,
1771 2839 1907 2893 sicut
1942 2839 2070 2893 dicit

496 2933 780 3002 Apostolus
812 2933 999 3005 (Rom.
1029 2948 1085 2986 ut
1105 2974 1120 2994 ,
1149 2932 1286 3004 ‘29);
1328 2946 1434 2985 non
1472 2930 1612 2985 enim
1651 2938 1733 2984 est
1763 2928 2066 2984 Iudaeorum

495 3033 696 3079 tantum
730 3024 896 3091 Deus,
927 3023 1020 3079 sed
1047 3032 1101 3079 et
1125 3022 1392 3079 Gentium.
1422 3022 1677 3082 Dominus
1703 3036 1830 3092 ergo
1855 3024 2068 3075 univer-

494 3129 568 3169 sa:
594 3124 781 3177 terrm,
812 3114 1067 3170 Dominus
1102 3112 1256 3169 Jesus
1284 3112 1525 3167 Christus
1564 3113 1615 3165 in
1654 3110 1836 3166 Judzea
1876 3110 2063 3176 natus,

495 3204 588 3259 sed
620 3220 723 3258 non
752 3203 947 3258 ludam
978 3213 1177 3258 tantum
1214 3212 1366 3256 natus
1393 3220 1406 3256 :
1434 3202 1554 3272 quia
1584 3210 1637 3257 et
1663 3211 1943 3271 antequam
1971 3218 2066 3255 na-

497 3305 579 3350 tus
605 3311 790 3351 omnes
817 3296 970 3359 fecit;
1000 3303 1053 3350 et
1080 3295 1169 3365 qui
1199 3309 1384 3349 omnes
1413 3292 1554 3360 fecit,
1583 3308 1767 3349 omnes
1794 3294 1995 3349 refecit.
2026 3296 2068 3348 Α

497 3388 626 3458 faeie
657 3385 852 3439 Domini
879 3385 1038 3439 omnis
1064 3395 1225 3439 terrm.

570 3475 654 3529 10.
684 3474 832 3547 [vers.
863 3473 939 3547 6.]
977 3476 1410 3529 Annuntiarerunt
1438 3474 1550 3529 ταξιέ
1576 3475 1828 3546 justitiam
1857 3477 1995 3545 ejus,
2022 3486 2069 3530 et

392 3634 399 3637 _
496 3565 723 3619 viderunt
757 3581 926 3637 omnes
960 3565 1135 3634 populi
1168 3565 1378 3634 gloriam
1418 3566 1545 3635 eius.
1576 3565 1675 3631 Qui
1712 3564 1831 3619 cteli
1860 3581 2080 3620 annunv

498 3655 793 3711 tiaverunt?
820 3655 944 3711 εωιε
980 3666 1217 3709 enarrnnt
1252 3656 1465 3726 gloriam
1496 3655 1589 3710 Dci
1616 3654 1783 3727 (Psal.
1815 3671 1958 3716 xvttt,
1985 3656 2065 3723 2).

496 3751 592 3818 Qui
623 3757 743 3803 sunt
770 3748 929 3804 cteli?
955 3748 1054 3815 Qui
1085 3746 1206 3801 facti
1230 3752 1357 3801 sunt
1390 3746 1544 3803 sedes
1581 3746 1761 3817 ipsius.
1793 3746 2069 3815 Quomodo

495 3843 637 3898 enim
665 3843 715 3897 in
744 3841 895 3900 caelis
922 3839 1071 3895 sedet
1099 3840 1235 3894 Deus
1255 3881 1269 3903 ,
1300 3839 1376 3894 sic
1404 3838 1555 3893 sedet
1584 3839 1635 3893 in
1663 3838 1927 3908 Apestolis
1945 3882 1959 3903 ,
1992 3839 2069 3894 sic

497 3933 645 3987 sedet
671 3934 722 3986 in
750 3930 1180 4002 prtedicatoribus
1202 3929 1489 3998 Evangelii.
1517 3929 1587 3984 Et
1612 3937 1665 3984 tu
1687 3930 1729 3984 si
1754 3930 1850 3996 vis,
1874 3928 2065 3985 coelum

497 4026 621 4080 cris.
648 4024 743 4079 Vis
767 4039 886 4079 esse
909 4023 1138 4078 ciuium?
1164 4022 1332 4093 Purga
1359 4021 1426 4077 de
1462 4020 1622 4077 corde
1647 4030 1738 4075 tuo
1764 4031 1978 4076 terram.
2012 4020 2067 4076 Si

499 4131 737 4174 terrenas
758 4115 1212 4186 concupiscentias
1238 4129 1341 4169 non
1370 4112 1635 4176 habueris,
1663 4123 1717 4168 et
1744 4128 1847 4166 non
1874 4111 2068 4167 frustra

498 4209 837 4281 responderis
865 4223 1075 4263 sursum
1105 4215 1157 4261 te
1180 4206 1379 4261 habere
1403 4221 1517 4270 cor,
1545 4205 1737 4260 ctelum
1757 4206 1881 4260 eris.
1907 4204 1968 4260 Si
1988 4222 2069 4260 re-

498 4299 783 4353 surrexistis
812 4313 924 4355 cum
954 4296 1149 4350 Christo
1182 4295 1449 4362 (ﬁdelibus
1468 4295 1754 4365 Apostolus
1781 4294 2065 4365 loquitur),

498 4404 610 4454 qua:
632 4404 830 4442 sursum
849 4395 963 4441 sunt
984 4387 1206 4456 quaerite,
1230 4385 1318 4438 ubi
1336 4384 1562 4440 Christus
1583 4394 1653 4440 est
1678 4386 1728 4439 in
1749 4386 1953 4441 dextera
1976 4384 2070 4440 Dei

499 4478 712 4541 sedens;
733 4493 846 4546 qua:
872 4493 1068 4531 sursum
1094 4486 1209 4530 sunt
1233 4476 1410 4543 sapite,
1445 4492 1546 4529 non
1574 4493 1686 4544 qua?
1708 4492 1859 4544 super
1885 4485 2070 4531 terram

501 4568 726 4636 (Coloss.
754 4566 1052 4639 ιιι,1ει2).
1081 4567 1299 4636 Cmpisti
1327 4582 1513 4637 sapere
1537 4583 1655 4638 qum
1672 4583 1880 4623 sursum
1908 4578 2032 4623 sunt
2049 4610 2065 4633 ,

500 4674 555 4717 et
583 4676 684 4717 non
712 4677 830 4732 qua:
859 4676 1018 4730 super
1056 4664 1249 4715 terram
1288 4667 1438 4725 sunt;
1471 4675 1647 4713 nonne
1676 4658 1842 4714 factus
1869 4675 1929 4715 es
1954 4675 2067 4715 cte-

443 4766 458 4782 ·
503 4751 647 4806 lum?
676 4751 897 4806 Carnem
928 4750 1138 4819 portas',
1174 4759 1228 4804 et
1253 4748 1414 4804 corde
1436 4748 1546 4819 jam
1587 4748 1780 4804 celum
1809 4764 1870 4804 es
1899 4767 1912 4802 :
1942 4764 2070 4804 con-

504 4842 733 4896 versatio
757 4842 897 4897 enim
926 4848 1011 4895 tua
1038 4842 1090 4895 in
1116 4841 1265 4897 coalis
1285 4842 1386 4895 erit
1411 4839 1665 4910 (Philipp.
1688 4856 1765 4905 ιιι,
1789 4838 1902 4912 90).
1926 4841 2070 4896 Talis

500 4935 782 4990 annuntias
821 4942 876 4987 et
912 4941 966 4987 tu
1001 4931 1267 4987 Christum
1301 4950 1314 4985 :
1342 4931 1459 5002 quis
1497 4931 1635 4986 enim
1676 4930 1905 4986 ﬁdelium
1934 4940 2072 4988 tacet

500 5024 808 5082 tim-istum?
831 5011 1068 5079 intendat
1094 5023 1335 5077 Charitas
1363 5034 1537 5078 vestra
1566 5042 1579 5075 :
1606 5024 1801 5094 putatis
1827 5023 1948 5094 quia
1975 5038 2072 5079 nos

500 5118 598 5173 soli
637 5125 841 5173 sutiles
878 5115 966 5170 hic
1007 5116 1383 5169 annuntiamus
1419 5114 1719 5181 Christum,
1750 5125 1804 5171 ct
1836 5131 1930 5170 vos
1968 5132 2071 5172 noti

500 5207 861 5263 annuntiatis?
886 5206 1034 5263 Unde
1059 5206 1123 5260 ad
1154 5221 1247 5260 nos
1272 5206 1509 5264 veniunt.
1537 5206 1807 5262 christiani
1832 5208 2073 5264 volentes

500 5313 638 5361 esse,
667 5312 801 5368 quos
825 5310 1089 5366 nunquam
1119 5294 1365 5361 vidimus,
1393 5309 1526 5364 quos
1551 5310 1655 5349 non
1682 5298 1943 5364 novimus,
1966 5297 2075 5369 qui-

504 5390 602 5443 bus
644 5405 906 5459 nunquam
954 5385 1392 5458 praedicavitnus?
1437 5387 1515 5440 An
1562 5385 1697 5442 forte
1739 5388 2078 5445 crediderunt

505 5479 650 5532 nullo
674 5479 1057 5539 annuntiante?
1085 5477 1368 5549 Apostolus
1393 5477 1521 5533 dicit
1548 5495 1562 5532 :
1589 5480 1851 5547 Quomodo
1879 5481 2078 5536 credent

506 5568 648 5636 quem
674 5587 774 5624 non
809 5573 1076 5625 audierunt
1095 5611 1111 5637 ,
1141 5568 1390 5639 quomodo
1418 5569 1621 5625 audient
1644 5571 1753 5624 sine
1776 5572 2080 5641 prwdicante

506 5662 680 5727 (llam.
713 5677 764 5723 κ.
798 5662 922 5732 M)?
950 5662 1089 5731 Ergo
1117 5670 1222 5715 tota
1251 5661 1485 5716 Ecclesia
1512 5661 1759 5732 prtedicat
1788 5662 2074 5729 Christum,

504 5765 560 5811 et
588 5751 894 5807 annuntiant
918 5752 1040 5807 coeli
1072 5751 1328 5820 justitiam
1358 5752 1554 5823 ipsius;
1581 5753 1701 5823 quia
1729 5767 1915 5810 omnes
1943 5753 2076 5810 lide-

1728 344 1786 399 S.
1828 338 2187 401 AUGUSTINI
2227 340 2527 401 EPISCOPI
2626 398 2637 410 ι

3607 346 3745 398 liii

2175 458 2251 513 les
2277 459 2468 528 quibus
2500 475 2625 515 cura
2664 469 2747 516 est
2774 461 2964 517 lucrari
2994 461 3100 518 Deo
3126 474 3221 516 eos
3247 459 3331 531 qui
3364 459 3595 514 nondum
3619 477 3743 515 cre-

2172 547 2452 619 diderunt,
2483 561 2539 607 et
2567 550 2764 607 faciunt
2789 552 2890 607 hoc
2916 567 2979 607 es
3005 553 3294 618 cbaritate,
3325 551 3448 606 caeli
3475 561 3618 606 sunt.
3654 552 3744 608 lu-

2173 649 2320 696 touat
2345 643 2413 698 de
2438 643 2541 698 illis
2571 644 2709 700 Deus
2732 644 2912 713 iudicii
2940 645 3021 698 sui
3048 652 3338 707 terrorem;
3368 653 3423 699 et
3447 644 3629 699 tremit
3650 645 3742 714 qui

2174 732 2398 788 inﬁdelis
2423 744 2566 800 erat,
2599 745 2650 791 et
2682 737 2943 805 pavescit,
2975 745 3027 791 et
3051 735 3237 790 credit.
3263 734 3538 792 Ostendite
3568 736 3745 790 homi-

2174 824 2327 879 nibus
2346 825 2471 895 quid
2500 827 2665 895 potuit
2685 825 2924 881 Christus
2950 842 3043 895 per
3064 836 3229 882 totum
3249 827 3432 882 orbem
3459 838 3742 894 terrarum,

2172 914 2437 985 loquendo
2461 918 2571 982 eis,
2597 928 2652 972 et
2683 918 2989 974 adducenda
3026 933 3119 973 eos
3160 919 3224 972 ad
3262 919 3541 974 amandum
3578 920 3744 974 Chrio

2172 1015 2331 1059 stum.
2358 1007 2548 1074 Quanti
2569 1010 2709 1063 enim
2731 1008 2889 1065 hodie
2907 1010 3238 1065 adduxerunt
3258 1011 3460 1066 amicos
3481 1026 3624 1076 sues,
3644 1031 3744 1075 am.

2171 1096 2236 1150 ad
2257 1097 2656 1168 pantomimum,
2678 1110 2768 1153 aut
2786 1100 2850 1155 ad
2871 1101 3207 1157 choraulam?
3224 1101 3417 1169 Quare,
3440 1104 3537 1158 nisi
3557 1119 3744 1159 amau-

2170 1185 2242 1241 do
2276 1187 2459 1241 illum?
2486 1188 2551 1243 Et
2590 1205 2685 1243 vos
2722 1201 2895 1246 amate
2922 1190 3211 1246 Christum.
3241 1193 3408 1247 Tanta
3444 1194 3586 1248 enim
3617 1209 3745 1263 spe-

2169 1278 2378 1334 ctacula
2406 1280 2646 1349 praebuit,
2677 1281 2725 1335 in
2749 1296 2857 1352 quo
2881 1297 3036 1338 nemo
3060 1293 3234 1354 potest
3258 1283 3438 1339 dicere
3461 1278 3655 1355 aliqitid
3683 1302 3744 1340 se

2172 1369 2597 1438 reprehensionis
2627 1371 2897 1440 invenire,
2927 1374 3013 1429 ille
3038 1374 3123 1444 qui
3154 1375 3275 1429 vicit
3309 1375 3579 1431 srrculum.
3607 1376 3739 1432 Nam

2170 1469 2225 1515 et
2261 1462 2541 1532 aliquando
2569 1479 2722 1534 quem
2750 1473 2891 1519 amat
2914 1466 3136 1535 quisque
3165 1466 3215 1520 itt
3246 1466 3450 1521 theatro
3468 1509 3484 1534 ,
3513 1467 3745 1523 vincitur

2172 1554 2224 1608 in
2250 1554 2361 1609 illo.
2390 1554 2555 1609 Nemo
2573 1572 2699 1611 vero
2720 1557 2946 1611 vincitur
2969 1558 3019 1611 in
3046 1558 3257 1613 Christo
3279 1577 3292 1612 :
3319 1574 3422 1613 non
3448 1558 3614 1614 estde
3633 1575 3744 1631 quo

2171 1645 2503 1700 erubescere.
2535 1646 2796 1716 Arripite,
2827 1647 3097 1713 adducite,
3133 1648 3379 1704 attrahite
3412 1664 3544 1719 quos
3585 1662 3742 1719 pote-

2170 1738 2267 1792 stis
2294 1755 2309 1791 :
2335 1738 2506 1793 securi
2535 1747 2725 1806 estote,
2756 1739 2823 1794 ad
2853 1754 2972 1795 eum
3000 1739 3278 1803 adducitis,
3308 1741 3394 1810 qui
3426 1756 3529 1796 non
3556 1741 3744 1810 displi-

2168 1837 2252 1882 cet
2290 1828 2625 1895 videntibus;
2657 1839 2711 1885 et
2750 1841 2932 1901 rogate
2969 1831 3116 1886 illum
3153 1842 3206 1886 ut
3247 1832 3505 1886 illuminet
3534 1848 3659 1890 eos.
3688 1844 3745 1888 et

2168 1919 2306 1976 bene
2331 1924 2632 1990 spectent‘.
2661 1923 3093 1977 Annuntiaverunt
3122 1926 3231 1978 caeli
3252 1926 3506 1995 justitiam
3533 1926 3663 1995 ejus,
3694 1938 3744 1978 et

2167 2011 2396 2065 viderunt
2419 2028 2590 2067 omnes
2615 2014 2791 2083 populi
2816 2013 3029 2085 gloriam
3056 2015 3184 2086 ejus.

2241 2104 2326 2157 Η.
2363 2101 2512 2174 [υενε.
2549 2101 2626 2175 7.]
2655 2104 3038 2174 Confundantur
3064 2122 3233 2161 omnes
3260 2108 3345 2177 qui
3368 2107 3582 2161 adorant
3606 2109 3743 2162 scul-

2169 2194 2333 2262 ptilia.
2361 2193 2548 2249 Nonne
2569 2195 2760 2251 factum
2789 2198 2904 2250 est?
2929 2195 3114 2251 Nonne
3137 2196 3340 2251 confusi
3369 2198 3530 2251 sunt?
3553 2197 3743 2254 Nonne

2168 2285 2402 2352 quntidie
2429 2285 2851 2340 confunduntur?
2876 2286 3146 2356 Sculptilia
3174 2286 3313 2341 enim
3336 2297 3457 2343 sunt
3481 2304 3637 2342 manu
3666 2289 3746 2342 fa-

2167 2389 2248 2431 ειη
2271 2378 2290 2407 ⁸
2321 2376 2476 2430 idola.
2507 2375 2679 2444 Quare
2704 2376 2812 2446 jam
2842 2377 3238 2432 contunduntur
3263 2394 3449 2434 omnes
3477 2379 3565 2450 qui
3606 2380 3741 2434 adn.

2170 2476 2285 2520 rant
2327 2468 2621 2537 sculptilia?
2647 2469 2777 2536 Quia
2810 2470 3053 2524 viderunt
3087 2484 3276 2525 omnes
3314 2472 3493 2541 populi
3515 2472 3740 2541 gloriam

2168 2557 2304 2626 ejus.
2333 2556 2449 2612 lam
2476 2573 2660 2613 omnes
2700 2560 2878 2629 pepuli
2907 2560 3127 2631 gloriam
3151 2561 3344 2616 Christi
3373 2562 3693 2617 conﬁtentur
3725 2582 3739 2619 :

2168 2648 2482 2723 erubescant
2506 2651 2593 2719 qui
2620 2651 2842 2706 adorant
2871 2651 3087 2721 lapides.
3116 2653 3246 2720 Quia
3275 2653 3473 2722 lapides
3501 2654 3570 2708 illi
3598 2670 3744 2711 mor-

2170 2739 2241 2791 tui
2267 2748 2440 2806 erant,
2471 2756 2566 2795 nos
2592 2742 2765 2796 vivum
2791 2741 3016 2812 lapidem
3042 2743 3335 2797 invenimus
3365 2762 3380 2799 :
3407 2745 3510 2798 imo
3539 2746 3743 2815 lapides

2168 2830 2244 2884 illi
2272 2846 2535 2902 nunquam
2564 2832 2837 2899 vixerunt,
2869 2844 2926 2888 ut
2955 2848 3055 2888 nec
3079 2836 3270 2890 mortui
3297 2836 3575 2901 dicantur;
3605 2838 3744 2908 lapis

2168 2932 2342 2978 autem
2372 2932 2551 2978 noster
2579 2927 2727 2979 vivus
2753 2934 2852 2990 est,
2877 2934 2932 2980 et
2956 2940 3168 2995 semper
3191 2926 3322 2981 vixit
3345 2928 3480 2997 apud
3503 2928 3739 2994 Patrem,

2167 3029 2222 3070 et
2247 3033 2344 3087 pro
2373 3017 2521 3071 nobis
2551 3026 2787 3071 mortuus
2813 3018 3035 3081 revixit,
3056 3029 3110 3073 et
3139 3014 3296 3073 modo
3329 3020 3483 3085 vivit,
3510 3030 3566 3074 et
3594 3037 3743 3077 mors

2164 3109 2219 3165 ei
2249 3110 2383 3163 ultra
2414 3125 2515 3163 non
2543 3109 2897 3164 dominabitur
2924 3109 3096 3180 (Rom.
3128 3128 3201 3175 vt,
3234 3111 3312 3181 9).
3344 3111 3487 3166 Hanc
3513 3113 3740 3183 gloriam

2169 3200 2334 3269 ipsius
2356 3209 2715 3270 cognoverunt
2742 3202 2951 3271 populi;
2982 3201 3252 3257 dimittunt
3276 3203 3490 3271 templa,
3519 3215 3745 3260 currunt
3796 3231 3819 3251 ο

2168 3290 2235 3343 ad
2263 3290 2533 3344 ecclesias.
2566 3288 2956 3361 Confundantur
2983 3309 3152 3346 omnes
3174 3293 3259 3363 qui
3287 3294 3498 3348 adorant
3529 3296 3746 3366 sculpti-

2168 3383 2258 3437 lia.
2288 3383 2473 3437 Adhuc
2501 3395 2740 3452 quairunt
2768 3384 2992 3440 adorare
3017 3385 3316 3455 sculptilial
3338 3385 3621 3442 Naluerunt
3652 3388 3744 3443 de-

2168 3490 2350 3530 serere
2399 3475 2567 3541 idola;
2611 3475 2808 3531 deserti
2854 3487 2980 3532 sunt
3021 3480 3090 3533 ab
3133 3478 3308 3534 idolis.
3352 3477 3745 3551 Confundautttr

2168 3582 2337 3620 omnes
2363 3566 2448 3636 qui
2470 3566 2683 3620 adorant
2719 3568 3000 3637 sculptilia,
3028 3569 3115 3639 qui
3141 3569 3421 3639 gloriantur
3451 3571 3503 3623 in
3528 3572 3744 3625 simula-

2169 3659 2267 3711 cris
2295 3658 2416 3712 suis.
2443 3656 2547 3713 Sed
2574 3659 2751 3713 existit
2777 3660 2957 3715 nescio
2984 3660 3104 3730 quis
3128 3660 3422 3730 disputator
3440 3663 3525 3732 qui
3550 3663 3744 3719 doctus

2169 3750 2267 3805 sibi
2305 3750 2577 3805 videbatur
2613 3760 2667 3805 et
2694 3750 2769 3805 ait
2797 3770 2810 3806 :
2842 3751 2954 3805 Non
2993 3767 3091 3822 ego
3131 3753 3276 3807 illum
3317 3754 3541 3823 lapidem
3582 3757 3738 3821 colo,

2170 3857 2268 3897 nec
2297 3841 2421 3896 illud
2458 3842 2795 3896 simulacrum
2824 3841 2963 3910 quod
2990 3851 3073 3897 est
3098 3844 3211 3898 sine
3236 3857 3430 3909 sensu;
3461 3859 3562 3898 non
3594 3847 3744 3900 enim

2170 3933 2433 4004 Propheta
2476 3943 2651 3989 vester
2690 3936 2855 4005 potuit
2893 3950 3049 3990 nosse
3081 3936 3203 4006 quia
3241 3937 3425 3991 oculos
3463 3936 3660 3992 habent
3687 3950 3746 3993 et.

2170 4042 2274 4080 non
2305 4026 2484 4082 vident
2508 4025 2528 4099 (
2550 4025 2691 4081 Psal.
2719 4041 2842 4083 cxnt
2861 4066 2877 4094 ,
2906 4026 2996 4093 5),
3025 4036 3079 4082 et
3107 4041 3206 4098 ego
3234 4029 3413 4084 nescio
3450 4030 3572 4100 quia
3612 4031 3743 4087 illud

2169 4118 2509 4174 simulacrum
2540 4134 2639 4176 nec
2664 4117 2893 4173 animam
2928 4119 3104 4181 habet,
3133 4134 3231 4174 nec
3256 4119 3400 4175 videt
3424 4122 3613 4187 oculis,
3643 4137 3747 4177 nec

2168 4207 2314 4263 audit
2350 4209 2606 4265 auribus:
2636 4224 2739 4265 non
2783 4224 2882 4280 ego
2920 4209 3046 4264 illud
3073 4211 3227 4277 colo;
3268 4211 3363 4266 sed
3396 4211 3557 4266 adoro
3595 4216 3745 4283 quod

2168 4300 2357 4366 video,
2386 4309 2441 4355 et
2477 4300 2653 4355 servio
2691 4300 2741 4354 ei
2780 4316 2935 4370 quem
2980 4316 3083 4356 non
3119 4301 3289 4358 video.
3320 4302 3448 4371 Quis
3485 4312 3565 4358 est
3603 4306 3748 4359 iste?

2169 4390 2370 4446 Numen
2396 4389 2682 4460 quoddam,
2718 4390 2906 4460 inquit,
2934 4390 3194 4447 invisibile
3220 4393 3359 4462 quod
3388 4394 3636 4463 prtesidot
3665 4396 3749 4451 illi

2169 4481 2471 4536 simulacro.
2503 4479 2614 4535 Hoc
2644 4480 2801 4533 modo
2840 4480 3109 4536 reddendo
3145 4483 3399 4536 rationem
3425 4482 3492 4536 de
3518 4484 3747 4540 simula-

2168 4574 2274 4629 cris
2294 4573 2420 4636 suis,
2444 4571 2630 4628 diserti
2651 4571 2672 4603 ³
2693 4572 2790 4627 sibi
2811 4571 3073 4638 videntur,
3098 4574 3217 4643 quia
3246 4566 3348 4627 non
3373 4574 3553 4629 colunt
3580 4575 3745 4643 idola,

2170 4676 2220 4720 et
2248 4665 2429 4721 colunt
2452 4663 2731 4719 daemonia.
2760 4663 2967 4718 Etenim
2986 4705 3001 4729 ,
3031 4663 3252 4730 fratres,
3281 4665 3417 4719 sicut
3441 4664 3571 4721 dicit
3598 4647 3753 4737 Apo-

2171 4755 2369 4820 stolus,
2399 4753 2526 4820 Qua:
2551 4752 2811 4807 immolant
2842 4751 3022 4809 Gentes
3040 4796 3055 4820 ,
3083 4753 3345 4811 daemoniis
3371 4756 3632 4811 immolant
3650 4798 3666 4823 ,
3698 4768 3753 4811 et

2172 4863 2273 4901 non
2311 4845 2439 4900 Deo.
2484 4843 2625 4898 Nolo
2662 4860 2748 4898 vos
2768 4885 2783 4909 ,
2820 4844 3017 4913 inquit,
3049 4845 3209 4899 socios
3238 4845 3350 4914 ﬁeri
3381 4847 3753 4904 daemoniorum

2174 4937 2228 5010 (Ι
2256 4938 2374 4992 Cor.
2404 4954 2459 5002 x;
2493 4936 2580 5001 l9,
2609 4935 2714 5007 20)
2744 4953 2756 4989 :
2786 4949 2907 4990 nam
2937 4936 3119 4989 scimus
3156 4938 3274 5005 quia
3302 4937 3431 4991 nihil
3454 4950 3526 4992 est
3552 4940 3756 4996 idolum

2174 5030 2303 5102 (1d.
2331 5047 2437 5093 vui,
2470 5027 2556 5102 4).
2596 5029 2711 5100 Ipse
2750 5027 2849 5082 hoc
2884 5026 3014 5081 dixit
3051 5030 3364 5097 Apostolus.
3398 5031 3600 5087 Scimus
3626 5022 3759 5103 quia

2174 5121 2301 5175 nihil
2328 5129 2398 5175 est
2434 5119 2657 5184 idolum,
2688 5117 2776 5172 sed
2810 5133 2923 5187 quin
2952 5118 3210 5172 immolant
3239 5118 3452 5185 Gentes,
3483 5122 3759 5180 daanoniis

2175 5212 2454 5276 immolant,
2482 5220 2528 5263 et
2555 5226 2656 5263 non
2684 5208 2793 5263 Deo
2821 5224 2839 5262 :
2862 5207 3015 5275 dixit,
3048 5208 3183 5265 Nolo
3207 5227 3292 5265 vos
3322 5214 3430 5280 ﬁeri
3457 5214 3618 5268 socios
3644 5215 3759 5269 da:-

2176 5305 2471 5357 ntom'orum.
2503 5301 2616 5355 Non
2645 5316 2770 5372 ergo
2797 5300 2917 5356 hinc
2944 5315 3003 5356 se
3028 5313 3297 5369 excusent,
3322 5305 3440 5373 quia
3462 5306 3611 5375 quasi
3636 5305 3760 5362 ido-

2241 5457 2256 5488 ¹
2282 5458 2355 5519 sic
2377 5454 2730 5519 vetustissimus
2751 5452 2886 5519 liber
2920 5453 3155 5519 Corbnat
3190 5455 3323 5519 £4]th
3364 5462 3672 5519 exspectent:
3701 5466 3759 5512 et

2176 5519 2249 5567 sic
2268 5517 2615 5583 pleriqueatss.
2641 5515 2729 5583 sed
2767 5515 2850 5577 qui
2873 5514 2963 5583 hoc
2993 5516 3232 5565 scribendi
3266 5531 3416 5576 more,
3452 5514 3564 5579 ἰιι-υ,
3590 5527 3763 5583 specto

2179 5576 2567 5645 enipeum-uta,
2604 5576 3103 5639 (rasshn’prwleruut,
3144 5585 3366 5641 exspecto
3404 5576 3761 5645 et'exsp'etta-

2179 5639 2362 5750 wl’asic
2388 5710 2483 5749 Am.
2506 5707 2559 5749 et
2575 5708 2679 5761 Mss.
2705 5700 2760 5749 Αι
2780 5705 2855 5749 Er.
2882 5707 2934 5749 et
2955 5706 3085 5759 l.ov.,
3109 5700 3374 5761 manifesta.

2258 5765 2277 5796 ³
2300 5764 2371 5814 sic
2394 5770 2466 5813 Fr.
2492 5769 2543 5812 et
2566 5760 2787 5825 (letique
2811 5768 2913 5811 Mss.
2941 5768 2995 5811 Αι
3013 5770 3109 5811 stu.
3133 5770 3183 5813 et
3199 5760 3329 5826 Lava,
3349 5764 3567 5817 deserti”
