3984 6204
471 342 598 398 1217
627 395 632 398 .

430 496 440 506 .
467 473 578 509 eum
604 468 772 508 omnes
801 446 974 518 tlttgclt'
991 445 1121 513 ejus.
1149 440 1361 495 Discant
1386 434 1574 507 Pagani
1602 433 1821 504 adorare
1845 433 2028 486 Deum.

469 547 700 616 Angelos
719 541 897 595 volunt
925 538 1180 596 adorare;
1223 530 1452 602 Angelos
1481 529 1773 589 imitentur,
1803 534 1856 578 et
1887 525 2032 577 illum

468 638 693 690 adorent
720 633 805 701 qui
833 629 899 680 ab
925 625 1138 694 Angelis
1162 623 1430 676 aduratur.
1481 619 1702 672 Adorate
1729 633 1842 669 eum
1869 631 2037 668 omnes

469 726 646 796 Angeli
689 725 816 793 ejus.
869 717 1068 772 Adoret
1105 713 1324 782 angelus
1371 710 1462 765 ille
1505 711 1592 777 qui
1645 711 1837 761 missus
1866 705 2037 760 estad

469 813 814 874 Cornelium;
847 825 966 862 nam
998 822 1116 861 eum
1165 803 1420 865 adorans,
1465 797 1770 854 Cornelium
1804 798 1944 850 misit
1972 796 2038 848 ad

473 906 684 960 Petrum
712 901 864 974 (Act.
893 917 949 965 ιι,
971 901 1026 964 Ξ,
1051 911 1144 951 etc.
1175 898 1193 966 )
1219 914 1233 950 :
1259 894 1444 948 adoret
1465 892 1731 947 Christum
1763 890 2037 944 Domimuu

471 995 615 1051 Petri
645 996 683 1058 ¹,
715 1003 769 1048 ει
798 993 908 1060 ipse
932 1003 1218 1043 conservus
1249 982 1410 1039 Petri.
1457 981 1694 1036 Adorate-
1717 996 1826 1033 eum
1874 996 2042 1034 omnes

473 1075 649 1163 Angeli
685 1092 810 1159 ejus.

545 1185 633 1241 15.
667 1183 814 1256 [vers
861 1180 938 1254 8.]
970 1181 1190 1244 Audiuit,
1237 1187 1282 1232 et
1301 1174 1585 1249 jucundam
1639 1183 1709 1228 est
1739 1171 1883 1226 Sion.
1907 1165 2042 1234 Quid

473 1275 677 1334 audivit
717 1273 841 1329 Sion
865 1273 888 1325 ?
914 1272 1044 1338 Quia
1073 1263 1293 1324 adorant
1321 1282 1443 1320 eum
1470 1279 1658 1318 omnes
1691 1260 1874 1330 Angeli
1906 1259 2040 1326 ejus.

473 1367 612 1439 Quid
641 1365 839 1422 audivit
857 1363 982 1418 Sion
1005 1363 1029 1417 ?
1056 1376 1180 1416 ecce
1200 1357 1324 1429 quid
1347 1357 1542 1412 audivit
1567 1371 1582 1408 :
1617 1352 2046 1407 Annuntiauerunl

477 1461 589 1516 cali
610 1459 857 1531 justitiam
883 1457 1024 1527 ejus,
1056 1465 1100 1508 et
1137 1452 1365 1506 uiderunt
1405 1464 1575 1504 omnes
1615 1446 1788 1516 papuli
1830 1443 2046 1514 gloriam

479 1552 587 1619 ejus
609 1566 628 1604 :
657 1540 1030 1618 confundantur
1058 1559 1226 1597 omnes
1276 1542 1364 1609 qui
1402 1540 1616 1594 adorant
1644 1535 1901 1606 sculptilia
1918 1576 1933 1599 ,
1960 1531 2046 1601 qui

481 1642 761 1712 gloriantur
778 1639 829 1691 in
860 1636 1141 1690 simulacris
1163 1634 1285 1687 suis.
1317 1631 1524 1687 Etenim
1555 1628 1788 1684 Ecclesia
1818 1624 2044 1680 necdum

481 1741 597 1788 erat
625 1734 678 1786 in
707 1729 1000 1791 Gentibus;
1030 1727 1081 1781 in
1101 1725 1281 1781 Judzea
1307 1722 1644 1779 crediderant
1668 1734 1735 1774 ex
1757 1717 1972 1782 Judaeis,
1995 1723 2050 1770 et

485 1825 736 1893 putabant
764 1823 861 1892 ipsi
886 1820 1052 1876 Judtei
1097 1819 1187 1890 qui
1229 1816 1564 1873 crediderant
1609 1815 1750 1869 solos
1795 1827 1852 1867 se
1881 1811 2046 1881 perti-

484 1931 611 1969 nere
637 1914 702 1968 ad
731 1913 999 1968 Christum
1041 1929 1056 1966 :
1086 1909 1232 1963 missi
1273 1918 1397 1962 sunt
1447 1905 1685 1974 Apostoli
1716 1903 1781 1957 ad
1816 1902 2046 1968 Gentes,

486 2006 822 2075 praedicatum
847 2013 931 2058 est
953 2001 1237 2065 Cornelio;
1265 1999 1488 2056 credidit
1516 1996 1794 2052 Cornelius
1817 2037 1832 2060 ,
1879 1995 2050 2064 bapti-

485 2107 633 2150 zatus
657 2105 756 2159 est,
782 2093 1026 2164 baptizati
1049 2102 1170 2145 sunt.
1193 2099 1246 2145 ct
1261 2091 1335 2144 illi
1361 2089 1448 2160 qui
1473 2102 1592 2142 cum
1609 2085 1858 2142 Cornelio
1878 2093 2048 2140 erant.

485 2188 589 2244 Sed
622 2196 677 2240 ut
705 2186 1114 2257 baptizarcntur,
1157 2183 1282 2254 quid
1332 2182 1524 2235 factum
1555 2189 1638 2234 est
1661 2220 1678 2245 ,
1729 2179 1912 2234 scitis:
1947 2193 2051 2230 non

483 2281 696 2350 quidem
726 2278 831 2343 huc
856 2293 1020 2348 usque
1056 2274 1294 2347 pervenit
1320 2274 1532 2336 Lector,
1563 2271 1657 2328 sed
1697 2279 1871 2325 tamen
1892 2269 2053 2339 aliqui

487 2370 864 2436 recordamur;
907 2377 963 2424 et
990 2367 1076 2436 qui
1104 2380 1206 2419 non
1245 2365 1607 2424 recordentur,
1650 2362 1869 2416 audiant
1909 2375 1937 2413 a
1969 2374 2055 2414 me

488 2462 740 2516 breviter.
763 2460 952 2515 Missus
995 2467 1077 2513 εει
1122 2457 1340 2526 angelus
1369 2454 1433 2509 ad
1473 2453 1772 2510 Cornelium
1793 2494 1808 2519 ,
1839 2450 2055 2521 angelus

489 2553 793 2608 Cornelium
825 2553 964 2606 misit
992 2551 1058 2604 ad
1100 2549 1346 2613 Petrum,
1376 2548 1562 2601 Petrus
1590 2547 1734 2600 venit
1762 2544 1827 2599 ad
1857 2544 2057 2599 Corne-

493 2643 639 2696 litnn.
674 2642 738 2695 Et
759 2643 878 2709 quia
908 2641 974 2693 de
1002 2639 1260 2694 Gentibus
1285 2646 1399 2692 erat
1439 2637 1740 2701 Cornelius,
1769 2645 1823 2690 et
1865 2635 1977 2704 ipse
2004 2643 2058 2690 et

489 2734 580 2802 qui
602 2749 720 2787 eum
750 2733 838 2786 illo
860 2739 1029 2793 crant,
1063 2745 1167 2783 non
1189 2737 1340 2783 erant
1379 2728 1672 2782 circumcisi
1709 2743 1724 2781 :
1761 2741 1827 2780 ne
1846 2726 2056 2782 dubita-

493 2833 610 2879 rent
653 2839 778 2892 ergo
822 2822 894 2876 illi
935 2820 1144 2875 tradere
1187 2819 1526 2888 Evangelium
1560 2835 1660 2870 non
1701 2816 2054 2883 circumcisis;

491 2925 771 2986 antequam
801 2913 1156 2981 baptizaretur
1181 2914 1292 2980 ipse
1326 2911 1602 2965 Cornelius
1632 2919 1686 2964 et
1725 2910 1795 2966 iUi
1824 2909 2057 2978 quicum

494 3007 584 3060 illo
610 3014 779 3068 erant,
812 3013 955 3058 venit
981 3003 1208 3070 Spiritus
1234 3011 1468 3065 sanctus,
1497 3011 1550 3054 et
1570 3000 1803 3068 implevit
1830 2999 1978 3064 illos,
2005 3007 2060 3053 et

492 3107 764 3167 coeperunt
813 3097 950 3164 loqui
1003 3094 1215 3164 linguis.
1259 3093 1311 3146 lu
1356 3093 1558 3146 nullum
1586 3100 1759 3144 autem
1798 3090 2060 3145 ceciderat

493 3191 718 3261 Spiritus
739 3198 986 3253 sanctus,
1015 3187 1114 3240 nisi
1156 3186 1242 3255 qui
1285 3183 1452 3238 fuerat
1493 3183 1783 3251 baptizatus
1809 3199 1822 3236 :
1847 3182 1896 3235 in
1929 3181 2060 3236 istos

495 3288 672 3334 autem
701 3286 824 3333 ante
865 3276 1192 3346 Baptismum
1221 3273 1432 3328 cecidit.
1463 3272 1662 3326 Posset
1692 3270 1832 3325 enim
1871 3270 2060 3327 Petrus

496 3371 737 3426 dubitare
767 3379 937 3425 utrum
965 3366 1359 3422 incircumcisos
1391 3365 1680 3434 baptizaret
1717 3380 1729 3416 :
1778 3363 1922 3418 venit
1948 3363 2062 3434 Spi-

495 3462 631 3516 ritus
655 3469 868 3516 sanctus
887 3500 902 3524 ,
935 3464 1211 3527 cmperunt
1257 3455 1399 3526 loqui
1445 3455 1670 3525 linguis;
1699 3453 1951 3508 donatum
1980 3464 2063 3510 εει

494 3555 694 3610 donum
723 3551 1001 3615 invisibile,
1024 3560 1076 3604 et
1102 3549 1218 3603 tulit
1243 3548 1619 3602 dubitationem
1637 3546 1703 3601 de
1715 3545 2062 3601 Sacramenta

497 3645 728 3710 visibili;
759 3642 1004 3713 haptizati
1033 3649 1156 3696 sunt
1178 3654 1382 3694 omnes.
1411 3638 1477 3692 Et
1498 3638 1660 3693 habes
1685 3638 1751 3692 ibi
1783 3638 2058 3707 scriptum:

495 3739 773 3793 Audierant
799 3744 961 3788 autem
987 3733 1240 3815 Apostoli,
1289 3740 1335 3784 et
1375 3731 1459 3801 qui
1484 3730 1701 3784 erantin
1727 3728 1765 3782 ,1
1770 3730 1914 3783 udwa
1950 3731 2060 3798 fra-

501 3842 619 3894 tres,
649 3829 886 3899 quoniam
913 3837 958 3880 et
989 3825 1167 3881 Gentes
1195 3831 1484 3895 receperunt
1506 3822 1703 3876 uerbum
1733 3821 1848 3888 Dei,
1889 3832 1948 3877 et
1979 3823 2062 3877 bc-

497 3922 784 3976 nedt'cclmnt
802 3919 987 3974 Deum.
1014 3919 1124 3973 Hoc
1150 3927 1230 3972 est
1245 3915 1384 3986 quod
1411 3916 1494 3970 hic
1518 3915 2064 3970 commemorantis.“

497 4014 638 4079 diuit,
667 4021 711 4065 et
731 4010 1010 4081 jucundata
1035 4019 1105 4064 est
1134 4008 1297 4068 Sion;
1335 4016 1382 4061 et
1412 4008 1786 4062 exsultauerunt
1815 4007 1936 4074 filia:
1959 4005 2062 4059 Ju-

499 4105 623 4158 dwa:
641 4103 682 4155 ³.
715 4100 850 4169 Quid
875 4100 1083 4163 audiuit,
1135 4107 1180 4151 et
1200 4096 1484 4165 jucundata
1511 4105 1582 4150 est
1619 4095 1747 4150 Sion
1771 4097 1795 4149 ?
1826 4095 1957 4162 Quia
1985 4113 2063 4149 re—

499 4202 729 4264 ceperunt
755 4192 934 4245 Gentes
961 4190 1162 4244 uerbum
1187 4187 1295 4241 Dei.
1321 4187 1469 4242 Unus
1491 4191 1660 4254 partes
1689 4195 1928 4251 venerat,
1968 4187 2060 4242 sed

499 4286 717 4355 angelus
739 4285 969 4338 nondum
1000 4291 1135 4336 erat.
1167 4281 1292 4335 Sion
1325 4281 1434 4347 ipsa
1462 4279 1696 4333 Ecclesia
1723 4294 1841 4349 qua:
1869 4288 1983 4332 erat
2009 4284 2060 4333 in

498 4378 699 4437 .ludaea,
732 4373 941 4443 proprie
965 4371 1050 4425 hic
1084 4369 1349 4423 nominata
1391 4375 1490 4423 est.
1529 4367 1769 4434 Audiuit,
1810 4376 1856 4420 et
1873 4367 2064 4438 jucun-

501 4469 622 4521 data
642 4475 714 4520 est
745 4463 909 4528 Sion;
939 4473 982 4517 et
1009 4461 1380 4516 cxsultauerunt
1406 4459 1527 4528 [ilite
1551 4457 1768 4513 Iudaeas.
1797 4458 1886 4514 Sic
1933 4459 2064 4514 scri-

502 4570 645 4629 ptum
675 4565 756 4612 est
783 4574 798 4617 :
826 4556 1103 4609 Audierant
1141 4552 1386 4622 Apostoli,
1415 4561 1462 4605 et
1505 4553 1590 4622 qui
1621 4561 1762 4604 erant
1789 4553 1845 4605 in
1878 4551 2064 4606 Judtca

498 4656 703 4728 fratres.
727 4647 910 4702 Videte
935 4647 976 4701 si
1007 4661 1111 4700 non
1133 4644 1503 4698 cxsultauerunt
1523 4641 1646 4712 ﬁlia:
1671 4641 1887 4696 Judww.
1927 4641 2063 4709 Quid

405 4755 408 4760 '
500 4738 815 4795 audierunt?
845 4738 975 4806 Quia
1000 4747 1046 4792 et
1076 4735 1257 4792 Gentes
1284 4743 1572 4806 receperunt
1598 4733 1796 4787 uerbum
1822 4731 1935 4786 Dei.
1963 4731 2064 4788 Ubi

497 4830 626 4886 illud
655 4813 788 4885 dixit
817 4830 915 4884 iste
940 4825 1660 4900 psalmus?Annuntiauerunt
1684 4823 1796 4876 caeli
1813 4821 2066 4893 justitiam

501 4923 610 4994 ejus
630 4963 645 4988 ,
675 4929 720 4975 et
762 4919 988 4974 uiderunt
1016 4934 1183 4972 omnes
1211 4914 1386 4987 populi
1411 4915 1628 4985 gloriam
1671 4913 1798 4983 ejus.
1832 4912 1896 4966 Et
1943 4911 2063 4981 quia

498 5016 698 5070 Gentes
723 5012 1082 5072 crediderunt.
1100 5026 1129 5064 a
1150 5009 1339 5079 quibus
1367 5007 1676 5062 colebantur
1706 5004 1840 5060 idola
1865 5021 1880 5070 ;
1907 5019 2065 5059 secu-

505 5118 586 5159 lus
606 5106 677 5160 ait
704 5103 1120 5173 :Goufundantur
1140 5116 1308 5153 omnes
1331 5093 1415 5167 qui
1434 5100 1645 5151 adorant
1661 5097 1914 5166 sculptilia
1936 5137 1952 5162 ,
1983 5095 2068 5166 qui

506 5196 787 5268 gloriantur
815 5194 868 5247 in
901 5191 1182 5248 simulacris
1207 5190 1330 5244 suis.
1354 5189 1574 5252 Audiuit,
1601 5197 1650 5241 et
1683 5186 1966 5258 jucundata
1997 5194 2070 5240 est

508 5287 632 5340 Sion
661 5303 676 5349 ;
706 5295 751 5338 et
779 5283 1145 5338 exsultaverunt
1173 5280 1292 5349 ﬁlia:
1315 5277 1529 5332 Juda'az.
1559 5277 1746 5331 Postea
1768 5275 1978 5346 quidam
2004 5274 2071 5328 de

506 5377 832 5432 circumcisis
858 5371 1166 5430 calumniari
1197 5371 1469 5424 voluerunt
1513 5368 1704 5432 Petro,
1748 5377 1800 5421 et
1827 5366 2073 5420 dixerunt

569 5531 583 5562 ί
612 5530 746 5588 uid,
767 5540 882 5578 nam
893 5541 1001 5578 eum
1023 5524 1232 5576 adorans
1251 5520 1494 5588 (omelias
1510 5519 1638 5571 misit
1652 5517 1718 5570 ad
1734 5524 1944 5588 Petrum,
1962 5517 2076 5568 ado-

510 5603 620 5640 rare
651 5581 889 5640 christum
924 5588 1172 5640 Dominum
1220 5583 1376 5645 Petri,
1418 5593 1512 5634 etc.
1551 5590 1720 5632 Locum
1759 5581 2075 5630 emendamus

510 5654 747 5770 ω’ἓῗῗᾶ..
772 5710 886 5772 ﬁlia:
920 5711 1079 5760 Judtr.
1106 5717 1159 5759 Αι
1181 5708 1345 5771 plures
1373 5715 1478 5772 uss.
1515 5707 1650 5772 juxta
1672 5710 1797 5772 [395,
1827 5700 1955 5772 ﬁlice
1982 5710 2070 5751 .Iu-

511 5778 649 5835 diue.
673 5763 745 5829 Siti
767 5763 908 5822 etiam
933 5771 1143 5820 melioris
1161 5763 1284 5818 tione
1308 5771 1498 5818 codices
1516 5763 1567 5814 in
1589 5765 1705 5815 Psal.
1726 5764 1799 5821 47,
1822 5763 1870 5820 ὶ.
1900 5763 1974 5813 12.

1689 320 1747 378 S.
1789 314 2152 374 AUGUSTlNl
2194 315 2490 373 EPISCOPI

3573 325 3710 380 1⁸318
3773 317 3780 330 ’

2147 427 2220 481 illi
2255 445 2269 480 :
2302 427 2471 494 Quare
2495 429 2692 483 intrasti
2729 431 2796 487 ad
2832 429 3050 486 Gentiles
3077 430 3469 497 incircumcisos,
3495 445 3542 486 et
3568 451 3714 496 num,-

2141 516 2336 571 ducasti
2360 535 2472 572 cum
2487 520 2596 574 eis?
2622 521 2710 576 Ille
2736 534 2909 576 autem
2931 521 3158 576 reddidit
3180 524 3259 577 eis
3279 523 3558 591 rationem,
3581 542 3712 594 qun-

2140 609 2299 664 modo
2319 625 2437 664 cum
2464 623 2640 668 oraret
2657 612 3045 669 demonstratus
3071 624 3151 670 est
3179 615 3249 670 illi
3277 615 3453 670 discus
3475 619 3716 686 pendens

2142 708 2368 769 quatuor
2388 701 2562 756 lineis.
2601 703 2788 759 Discus
2813 705 2900 760 ille
2931 706 3018 776 qui
3050 706 3276 761 habebat
3302 707 3479 760 omnia
3509 710 3716 762 anima-

2146 790 2230 857 lia,
2274 793 2601 862 signiﬁcabat
2645 810 2831 849 omnes
2869 795 3082 850 Gentes.
3122 796 3244 851 ideo
3280 807 3456 851 autem
3487 811 3718 868 quatuor

2146 884 2295 937 lineis
2320 885 2600 953 pendebat,
2630 887 2748 956 quia
2775 899 3000 958 quatuor
3025 899 3199 958 partes
3227 900 3349 944 sunt
3374 890 3550 955 orbis,
3578 893 3722 946 unde

2147 975 2304 1031 futuri
2335 979 2509 1047 populi
2534 987 2688 1033 erant
2718 996 2732 1032 :
2763 989 2817 1034 et
2854 981 2972 1035 ideo
3012 992 3237 1051 quatuor
3267 982 3546 1052 Evangelia
3582 999 3723 1052 pra:-

2146 1067 2323 1122 dicant
2349 1069 2636 1136 Christum,
2684 1081 2739 1124 ut
2765 1073 2930 1140 gratia
2980 1073 3142 1140 ipsius
3178 1073 3245 1126 ad
3275 1087 3461 1128 omnes
3488 1084 3724 1144 quatuor

2147 1168 2324 1230 partes
2352 1160 2497 1214 orbis
2528 1162 2790 1230 pertinere
2821 1163 3158 1232 intelligatur.
3185 1164 3320 1230 Quia
3349 1181 3474 1234 ergo
3504 1167 3613 1221 tale
3641 1167 3723 1220 vi-

2147 1265 2263 1306 sttm
2293 1251 2710 1307 demonstratum
2755 1252 2924 1308 fuerat
2968 1254 3126 1309 Petro
3151 1295 3167 1320 ,
3209 1254 3480 1321 indicavit,
3513 1259 3724 1326 aperuit

2151 1340 2253 1394 illis
2277 1341 2472 1406 omnia,
2501 1341 2770 1412 quomodo
2807 1343 3030 1398 credidit
3074 1343 3372 1410 Cornelius,
3402 1346 3524 1415 quia
3550 1347 3728 1415 prius-

2147 1447 2306 1501 quam
2350 1432 2704 1503 baptizaretur
2749 1434 2910 1491 homo
2953 1437 3206 1506 gentilis,
3237 1441 3382 1491 venit
3419 1454 3576 1508 super
3598 1454 3722 1494 cum

2148 1525 2374 1596 Spiritus
2399 1535 2633 1583 sanctus.
2663 1529 2787 1584 Hac
2815 1546 2934 1585 cum
2975 1531 3246 1586 audissent
3269 1573 3282 1592 ,
3315 1542 3597 1587 tacuerunt
3617 1576 3630 1595 ,
3665 1543 3726 1590 et

2151 1618 2619 1688 magnilicaverunt
2644 1620 2806 1676 Deum
2832 1663 2846 1684 ,
2878 1621 3116 1676 dicentes
3146 1641 3159 1676 :
3194 1621 3375 1692 Utique
3409 1634 3455 1676 et
3487 1622 3726 1678 Gentibus

2152 1709 2290 1763 Deus
2317 1710 2657 1779 ptenitentium
2681 1712 2746 1764 ad
2770 1713 2921 1764 uitam
2947 1712 3084 1765 dedit
3116 1712 3250 1783 (Act.
3271 1729 3341 1775 χι,
3368 1713 3538 1784 1-18).
3564 1713 3723 1779 Ecce,

2151 1802 2391 1869 Audiuit,
2420 1811 2469 1856 et
2486 1805 2769 1872 jucundata
2807 1813 2879 1858 est
2925 1803 3091 1868 Sion;
3121 1817 3168 1858 et
3208 1807 3577 1860 exsultauerunt
3605 1809 3730 1875 ﬁlia:

2150 1892 2367 1961 ludam,
2400 1905 2602 1964 prapter
2643 1895 2838 1964 judicia
2866 1905 2952 1948 tua
2978 1936 2991 1959 ,
3048 1895 3278 1949 Domine.
3321 1897 3450 1962 Qua:
3488 1897 3682 1967 judicia
3704 1900 3732 1951 ’ἒ

2152 1984 2284 2050 Quia
2311 2001 2417 2038 non
2444 1995 2526 2040 est
2547 2001 2890 2055 personarum
2918 1997 3164 2056 acceptor
3185 1989 3342 2042 Deus.
3364 1988 3596 2060 Namque
3614 1990 3732 2059 ipse

2157 2075 2340 2131 Petrus
2364 2090 2484 2130 cum
2525 2077 2742 2132 vidisset
2769 2076 3069 2132 Cornelium
3095 2079 3460 2134 centurionem
3489 2121 3506 2147 ,
3557 2089 3610 2134 et
3632 2095 3733 2135 cos

2154 2169 2243 2237 qui
2271 2184 2392 2224 cum
2419 2169 2509 2224 illo
2528 2179 2698 2236 erant,
2726 2171 3040 2240 adimpletos
3068 2171 3263 2241 Spiritu
3301 2183 3503 2236 sancto,
3543 2173 3732 2228 excla-

2155 2261 2346 2327 mavit,
2395 2262 2579 2328 etait,
2625 2260 2690 2315 In
2719 2263 2923 2316 ueritate
2960 2263 3322 2332 comprehendo
3363 2265 3483 2335 quia
3513 2280 3612 2318 non
3653 2275 3733 2319 est

2157 2367 2487 2421 personan
2531 2362 2763 2420 acceptor
2789 2351 2946 2406 Deus.
2981 2353 3151 2423 Ergo,
3184 2352 3577 2408 Etcsultauerunt
3605 2355 3736 2424 ﬁlice

2156 2440 2372 2507 Judtcte,
2403 2450 2603 2512 propter
2621 2443 2949 2511 judicia'tua,
2981 2441 3211 2496 Domine.
3240 2443 3373 2511 Quid
3403 2452 3503 2505 est,
3525 2455 3735 2513 prapter

2151 2533 2348 2604 judicia
2375 2535 2504 2587 tua?
2529 2533 2662 2599 Quia
2700 2535 2755 2586 in
2791 2535 2926 2586 omni
2965 2543 3108 2603 gente
3129 2576 3144 2598 ,
3178 2543 3224 2587 et
3252 2535 3304 2588 in
3344 2536 3479 2587 omni
3505 2537 3695 2604 popqu
3714 2577 3733 2601 ,

2159 2625 2455 2694 quicumque
2481 2624 2557 2677 illi
2584 2623 2825 2688 servierit,
2847 2633 3080 2694 acceptus
3099 2633 3172 2677 est
3195 2624 3271 2677 illi
3294 2622 3403 2694 (Id.
3427 2640 3476 2686 x,
3501 2626 3588 2686 5i,
3613 2626 3734 2696 35).

2159 2715 2289 2783 Quia
2321 2730 2424 2770 non
2451 2714 2755 2770 Judreorum
2793 2715 2933 2769 Deus
2975 2723 3228 2782 tantum,°
3257 2715 3350 2770 sed
3400 2724 3454 2771 et
3481 2713 3737 2772 Gentium

2161 2807 2339 2877 (Romi
2365 2823 2442 2873 nt,
2465 2805 2577 2877 29).

2234 2898 2320 2952 M.
2349 2895 2494 2969 [uers.
2537 2895 2617 2969 9.]
2645 2896 2832 2952 Videte
2860 2898 2904 2951 si
2942 2913 3045 2952 non
3077 2897 3180 2953 hoc
3206 2909 3289 2954 est
3323 2899 3463 2954 unde
3493 2901 3739 2956 exsulta-

2161 2999 2354 3045 verunt
2401 2989 2521 3044 ﬁlim
2567 2989 2783 3044 Judaam.
2815 2988 2882 3042 Et
2923 2992 3297 3045 exsultauerunt
3335 2992 3458 3061 ﬁlia!
3489 2992 3688 3047 Judtete
3719 3037 3738 3060 ,

2163 3089 2365 3150 praptcr
2379 3079 2576 3149 judicia
2605 3091 2691 3133 tua
2713 3121 2728 3146 ,
2778 3079 3010 3134 Domine.
3055 3081 3302 3148 Quoniam
3331 3093 3383 3134 tu
3411 3098 3462 3136 es
3489 3081 3742 3139 Dominus

2162 3171 2434 3226 altissimus
2471 3189 2624 3242 super
2647 3190 2842 3228 omnem
2883 3183 3084 3228 (errant.
3111 3175 3225 3230 Non
3256 3191 3416 3246 super
3446 3177 3609 3232 solam
3635 3177 3742 3231 Ju-

2162 3262 2353 3330 daeum,
2391 3277 2498 3318 non
2518 3278 2678 3333 super
2703 3264 2867 3322 solam
2889 3264 3207 3333 Jerusalem,
3243 3282 3346 3321 non
3377 3282 3536 3336 super
3565 3268 3740 3322 solam

2161 3355 2286 3411 Sion
2310 3397 2325 3420 ,
2354 3355 2448 3410 sed
2490 3373 2640 3426 super
2668 3373 2862 3410 onmem
2892 3366 3097 3412 terram.
3131 3359 3261 3413 Huic
3288 3361 3548 3416 universa:
3577 3372 3742 3417 terra:

2157 3445 2354 3514 judicia
2379 3445 2470 3500 Dei
2494 3446 2789 3516 viguerunt,
2821 3456 2878 3501 ut
2894 3448 3124 3517 undique
3145 3451 3364 3518 populos
3388 3465 3738 3508 convocaret:

2163 3537 2354 3606 quibus
2382 3551 2486 3592 non
2515 3539 2944 3606 communicant,
2996 3541 3083 3608 qui
3125 3556 3183 3596 se
3224 3544 3608 3610 praeciderunt;
3637 3561 3742 3602 nec

2163 3626 2381 3680 audiunt
2409 3628 2733 3696 praadictum,
2761 3644 2860 3684 nec
2882 3629 3063 3685 vident
3089 3631 3385 3700 impletum,
3410 3634 3659 3702 Quoniam
3680 3646 3744 3691 tu

2164 3735 2216 3773 es
2266 3717 2510 3774 Dominus
2562 3719 2836 3775 altissimus
2882 3739 3032 3791 super
3075 3740 3272 3777 onmem
3326 3735 3526 3779 terram.
3569 3726 3742 3782 Nimis

2164 3813 2412 3867 exaltatus
2452 3828 2503 3866 es
2531 3829 2680 3882 super
2717 3829 2888 3867 omnes
2916 3814 3054 3868 deos.
3085 3814 3220 3884 Quid
3251 3825 3353 3879 est,
3383 3819 3579 3872 nimis?
3605 3819 3741 3873 Nam

2165 3905 2231 3960 de
2256 3905 2467 3960 Christo
2494 3905 2704 3960 dicitur.
2738 3904 2872 3973 Quid
2905 3914 2985 3959 est
3027 3921 3186 3975 ergo,
3221 3908 3370 3961 nimis
3392 3950 3406 3974 ,
3437 3910 3534 3963 nisi
3576 3919 3632 3963 ut
3658 3911 3744 3963 in-

2165 3996 2420 4067 telligaris
2460 3997 2677 4065 aequalis
2703 3995 2882 4050 Patri?
2906 3995 3040 4063 Quid
3065 4005 3162 4061 est,
3195 4014 3349 4066 super
3380 4015 3548 4052 omnes
3568 3999 3684 4054 deos
3715 4000 3744 4053 1’

2165 4089 2258 4157 qui
2300 4087 2638 4142 suntHdoia
2687 4103 2790 4140 non
2836 4087 3030 4140 habent
3079 4101 3331 4151 sensum,
3392 4104 3494 4143 non
3543 4088 3744 4144 habent

2164 4177 2326 4231 vitam
2374 4193 2390 4230 :
2447 4175 2706 4231 diemonia
2764 4177 2959 4232 habent
3014 4192 3258 4246 sensum,
3307 4157 3500 4234 habent
3537 4182 3742 4248 vitam;

2164 4271 2257 4327 sed
2296 4271 2432 4324 mala
2461 4278 2603 4324 sunt.
2633 4269 2769 4337 Quid
2802 4285 3047 4339 magnum
3082 4279 3165 4326 est
3190 4271 3312 4343 quia
3353 4273 3614 4327 exaltatus
3657 4284 3744 4329 est

2164 4361 2407 4416 Christus
2435 4375 2594 4429 super
2623 4359 2795 4414 idola?
2824 4360 3097 4415 Exaltatus
3133 4369 3215 4416 est
3253 4375 3414 4432 super
3441 4363 3699 4418 daemonia
3723 4383 3740 4429 ;

2166 4451 2260 4508 sed
2289 4466 2386 4506 nec
2414 4450 2516 4504 hoc
2543 4449 2696 4504 valde
2722 4465 2969 4519 magnum
2995 4459 3080 4506 est
3104 4467 3118 4505 :
3143 4451 3400 4506 daemonia
3430 4453 3644 4523 quidem
3666 4453 3743 4508 dii

2168 4541 2411 4598 Gentium
2437 4539 2604 4610 (Psal.
2634 4554 2754 4605 xcv,
2786 4539 2866 4608 5),
2907 4539 3002 4594 sed
3052 4541 3139 4595 ille
3177 4541 3333 4594 nimis
3363 4543 3628 4596 exaltatus
3659 4553 3749 4596 cst

2167 4647 2326 4703 super
2374 4645 2560 4685 omnes
2587 4629 2734 4684 deos.
2781 4628 2847 4684 Et
2896 4629 3138 4684 homines
3182 4630 3309 4685 dicti
3336 4639 3459 4685 sunt
3493 4631 3597 4697 dii,
3629 4630 3749 4702 Ego

2169 4726 2295 4791 dixi,
2337 4723 2424 4778 οδε
2446 4724 2586 4787 etus,
2613 4730 2660 4777 et
2689 4721 2786 4790 ﬁlii
2810 4720 3056 4776 Altissimi
3093 4707 3261 4776 omnes
3287 4737 3308 4776 .-
3332 4721 3457 4776 item
3487 4723 3749 4792 scriptum

2168 4828 2280 4884 est,
2314 4815 2448 4871 Deus
2484 4815 2618 4870 stetit
2659 4817 2712 4867 in
2751 4829 3007 4884 synagoga
3034 4813 3277 4879 deorum;
3315 4814 3367 4866 in
3393 4802 3555 4867 medio
3580 4822 3758 4867 autem

2171 4910 2288 4964 deos
2316 4909 2601 4962 discernens
2647 4905 2815 4977 (Psal.
2847 4920 3028 4968 um,
3057 4903 3110 4966 6,
3144 4903 3222 4974 1).
3245 4904 3417 4973 Super
3437 4918 3628 4960 omnes
3655 4919 3755 4959 ex-

2171 5003 2362 5057 altatus
2382 5010 2465 5056 est
2495 4999 2649 5055 Jesus
2671 4998 2913 5052 Christus
2939 4996 3194 5050 Dominus
3235 5004 3418 5051 noster
3451 5011 3586 5052 :nec
3624 5005 3754 5050 tan-

2172 5105 2282 5150 tum
2311 5108 2472 5162 super
2496 5091 2657 5156 idola,
2684 5105 2782 5145 nec
2807 5097 3008 5142 tantum
3031 5102 3191 5156 super
3217 5087 3505 5151 daemonia;
3533 5086 3628 5142 sed
3658 5102 3759 5142 su-

2172 5201 2269 5256 per
2294 5197 2480 5239 omnes
2506 5181 2747 5234 homines
2769 5179 2962 5248 justos.
2995 5177 3060 5231 Et
3086 5177 3186 5231 hoc
3223 5191 3410 5247 parum
3436 5185 3552 5242 est;
3581 5191 3757 5246 super

2174 5293 2358 5333 omnes
2384 5275 2543 5330 etiam
2570 5271 2802 5342 Angelos
2830 5287 2844 5324 :
2878 5283 2997 5323 nam
3043 5268 3182 5323 unde
3222 5278 3300 5323 est
3321 5309 3336 5333 ,
3367 5268 3590 5323 Δάοι-αις
3631 5286 3752 5322 eum

2176 5384 2343 5424 omnes
2354 5364 2530 5436 Ληρειὶ
2550 5365 2656 5434 ejus
2679 5362 2703 5415 ?
2731 5360 2899 5414 Nimis
2922 5359 3171 5414 exaltatus
3187 5375 3240 5413 es
3258 5375 3409 5426 super
3421 5375 3592 5412 omnes
3608 5359 3754 5418 deos.

2247 5459 2335 5514 15.
2360 5455 2509 5529 [vers.
2542 5453 2655 5525 10.]
2682 5451 2818 5519 Quid
2845 5466 2970 5521 ergo
2999 5450 3220 5505 iacimus
3249 5465 3436 5504 omnes
3461 5450 3549 5520 qui
3578 5449 3643 5502 ad
3675 5451 3754 5503 il-

2139 5583 2148 5590 -
2177 5553 2284 5605 lum
2306 5546 2667 5606 convenimus,
2698 5542 2762 5597 ad
2789 5558 2908 5597 cum
2933 5541 3022 5612 qui
3052 5541 3208 5595 nimis
3239 5541 3502 5595 exaltams
3540 5550 3622 5594 est
3652 5557 3749 5594 su-

2181 5656 2276 5710 per
2299 5651 2483 5692 ontnes
2511 5635 2679 5690 dces?
2714 5633 2885 5687 Breve
2915 5639 3232 5700 prmceptum
3261 5631 3412 5685 nobis
3441 5630 3607 5684 dedit.
3647 5632 3754 5696 Qui

2184 5729 2395 5800 diligitis
2425 5725 2729 5790 Dominum,
2769 5723 2902 5776 odite
2939 5721 3234 5791 malignum.
3287 5718 3400 5774 Non
3439 5729 3519 5775 cst
3559 5720 3748 5791 dignus
