4012 6202
217 347 358 402 12ἱῦ

204 461 460 516 Christus
481 477 602 517 cum
626 478 731 533 quo
756 463 941 534 diligas
970 466 1262 520 avaritiam.
1287 469 1447 522 Amas
1483 469 1662 533 illum;
1691 470 1786 525 de—

203 553 311 608 bes
337 551 517 607 adisse
535 555 674 623 quod
699 555 826 608 odit.
855 555 1025 609 Iiomo
1055 569 1135 610 eSt
1156 557 1400 613 inimicus
1422 570 1560 625 tuus,
1588 560 1688 615 hoc
1707 570 1790 617 est

201 645 353 713 quod
382 656 435 699 tn
460 663 475 708 ;
509 647 672 701 creati
695 649 824 702 estis
851 647 918 702 ab
944 664 1050 703 uno
1075 648 1358 719 Creatore,
1389 653 1440 706 in
1464 669 1564 707 uua
1599 653 1788 708 condi-

203 739 359 794 tione
389 756 403 792 :
428 745 485 793 et
531 749 708 794 tamen
739 741 781 795 si
828 741 966 796 illius
996 725 1116 796 tuus
1144 743 1386 812 loquatur
1414 745 1627 800 inimico
1656 755 1745 801 tuo
1768 788 1783 814 ,

202 841 260 884 et
289 830 463 883 veniat
485 830 550 884 ad
577 831 793 887 domum
821 832 1017 887 inimici
1045 834 1115 886 tui
1141 875 1155 898 ,
1200 846 1252 888 et
1285 835 1524 892 assiduas
1559 838 1790 894 collocu-

205 921 384 988 tiones
413 921 608 976 habeat
640 937 758 976 eum
800 925 887 976 illo
911 966 926 989 ,
956 925 1298 982 exlneredare
1340 927 1485 982 illum
1527 930 1635 994 vis;
1664 931 1786 1001 quia

205 1013 448 1084 loquitur
475 1031 596 1069 cum
629 1017 842 1072 inimico
863 1027 972 1072 tuo.
1007 1019 1074 1073 Et
1109 1021 1412 1090 quomodo?
1435 1023 1564 1092 Quia
1589 1024 1784 1094 justam

205 1121 400 1160 vorem
437 1107 635 1162 videris
664 1108 754 1163 tibi
803 1105 1000 1165 habere
1030 1128 1041 1163 :
1071 1113 1286 1167 Amicus
1317 1129 1374 1168 es
1412 1116 1609 1171 inimici
1641 1117 1782 1182 mei,

205 1206 260 1252 et
293 1196 492 1264 quaeris
537 1197 731 1267 aliquid
779 1198 846 1252 de
876 1215 932 1254 re
960 1201 1112 1255 mea!
1143 1202 1284 1272 Ergo
1329 1205 1564 1261 attende.
1599 1205 1782 1276 Diligis

206 1286 501 1350 Christum,
550 1289 763 1357 inimica
800 1290 996 1346 Christi
1033 1303 1115 1348 est
1163 1295 1420 1356 avaritia;
1451 1313 1614 1366 quare
1662 1314 1781 1354 cum

210 1377 297 1431 illa
324 1377 612 1446 loqueris?
635 1379 750 1433 Non
782 1379 922 1445 dico,
967 1383 1198 1452 loqueris
1223 1401 1340 1440 cum
1371 1387 1494 1452 illa;
1525 1404 1686 1458 quare
1710 1389 1784 1444 illi

209 1470 423 1524 servis?
451 1469 586 1525 Nam
617 1473 780 1526 multa
804 1472 952 1540 jubet
975 1473 1216 1531 Christus
1237 1518 1251 1540 ,
1292 1487 1345 1531 et
1377 1495 1479 1532 non
1511 1478 1639 1535 facis
1659 1498 1671 1545 ;
1695 1481 1779 1551 ju-

211 1562 296 1616 bet
323 1561 462 1630 ipsa,
491 1571 540 1615 et
565 1561 716 1617 facis.
745 1562 902 1618 .luhet
920 1563 1161 1620 Christus
1183 1578 1238 1620 ut
1259 1569 1450 1622 vestias
1473 1584 1779 1640 pauperem,

210 1663 256 1708 ct
281 1669 389 1707 non
423 1655 587 1718 facis;
613 1655 764 1726 jubet
786 1658 1007 1712 avaritia
1037 1669 1096 1712 ut
1124 1657 1282 1715 facias
1314 1660 1572 1728 fraudem,
1605 1663 1784 1718 ethoc

209 1749 383 1818 potius
408 1749 561 1804 facis.
588 1750 641 1805 Si
668 1750 781 1805 hmc
808 1752 874 1806 ita
904 1761 1045 1819 sunt,
1072 1753 1114 1806 si
1140 1754 1256 1807 talis
1277 1770 1354 1818 es,
1387 1755 1496 1810 noli
1524 1755 1616 1809 tibi
1647 1758 1783 1810 mul-

210 1849 313 1890 tum
348 1840 664 1908 promittere
691 1841 1051 1896 haereditatem
1081 1842 1296 1898 Christi.
1340 1844 1444 1900 Sed
1483 1845 1617 1901 dicis
1648 1865 1660 1902 :
1691 1849 1781 1902 Di-

211 1931 308 2000 ligo
329 1932 628 1988 Christum.
659 1933 759 1998 Qui
791 1934 1000 2005 diligitis
1023 1934 1312 2005 Dominum,
1337 1938 1468 1992 adite
1485 1939 1778 2008 malignum.

213 2023 342 2076 liiuc
370 2033 596 2093 apparet
624 2033 674 2078 te
699 2025 918 2095 diligere
945 2027 1084 2096 quod
1116 2027 1310 2082 bonum
1337 2040 1438 2096 est,
1467 2031 1510 2085 si
1536 2031 1781 2087 inventus

209 2114 371 2182 fueris
388 2117 571 2171 odisse
599 2117 738 2187 quod
763 2119 957 2173 malum
980 2129 1059 2174 est
1088 2137 1102 2172 :
1130 2120 1229 2189 Qui
1257 2122 1466 2194 diligitis
1489 2121 1778 2190 Dominum,

208 2209 337 2260 adite
357 2206 654 2277 malignum.
1757 2199 1767 2210 ’

277 2300 362 2352 16.
390 2299 496 2353 Sed
524 2315 645 2354 cum
675 2303 995 2371 eruperimus
1035 2303 1208 2360 adisse
1237 2306 1544 2377 malignum,
1590 2309 1780 2364 subseo

208 2401 431 2458 queatur
445 2393 861 2460 persecutiones.
895 2392 1113 2449 Odimus
1135 2397 1451 2467 malignum;
1479 2400 1606 2456 dicit
1629 2403 1781 2460 nobis

209 2482 392 2558 aliquis
431 2493 762 2553 persecutor.
795 2486 900 2540 Fac
930 2488 1205 2555 fraudem;
1233 2491 1360 2546 dicit
1402 2495 1578 2561 nobis,
1605 2495 1782 2552 Adora

211 2572 399 2626 idolum
425 2615 440 2637 ,
474 2573 602 2630 dicit
646 2577 816 2642 nobis,
851 2577 994 2634 Thus
1039 2596 1174 2650 pone
1213 2581 1489 2638 dzemoniis
1513 2603 1526 2638 ε
1550 2586 1644 2641 sed
1683 2602 1782 2642 nos

210 2662 519 2727 audivimus,
552 2667 652 2733 Qui
695 2667 901 2740 diligitis
951 2667 1258 2737 Dominum,
1305 2674 1440 2729 adite
1485 2678 1789 2748 malignum.-

211 2755 516 2810 Audivimus
546 2758 780 2827 quidem,
825 2761 918 2816 sed
945 2761 989 2815 si
1018 2778 1121 2817 non
1147 2763 1448 2833 fecerimus,
1493 2769 1642 2833 saevit
1671 2770 1779 2824 ille.

216 2847 490 2917 Usquequo
539 2850 734 2905 saevit?
785 2853 908 2920 quid
961 2863 1044 2908 est
1093 2832 1779 2927 ablaturuslﬂesptinde;

211 2957 366 3007 quare
393 2941 729 2998 Christianus
753 2945 852 2999 es?
881 2957 1094 3015 propter
1119 2958 1368 3016 internum
1399 2951 1779 3020 lnereditatem,

210 3047 274 3084 an
288 3044 505 3102 propter
529 3043 790 3090 terrenam
807 3035 1142 3093 felicitatem?
1165 3041 1428 3113 Interroga
1444 3043 1600 3099 fidem
1618 3054 1780 3114 tuam,

209 3138 343 3193 pane
393 3125 446 3178 in
478 3135 678 3180 catasta
711 3128 728 3158 ¹
758 3130 1094 3184 conscientiae
1131 3132 1360 3187 animam
1387 3143 1563 3200 tuam,
1597 3145 1784 3208 torque

212 3215 434 3283 teipsum
460 3217 652 3272 timore
675 3218 874 3288 iudicii.
901 3221 1160 3290 responde
1180 3228 1261 3279 cui
1288 3227 1590 3290 credideris,
1621 3245 1783 3299 quare

208 3305 518 3360 credideris.
559 3307 696 3362 Dicis
725 3310 848 3362 mihi
875 3329 888 3365 :
913 3311 966 3364 In
996 3313 1260 3367 Christum
1290 3318 1509 3372 credidi.
1532 3320 1666 3386 Quid
1689 3322 1780 3375 tibi

211 3394 823 3463 promisitChristus,nisi
836 3400 976 3471 quod
989 3404 1218 3458 ostendit
1233 3405 1282 3457 in
1296 3407 1385 3460 se?
1401 3407 1534 3474 Quid
1553 3411 1782 3465 ostendit

210 3489 260 3541 in
289 3490 389 3544 se?
420 3490 658 3546 Mortuus
683 3504 782 3553 est,
811 3504 862 3548 et
889 3498 1195 3561 resurrexit,
1223 3501 1460 3554 ascendit
1486 3503 1535 3555 in
1565 3504 1779 3560 castum.

211 3579 299 3634 Vis
318 3581 510 3651 sequi?
530 3581 736 3638 Imitare
752 3585 1066 3654 passionem,
1089 3600 1336 3658 exspecta
1356 3593 1781 3658 promissionem.

210 3671 343 3740 Quid
387 3689 516 3744 ergo
562 3676 653 3753 tibi
689 3676 960 3732 ablaturus
998 3690 1078 3732 est
1124 3682 1366 3744 szeviens,
1398 3700 1515 3737 cum
1559 3689 1784 3756 coeperis

210 3762 386 3817 odisse
417 3765 722 3835 malignum,
743 3767 862 3837 quia
879 3767 1054 3838 diligis
1077 3770 1392 3826 Dominum?
1421 3776 1545 3844 quid
1569 3778 1779 3832 ablatu-

211 3854 338 3906 rus?
363 3853 778 3910 Patrimonium:
803 3861 1053 3928 numquid
1083 3862 1313 3918 emtum?
1343 3865 1614 3921 Postremo
1640 3870 1787 3938 quid-

210 3944 334 4013 quid
366 3945 458 3999 tibi
487 3945 631 4001 dedit
661 3948 818 4014 Deus,
867 3951 1013 4005 tollat
1043 3953 1130 4006 ille
1158 3953 1284 4022 (non
1321 3956 1456 4010 tollit
1479 3959 1708 4027 quidem,
1739 3963 1782 4016 si

210 4053 318 4088 non
346 4037 458 4090 vult
487 4039 622 4094 Deus
650 4083 664 4106 ,
695 4041 739 4095 si
785 4053 959 4096 autem
987 4043 1093 4096 vult
1125 4044 1284 4112 Deus,
1315 4047 1448 4102 tollit
1475 4050 1613 4119 quod
1639 4051 1785 4108 dedit

213 4126 376 4195 Deus,
405 4145 470 4185 ne
499 4146 556 4184 se
582 4132 672 4185 tibi
700 4132 905 4188 auferat
936 4133 1047 4204 ipse
1075 4135 1232 4208 Deus)
1267 4155 1280 4191 :
1312 4138 1478 4194 Deum
1509 4142 1599 4196 tibi
1627 4159 1784 4198 nemo

212 4223 380 4290 tollet,
414 4233 466 4276 tu
504 4224 596 4277 tibi
624 4225 768 4278 illum
801 4225 962 4290 tollis,
988 4221 1030 4280 si
1065 4227 1211 4282 illum
1242 4227 1396 4300 fugis.

281 4313 373 4367 17.
430 4312 586 4369 Forte
633 4315 922 4384 respondes
953 4333 966 4368 :
1000 4316 1110 4371 Non
1163 4334 1290 4373 curo
1342 4319 1409 4376 de
1469 4325 1783 4392 patrimonio

209 4419 372 4463 meo;
398 4401 638 4458 Dominus
660 4405 816 4467 dedit,
841 4405 1082 4460 Dominus
1102 4409 1333 4475 abstulit;
1354 4425 1564 4480 possum
1583 4413 1780 4484 dicere,

211 4491 364 4546 Sicut
403 4489 616 4547 Domina
641 4493 849 4564 placuit,
878 4496 947 4548 ita
970 4500 1156 4566 factum
1201 4509 1272 4564 est
1313 4499 1431 4571 (Job
1461 4518 1500 4567 ι,
1527 4503 1616 4573 21)
1646 4521 1660 4565 :
1689 4506 1782 4560 sed

211 4583 378 4636 timeo
404 4598 467 4636 ne
495 4583 700 4638 occidat
729 4600 833 4639 me.
869 4586 979 4640 Hoc
1005 4598 1086 4641 est
1117 4597 1302 4642 totum.
1330 4591 1465 4644 Audi
1491 4607 1615 4664 ergo
1640 4581 1785 4650 Psal-

212 4689 360 4737 ntum
413 4676 772 4731 consolantem
799 4695 811 4730 :
842 4675 1080 4730 Custodit
1113 4678 1354 4734 Dominus
1391 4685 1586 4738 animos
1622 4703 1786 4742 seruo-

209 4780 323 4816 rum
361 4781 583 4820 suarum.
614 4765 744 4832 Quia
771 4782 896 4837 ergo
937 4768 1141 4824 dixerat
1165 4776 1422 4841 superius,
1458 4775 1553 4840 Qui
1577 4777 1784 4850 diligitis

212 4853 505 4922 Dominum,
551 4858 686 4910 adite
723 4859 1037 4929 malignum;
1081 4876 1148 4916 ne
1196 4861 1314 4917 ideo
1353 4864 1569 4921 timeres
1610 4869 1785 4929 adisse

213 4946 525 5015 malignum,
559 4963 625 5001 nc
652 4948 919 5004 occideret
948 4959 996 5003 te
1025 4952 1304 5022 malignus,
1333 4955 1557 5024 subjecit
1581 4960 1779 5026 statim,

212 5038 439 5092 Custodit
496 5037 746 5108 Dominus
812 5044 1006 5094 animus
1059 5059 1312 5098 servorum
1359 5063 1560 5102 suarum
1578 5051 1620 5104 ³.
1649 5053 1784 5108 Audi

212 5127 362 5181 illum
389 5128 772 5182 custodientem
811 5130 1013 5184 animas
1040 5147 1312 5188 servorum
1356 5150 1596 5206 suorum,
1627 5149 1681 5194 et
1706 5142 1786 5196 di-

208 5225 420 5271 centem
442 5235 455 5271 :
474 5217 647 5272 Nolite
674 5222 844 5274 timere
865 5238 946 5275 eos
965 5224 1050 5293 qui
1087 5241 1267 5295 corpus
1288 5230 1537 5296 accidunt,
1567 5233 1785 5287 animam

207 5321 380 5365 auum
409 5328 506 5366 non
533 5324 741 5382 possunt
769 5315 992 5368 accidere
1022 5315 1230 5386 (Matth.
1270 5335 1333 5384 ι,
1359 5320 1473 5391 28).
1507 5321 1707 5379 Occidit
1733 5335 1786 5381 et

279 5424 298 5501 ξ
481 5423 674 5501 ρςιιὶξιᾳ.
697 5433 786 5501 ξε
814 5431 1026 5501 genesta,
1051 5427 1368 5501 vehant/tosta
1387 5446 1403 5491 ;
1425 5435 1514 5483 sed
1543 5435 1783 5501 plerique,

205 5491 411 5562 (masta.
437 5487 612 5562 Isidoro
626 5486 1004 5562 lectus-ferreus
1021 5497 1111 5547 est,
1136 5491 1294 5562 in_quo
1316 5486 1786 5562 martyres-subjecto

205 5550 330 5614 igne
353 5549 734 5619 torquebantur:
761 5547 868 5598 aliis
891 5551 1050 5619 etiam,
1075 5547 1289 5619 machina
1308 5547 1498 5619 proprie
1519 5571 1609 5607 seu
1635 5547 1784 5619 locus,

206 5607 258 5685 in
275 5621 374 5676 quo
384 5607 538 5685 ¹δρᾷ-τί.
550 5611 690 5685 vitiati
713 5607 1082 5685 exponebantur
1092 5607 1370 5676 venditioiti,
1388 5607 1468 5667 aut
1486 5622 1628 5669 etiam
1648 5607 1785 5685 operi

209 5669 429 5717 ﬂuendo
450 5669 829 5719 includebantur.

275 5732 295 5762 ³
329 5739 476 5779 Vetus
518 5731 625 5781 cod.
659 5734 795 5781 Corb.
837 5731 928 5782 hoc
956 5741 1137 5785 tantum
1173 5735 1305 5799 loco,
1330 5751 1513 5793 animus
1546 5749 1785 5804 Justarmn

209 5804 286 5839 διε(
301 5805 426 5840 rum.

1310 353 1702 412 ENARRATIO
1739 355 1811 410 1N
1841 357 2156 428 PSALMIJM
2187 359 2365 416 xcvr.

3333 378 3468 435 1250

1898 489 2111 544 corpus,
2140 476 2227 545 qui
2254 478 2304 530 in
2336 485 2388 533 te
2417 479 2696 547 plurimum
2731 487 2957 552 potuerit
2987 506 2999 541 :
3029 491 3151 558 quid
3177 492 3268 547 tibi
3299 492 3466 550 fecit?

1894 562 2044 631 Quod
2082 576 2136 621 et
2174 568 2396 623 Domino
2442 571 2547 624 Deo
2583 582 2691 628 tuo.
2719 575 2891 641 Quare
2917 596 3060 633 amas
3092 585 3285 638 habere
3322 590 3461 656 quod

1893 654 2153 722 Christus,
2179 657 2223 712 si
2255 659 2407 714 times
2441 662 2543 730 pati
2572 665 2708 733 quod
2751 667 3024 724 Christus?
3047 673 3135 728 Ille
3162 676 3304 730 venit
3328 654 3467 734 icrre

1892 748 2052 801 vitam
2082 758 2220 803 tuam
2250 754 2614 820 temporalem,
2647 755 2923 826 inﬁrmam,
2960 764 3112 816 morti
3159 755 3462 824 obnoxiam.

1893 838 2047 894 Certe
2076 841 2201 896 time
2229 844 2384 905 mori,
2412 845 2455 898 si
2485 856 2634 914 potes
2659 863 2763 901 non
2793 853 2942 905 mori.
2992 853 3142 920 Quod
3170 874 3262 926 per
3305 873 3458 916 natu-

1892 945 2003 986 ram
2032 933 2197 989 vitare
2223 951 2326 988 non
2359 945 2527 1005 potes,
2558 954 2720 1007 quare
2749 953 2959 1012 prapter
2985 946 3138 1000 fidem
3167 966 3268 1004 non
3293 957 3456 1009 susci~

1893 1021 2010 1090 pis?
2040 1021 2209 1076 Tollat
2238 1025 2328 1080 tibi
2359 1025 2512 1080 istam
2543 1029 2700 1082 vitam
2727 1032 2814 1100 qui
2847 1033 3074 1088 minatur
3103 1037 3456 1105 adversarius,

1890 1110 1981 1165 dat
2009 1113 2100 1166 tibi
2152 1114 2288 1170 Deus
2337 1117 2492 1170 aliam
2538 1119 2700 1173 vitam
2735 1139 2747 1174 :
2780 1123 2898 1191 quia
2927 1133 2983 1178 et
3027 1127 3181 1200 istam
3226 1131 3336 1199 ipse
3367 1133 3456 1189 tihi

1890 1200 2054 1267 dedit,
2085 1211 2139 1258 et
2161 1205 2204 1258 si
2232 1204 2344 1274 ipse
2375 1207 2619 1276 noluerit,
2652 1225 2750 1266 nec
2777 1213 2888 1282 ipsa
2930 1215 3178 1282 tolletur;
3208 1219 3251 1273 si
3281 1233 3461 1276 autem.

1890 1293 2112 1348 voluerit
2155 1306 2212 1350 ut
2242 1298 2452 1352 tollatur
2492 1300 2602 1365 tibi,
2646 1302 2803 1357 habet
2847 1306 2988 1375 quod
3038 1317 3209 1363 tecum
3255 1321 3455 1378 mutet,

1889 1384 1999 1438 noli
2025 1385 2208 1444 timere
2234 1388 2447 1457 spoliari
2481 1406 2576 1459 pro
2612 1392 2722 1446 illo.
2750 1393 2864 1448 Non
2893 1397 2970 1450 vis
2997 1399 3116 1452 exui
3148 1411 3297 1456 veste
3330 1418 3427 1472 pan

1890 1474 2053 1528 uasa?
2099 1475 2295 1530 Stolam
2339 1477 2520 1546 glorite
2550 1480 2641 1536 tibi
2685 1482 2902 1538 daturus
2931 1495 3032 1540 est.
3074 1488 3238 1554 Quam
3269 1491 3457 1545 stolam

1887 1563 2018 1618 dicis
2034 1565 2161 1618 mihi
2183 1565 2205 1618 ἲ
2231 1565 2435 1635 Oportet
2451 1573 2770 1642 carruptibile
2785 1575 2876 1628 hoc
2901 1577 3108 1632 induere
3127 1580 3458 1651 incorruptio-

1885 1670 2017 1720 nem,
2045 1665 2091 1708 et
2116 1657 2326 1711 mortale
2349 1660 2442 1712 hoc
2467 1661 2677 1716 induere
2699 1665 3124 1722 immortalitatem
3153 1669 3190 1740 (l
3216 1670 3333 1726 Car.
3365 1689 3458 1741 xv,

1885 1745 1997 1814 55).
2023 1746 2145 1802 Haec
2173 1748 2281 1818 ipsa
2303 1765 2428 1804 caro
2457 1761 2537 1805 tua
2566 1769 2668 1806 non
2700 1756 2902 1821 peribit.
2938 1756 3115 1827 Usque
3136 1761 3200 1814 ad
3233 1773 3456 1817 mortem

1887 1846 2060 1904 potest
2085 1839 2270 1894 saevire
2301 1842 2541 1897 inimicus
2573 1861 2585 1896 :
2621 1855 2930 1912 potestatem
2961 1849 3094 1904 ultra
3141 1867 3246 1905 non
3274 1854 3455 1919 habet,

1886 1945 1985 1984 nec
2010 1932 2058 1984 in
2085 1931 2312 1986 animam
2336 1976 2349 1998 ,
2376 1950 2474 1990 nec
2502 1937 2550 1988 iu
2597 1941 2762 2006 ipsam
2791 1955 3002 1994 carnem
3029 1957 3044 2006 ;
3076 1944 3192 2012 quia
3221 1947 3317 2000 etsi
3345 1947 3458 2001 dis-

1885 2021 2019 2091 sipet
2048 2037 2281 2089 carnem,
2312 2042 2414 2080 non
2448 2027 2661 2094 impedit
2691 2033 3152 2088 resurrectionem.
3184 2037 3256 2091 De
3281 2039 3458 2094 anima

1885 2127 1977 2166 sua
2007 2115 2257 2170 timebant
2284 2116 2526 2174 homines
2547 2161 2561 2183 ,
2591 2130 2644 2174 et
2667 2121 2789 2192 quid
2819 2124 2894 2179 eis
2919 2127 3188 2182 Dominus
3212 2131 3324 2185 ait?
3363 2132 3456 2186 Vc-

1884 2205 1974 2256 stri
1999 2217 2162 2258 autent
2189 2207 2363 2276 capilli
2407 2212 2586 2279 capitis
2625 2229 2793 2268 omnes
2822 2220 3065 2271 numerati
3101 2231 3218 2275 sunt
3242 2221 3452 2293 (Matth.

1885 2309 1952 2374 x,
1971 2296 2082 2365 '50).
2114 2297 2292 2351 Times
2336 2315 2402 2354 ne
2429 2302 2658 2355 animam
2693 2305 2900 2372 perdas,
2947 2310 3034 2376 qui
3065 2311 3309 2379 capillum
3352 2331 3452 2367 non

1885 2387 2104 2455 perdis?
2134 2389 2240 2443 Deo
2277 2391 2451 2444 omnia
2499 2404 2773 2448 numerata
2803 2405 2944 2450 sunt.
2986 2399 3174 2455 Omnia
3221 2402 3453 2456 redinte-

1883 2477 2076 2546 grahit,
2105 2478 2192 2546 qui
2219 2481 2393 2534 omnia
2424 2483 2642 2539 creavit.
2671 2482 2786 2539 Non
2817 2495 2988 2552 erant,
3017 2501 3070 2544 et
3097 2501 3271 2546 creata
3297 2506 3413 2548 sunt
3438 2514 3452 2550 :

1885 2578 2056 2634 erant,
2086 2579 2137 2624 et
2164 2585 2268 2624 non
2297 2573 2723 2641 reparabuntur?
2751 2575 2964 2632 Credite
2987 2593 3112 2649 ergo
3139 2589 3248 2635 toto
3271 2585 3452 2646 corde,

1887 2655 2074 2712 fratres
2105 2658 2230 2724 mei,
2255 2669 2307 2715 et
2332 2663 2418 2730 qui
2442 2663 2651 2734 diligitis
2675 2662 2968 2732 Dominum,
3001 2669 3134 2722 adite
3159 2673 3451 2743 malignum.

1884 2746 2071 2802 Fortes
2089 2759 2278 2813 estote,
2299 2768 2401 2808 non
2427 2754 2594 2808 solum
2619 2754 2669 2808 in
2691 2756 2956 2827 diligendo
2980 2759 3164 2826 Deum,
3183 2763 3272 2817 sed
3295 2766 3456 2820 etiam

1887 2839 1939 2894 in
1980 2841 2206 2924 odiendo
2236 2846 2542 2914 malignum.
2588 2847 2755 2902 Nemo
2786 2866 2879 2904 vos
2921 2860 3118 2906 terreat
3147 2871 3162 2912 :
3193 2859 3458 2924 potentior

1887 2940 1968 2984 est
1993 2917 2079 3001 qui
2097 2946 2189 2986 vos
2214 2937 2437 3000 vaeavit,
2457 2937 2790 3005 oinnipotens
2817 2942 2929 2994 cst‘
2952 2957 2965 3005 ;
2997 2941 3187 2998 fortior
3204 2956 3284 3000 est
3308 2950 3456 3001 omni

1887 3020 2027 3085 forti,
2056 3025 2299 3092 superior
2322 3034 2400 3079 est
2431 3028 2572 3079 omni
2601 3030 2828 3081 excelso.
2863 3028 3028 3084 Filius
3054 3032 3145 3087 Dei
3178 3050 3272 3102 pro
3302 3038 3459 3090 nobis

1887 3123 2124 3171 mortuus
2146 3126 2256 3182 est;
2282 3132 2496 3172 secarus
2519 3131 2633 3173 esto
2652 3131 2990 3190 accepturum
3017 3133 3067 3178 te
3088 3124 3244 3179 vitam
3267 3127 3454 3196 ipsius,

1886 3208 1975 3277 qui
2025 3209 2214 3279 pignus
2260 3210 2422 3266 habes
2471 3223 2690 3267 mortem
2740 3215 2923 3284 ipsius.
2970 3216 3073 3270 Pro
3098 3220 3284 3288 quibus
3310 3223 3454 3276 enim

1888 3315 2126 3356 mortuus
2151 3304 2275 3357 est?
2307 3306 2556 3375 mnnquid
2581 3322 2676 3375 pro
2698 3305 2894 3375 justis?
2924 3307 3140 3364 Paulum
3165 3313 3438 3383 interroga.

1888 3391 2088 3447 Etenim
2119 3394 2343 3448 Christus
2373 3412 2461 3466 pro
2503 3397 2670 3464 impiis
2699 3408 2924 3452 mortuus
2949 3411 3020 3453 est
3065 3399 3238 3472 (Rom.
3277 3419 3328 3469 ν,
3373 3406 3447 3472 6).

1890 3483 2082 3552 impius
2111 3501 2246 3549 eras,
2278 3495 2331 3540 et
2360 3499 2596 3541 inortuus
2623 3498 2703 3542 est
2733 3504 2826 3557 pro
2855 3502 2934 3556 te,
2960 3491 3275 3559 justiIiCatus
3295 3509 3372 3557 es,
3401 3507 3448 3550 et

1887 3575 2098 3631 deseret
2123 3578 2210 3631 te?
2237 3577 2335 3644 Qui
2359 3577 2662 3647 jnstilicavit
2692 3581 2928 3650 impium,
2959 3584 3222 3654 relinquet
3264 3585 3405 3656 pium
3427 3589 3456 3643 7

1890 3665 1991 3730 Qui
2009 3668 2216 3737 diligitis
2240 3666 2530 3734 Dominum,
2554 3670 2687 3724 adite
2709 3673 3002 3743 malignum.
3029 3672 3198 3729 Nemo
3227 3677 3406 3732 timeat
3433 3695 3450 3732 :

1888 3755 2110 3810 Custodit
2153 3757 2398 3812 Dominus
2437 3761 2629 3814 animas
2667 3776 2920 3815 seruorum
2945 3778 3168 3830 suorum,
3214 3766 3276 3818 de
3300 3783 3452 3821 manu

1889 3852 2157 3920 peccatoris
2186 3862 2320 3904 eruet
2338 3869 2441 3906 eas.

1959 3943 2044 3997 18.
2073 3940 2219 4015 [vers.
2251 3943 2359 4016 1L]
2389 3943 2491 3998 Sed
2531 3943 2666 3998 forte
2693 3944 2929 3999 dicturus
2952 3961 3011 4001 es
3038 3963 3052 4001 ε
3086 3946 3255 4002 Perdo
3280 3949 3453 4005 lucem

1888 4033 2062 4088 istam.
2091 4031 2207 4087 Lux
2242 4044 2349 4086 orta
2375 4044 2446 4088 est
2468 4035 2627 4104 justo.
2657 4035 2822 4101 Quam
2853 4037 3022 4091 lucent
3053 4039 3206 4093 times
3235 4055 3302 4095 ne
3329 4055 3448 4110 perv

1887 4127 2024 4182 das?
2055 4127 2206 4180 times
2233 4143 2297 4180 ne
2324 4126 2374 4180 in
2404 4127 2632 4182 tenebris
2660 4127 2770 4181 sis?
2807 4127 2920 4182 Noli
2955 4131 3137 4185 timere
3165 4147 3232 4187 ne
3261 4135 3451 4203 perdas

1887 4219 2058 4274 lucem
2079 4259 2094 4285 ,
2124 4219 2229 4272 imo
2257 4219 2382 4273 time
2411 4235 2477 4274 ne
2502 4213 2624 4272 dum
2651 4235 2808 4274 caves
2837 4222 3053 4289 perdere
3083 4223 3232 4276 istam
3254 4225 3452 4292 lucem,

1889 4311 2077 4380 perdas
2103 4311 2240 4365 illam
2265 4310 2432 4366 lucent
2457 4327 2654 4366 veram.
2677 4311 2843 4379 Quam
2875 4314 3026 4368 times
3041 4314 3179 4368 enim
3209 4317 3448 4384 perdere,

1887 4400 2127 4456 videmus
2153 4401 2340 4471 quibus
2369 4403 2556 4455 donata
2587 4411 2692 4469 est,
2716 4418 2837 4456 cum
2878 4404 3065 4472 quibus
3093 4405 3180 4458 tibi
3210 4421 3443 4461 commu-

1888 4493 1971 4546 nis
1994 4501 2095 4546 est.
2126 4491 2386 4561 Nutnquid
2427 4493 2526 4546 soli
2571 4493 2692 4547 boni
2724 4494 2902 4548 vident
2929 4495 3083 4548 istum
3114 4497 3304 4562 solent,
3332 4513 3450 4551 cum

1887 4586 2044 4642 faciat
2086 4582 2214 4640 oriri
2261 4586 2428 4641 solem
2476 4602 2628 4639 suum
2679 4601 2838 4654 Super
2879 4587 3048 4640 bonos
3092 4597 3144 4640 et
3189 4589 3454 4653 tnalos,et

1888 4679 2032 4748 pluat
2061 4691 2219 4747 super
2239 4678 2412 4746 justas
2449 4689 2502 4731 et
2531 4677 2750 4745 injustas
2778 4675 2984 4742 (Matth.
3013 4691 3077 4738 ν,
3122 4667 3257 4748 45)ἷ’
3298 4678 3454 4733 Istam

1888 4769 2059 4824 lucem
2103 4768 2284 4824 vident
2313 4776 2484 4822 tecum
2517 4768 2699 4836 iniqui,
2745 4768 2924 4822 vident
2955 4777 3126 4822 tecum
3175 4768 3404 4823 latrones
3430 4816 3448 4839 ,

1887 4861 2068 4916 vident
2096 4870 2266 4916 tecum
2293 4859 2560 4930 impudici,
2593 4859 2770 4913 vident
2798 4869 2967 4914 tecum
3001 4861 3204 4927 hestite,
3235 4879 3448 4923 muscae,

1891 4953 2183 5007 vermiculi.
2231 4951 2453 5020 Qualem
2498 4949 2667 5003 lucem
2692 4950 2839 5018 justo
2880 4961 3074 5016 servat,
3122 4953 3209 5020 qui
3240 4963 3294 5006 et
3340 4955 3456 5005 istis

1889 5045 2041 5100 istam
2068 5045 2270 5098 donat?
2299 5043 2483 5099 Merito
2512 5043 2647 5097 hanc
2670 5044 2836 5098 lucem
2875 5044 2926 5098 in
2956 5045 3056 5099 fide
3088 5056 3343 5116 martyres
3376 5048 3457 5098 νὶω-

1889 5137 2094 5190 derunt.
2127 5135 2225 5202 Qui
2247 5136 2385 5188 enim
2417 5135 2567 5188 istam
2589 5146 3029 5205 contempserunt,
3057 5138 3282 5207 aliquam
3304 5139 3450 5192 vide—

1890 5235 2010 5280 runt
2038 5241 2190 5296 quam
2222 5210 2670 5290 desideraverunt,
2703 5228 2791 5296 qui
2819 5228 2953 5281 hanc
2979 5238 3311 5295 respuerant.
3341 5225 3451 5280 Lux

1890 5329 1998 5371 orta
2037 5327 2104 5370 est
2118 5319 2278 5386 justo,
2307 5327 2352 5371 et
2377 5319 2519 5370 rectis
2544 5319 2694 5371 corde
2707 5319 3018 5388 jucunditas.
3060 5317 3232 5371 Nolite
3263 5328 3460 5386 putare

1891 5411 2009 5479 quia
2037 5426 2157 5462 vere
2185 5410 2232 5462 in
2263 5408 2470 5462 miseria
2503 5408 2730 5473 fuerunt,
2758 5424 2876 5462 cum
2909 5409 2957 5460 in
2988 5418 3170 5462 catena
3207 5409 3452 5460 nuntiata--

1890 5509 2096 5554 verunt.
2141 5499 2300 5553 Latus
2349 5497 2444 5552 fuit
2490 5513 2670 5552 carcer
2716 5496 2978 5561 fidelibus,
3029 5496 3456 5553 leves’fuerunt

1954 5679 1970 5710 ι
2011 5681 2202 5744 Δημιὶν.
2231 5683 2280 5723 et
2292 5669 2472 5744 aliquot
2494 5680 2620 5744 Mss,
2637 5685 2746 5722 nam
2767 5685 2860 5744 non
2894 5685 2971 5724 vos
2993 5679 3202 5724 terreant
3225 5672 3456 5739 patentia.

1891 5753 1967 5790 res
1995 5752 2011 5788 :
2035 5737 2114 5798 qui
2134 5750 2208 5785 ros
2226 5737 2398 5786 vacavit
2420 5737 2706 5799 amnipotens
2729 5740 2812 5785 est.

1955 5804 1974 5832 ²
1994 5801 2210 5863 Plerique
2235 5807 2359 5858 Mss,
2384 5800 2524 5849 leues.
