4012 6202
540 325 681 382 Ιῖὸι

549 450 749 494 catena:
773 432 1161 493 confitentibus.
1192 428 1464 484 llabchant
1482 425 1668 497 gaudia
1693 426 1744 478 in
1772 433 1990 486 catasta,
2016 421 2104 492 qui

550 532 814 585 Christum
855 522 1207 595 praedicabant
1244 522 1379 573 inter
1420 525 1701 572 tormenta.
1745 517 1860 569 Lux
1897 523 2006 568 orta
2035 523 2106 568 est

543 625 702 694 justo.
729 620 856 687 Qua:
877 618 960 670 lux
984 622 1096 668 orta
1123 622 1203 667 cst
1223 609 1402 681 justo?
1425 610 1549 675 Quae
1579 624 1680 661 non
1701 606 1868 661 oritur
1891 606 2104 675 injuste;

551 731 654 769 non
682 715 776 766 ista
827 711 915 763 lux
939 722 1094 777 quam
1140 704 1262 759 facit
1286 702 1412 756 oriri
1441 715 1598 769 super
1625 700 1792 753 bonos
1834 706 1888 752 et
1915 695 2103 750 malos.

551 807 638 860 Est
667 803 762 856 alia
791 801 879 855 lux
907 814 1025 869 qua:
1051 796 1221 850 oritur
1256 793 1437 862 justo;
1466 790 1531 845 de
1565 804 1666 860 qua
1714 788 1832 843 luce
1857 801 1960 841 non
2007 783 2106 840 sibi

546 906 682 987 prta,
712 894 761 947 in
796 892 900 946 line
945 889 1120 944 dicent
1145 885 1322 955 injusti
1354 901 1369 937 :
1402 880 1539 952 Ergo
1567 879 1836 951 erravimus
1860 893 1892 929 a
1914 877 1994 930 uia
2023 890 2107 927 ve-

923 981 973 987 -.
1045 979 1056 987 .
1355 973 1367 987 .
1443 973 1474 987 .-
1566 968 1627 987 ιη
1700 978 1727 987 ν,
1754 966 1939 987 dum
1976 972 2107 987 An,“

547 966 728 1051 ἶνὶιιιιὶε,
750 992 797 1037 et
806 981 1020 1052 justitiw
1038 979 1200 1031 lunten
1226 991 1323 1029 non
1348 973 1474 1027 luxit
1495 968 1654 1035 nobis,
1682 978 1728 1023 et
1745 966 1823 1022 sol
1844 982 1941 1020 non
1969 972 2108 1018 ortus

548 1086 619 1129 cst
661 1075 799 1128 nobis
826 1071 977 1143 (Sap.
1009 1084 1064 1134 v,
1113 1068 1192 1137 6).
1225 1066 1360 1120 Ecce
1388 1061 1614 1117 amando
1658 1060 1811 1114 istum
1839 1054 2025 1118 solem,
2052 1052 2107 1108 in

550 1166 783 1222 tenebris
808 1162 979 1217 cordis
1002 1164 1298 1229 jacuerunt.
1327 1152 1461 1224 Quid
1509 1152 1700 1223 profuit
1740 1150 1906 1205 oculis
1928 1149 2109 1202 videre

550 1261 727 1318 istum,
775 1263 827 1308 et
865 1261 1040 1307 mente
1078 1263 1181 1303 non
1229 1246 1408 1301 videre
1459 1242 1649 1298 illum?
1678 1241 1868 1296 Tobias
1896 1236 1913 1271 ¹
1937 1251 2131 1293 caecus

550 1355 680 1411 erat,
708 1354 761 1399 et
783 1343 946 1396 filium
970 1355 1120 1395 suum
1148 1339 1282 1392 viam
1301 1336 1390 1390 Dei
1409 1332 1648 1389 docebat.
1665 1332 1839 1385 Nostis
1854 1331 1972 1393 hoc,
1988 1327 2107 1399 quia

550 1436 741 1489 Tobias
770 1434 933 1487 ﬁlium
965 1446 1115 1484 suunt
1145 1427 1476 1489 admonebat,
1509 1435 1563 1478 et
1604 1422 1828 1483 diccbat,
1861 1419 1986 1484 Fili,
2027 1424 2109 1489 [ac

550 1528 904 1595 eleemosynas,
936 1522 1051 1591 quia
1082 1521 1405 1587 eleemosyna:
1427 1530 1528 1569 non
1554 1512 1838 1583 permittunt
1859 1510 1931 1563 ire
1951 1510 2002 1562 in
2040 1519 2113 1563 ten

553 1618 727 1670 uebras
748 1611 897 1683 (Tob.
922 1628 991 1676 tv,
1018 1609 1073 1677 7,
1103 1609 1190 1680 ll)
1216 1626 1229 1661 :
1257 1617 1311 1662 et
1334 1605 1640 1675 loquebatur
1660 1602 1748 1656 ille
1772 1600 1858 1671 qui
1887 1600 1937 1654 in
1964 1597 2110 1653 ten'e-

552 1711 660 1764 bris
687 1717 818 1763 erat.
848 1705 1049 1760 Videtis
1072 1703 1190 1773 quia
1236 1710 1317 1755 est
1342 1700 1442 1753 alia
1490 1699 1577 1752 lux
1611 1712 1728 1768 qua:
1756 1695 1925 1749 oritur
1946 1693 2109 1761 justo,

553 1810 608 1854 et
648 1799 808 1854 rectis
854 1795 1014 1851 corde
1051 1791 1392 1864 jucunditas?
1416 1790 1607 1845 Oculos
1637 1803 1743 1842 non
1786 1785 2029 1846 habebat,
2057 1792 2113 1837 et

555 1893 660 1947 filio
702 1888 1062 1949 suo-dicebat,
1093 1884 1202 1939 Fac
1228 1884 1595 1953 elemosynas;
1640 1880 1960 1949 eleemosyna:
2011 1892 2111 1929 non

554 1986 722 2038 sinunt
749 1985 822 2036 ire
862 1982 914 2034 in
953 1979 1174 2033 tenebras
1202 1992 1220 2030 :
1244 1991 1343 2031 nec
1372 1974 1562 2036 timuit,
1591 1987 1658 2027 ne
1684 1971 1883 2027 diceret
1912 1966 2013 2023 sibi
2057 1967 2109 2021 in

552 2058 712 2128 corde
737 2088 832 2127 suo
859 2070 996 2125 filius
1026 2069 1205 2139 ipsius,
1249 2065 1328 2121 Tu
1354 2065 1493 2121 enim
1518 2064 1877 2131 elecmosynas
1905 2075 2007 2114 non
2037 2056 2111 2112 fe-

553 2163 669 2218 risd
696 2181 709 2216 :
738 2177 900 2231 quare
940 2173 1112 2213 creetis
1141 2155 1266 2210 mihi
1302 2152 1574 2224 loqueris?
1600 2152 1737 2206 Ecce
1762 2150 2111 2220 clcemosynae

554 2254 618 2306 ad
664 2252 906 2306 tenebras
934 2261 982 2304 te
1008 2248 1381 2319 perduxerunt,
1408 2256 1461 2299 et
1485 2234 1750 2314 quoinodo
1778 2241 1904 2295 mihi
1934 2241 2064 2295 dicis
2091 2257 2140 2325 ε.

561 2344 1019 2414 Ειεεηιοεῃηωηοη
1041 2340 1206 2393 sinunt
1241 2338 1313 2390 ire
1332 2337 1382 2389 in
1409 2335 1632 2390 tenebras
1649 2334 1676 2387 Ζ)
1697 2331 1872 2401 Quare
1898 2332 1986 2386 ille
2013 2333 2110 2384 ista

556 2450 673 2490 cum
704 2432 888 2487 tiducia
931 2429 1157 2495 diccbat,
1204 2427 1303 2482 nisi
1328 2428 1449 2498 quia
1479 2425 1633 2479 aliam
1664 2423 1834 2477 lucem
1862 2420 2110 2477 videbat?

558 2525 720 2579 Filius
749 2522 878 2592 patri
906 2536 1116 2574 manum
1143 2518 1372 2583 tenebat,
1398 2526 1454 2569 ut
1477 2512 1770 2569 ambularet
1798 2529 1813 2568 :
1841 2512 1932 2567 sed
1964 2521 2111 2581 pater

561 2616 722 2668 tilium
753 2614 886 2666 viam
918 2610 1157 2675 docebat,
1201 2617 1257 2662 ut
1294 2608 1515 2663 viveret.
1564 2604 1656 2658 Est
1682 2618 1807 2674 ergo
1852 2603 1952 2655 alia
1982 2603 2068 2656 lux
2089 2640 2110 2667 ,

557 2720 674 2774 qua:
702 2703 867 2756 oritur
902 2701 1044 2770 justo
1072 2716 1085 2752 :
1119 2697 1232 2751 Lua:
1274 2707 1383 2750 orta
1408 2704 1478 2750 est
1508 2696 1666 2767 justo,
1713 2706 1756 2748 et
1794 2694 1937 2749 rectis
1963 2686 2113 2746 corde

555 2793 861 2865 jnctmditas.
894 2789 984 2845 Vis
1026 2788 1164 2842 illam
1192 2785 1383 2841 nosse?
1410 2785 1534 2839 Esto
1563 2792 1735 2838 rectus
1763 2782 1940 2838 corde.
1972 2779 2111 2850 Quid

558 2896 658 2949 cst,
711 2885 835 2938 Esto
884 2892 1055 2936 rectus
1103 2878 1302 2934 corde?
1330 2877 1443 2932 Noli
1489 2886 1627 2931 torto
1669 2875 1827 2931 corde
1877 2890 1997 2930 esse
2044 2872 2110 2928 ad

562 2981 745 3042 Deum,
779 2975 1027 3029 resistens
1047 2972 1298 3026 voluntati
1324 2970 1505 3039 ipsius,
1534 2979 1585 3022 et
1609 2967 1790 3021 volens
1814 2967 1963 3020 illum
1978 2980 2109 3020 cur-

560 3084 682 3124 vare
728 3066 791 3121 ad
826 3077 894 3133 te,
926 3075 979 3121 et
1006 3081 1108 3120 non
1140 3074 1189 3119 te
1235 3062 1460 3132 dirigere
1508 3060 1573 3113 ad
1619 3061 1761 3113 illum
1790 3101 1805 3125 ,
1835 3070 1887 3112 et
1914 3059 2111 3114 senties

557 3163 953 3236 int-nuditatem,
1004 3174 1157 3230 quam
1210 3166 1401 3211 norunt
1440 3169 1624 3209 omnes
1667 3154 1753 3224 qui
1802 3164 1943 3207 recto
1989 3161 2112 3206 sunt

559 3255 736 3309 corde.
777 3252 891 3305 Lua:
935 3260 1043 3305 orta
1068 3259 1137 3302 est
1159 3250 1316 3320 justo,
1347 3256 1392 3298 et
1440 3247 1582 3298 rectis
1623 3244 1770 3298 corde
1793 3244 2110 3315 jucunditas.

632 3344 716 3397 l9.
748 3340 895 3413 [vers.
928 3336 1037 3411 12.]
1064 3335 1440 3397 .lucnndamini,
1462 3334 1608 3404 justi.
1634 3333 1749 3388 Jam
1773 3334 1905 3388 forte
1932 3332 2112 3387 fideles

560 3432 849 3494 audientes,
875 3425 1254 3486 Jucundamini,
1285 3424 1519 3478 convivia
1547 3423 1882 3485 meditantur,
1918 3422 2111 3476 calices

561 3532 876 3593 praeparant,
907 3533 1143 3573 rosarum
1172 3525 1377 3585 tempus
1401 3523 1740 3584 cnspectant;
1771 3514 1889 3585 quia
1915 3513 2110 3567 dictum

559 3626 660 3680 est,
681 3609 1058 3675 Jucundamini,
1074 3609 1220 3679 justi.
1242 3606 1368 3661 Vide
1389 3605 1510 3673 quid
1526 3605 1760 3675 sequitur
1776 3623 1789 3657 :
1804 3604 1856 3657 in
1877 3604 2109 3657 Domino.

560 3690 936 3766 Jncnndamini,
958 3700 1103 3771 justi,
1130 3698 1183 3751 in
1214 3697 1444 3750 Domino.
1473 3695 1754 3764 Exspectas
1783 3703 1987 3763 tempus
2015 3708 2110 3748 ve-

562 3800 654 3865 ris,
702 3807 756 3859 nt
794 3792 1097 3865 jucunderis
1126 3809 1140 3844 :
1173 3791 1447 3845 Dominum
1491 3791 1650 3844 habes
1689 3788 2065 3858 jucunditatent
2092 3829 2112 3855 ,

564 3892 816 3944 Dominus
840 3900 1051 3955 semper
1070 3893 1238 3939 tecum
1260 3890 1359 3948 est,
1383 3896 1483 3935 non
1516 3880 1669 3935 habet
1692 3889 1926 3949 tempus;
1951 3878 2114 3933 habes

562 3982 707 4035 illum
735 3987 908 4043 nocte,
955 3976 1116 4031 habes
1152 3974 1299 4027 illum
1338 3971 1442 4026 die.
1490 3970 1618 4025 Esto
1657 3980 1832 4025 rectus
1858 3971 2033 4037 corde,
2060 3980 2115 4027 et

562 4088 770 4143 semper
790 4080 872 4127 est
898 4069 987 4123 tibi
1015 4068 1081 4123 de
1101 4067 1190 4120 illo
1212 4064 1529 4136 jucunditas.
1567 4060 1685 4117 Non
1710 4063 1849 4117 enim
1871 4061 2116 4131 jucundi-

564 4179 642 4220 tas
669 4180 785 4234 quae
809 4171 889 4217 est
916 4159 1201 4215 secundum
1228 4157 1494 4218 saeculum,
1544 4169 1665 4207 vera
1688 4152 1988 4221 iucunditas
2011 4161 2113 4208 est.

567 4254 696 4307 Audi
720 4250 1023 4321 prophetam
1051 4248 1237 4301 Isaiam
1266 4264 1278 4299 :
1309 4243 1427 4298 Non
1454 4252 1524 4296 est
1546 4242 1761 4313 gaudere
1780 4242 1966 4311 impiis,
1997 4242 2116 4295 dicit

568 4343 810 4395 Dominus
832 4337 981 4411 (Isai.
1002 4351 1184 4399 XLthl,
1208 4334 1278 4387 22
1300 4351 1315 4398 ;
1341 4344 1386 4385 et
1415 4348 1539 4396 Lvu,
1564 4330 1677 4403 2|).
1710 4330 1950 4386 Gaudere
1975 4329 2114 4400 quod

564 4438 754 4484 vocant
780 4427 945 4495 impii,
975 4442 1076 4479 non
1103 4433 1182 4478 est
1208 4421 1452 4492 gaudere.
1483 4421 1645 4488 Quale
1671 4420 1916 4490 gaudium
1947 4435 2115 4476 nove-

566 4527 646 4571 rat
668 4518 754 4588 qui
780 4517 881 4572 hoc
906 4515 1148 4585 gaudium
1175 4512 1539 4583 improbabat?
1568 4512 1853 4566 Credamus
1884 4512 1979 4575 illi,
2006 4511 2112 4564 fra-

566 4621 693 4665 tres.
725 4610 893 4663 llomo
934 4616 1069 4668 erat,
1108 4604 1200 4659 sed
1241 4604 1395 4657 ambo
1435 4601 1619 4672 gaudia
1649 4612 1880 4657 noverat.
1927 4601 2117 4671 Utique

566 4707 786 4756 noverat
810 4698 995 4770 gaudia
1025 4696 1222 4760 calicis,
1255 4694 1372 4764 quia
1404 4693 1561 4747 homo
1583 4702 1716 4754 erat,
1745 4705 1960 4746 noverat
1991 4708 2116 4761 gau-

561 4793 710 4846 dium
734 4803 953 4854 mensae,
985 4795 1197 4841 noverat
1222 4782 1465 4855 gaudium
1493 4783 1632 4847 lecti,
1676 4790 1894 4835 noverat
1928 4781 2115 4850 gaudia

568 4885 665 4938 ista
695 4880 959 4937 sxcularia
985 4886 1041 4933 et
1066 4876 1352 4931 luxuriosa.
1388 4873 1480 4929 ille
1523 4874 1610 4942 qui
1658 4880 1889 4925 noverat'
1909 4871 2016 4934 illa,
2045 4873 2118 4924 ait

569 4988 892 5047 prmsumens
918 4989 932 5025 :
962 4969 1083 5023 Non
1108 4980 1181 5022 est
1225 4968 1442 5038 gaudere
1464 4966 1650 5035 impiis,
1694 4964 1821 5016 dicit
1853 4963 2117 5016 Dominus.

568 5069 672 5124 Sed
702 5083 804 5121 non
835 5064 960 5119 dicit
986 5062 1183 5123 homo;
1215 5060 1459 5113 Dominus
1496 5058 1657 5110 dicit:
1677 5073 1738 5110 ex
1771 5056 1986 5109 veritate
2017 5055 2119 5108 Do-

569 5161 694 5216 mini
722 5161 764 5224 ’,
795 5155 914 5211 Non
953 5165 1022 5209 est
1052 5153 1265 5225 gaudere
1287 5151 1472 5220 impiis.
1500 5149 1625 5203 Nam
1656 5149 1725 5202 illi
1755 5148 1850 5201 sibi
1878 5148 2120 5201 videntur

529 5251 795 5321 gaudere
820 5264 832 5300 :
862 5244 980 5299 Non
1021 5253 1090 5297 cst
1121 5254 1294 5296 autem
1337 5239 1551 5310 gradere
1592 5239 1777 5308 impiis,
1826 5238 1965 5303 dicit,
2012 5252 2117 5291 non

570 5341 746 5406 homo,
777 5337 868 5394 sed
911 5335 1169 5389 Dominus.
1220 5329 1366 5387 Unde
1409 5329 1495 5384 ille
1537 5329 1704 5398 ipsum
1745 5327 2001 5396 gaudium
2036 5326 2119 5380 vi-

630 5535 646 5565 '
672 5540 721 5582 tu
737 5531 983 5600 veteribus
1002 5530 1136 5580 libris
1154 5533 1428 5578 constanter
1444 5525 1683 5584 scribitur,
1705 5522 1853 5572 Tobis.
1867 5521 1995 5583 Apud
2012 5529 2119 5571 LXX

574 5590 874 5702 \erots’icT‘time:
890 5658 960 5699 Er.
987 5660 1039 5701 et
1062 5661 1163 5701 atss.
1191 5658 1244 5701 At
1265 5656 1394 5709 t.ov.,
1416 5658 1485 5699 Ex
1507 5646 1699 5699 veritate
1729 5643 1956 5695 Dominus
1981 5642 2116 5703 dicit,

549 5714 669 5764 ιΝοα
687 5721 755 5762 est
771 5712 998 5775 gaudere,
1018 5722 1109 5761 etc.

1727 311 1782 369 S.
1822 306 2180 368 AUGUSTINI
2222 306 2520 368 EPISCOPI

3614 317 3769 373 1259

2212 421 2343 476 dens
2364 466 2380 489 ,
2411 424 2483 477 ait
2511 444 2525 479 :
2558 423 2622 478 Et
2660 424 2791 478 diem
2832 426 3087 509 [tantillum
3131 444 3229 484 non
3270 430 3551 499 concupiui,
3578 439 3633 485 tu
3669 434 3771 487 scis

2212 512 2438 584 (Jerem.
2498 529 2628 577 xvi,
2687 514 2812 584 lli).
2852 516 2950 584 Qui
3004 518 3130 573 mihi
3177 519 3340 574 alium
3397 517 3536 576 diem
3586 530 3772 577 osten~

2209 603 2309 667 dis,
2359 605 2451 673 qui
2488 620 2572 659 me
2615 605 2771 659 aliam
2809 606 2978 661 lucem
3034 608 3225 675 doces,
3268 610 3359 680 qui
3407 626 3493 667 me
3534 611 3634 665 alia
3684 612 3767 682 ju-

2209 694 2475 749 cunditate
2536 696 2841 765 perfundis,
2898 697 2986 767 qui
3049 698 3191 753 aliud
3245 700 3373 755 mihi
3438 700 3580 757 intus
3640 700 3770 758 insi.

2210 798 2360 845 mtas,
2404 782 2571 839 fecisti
2616 801 2701 841 me
2745 801 2847 841 non
2895 788 3269 858 concupiscere
3294 791 3432 845 diem
3475 792 3773 850 hominum.

2211 872 2402 957 Utique
2440 874 2651 930 videbat
2677 875 2835 930 Isaias
2865 876 3105 933 homines
3136 878 3187 932 in
3220 880 3505 949 potatione,
3536 881 3587 937 in
3617 884 3774 939 luxn-

2210 961 2309 1029 ria,
2339 964 2389 1018 in
2430 965 2668 1032 theatris,
2695 976 2750 1023 et
2776 969 3108 1037 spectaculis,
3140 978 3305 1026 totum
3336 974 3587 1030 mundum
3614 976 3776 1031 luxu-

2211 1054 2331 1108 riari
2352 1056 2510 1111 variis
2533 1056 2719 1126 nugis;
2750 1068 2804 1114 et
2831 1069 3003 1115 tamen
3034 1062 3300 1129 ;lamabat,
3327 1062 3446 1119 Non
3465 1078 3537 1122 est
3554 1070 3778 1139 gaudere

2211 1144 2396 1215 impiis,
2426 1147 2543 1200 dicit
2585 1147 2847 1204 Dominus.
2875 1151 2928 1205 Si
2955 1151 3056 1206 hoc
3082 1167 3185 1207 non
3227 1164 3309 1208 est
3334 1155 3586 1225 gaudere,
3614 1160 3775 1227 quale

2210 1235 2455 1305 gaudium
2481 1236 2709 1304 videbat,
2733 1238 2782 1293 in
2804 1240 2954 1310 cujus
2975 1244 3369 1311 comparatione
3393 1262 3495 1300 non
3523 1260 3633 1302 erat
3672 1249 3774 1306 hoc

2211 1325 2455 1396 gaudium
2477 1327 2502 1381 ?
2527 1328 2795 1399 Tanquam
2826 1332 2869 1384 si
2899 1342 2953 1385 tu
2980 1348 3163 1388 nosses
3188 1335 3377 1404 solem,
3404 1348 3459 1392 et
3478 1339 3631 1394 alicui
3660 1343 3773 1399 lau-

2210 1417 2353 1474 danti
2386 1419 2648 1476 lucernam
2676 1423 2878 1478 diccres
2906 1443 2919 1478 :
2951 1425 3061 1480 Non
3089 1438 3169 1481 est
3199 1429 3296 1482 ista
3327 1430 3434 1484 lux.
3465 1432 3639 1500 Quare
3660 1435 3774 1492 ‘lnx

2212 1523 2315 1564 non
2341 1510 2464 1564 est?
2493 1511 2584 1566 Ille
2630 1528 2723 1581 pro
2750 1529 2938 1583 magno
2966 1515 3143 1581 habet,
3184 1518 3395 1588 gaudet,
3423 1497 3653 1594 exsultat
3676 1541 3690 1588 ;
3719 1497 3798 1581 etv

2211 1608 2265 1655 ιιι
2293 1600 2426 1656 dicis
2454 1620 2467 1656 :
2495 1602 2608 1657 Non
2638 1615 2720 1658 est
2742 1606 2835 1658 ista
2853 1602 2959 1659 lux.
2984 1611 3093 1662 Aut-
3109 1609 3151 1662 si
3174 1609 3291 1679 quis
3314 1612 3521 1667 simiam
3544 1615 3775 1669 mirare-

2212 1698 2317 1754 tur,
2347 1691 2551 1747 diceres
2581 1711 2595 1747 :
2621 1693 2734 1748 Non
2784 1704 2868 1751 est
2908 1697 3005 1751 ista
3050 1698 3402 1767 pulchritudo.
3453 1702 3520 1757 Et
3547 1705 3591 1758 si
3634 1704 3775 1762 forte

2212 1777 2299 1835 ille
2322 1794 2607 1852 occupatus
2632 1797 2774 1841 esset
2797 1786 2934 1841 circa
2955 1788 3388 1858 compositionem
3412 1795 3771 1851 membrorum

2212 1873 2264 1927 in
2295 1873 2378 1927 illa
2409 1875 2595 1941 bestia,
2626 1886 2679 1930 et
2702 1893 2888 1932 omnes
2916 1879 3031 1933 illas
3055 1883 3427 1950 congruentias
3448 1885 3768 1953 miraretur;

2213 1973 2266 2021 tu
2295 1966 2383 2034 qui
2409 1981 2633 2021 noveras
2672 1966 2826 2023 aliam
2853 1960 3315 2039 pulchritudinem.
3344 1990 3563 2046 negares
3592 1979 3768 2045 istam,

2211 2064 2265 2109 et
2289 2053 2493 2109 diceres
2522 2072 2535 2108 :
2563 2054 2677 2110 Non
2720 2068 2819 2112 εει.
2852 2059 3061 2127 Quare?
3088 2060 3220 2128 Quia
3265 2063 3420 2119 aliam
3464 2068 3621 2122 nosti.
3663 2069 3770 2126 Sed

2211 2143 2342 2197 dicis
2371 2161 2383 2197 :
2412 2144 2522 2215 Ego
2566 2146 2705 2199 illam
2750 2164 2905 2217 quam
2953 2150 3163 2205 videbat
3205 2153 3392 2219 Isaias,
3443 2171 3546 2211 non
3590 2142 3767 2214 video.

2209 2234 2400 2297 Crede,
2428 2244 2482 2290 et
2501 2237 2718 2294 videbis.
2744 2238 2899 2294 Forte
2921 2242 3059 2296 enim
3082 2258 3185 2297 non
3212 2242 3373 2301 habes
3393 2247 3532 2304 unde
3553 2250 3768 2315 videas;

2211 2333 2292 2379 est
2316 2326 2453 2381 enim
2480 2328 2663 2381 oculus
2693 2329 2829 2384 unde
2855 2330 2937 2384 illa
2984 2315 3317 2401 pulchritudo
3346 2334 3600 2393 videatur.
3632 2339 3768 2395 Nam

2209 2415 2474 2485 quomodo
2499 2419 2800 2473 est'ocnlus
2827 2420 3018 2486 carnis,
3067 2424 3204 2479 unde
3233 2425 3320 2479 lux
3363 2427 3459 2481 ista
3489 2428 3730 2483 videatur
3751 2471 3769 2493 ,

2210 2506 2288 2560 sic
2312 2514 2394 2561 est
2435 2509 2620 2563 oculus
2655 2511 2849 2577 cordis,
2881 2513 3019 2569 unde
3044 2514 3127 2568 illa
3153 2516 3452 2585 incunditas
3480 2520 3722 2575 videatur
3754 2540 3767 2577 :

2211 2594 2347 2653 forte
2386 2597 2473 2654 ille
2498 2600 2680 2655 oculus
2705 2603 2910 2657 saucius
2937 2614 3038 2671 est,
3068 2607 3366 2663 sordidatus
3392 2620 3490 2676 est,
3527 2612 3772 2670 turbatus

2207 2694 2291 2742 est
2315 2687 2381 2742 ab
2410 2688 2504 2751 ira,
2532 2689 2599 2744 ab
2636 2693 2871 2755 avaritia,
2898 2709 2925 2747 a
2950 2696 3250 2764 cupiditate.
3283 2714 3312 2753 a
3340 2699 3553 2757 libidine
3593 2694 3795 2759 iason?

2211 2788 2323 2833 sata
2342 2780 2625 2852 ;,turbatus
2670 2792 2752 2836 est
2796 2783 2978 2838 oculus
3024 2793 3163 2850 tuus,
3213 2781 3317 2843 non
3370 2802 3541 2860 potest
3589 2794 3774 2851 videre

2211 2867 2355 2925 illam
2395 2870 2581 2926 lucem.
2626 2872 2812 2937 Crede,
2864 2884 3140 2941 antequam
3182 2880 3361 2934 videas
3399 2898 3415 2933 :
3453 2884 3769 2952 satiaberis,

2210 2969 2265 3015 ot
2292 2960 2515 3017 videbis.
2554 2960 2670 3018 Lua:
2696 2974 2805 3017 orta
2832 2974 2902 3019 est
2936 2967 3077 3037 justo
3099 3008 3114 3035 ,
3155 2979 3202 3023 et
3241 2971 3388 3025 rectis
3414 2972 3559 3027 corde
3577 2975 3772 3044 jucun-

2211 3050 2360 3105 ditas.

2279 3142 2364 3195 9.0.
2390 3143 2769 3211 Jucundamini,
2791 3146 2884 3212 ait,
2896 3147 3027 3217 justi
3048 3147 3100 3202 in
3122 3148 3364 3208 Domino:
3380 3162 3426 3206 et
3465 3153 3774 3222 conﬁtemini

2213 3235 2459 3286 memoriae
2500 3236 2774 3289 sanctitatis
2815 3237 2942 3307 ejus.
2971 3237 3085 3292 Jam
3120 3240 3389 3308 jucondati
3425 3242 3475 3296 in
3509 3243 3771 3310 Domino,

2208 3324 2315 3392 jam
2342 3324 2627 3393 gaudentes
2655 3327 2703 3379 in
2746 3327 2998 3395 Domino,
3029 3330 3098 3384 illi
3121 3332 3473 3397 confitemini;
3518 3337 3638 3405 quia
3668 3336 3773 3392 nisi

2212 3416 2398 3482 vellet,
2429 3432 2531 3471 non
2555 3418 2604 3470 in
2633 3418 2718 3472 illo
2755 3419 3119 3488 gauderemus.
3148 3424 3234 3476 Ait
3258 3424 3402 3478 enim
3435 3424 3546 3494 ipse
3574 3425 3764 3483 Domi-

2213 3522 2311 3560 nus
2342 3526 2356 3561 :
2389 3507 2513 3561 Ηωε
2538 3509 2728 3563 locutus
2749 3526 2857 3563 sum
2886 3511 3037 3573 vobis,
3065 3513 3190 3566 utin
3212 3531 3290 3568 me
3312 3531 3484 3585 pacem
3512 3518 3770 3582 Itabmtis,

2211 3599 2268 3654 in
2304 3600 2490 3653 mundo
2519 3609 2683 3653 autem
2708 3617 2991 3671 pressttram
3022 3603 3195 3675 (Joan.
3224 3620 3312 3659 xvt
3335 3647 3350 3670 ,
3382 3607 3496 3676 35).
3539 3608 3595 3663 Si
3621 3608 3771 3673 chri-

2213 3689 2368 3743 stiani
2396 3690 2550 3753 estis,
2583 3705 2853 3757 pressuras
2882 3692 2932 3745 in
2956 3693 3056 3746 isto
3103 3694 3299 3749 mundo
3329 3708 3573 3765 sperate;
3624 3708 3773 3755 tran-

2213 3781 2450 3851 quilliora
2473 3791 2530 3837 et
2550 3783 2764 3838 nteliora
2791 3791 3024 3853 tempora
3053 3786 3214 3841 nolite
3241 3802 3477 3857 sperare.
3509 3790 3727 3847 Fratres
3749 3835 3768 3859 ,

2215 3870 2394 3927 fallitis
2420 3887 2546 3935 vos;
2587 3873 2725 3942 quod
2765 3872 2919 3929 vobis
2957 3874 3292 3945 Evangelium
3339 3894 3444 3933 non
3474 3883 3765 3949 promittit,

2216 3966 2378 4021 nolite
2402 3966 2548 4021 vobis
2571 3962 2896 4035 promittere.
2930 3966 3064 4035 Quid
3093 3970 3235 4025 dicat
3258 3970 3597 4043 Evangelium
3618 4019 3634 4040 ,
3664 3978 3771 4030 sci-

2216 4057 2318 4111 tis:
2347 4056 2648 4111 christianis
2675 4058 2965 4128 loquimur;
3015 4060 3130 4115 fidei
3153 4065 3580 4130 prmvaricatores
3649 4083 3775 4125 esse

2216 4161 2319 4201 non
2350 4146 2619 4202 debemus.
2652 4147 2990 4219 Evangelium
3022 4150 3121 4205 hoc
3148 4152 3307 4217 dicit,
3357 4150 3480 4225 quia
3506 4157 3557 4212 in
3584 4160 3771 4214 novis—

2216 4236 2362 4291 simis
2383 4237 2704 4306 tempuribus
2732 4240 2889 4293 multa
2918 4242 3079 4305 mala,
3104 4243 3264 4298 multa
3295 4246 3560 4315 scandala,
3584 4250 3775 4309 multa:

2217 4338 2505 4394 pressum,
2562 4326 2739 4381 multa:
2785 4328 3083 4399 iniquitates
3126 4320 3626 4393 abundabunt:sed
3677 4344 3773 4410 qui

2219 4416 2628 4483 perseveraverit
2646 4432 2812 4486 usque
2843 4419 2890 4471 in
2920 4419 3072 4474 tinem
3090 4463 3105 4487 ,
3135 4420 3217 4475 hic
3244 4424 3418 4479 salvus
3442 4428 3563 4481 erit.
3598 4428 3773 4500 Περ-ἕ.

2216 4514 2394 4582 gescet,
2422 4506 2606 4576 inquit,
2634 4507 2850 4560 charitas
2874 4510 3140 4564 multorum
3172 4510 3379 4584 (Matth.
3412 4532 3554 4583 xxtv,
3582 4502 3770 4586 ξδ’-ιδ).

2220 4594 2318 4662 Qui
2343 4611 2471 4665 ergo
2513 4608 2910 4665 perseveranter
2937 4601 3120 4669 Spiritu
3164 4602 3445 4669 ft-rbuerit,
3475 4611 3769 4663 secundum

2218 4687 2558 4754 Apostolum,
2586 4688 2671 4760 qui
2698 4688 2799 4751 ait,
2831 4689 3025 4758 Spiritu
3056 4696 3291 4761 {eruentes
3317 4694 3488 4769 (Rom.
3515 4715 3588 4752 xu
3612 4742 3627 4766 ,
3655 4702 3777 4769 ll),

2218 4779 2333 4844 eius
2366 4777 2594 4833 charitas
2617 4782 3094 4850 no’n'rel‘rigescet;
3123 4785 3243 4851 quia
3274 4786 3383 4853 ipsa
3410 4788 3641 4845 Charitas
3674 4792 3774 4846 Dei

2215 4868 2400 4922 dill‘nsa
2428 4877 2505 4921 est
2531 4867 2581 4920 in
2610 4867 2854 4921 cordibus
2883 4872 3077 4924 nostris
3103 4886 3201 4941 per
3232 4873 3485 4943 Spiritum
3527 4890 3777 4937 sanctum

2218 4959 2307 5029 qui
2334 4959 2485 5013 datus
2511 4967 2594 5013 est
2622 4960 2770 5013 nobis
2799 4959 2907 5031 (Id.
2938 4977 2990 5027 v,
3021 4963 3097 5033 5).
3124 4963 3291 5019 Nemo
3334 4969 3432 5021 sibi
3473 4986 3600 5040 ergo
3640 4987 3778 5040 pro—

2220 5051 2391 5104 mittat
2414 5050 2553 5119 quod
2578 5049 2913 5120 Ev’angelium
2939 5067 3041 5106 non
3071 5057 3343 5120 promittit.
3395 5058 3531 5115 Ecce
3556 5067 3781 5119 venient

2220 5142 2417 5195 laetiora
2446 5151 2702 5209 tempora,
2730 5152 2782 5195 ct
2816 5142 2950 5196 facio
2978 5144 3124 5212 illud,
3151 5157 3208 5201 et
3247 5164 3368 5203 emo
3392 5142 3540 5206 illud.
3572 5153 3777 5208 Bonum:

2221 5244 2302 5287 est
2331 5234 2420 5287 tibi
2444 5242 2500 5286 ut
2526 5235 2764 5288 attendas
2790 5235 2932 5288 illum
2961 5237 3047 5306 qui
3075 5244 3178 5291 non
3211 5239 3410 5297 fallitur
3437 5245 3478 5305 ',
3500 5259 3602 5299 nec
3629 5245 3789 5299 fetet-

2223 5324 2280 5378 lit
2307 5324 2533 5392 aliquem
2554 5366 2568 5389 ,
2598 5326 2683 5394 qui
2707 5325 2797 5378 tibi
2828 5327 3194 5393 protttisitnon
3221 5329 3308 5385 hic
3328 5333 3580 5398 laetitiam,
3606 5332 3700 5389 sed
3726 5340 3782 5392 in

2222 5428 2313 5478 se;
2345 5423 2398 5467 et
2419 5428 2538 5466 cum
2567 5414 2866 5467 transierint
2892 5415 2987 5469 ista
3008 5456 3021 5480 ,
3066 5431 3246 5485 speres
3266 5421 3385 5486 quia
3415 5436 3536 5476 cum
3567 5424 3662 5479 illo
3694 5443 3786 5480 re-

2222 5502 2404 5571 gnabis
2433 5504 2481 5555 in
2509 5511 2797 5568 aeternum;
2840 5521 2908 5561 ne
2950 5508 3182 5562 cntn‘hic
3208 5510 3286 5563 vis
3314 5527 3536 5581 regnare
3559 5555 3574 5577 ,
3608 5532 3789 5585 neque

2225 5595 2308 5646 hic
2336 5594 2528 5647 habeas
2545 5595 2921 5662 jucunditatem
2941 5639 2955 5664 ,
2988 5614 3160 5669 neque
3183 5601 3289 5655 illic
3315 5605 3570 5660 invenias.

2289 5707 2304 5736 ι
2334 5713 2431 5753 Am.
2451 5712 2504 5757 et
2523 5682 2650 5769 ittss.,
2672 5705 2813 5769 fallit.
