4012 6202
650 496 728 556 ΙΝ
775 483 1147 556 PSAIJ‘IUM
1191 493 1411 553 XCVII

814 591 1224 648 ENARRATIO.

763 699 933 741 SEBIIO
971 699 1037 738 Λῐ)
1076 697 1296 737 PLEBEI.

320 784 343 837 1
413 780 563 854 [νει-ιι.
596 775 669 851 1.]
709 777 919 832 Cantnte
962 774 1173 827 Domino
1200 772 1449 826 canticum
1481 785 1680 822 norum.
1723 766 1826 820 No-

241 889 344 927 sus
373 873 538 926 homo
565 872 729 933 novit,
761 879 912 921 vetus
939 881 1038 918 non
1065 865 1228 918 novit.
1261 861 1420 916 Vetus
1447 860 1604 912 homo
1627 869 1706 912 est
1740 872 1827 909 ve-

246 977 333 1019 tus
366 965 474 1018 vita
498 1005 513 1022 .
567 972 622 1015 et
648 974 813 1015 novus
858 959 1015 1010 homo
1064 969 1200 1010 nova
1248 953 1349 1006 vita
1385 969 1398 1005 :
1430 960 1580 1005 vetus
1608 949 1711 1002 vita
1761 964 1824 1001 ex

244 1058 424 1111 Adam
461 1052 692 1107 trahitur
713 1094 728 1115 ,
763 1064 893 1102 nova
923 1048 1023 1100 vita
1055 1045 1106 1098 in
1133 1043 1346 1098 Christo
1377 1040 1653 1094 formatur.
1685 1038 1824 1092 Dici-

246 1163 333 1205 tur
361 1160 544 1216 autem
575 1148 627 1200 in
652 1145 752 1199 hoc
799 1141 1001 1212 ps;dmo
1044 1139 1292 1192 universo
1321 1136 1434 1188 orbi
1466 1145 1723 1188 terrarum
1771 1139 1827 1182 ut

243 1247 430 1294 cantet
458 1237 723 1291 canticom
753 1246 966 1285 novum.
1010 1227 1144 1282 Nam
1171 1225 1402 1296 apertius
1429 1222 1548 1276 alibi
1591 1222 1667 1275 sic
1692 1219 1824 1272 dici-

247 1343 351 1394 tur,
387 1329 605 1383 Cantate
630 1325 843 1394 Domino
865 1321 1110 1374 canticum
1133 1330 1343 1378 novum;
1372 1311 1822 1377 cantateDomino,

246 1423 413 1473 nnmis
443 1430 581 1472 terra
608 1414 775 1488 (Psal.
805 1428 930 1479 xcv,
959 1411 1046 1480 1);
1077 1419 1134 1463 ut
1163 1407 1450 1477 intelligant
1483 1405 1568 1474 qui
1599 1419 1657 1458 se
1689 1417 1826 1471 pra:-

246 1513 434 1565 cidunt
462 1526 491 1562 a
524 1505 899 1563 communione
942 1503 1099 1557 totius
1129 1499 1270 1554 orbis
1301 1509 1557 1552 terrarum
1579 1537 1592 1558 ,
1640 1511 1743 1548 non
1769 1508 1827 1547 se

249 1621 410 1674 posse
437 1611 656 1657 cantare
683 1598 942 1654 canticum
975 1611 1198 1658 novum,
1248 1591 1367 1662 quia
1419 1590 1680 1644 canticum
1734 1603 1828 1641 no-

249 1715 374 1750 vttm
420 1697 472 1749 in
521 1703 666 1760 toto,
697 1707 799 1746 non
829 1691 881 1744 in
914 1698 1060 1758 parte
1086 1695 1344 1741 cantatur.
1371 1681 1437 1738 Et
1463 1683 1547 1737 hic
1572 1681 1828 1735 attendite

249 1801 304 1843 et
326 1791 504 1842 virtvte
533 1787 634 1840 hoc
669 1784 791 1837 dici.
822 1781 890 1836 Et
931 1796 1050 1835 cum
1083 1778 1274 1832 dicitur
1303 1777 1547 1830 universo
1574 1775 1686 1826 orbi
1720 1783 1827 1826 ter-

251 1896 432 1932 rarum
463 1887 521 1930 ut
563 1884 738 1928 cantet
762 1873 1027 1924 canticum
1072 1884 1264 1922 novum
1288 1908 1301 1926 .
1332 1866 1431 1918 hoc
1477 1864 1786 1932 intelligitur
1808 1901 1824 1924 ,

247 1972 375 2043 quia
423 1987 522 2041 pax
571 1976 750 2024 cantat
792 1967 1053 2022 canticum
1095 1977 1307 2016 novum.
1361 1960 1570 2014 Caritate
1612 1957 1846 2011 Domino-

246 2063 504 2115 canticum
547 2075 762 2123 novum;
816 2057 1052 2128 quoniam
1095 2052 1341 2106 mirabilia
1387 2052 1500 2121 fecit
1556 2049 1823 2101 Dominus.

247 2153 385 2220 Qua:
415 2150 715 2224 mirabilia?
744 2149 877 2203 Ecce
899 2146 1054 2200 modo
1081 2145 1350 2212 legebatur
1379 2142 1716 2210 Evangelium
1737 2182 1750 2204 ,
1773 2149 1828 2194 ct

246 2246 554 2299 audivimus
577 2241 831 2298 mirabilia
850 2239 1080 2294 Domini.
1107 2236 1435 2292 Eﬁcrebatur
1457 2245 1692 2288 mortuus
1714 2233 1829 2286 uni-

247 2353 349 2393 cus
379 2338 563 2390 matris
591 2350 728 2396 sua),
757 2348 872 2402 quze
901 2341 1013 2386 erat
1044 2330 1197 2383 vidua
1231 2346 1242 2380 :
1295 2328 1544 2381 misertus
1575 2325 1828 2379 Dominus

251 2430 388 2486 fecit
413 2430 532 2484 illos
557 2439 731 2491 stare;
778 2426 1135 2494 deposuerunt
1167 2422 1348 2482 illum;
1395 2430 1448 2475 et
1477 2419 1644 2484 dixit,
1675 2417 1829 2470 Juve-

251 2524 361 2587 m's,
391 2522 478 2573 tibi
507 2521 638 2580 dico,
661 2534 826 2589 surge.
853 2515 1072 2572 Etsedit
1100 2515 1187 2567 ille
1213 2521 1472 2576 mortuus,
1491 2520 1542 2564 et
1565 2509 1726 2578 cmpit
1748 2509 1825 2560 lo-

248 2613 378 2682 qui,
409 2620 463 2665 ct
484 2608 866 2664 reddiditillum
887 2607 1034 2660 matri
1058 2621 1165 2660 sua:
1187 2603 1438 2675 (Luam,
1462 2601 1664 2669 12-15).
1693 2600 1828 2654 Ecce

250 2703 524 2756 mirabilia
556 2701 678 2755 fecit
706 2699 995 2762 Dominus;
1023 2696 1119 2752 sed
1147 2696 1313 2748 multo
1339 2693 1536 2762 majora
1569 2692 1826 2746 mirabilia

249 2803 418 2856 sunt,
452 2792 588 2862 quod
629 2800 793 2844 totmn
823 2791 1006 2844 orbem
1040 2798 1302 2842 terrarum
1339 2801 1367 2837 a
1415 2793 1584 2838 morte
1628 2784 1827 2850 sempi-

249 2897 413 2938 terna
438 2883 632 2949 erexit,
660 2897 815 2951 quam
845 2879 982 2950 quod
1013 2879 1222 2932 unicum
1250 2876 1412 2930 ﬁlium
1444 2875 1627 2929 matris
1653 2874 1826 2927 vidua:

249 2976 617 3032 resuscitavit.
657 2973 863 3028 Cautate
905 2987 1030 3041 ergo
1063 2970 1278 3024 Domino
1308 2969 1559 3022 canticum
1602 2983 1780 3019 novum
1810 2982 1828 3030 ;

248 3069 502 3138 quoniam
553 3064 799 3118 mirabilia
848 3064 961 3134 fecit
1018 3061 1284 3115 Dominus.
1337 3060 1465 3125 Quze
1526 3056 1829 3111 mirabilia?

249 3161 403 3216 Audi
439 3179 452 3212 :
489 3159 690 3212 Sanovit
729 3157 772 3210 ei
808 3155 1008 3210 dextera
1047 3155 1155 3225 ejus
1206 3163 1253 3206 et
1307 3151 1566 3204 brachium
1601 3159 1826 3202 sanctum

249 3256 399 3324 ejus.
427 3251 573 3318 Quod
603 3259 684 3304 est
711 3249 983 3302 brachium
1021 3255 1259 3300 sanctum
1287 3243 1539 3298 Domini?
1569 3242 1826 3296 Dominus

251 3354 455 3398 noster
501 3340 649 3395 Jesus
692 3341 954 3395 Christus.
981 3339 1113 3391 Audi
1161 3337 1390 3390 Isaiam:
1450 3335 1575 3401 Quis
1615 3333 1826 3387 credidit

247 3435 468 3489 auditui
490 3434 692 3487 nostra?
716 3443 760 3486 et
789 3431 1046 3485 brachium
1077 3428 1280 3481 Domini
1310 3428 1391 3480 cui
1444 3427 1712 3480 revelatum
1757 3434 1828 3478 est

252 3530 272 3597 (
304 3525 440 3580 Isai.
469 3523 717 3595 no.1)?
748 3522 1026 3577 Brachinm
1069 3533 1196 3588 ergo
1233 3525 1470 3572 sanctum
1515 3523 1568 3568 et
1609 3514 1824 3569 dextera

250 3619 469 3687 ips-ins,
517 3616 648 3670 idem
699 3614 811 3683 ipse
851 3625 950 3667 est.
986 3612 1123 3681 Ergo
1166 3611 1420 3665 Dominus
1467 3617 1646 3662 noster
1672 3606 1828 3661 Jesus

251 3711 509 3765 Christus
537 3707 804 3762 brachium
835 3705 958 3769 Dei,
989 3714 1044 3758 et
1084 3703 1300 3757 dextera
1334 3700 1423 3755 Dei
1457 3718 1468 3753 :
1503 3708 1782 3768 propterea
1809 3739 1822 3760 ,

252 3801 479 3857 Sanuvit
507 3800 566 3852 ei.
599 3797 713 3853 Non
745 3797 940 3852 dictum
988 3802 1070 3849 est
1113 3802 1310 3846 tantum
1333 3833 1348 3857 ,
1380 3791 1595 3845 Sanavit
1645 3789 1825 3843 orbem

255 3906 530 3947 terrarum
561 3889 772 3942 dextera
804 3886 948 3955 ejus;
981 3884 1072 3938 sed
1098 3925 1114 3948 ,
1148 3882 1358 3938 Sanavit
1388 3881 1452 3933 ei.
1495 3879 1642 3932 Multi
1683 3878 1825 3931 enim

253 3995 520 4043 sanantur
548 3983 644 4038 sibi
669 4025 684 4046 ,
718 3999 823 4036 non
854 3981 922 4034 ei.
962 3978 1100 4034 Ecce
1126 3993 1282 4047 quam
1315 3972 1462 4028 multi
1491 3972 1710 4038 cupiunt
1740 3985 1828 4023 sa-

255 4083 484 4135 nitatem
512 4077 659 4129 istam
685 4073 1046 4142 corporalem,
1088 4078 1141 4123 et
1169 4067 1235 4120 ab
1283 4066 1373 4118 illo
1429 4063 1719 4132 accipiunt;
1761 4061 1828 4114 ab

252 4173 355 4226 illo
380 4177 651 4232 sanantur,
703 4177 757 4220 et
783 4181 886 4217 non
915 4163 987 4217 illi
1014 4158 1303 4215 sanantur?
1343 4155 1617 4224 Quomodo
1645 4153 1710 4206 ab
1738 4153 1826 4206 illo

249 4273 539 4326 sanantur,
581 4271 633 4314 et
685 4275 788 4313 non
817 4257 889 4310 illi
917 4251 1200 4309 sanantur?
1239 4253 1465 4319 Accepta
1495 4247 1719 4301 sanitate
1747 4247 1824 4298 la-

220 4343 222 4346 .
248 4355 528 4410 sciviunt:
557 4351 642 4420 qui
664 4347 843 4420 aegroti
869 4346 997 4401 casti
1018 4353 1188 4406 erant,
1217 4342 1382 4397 sanati
1401 4339 1621 4392 adulteri
1659 4338 1822 4399 ﬁunt;

249 4448 351 4518 qui
403 4460 518 4498 cum
554 4449 903 4511 :egrotarent,
936 4437 1199 4491 neminem
1247 4433 1548 4492 laedebat“,
1596 4429 1824 4496 receptis

251 4537 465 4592 viribus
507 4532 760 4586 invadunt
805 4540 855 4584 et
903 4528 1206 4599 opprimunt
1253 4525 1563 4578 innocentes
1601 4539 1612 4573 :
1657 4519 1824 4573 sanati

251 4640 389 4686 Sunt
409 4671 424 4694 ,
453 4627 542 4682 sed
573 4641 675 4679 non
705 4624 775 4678 ei.
804 4622 934 4690 Quis
960 4629 1040 4674 est
1068 4620 1154 4688 qui
1184 4627 1395 4671 sanatur
1421 4614 1512 4670 ei?
1555 4613 1653 4681 Qui
1685 4615 1824 4667 intus

251 4719 632 4785 sanatur.Qnis
655 4725 737 4772 est
761 4717 847 4785 qui
879 4714 1018 4766 intus
1043 4709 1287 4764 sanatur?
1311 4707 1407 4776 Qui
1438 4704 1605 4760 credit
1632 4705 1680 4756 in
1704 4718 1822 4756 eum

254 4823 318 4866 ut
345 4827 465 4866 cum
493 4811 510 4841 ί
540 4808 762 4862 interius
790 4803 949 4858 fuerit
974 4808 1187 4856 sanatus
1205 4841 1219 4863 ,
1250 4800 1301 4853 in
1329 4812 1521 4851 novum
1554 4795 1820 4848 hominem

251 4906 579 4959 reformatus
601 4941 615 4964 ,
647 4905 830 4968 postea
859 4895 1036 4950 ethoc
1072 4891 1211 4962 quod
1263 4891 1475 4960 languet
1503 4887 1567 4941 ad
1615 4896 1823 4954 tenuius

251 5012 385 5050 raro
416 4995 514 5048 ista
540 4988 783 5046 mortalis
807 5029 821 5052 ,
850 4986 1070 5054 recipiat
1097 4984 1147 5036 in
1177 4981 1279 5035 ﬁne
1304 4991 1354 5034 ct
1385 4982 1492 5048 ipsa
1525 4993 1670 5030 suam
1703 4992 1824 5044 per-

249 5086 600 5142 fectissimam
628 5080 929 5135 sanitatem.
973 5075 1230 5131 Sanemur
1271 5085 1396 5138 ergo
1425 5070 1490 5122 ei.
1521 5066 1590 5122 Ut
1643 5079 1819 5120 autem

247 5191 504 5233 amemur
531 5175 578 5228 ei
600 5214 615 5236 ,
649 5169 928 5224 credamus
954 5167 1004 5220 in
1031 5165 1299 5218 dexteram
1328 5162 1476 5228 ejus;
1527 5159 1647 5227 quia
1675 5175 1825 5211 sana-

245 5276 320 5326 vit
346 5272 392 5324 ei
417 5271 619 5323 dextera
647 5267 754 5328 eius
784 5273 828 5314 et
859 5245 1114 5313 brae/tium
1140 5265 1362 5310 sanctum
1387 5254 1516 5322 ejus.

324 5363 378 5416 ‘2.
410 5359 566 5433 hers.
599 5354 687 5427 2.]
726 5353 916 5408 Nolunt
957 5349 1070 5417 fecit
1102 5346 1350 5399 Dominus
1393 5344 1612 5396 salutare
1653 5337 1817 5394 suum.

246 5458 370 5528 Ipsa
400 5454 635 5513 dextera,
659 5449 827 5516 ipsum
861 5441 1160 5500 brachium,
1194 5439 1361 5506 ipsum
1390 5437 1618 5488 salutare
1643 5433 1815 5486 Domi-

246 5523 356 5604 tius
406 5553 584 5597 noster
612 5526 768 5595 Jesns
797 5535 1071 5596 Christus,
1118 5530 1183 5584 de
1226 5545 1328 5598 quo
1363 5527 1559 5580 dictum
1606 5535 1719 5588 est,
1759 5523 1819 5576 Et

317 5710 332 5736 ί
355 5705 432 5751 sic
457 5707 562 5746 Mss.
593 5704 644 5744 At
666 5691 801 5754 Hild,
827 5698 872 5740 et
894 5699 1000 5738 cum
1031 5698 1045 5734 :
1071 5683 1211 5746 paulo
1234 5688 1355 5744 post,
1391 5679 1675 5740 reformatur
1718 5688 1733 5725 :
1777 5682 1825 5723 et

250 5769 398 5824 infra,
423 5758 639 5823 recipiet.

1307 296 1698 356 ENARRATIO
1741 296 1802 350 IN
1844 297 2159 357 PSALMUM
2200 304 2404 362 XCV”.

3356 331 3489 384 1254

1938 415 2113 466 ridebit
2140 421 2298 472 cumis
2335 439 2452 475 caro
2480 426 2698 481 salutare
2730 429 2821 484 Dei
2848 432 3003 502 (Luc.
3032 452 3082 488 ιιι
3105 480 3119 500 ,
3155 436 3223 510 6)
3254 458 3263 491 :
3291 441 3358 495 de
3389 460 3493 511 quo

1935 509 2089 559 etiam
2111 511 2238 564 dixit
2267 514 2350 566 ille
2371 514 2578 569 Simeon
2605 521 2691 586 qtti
2717 521 2962 577 infantem
2982 528 3182 596 aet-epit
3207 526 3256 583 in
3284 509 3490 597 manus,

1940 615 1957 645 ι
1986 597 2131 653 Nunc
2170 602 2421 662 dimittis.
2472 607 2719 673 Domine,
2775 628 2986 668 servum
3028 625 3172 671 tuum
3227 621 3280 674 in
3326 637 3490 691 pace;

1933 691 2175 757 quoniam
2208 694 2448 749 viderunt
2489 699 2625 752 oculi
2672 704 2774 756 mei
2819 705 3046 762 salutare
3089 717 3232 764 tuum
3266 710 3385 781 (1d.
3414 730 3449 768 ιι
3476 757 3491 773 .

1929 781 2149 855 28-50).
2196 786 2382 841 Notam
2415 789 2537 844 fecit
2565 792 2814 850 Dommus
2860 799 3086 854 salutare
3136 816 3310 856 suum.
3342 823 3360 856 ι
3397 803 3493 858 Cui

1933 884 2112 927 notum
2143 875 2301 931 fecit?
2332 882 2497 948 parti,
2530 899 2595 936 an
2643 886 2923 940 universo?
2966 890 3077 944 Non
3129 896 3258 962 parti
3309 897 3489 952 alicui.

1930 963 2096 1018 Nemo
2132 964 2314 1035 fallat,
2364 988 2517 1024 nemo
2554 974 2815 1043 decipiat,
2861 995 3015 1032 nemo
3043 983 3212 1049 dicat,
3258 985 3387 1041 Ecce
3411 989 3490 1041 ltic

1931 1064 2002 1146 est
2029 1055 2251 1112 Christus
2271 1103 2284 1125 ,
2318 1078 2427 1115 ecce
2475 1065 2579 1116 illic
2607 1066 2623 1134 (
2648 1067 2830 1120 Matth.
2864 1085 2984 1122 xxrv
3003 1114 3014 1131 ,
3046 1073 3113 1124 ‘25
3138 1075 3189 1142 ):
3218 1077 3304 1145 qui
3332 1076 3492 1146 dicit,

1934 1144 2062 1197 Ecce
2101 1148 2181 1200 Iu'c
2219 1159 2324 1213 est,
2360 1169 2468 1206 ecce
2500 1154 2604 1207 illic
2627 1199 2641 1216 ,
2675 1169 2848 1225 partes
2889 1161 3136 1215 OSlCltdtl.
3170 1144 3262 1217 Cui
3319 1144 3498 1222 nolunt

1932 1237 2047 1305 fecit
2075 1237 2316 1293 Dominus
2342 1243 2559 1298 salutare
2583 1250 2768 1302 suum?
2787 1251 2916 1302 Audi
2944 1253 3064 1320 quid
3097 1255 3361 1323 sequitur:
3391 1259 3493 1312 Au-

1932 1335 1978 1377 te
2015 1340 2327 1398 conspectum
2371 1336 2589 1403 gentium
2631 1339 2860 1392 revelari!
2892 1342 3329 1410 justitiumsuant.
3360 1348 3495 1401 Dex-

1892 1491 1893 1494 ,
1934 1426 2039 1468 tera
2073 1418 2181 1485 Dei,
2213 1421 2481 1477 brachium
2516 1427 2635 1489 Dei,
2665 1429 2896 1484 salutare
2925 1432 3013 1486 Dei
3036 1474 3049 1492 .
3074 1443 3124 1486 et
3148 1435 3348 1502 justitia
3369 1437 3491 1504 Dei,

1935 1507 2184 1563 Dominus
2215 1523 2293 1565 est
2320 1515 2549 1568 salvator
2582 1528 2761 1574 noster
2787 1521 2942 1575 Jesus
2967 1525 3227 1580 Christus.

2001 1597 2052 1651 5.
2085 1597 2232 1670 [vers.
2257 1601 2334 1675 5.]
2371 1623 2388 1655 ι
2413 1606 2611 1661 Memor
2638 1609 2730 1662 luit
2760 1612 3134 1668 misericordiae
3163 1605 3456 1673 suat-duco!)
3474 1658 3491 1682 .

1932 1696 1984 1741 et
2011 1691 2241 1745 veritatis
2269 1708 2376 1748 sua:
2405 1696 2581 1751 domui
2613 1699 2627 1730 ¹
2657 1699 3012 1769 Ιδι-ςιοι.ιριιίιί
3029 1713 3158 1769 eSt,t
3187 1704 3383 1760 Memor
3400 1710 3493 1762 luit

1932 1779 2302 1837 misericordia:
2331 1795 2386 1838 et
2411 1789 2681 1844 veritatis?
2711 1812 2727 1842 ι
2765 1791 2832 1846 Ut
2861 1797 3215 1863 promitteret,
3251 1800 3495 1856 misertus

1930 1884 2004 1926 est
2029 1891 2042 1939 ;
2068 1876 2184 1944 quia
2219 1881 2458 1946 promisit
2479 1891 2530 1936 et
2556 1883 2794 1938 exhibuit
2821 1887 3231 1942 misericordiam
3252 1931 3267 1955 ,
3301 1892 3494 1946 veritas

1929 1979 2208 2022 Consecuta
2240 1982 2355 2024 est:
2389 1974 2744 2029 misericordia
2775 1979 3025 2045 praemisit
3050 1981 3482 2047 promissionem,

1929 2059 2210 2125 promissio
2241 2062 2469 2116 reddidit
2497 2065 2790 2119 veritatem.
2811 2067 3005 2121 Memor
3022 2070 3117 2137 [uit
3143 2072 3497 2127 misericordia!

1929 2165 2035 2203 sua:
2069 2151 2228 2205 Jacob
2251 2195 2264 2215 ,
2314 2164 2359 2206 et
2402 2155 2621 2208 veritatis
2662 2173 2768 2210 sua:
2807 2158 2978 2211 domui
3011 2159 3193 2214 Israel.
3224 2163 3287 2215 Et
3324 2164 3447 2232 quid
3471 2165 3497 2218 ’ἶ

1931 2249 2128 2293 tantum
2158 2243 2320 2297 Jacob
2343 2286 2358 2309 ,
2391 2255 2442 2297 ct
2463 2257 2681 2300 tantum
2712 2249 2888 2301 domui
2933 2250 3134 2305 Israel?
3167 2253 3367 2308 Domus
3403 2255 3493 2308 Ju-

1931 2331 2160 2383 daeurum
2193 2343 2247 2386 et
2293 2352 2519 2406 propago
2567 2337 2649 2389 illa
2683 2338 2906 2392 Abralue
2945 2343 3230 2396 secundum
3275 2360 3490 2397 carnem

1931 2424 2064 2477 solet
2089 2423 2188 2477 dici
2228 2425 2416 2478 domus
2445 2426 2599 2480 Israel
2623 2471 2636 2492 ,
2664 2438 2717 2483 et
2764 2429 2923 2484 Israel
2953 2431 3134 2485 Jacob.
3163 2433 3326 2488 JaCob
3350 2438 3492 2491 enim

1930 2512 2066 2566 ﬁlius
2092 2514 2231 2568 Isaac
2252 2555 2267 2580 ,
2299 2516 2439 2600 lsnac
2469 2528 2642 2588 autem
2671 2520 2781 2588 ipse
2812 2522 2948 2574 ﬁlius
2971 2523 3213 2578 Ahrabte.
3247 2525 3384 2596 Ergo
3403 2526 3490 2580 Ja-

1929 2609 2029 2660 cob
2059 2621 2222 2676 nepos
2245 2610 2466 2663 Abrahae
2499 2610 2625 2676 fuit;
2659 2623 2712 2667 et
2751 2614 2814 2667 de
2845 2614 3006 2668 Jacob
3045 2617 3318 2672 duodecim
3361 2619 3490 2682 ﬁlii,

1931 2706 1983 2749 et
2027 2697 2093 2751 de
2124 2698 2398 2753 duodecim
2446 2702 2564 2754 ﬁliis
2612 2703 2853 2757 universa
2894 2721 3124 2777 propago
3168 2707 3493 2777 Iudaeorum.

1931 2787 2187 2856 Numquid
2219 2792 2320 2845 illis
2346 2801 2545 2846 L'ttttttm
2576 2796 2860 2862 promissus
2886 2769 2966 2851 est
2991 2769 3274 2855 Cliristus?
3298 2769 3351 2857 Si
3383 2804 3492 2857 dis-

1931 2879 2096 2931 cutias
2121 2881 2243 2949 quid
2275 2883 2341 2934 sit
2368 2881 2526 2936 Israel
2545 2924 2558 2946 ,
2593 2884 2771 2939 Israeli
2807 2889 3093 2952 promissus
3118 2901 3199 2944 est
3226 2893 3482 2947 Christus.

1930 2969 2093 3026 Israel
2121 2981 2199 3025 cst
2219 2972 2416 3026 Vidcns
2444 2976 2626 3049 Deum.
2654 2977 2964 3032 Videbinms
2993 2997 3083 3048 per
3126 2985 3355 3050 speciem
3382 3026 3398 3050 ,
3446 2988 3491 3040 si

1931 3077 2067 3115 nunc
2091 3063 2355 3117 rideamus
2384 3081 2478 3135 per
2506 3066 2680 3120 ﬁdem.
2701 3069 2896 3124 llabeat
2923 3072 3102 3124 oculos
3131 3072 3261 3127 ﬁdes
3288 3086 3491 3142 nostra,

1931 3163 1981 3208 et
1994 3156 2322 3210 exhibebitur
2335 3159 2530 3212 veritas
2548 3158 2664 3212 ﬁdei
2687 3179 2698 3211 :
2715 3161 2992 3215 credamus
3015 3163 3062 3216 ir.
3082 3180 3200 3217 eum
3217 3181 3369 3234 quem
3387 3183 3489 3220 non

1930 3245 2168 3299 videmus
2187 3250 2281 3317 ,ει
2309 3249 2595 3317 gaudentes
2621 3249 2944 3318 videbimus;
2979 3253 3342 3310 desideremus
3377 3275 3482 3310 non

1930 3336 2127 3400 visum,
2162 3349 2214 3399 et
2239 3337 2471 3391 fruemur
2493 3341 2626 3393 viso.
2659 3341 2798 3411 Ergo
2826 3353 2878 3395 et
2908 3342 3064 3398 modo
3096 3345 3250 3399 Israel
3295 3363 3386 3415 per
3431 3349 3489 3402 ﬁ-

1929 3426 2078 3494 dem;
2107 3438 2228 3483 tunc
2245 3441 2418 3484 autem
2455 3431 2614 3486 Israel
2638 3448 2730 3499 per
2754 3432 3004 3501 speciem,
3032 3433 3163 3489 facie
3187 3437 3251 3489 ad
3283 3437 3489 3494 faciem.

1931 3520 2042 3574 Non
2067 3523 2172 3590 jam
2199 3538 2295 3593 per
2323 3524 2614 3592 speculum,
2649 3540 2750 3579 non
2773 3526 2821 3579 in
2849 3527 3127 3596 :enigmate
3157 3529 3200 3600 (1
3222 3530 3340 3584 Cor.
3362 3549 3485 3595 xm,

1932 3616 2074 3686 12);
2117 3618 2242 3680 sed,
2283 3618 2726 3686 quemadmodum
2789 3620 2983 3672 dictum
3033 3630 3114 3674 est
3157 3637 3186 3675 a
3233 3622 3436 3677 Joanne
3462 3670 3474 3686 ,

1937 3725 1956 3758 ι
1992 3707 2319 3760 Dilectissimi
2344 3750 2357 3773 ,
2390 3708 2480 3760 ﬁlii
2509 3708 2601 3762 Dei
2629 3724 2844 3772 smnus,
2878 3718 2931 3761 et
2969 3710 3201 3764 nondum
3247 3717 3483 3781 apparuit

1929 3800 2052 3868 quid
2075 3801 2269 3853 erimus
2292 3819 2302 3853 :
2327 3801 2519 3854 scimus
2553 3803 2671 3870 quia
2693 3816 2808 3854 cum
2837 3804 3169 3870 apparuerit,
3208 3805 3406 3859 similes
3433 3809 3485 3860 ei

1931 3893 2163 3954 erimus;
2195 3893 2437 3962 quoniam
2470 3892 2760 3946 videbimus
2778 3909 2896 3947 cum
2928 3895 3076 3947 sicuti
3107 3905 3185 3948 est
3216 3914 3236 3947 ι
3266 3895 3308 3957 (Ι
3331 3895 3489 3950 Joan.

1932 3998 2024 4048 ιιι,
2087 3982 2184 4052 2).
2241 3984 2316 4035 Ad
2358 3983 2492 4037 hanc
2541 3985 2792 4039 visionem
2853 3997 3032 4053 parate
3081 3987 3236 4040 corda
3292 3999 3488 4056 vestra,

1929 4073 1993 4127 ad
2045 4074 2144 4127 hoc
2195 4073 2438 4141 gaudium
2493 4084 2671 4142 parate
2733 4075 2934 4130 animas
2979 4087 3219 4132 vestras:
3265 4094 3486 4147 quomo-

1929 4164 1997 4216 do
2049 4163 2091 4217 si
2145 4163 2308 4216 solem
2359 4163 2518 4217 vellet
2581 4165 2716 4217 Deus
2777 4166 3083 4230 ostendere,
3150 4180 3386 4224 mooeret
3433 4179 3492 4226 ut

1930 4255 2112 4309 oculos
2155 4256 2408 4324 pararetis
2469 4257 2676 4322 carnis;
2721 4257 2813 4311 sed
2864 4259 2985 4328 quia
3046 4261 3317 4328 sapientiae
3381 4277 3490 4318 sua:

1931 4346 2160 4412 speciem
2191 4345 2344 4398 vobis
2362 4345 2604 4414 dignatur
2630 4347 2934 4412 ostendere,
2959 4361 3138 4415 parate
3168 4353 3348 4404 oculos
3375 4369 3492 4407 cor-

1929 4435 2030 4488 dis.
2061 4437 2204 4489 Beati
2232 4436 2408 4488 tntnuli
2440 4437 2618 4501 corde,
2650 4440 2894 4506 quoniam
2928 4437 3027 4508 ipsi
3048 4441 3207 4495 Deum
3239 4443 3492 4500 videbunt

1931 4525 2153 4596 (Matth.
2185 4543 2235 4588 v,
2261 4527 2347 4594 8).
2380 4527 2572 4580 Memor
2597 4529 2691 4597 fuit
2712 4530 3066 4583 misericordia:
3099 4549 3202 4585 sua:
3225 4532 3406 4599 Jacob,
3441 4533 3510 4589 et

1929 4618 2147 4670 veritatis
2162 4633 2266 4670 sua:
2286 4617 2452 4670 domui
2473 4618 2656 4672 Israel.
2685 4618 2811 4685 Quis
2833 4630 2914 4674 est
2940 4621 3035 4673 iste
3052 4620 3249 4676 Israel?
3267 4623 3343 4678 Ne
3359 4623 3498 4680 forte

1931 4726 2084 4763 unam
2111 4721 2321 4780 gentem
2345 4712 2546 4780 cogites
2572 4711 2894 4776 Judaaorum,
2925 4712 3042 4765 audi
3063 4715 3199 4781 quod
3221 4715 3458 4784 sequitur
3475 4734 3492 4769 :

1937 4801 2180 4855 Viderunt
2226 4820 2395 4856 omnes
2424 4803 2547 4872 fines
2590 4813 2735 4856 terrae
2769 4801 2992 4858 salutare
3045 4804 3130 4859 Dei
3176 4807 3496 4862 nostri.Nou

1928 4892 2125 4946 dictum
2168 4903 2283 4954 est,
2329 4894 2500 4948 omnis
2531 4903 2708 4958 terra;
2757 4893 2889 4959 sed,
2934 4911 3103 4948 omnes
3142 4898 3270 4964 fines
3307 4908 3492 4951 terra;

1929 4983 2192 5052 quomodo
2217 4983 2427 5048 dicitur,
2459 4999 2488 5038 a
2521 4983 2745 5038 termino
2777 4999 2942 5055 usque
2967 4987 3032 5040 ad
3060 4973 3359 5041 terminum.
3382 4988 3488 5042 Ne-

1929 5092 2016 5128 mo
2031 5076 2290 5136 concidat,
2307 5091 2462 5128 nemo
2475 5074 2720 5143 dissipet;
2738 5075 2886 5131 fortis
2901 5086 2981 5131 est
2999 5078 3166 5133 unitas
3179 5077 3493 5132 Cbristi.'l'ov

1931 5176 2038 5218 tum
2070 5166 2233 5226 emit,
2281 5165 2369 5234 qui
2401 5174 2599 5218 tantum
2627 5167 2850 5234 pretium
2881 5167 3024 5222 dedit
3052 5185 3064 5220 :
3107 5166 3343 5222 Viderunt
3370 5185 3486 5222 om-

1931 5274 2016 5310 nes
2047 5257 2170 5322 lines
2200 5264 2345 5308 terra:
2366 5255 2586 5310 salutare
2617 5256 2707 5310 Dei
2736 5259 2912 5312 nostri.

1997 5348 2053 5401 4.
2074 5346 2231 5419 [vers.
2260 5345 2338 5418 4.]
2355 5347 2486 5412 Quia
2511 5363 2638 5416 ergo
2665 5349 2938 5412 viderunt,
2978 5347 3197 5402 Jubilate
3220 5345 3354 5409 Deo,
3379 5351 3487 5404 uni.

1928 5457 2066 5493 versa
2092 5449 2241 5490 terra.
2267 5437 2382 5491 Jam
2415 5439 2580 5492 nostis
2610 5438 2735 5506 quid
2780 5439 2849 5493 sit
2887 5439 3128 5506 jubilare.
3153 5439 3388 5508 Gaudete
3433 5453 3489 5498 cl

1931 5529 2218 5603 loquimini.
2237 5528 2444 5598 Siquod
2461 5529 2696 5597 gaudetis
2710 5529 2850 5598 loqui
2872 5545 2976 5581 non
2999 5530 3230 5597 potestis,
3247 5530 3490 5601 jubilate:

1930 5622 2174 5692 gaudium
2203 5631 2434 5674 vestrum
2463 5619 2719 5688 exprimat
2749 5618 3018 5688 jubilatio,
3071 5622 3113 5674 si
3157 5637 3260 5677 non
3315 5633 3492 5695 potest

1998 5736 2010 5764 ¹
2032 5735 2101 5786 Sic
2128 5732 2292 5794 plures
2308 5738 2413 5780 Mss.
2440 5739 2492 5779 At
2513 5729 2643 5791 tidd.,
2669 5728 2850 5780 domus.
