3984 6204
438 372 575 426 5255

437 488 630 544 locutio
655 503 667 537 :
696 498 799 538 non
824 479 890 534 sit
920 488 1095 531 tamen
1121 478 1323 525 mutum
1351 463 1597 538 gaudium
1623 480 1637 528 ;
1667 476 1760 517 cor
1786 475 1888 514 non
1916 468 1997 512 ta-

436 589 555 635 ceat
585 577 748 631 Deum
790 583 975 631 suum,
1017 579 1122 618 non
1170 562 1339 615 taceat
1382 569 1601 617 munera
1643 551 1777 622 ejus.
1809 550 1865 604 Si
1910 547 2026 601 tibi-

438 669 687 741 loqueris,
712 663 802 718 tibi
829 668 1044 715 sanatus
1064 669 1155 720 es;
1181 653 1225 707 si
1247 651 1295 706 ei
1323 658 1374 704 te
1395 647 1602 703 sanavit
1628 644 1842 698 dextera
1864 639 1998 706 ejus,

436 729 744 828 ei'loquere
785 751 869 807 cui
915 756 1130 803 sanatus
1168 758 1248 798 es.
1291 759 1310 793 ι
1344 738 1603 793 Viderunt
1648 748 1835 788 omnes
1873 729 2006 784 fines

440 823 869 908 terrae—salutare
913 839 1006 894 Dei
1050 834 1236 892 nostri.
1276 829 1504 887 Jubilate
1548 826 1659 880 Deo
1691 866 1706 890 ,
1761 823 2006 877 universa

438 950 609 1000 terra;
639 941 879 995 cantate,
908 939 962 983 et
994 925 1254 981 exsultate
1277 964 1292 988 ,
1321 931 1374 975 et
1398 919 1633 991 psallite.

506 1031 559 1086 5.
588 1027 756 1103 (vers.
778 1021 870 1095 5.]
897 1020 1111 1076 Psallite
1136 1015 1353 1070 Domino
1378 1008 1483 1064 Deo
1505 1017 1678 1061 nostro
1709 1005 1760 1059 in
1782 1003 2005 1064 cithara,

440 1125 491 1179 in
517 1096 711 1177 cithara
735 1127 780 1171 et
806 1131 922 1169 voce
952 1110 1153 1183 psalmi.
1174 1105 1390 1163 Psallile
1413 1145 1427 1165 ,
1460 1116 1564 1155 non
1599 1112 1730 1152 voce
1760 1096 1907 1159 sola;
1933 1108 2011 1145 as-

441 1217 633 1271 sumite
656 1224 818 1280 opera
839 1249 857 1272 ,
885 1213 942 1260 ut
970 1218 1076 1258 non
1107 1211 1308 1254 tantum
1335 1194 1558 1250 cautetis
1575 1230 1592 1255 ,
1622 1187 1716 1244 sed
1738 1196 1792 1242 et
1820 1199 2012 1256 opere-

443 1306 592 1364 ntini.
620 1275 717 1371 Qui
747 1305 925 1360 cantat
963 1305 1020 1351 et
1059 1300 1328 1364 operatur,
1359 1284 1538 1358 psallit
1563 1283 1616 1337 in
1644 1278 1848 1336 cithara
1873 1285 1928 1331 et
1957 1275 2009 1329 in

355 1406 360 1417 '
443 1395 713 1470 psalterio.

512 1489 565 1543 6.
595 1485 757 1559 [vers.
780 1479 858 1554 6.]
884 1478 953 1534 Et
984 1476 1106 1533 vide
1153 1470 1330 1544 qualia
1359 1480 1559 1539 organa
1602 1462 1963 1533 adiunguntur
1993 1458 2010 1491 ι

445 1580 495 1634 in
539 1549 1013 1647 similitudinibus;
1046 1564 1112 1619 1η
1152 1562 1282 1617 tubis
1329 1557 1596 1613 ductilibus
1639 1562 1687 1608 et
1728 1566 1841 1606 voce
1883 1549 2017 1603 tuba!

442 1683 655 1726 cornere.
682 1662 820 1735 Quid
862 1660 963 1717 sibi
1001 1642 1186 1712 volunt
1216 1652 1353 1709 tubae
1381 1649 1605 1704 ductiles
1633 1654 1683 1700 et
1715 1642 1852 1697 tuba:
1892 1655 2015 1694 cor-

447 1760 594 1817 nea)?
625 1730 854 1812 Doctiles
879 1751 1021 1806 tuba:
1049 1762 1203 1802 mres:
1231 1750 1381 1805 sunt,
1413 1735 1684 1794 tundendo
1712 1730 2014 1802 producun—

448 1865 551 1908 tur.
583 1852 640 1913 Si
667 1844 957 1917 tundendo,
999 1854 1125 1910 ergo
1154 1832 1469 1907 vapulando.
1500 1827 1658 1883 Eritis
1683 1825 1820 1878 tttbzc
1843 1818 2015 1875 ducti-

448 1948 556 2010 les,
600 1908 664 1997 ad
704 1908 913 1993 laudem
946 1908 1044 1987 Dei
1067 1908 1388 2001 producta),
1434 1921 1479 1976 si
1527 1935 1647 1974 cum
1696 1908 2016 1969 tribulamini

451 2007 738 2111 proficiatis
763 2052 776 2088 :
807 2027 1072 2086 tribulatio
1104 2021 1299 2093 tunsio,
1327 2016 1591 2089 profectus
1616 2007 1889 2081 productio
1913 2012 2014 2058 est.

449 2108 596 2186 'l‘uba
641 2125 851 2182 ductilis
887 2128 1002 2176 erat
1041 2116 1175 2182 Job,
1217 2108 1427 2183 quando
1475 2112 1693 2176 repente
1736 2110 2018 2170 percussus
2062 2130 2067 2135 -

378 2218 383 2227 ’
450 2221 608 2277 tantis
634 2216 839 2273 damnis
866 2221 920 2267 et
947 2208 1173 2265 orbitate
1200 2202 1449 2263 ﬁliorum,
1482 2194 1724 2252 luusione
1753 2190 1839 2243 illa
1863 2194 2019 2240 tanta:

451 2306 805 2367 tribulationis
850 2302 1018 2358 factus
1061 2297 1183 2352 tuba
1225 2291 1469 2352 ductilis,
1511 2284 1732 2343 sonuit:
1776 2279 2019 2334 Dominus

449 2403 618 2468 dedit,
654 2398 894 2452 Dominus
933 2389 1169 2452 abstulit;
1206 2386 1333 2440 sicut
1381 2379 1596 2435 Domino
1623 2372 1811 2445 placuit
1837 2371 1908 2424 ita
1936 2373 2017 2441 fa-

450 2504 583 2547 ctum
610 2498 682 2544 est
704 2503 721 2542 :
744 2487 807 2541 sit
828 2498 1008 2539 nomen
1043 2475 1250 2533 Domini
1273 2470 1603 2527 benedictum.
1631 2460 1907 2532 Quomodo
1935 2476 2023 2515 so-

453 2582 600 2638 nuit!
631 2593 785 2648 quam
817 2587 1030 2630 suavem
1064 2580 1251 2623 sonum
1296 2560 1472 2618 dedit!
1517 2558 1621 2612 lsta
1652 2552 1860 2609 ductilis
1898 2549 2022 2603 tuba

455 2676 629 2732 adhuc
651 2638 930 2727 tunditur:
964 2665 1117 2717 datus
1144 2668 1227 2715 est
1263 2657 1316 2711 in
1351 2658 1693 2724 potestatem,
1724 2638 1785 2698 ut
1820 2652 1875 2697 et
1899 2654 2024 2696 caro

453 2767 569 2839 ejus
586 2767 975 2835 percuteretur;
996 2740 1242 2824 percussa
1260 2755 1360 2811 est,
1379 2741 1541 2812 coepit
1560 2746 1884 2809 putrescere,
1904 2746 2023 2785 sca-

456 2828 569 2915 tere
589 2828 882 2910 vermibus.
914 2843 1197 2916 Supposita
1225 2837 1335 2894 Eva
1362 2833 1428 2890 ad
1456 2828 1817 2888 seductionem
1837 2865 1851 2887 ,
1892 2837 2027 2876 uxor

452 2951 568 3023 ejus
600 2954 804 3002 servata
833 2940 896 2996 ad
923 2934 1270 2993 ministerium
1298 2924 1519 2988 diaboli,
1552 2936 1661 2978 non
1686 2917 1752 2974 ad
1779 2916 2025 2972 solatium

453 3007 654 3105 mariti,
697 3033 929 3105 suggerit
966 3023 1378 3097 blaSphemiam;
1414 3033 1518 3073 non
1556 3014 1890 3082 obtemperat
1913 3007 2021 3061 ille.

407 3163 414 3173 -
452 3098 846 3198 Obtemperavit
886 3121 1056 3177 Adam
1085 3117 1209 3172 Eva;
1249 3114 1300 3168 in
1345 3107 1587 3198 paradiso
1626 3101 1778 3175 (Gen.
1812 3115 1901 3198 in,
1930 3098 2023 3165 6);

453 3188 660 3290 repellii
685 3214 851 3271 Adam
880 3212 1041 3265 Evam
1068 3207 1120 3260 in
1145 3212 1399 3259 stercore.
1429 3196 1484 3250 ιιι
1514 3204 1747 3249 stercore
1773 3188 1913 3243 enim
1942 3199 2027 3239 se-

454 3274 614 3366 debat
638 3306 739 3363 Job
757 3346 772 3370 ,
799 3318 931 3371 cum,
948 3286 1135 3354 [lueret
1159 3302 1214 3348 et
1237 3292 1565 3361 putresceret
1591 3280 1879 3337 vermibus.
1909 3274 2020 3328 Me-

406 3414 410 3423 ‘
456 3402 557 3457 lior
578 3399 679 3455 Job
705 3394 872 3465 putris
895 3369 947 3445 in
973 3396 1233 3448 stercore,
1259 3394 1414 3450 quam
1444 3376 1531 3430 ille
1560 3373 1765 3441 integer
1788 3369 1841 3421 in
1872 3379 2026 3435 para-

455 3495 590 3550 disc.
622 3462 727 3545 Sed
756 3485 927 3540 adhuc
965 3480 1056 3535 illa
1100 3477 1207 3532 Eva
1253 3481 1401 3535 erat,
1442 3469 1550 3540 jam
1596 3465 1687 3520 ille
1716 3462 1880 3517 Adam
1923 3473 2028 3512 non

459 3594 592 3641 erat.
627 3574 920 3647 Respondit
958 3571 1080 3637 Eva:
1110 3571 1417 3638 praeparatae
1440 3559 1505 3614 ad
1536 3558 1689 3612 istam
1722 3551 2029 3621 supplanta-

460 3677 659 3731 tionem
689 3644 749 3723 et
772 3663 1117 3722 tentationem
1138 3701 1154 3725 ,
1196 3666 1251 3712 et
1292 3655 1367 3709 ait
1403 3653 1515 3707 illi:
1550 3649 1708 3721 (Ecce
1735 3644 2031 3699 audivimus

457 3763 722 3839 quomodo
751 3758 984 3815 tunditur
1008 3755 1127 3808 tuba
1156 3752 1274 3805 ista.
1304 3744 1569 3803 Percussit
1588 3757 1708 3797 eum
1731 3736 1972 3794 diabolus
1998 3749 2027 3788 a

459 3860 631 3928 capite
651 3867 819 3924 usque
838 3850 901 3904 ad
920 3847 1086 3919 pedes
1104 3843 1251 3916 gravi
1267 3841 1501 3903 vulnere,
1523 3845 1576 3891 et
1591 3844 1897 3905 putrescens
1917 3844 2035 3884 ver-

459 3918 650 4012 mibus,
673 3918 890 3998 sedebat
910 3918 961 3992 in
986 3948 1241 3993 stercore.
1263 3929 1572 3986 Audivimus
1592 3918 2033 3995 quemadmodum

463 4050 647 4097 tunsus
666 4044 778 4099 est;
800 4030 1079 4087 audiamus
1100 4023 1368 4098 quomodo
1393 4029 1545 4076 sonet
1566 4038 1578 4073 :
1608 4017 1745 4072 tulue
1767 4013 1920 4083 hujus
1941 4011 2038 4067 du-

460 4131 597 4186 ctilis
624 4126 831 4183 dulcem
872 4137 1086 4184 vocem,
1117 4118 1161 4172 si
1188 4117 1375 4188 placet,
1405 4108 1725 4176 audiamus.)
1751 4105 1939 4159 Locuta
1961 4106 2035 4188 es,

462 4222 665 4294 inquit,
704 4229 942 4287 tanquam
982 4180 1085 4267 una
1128 4180 1205 4264 ex.
1229 4204 1577 4277 insipientibus
1617 4198 1922 4253 mulieribus.
1976 4180 2039 4249 Si

464 4313 593 4366 bona
610 4306 919 4380 percepimus
935 4303 996 4356 de
1011 4316 1164 4354 manu
1185 4294 1401 4358 Domini,
1420 4291 1556 4345 mala
1572 4305 1674 4343 non
1689 4285 2039 4340 sustinebimus

465 4401 588 4473 (Job
609 4374 646 4462 ἰ,
679 4374 805 4465 ll)?
828 4393 870 4448 Ο
892 4407 1079 4447 sonum
1102 4386 1319 4443 fortem!
1345 4399 1378 4437 o
1395 4395 1581 4436 sonum
1604 4379 1846 4433 dulcem!
1871 4374 2038 4443 Quem

467 4508 572 4546 non
598 4487 946 4543 dormientem
971 4481 1164 4537 excitet
1190 4490 1351 4539 sonus
1373 4473 1506 4527 iste?
1531 4485 1689 4540 quem
1712 4483 1814 4522 non
1845 4464 2039 4521 excitet

469 4577 875 4655 praesumptioni
897 4574 1028 4640 Deo,
1046 4581 1105 4626 ut
1123 4569 1375 4624 adversus
1394 4564 1658 4619 diabolum
1681 4574 1896 4616 securus
1916 4572 2042 4629 pro-

469 4673 622 4729 cedat
662 4648 713 4723 in
745 4668 1019 4739 puellum;
1065 4678 1169 4717 non
1213 4660 1323 4714 suis
1346 4656 1545 4711 viribus
1569 4655 1903 4717 obtenturus,
1947 4648 2041 4705 sed

472 4765 613 4819 illius
655 4759 742 4830 qui
776 4753 1150 4828 prohat?.Quia
1192 4752 1303 4820 ipse
1328 4747 1485 4803 etiam
1517 4743 1716 4807 tundit;
1756 4757 1860 4795 non
1899 4740 2041 4794 enim

376 4836 379 4839 I
472 4856 668 4909 laceret
716 4848 933 4903 malleus
964 4846 981 4878 ⁸
1021 4845 1088 4900 de
1129 4843 1323 4911 seipse.
1374 4839 1448 4893 De
1488 4837 1626 4891 illius
1667 4832 1805 4888 enim
1850 4830 2041 4885 diaboli

474 4959 628 5014 pruna
673 4938 849 4995 futura
880 4935 1132 5007 propheta
1173 4940 1596 4985 commemorans
1622 4924 1691 4978 ait
1737 4942 1751 4978 :
1792 4921 2044 4977 Contritus

475 5013 546 5089 est
577 5030 787 5087 malleus
824 5028 1067 5082 universte
1104 5034 1246 5078 terra:
1284 5019 1508 5095 (Jerem.
1551 5033 1616 5075 ι..
1643 5015 1757 5084 23).
1800 5013 2043 5068 Malleum

478 5127 740 5179 universae
782 5130 973 5181 terrm,
1016 5114 1283 5169 diabolum
1327 5109 1492 5164 voluit
1536 5105 1775 5175 intelligi.
1808 5103 1886 5158 De
1931 5103 2045 5171 ipso

478 5215 749 5271 malleo'in
791 5225 945 5265 manu
974 5208 1065 5263 Dei
1112 5206 1302 5275 posito,
1340 5202 1392 5257 id
1420 5201 1596 5256 estin
1634 5206 1891 5270 poteState
1917 5196 2044 5260 Dei,

480 5305 772 5361 tunduntur
794 5300 1020 5357 ductiles
1050 5297 1207 5362 tubm,
1234 5305 1291 5347 nt
1313 5301 1563 5348 resonent
1589 5289 1772 5345 laudes
1807 5287 1919 5342 Dei.
1950 5286 2046 5340 Vi-

483 5395 606 5450 dete
631 5389 1070 5465 quemadmodum
1098 5384 1305 5459 (audeo
1345 5383 1539 5444 dicere,
1582 5380 1767 5434 fratres
1794 5378 1894 5432 mei
1918 5374 1958 5448 ,)
1980 5376 2048 5432 de

480 5487 583 5541 isto
606 5485 797 5540 malleo
824 5484 981 5539 etlam
1008 5477 1291 5548 Apostolus
1329 5472 1679 5529 tondebatur:
1709 5468 1773 5523 In
1799 5469 2048 5541 magnitu-

479 5580 598 5633 dine
617 5619 633 5642 .
658 5575 869 5647 inquit,
897 5572 1255 5629 revelationum
1284 5584 1347 5621 ne
1387 5563 1622 5628 extollar,
1651 5564 1797 5615 datus
1825 5571 1896 5615 est
1925 5558 2047 5612 mihi

481 5668 714 5725 stimtttus
739 5665 904 5720 carnis
923 5678 1050 5718 mete
1073 5661 1283 5732 angelus
1304 5666 1514 5721 satanre,
1539 5655 1624 5726 qui
1654 5669 1731 5708 me
1746 5650 2042 5723 colaphiset.

548 5804 564 5834 ³
593 5800 669 5850 sic
691 5804 904 5860 potiores
922 5802 1030 5846 uss.
1052 5792 1154 5854 Alit,
1171 5791 1413 5843 malleum.
1434 5785 1637 5849 Mhi-1.,
1657 5783 1868 5836 matteas.

1660 346 1715 401 S.
1747 340 2113 401 AUCUSTINI
2154 336 2451 393 El’lSCOPl

3534 330 3672 389 1256

2111 457 2245 511 Ecce
2272 455 2537 520 tunditur;
2563 453 2831 508 videamus
2853 450 3295 521 quemadmodum
3321 460 3473 507 sonet
3500 470 3512 506 :
3546 451 3676 510 Pro-

2109 556 2215 615 pter
2241 544 2396 614 quod,
2422 544 2621 614 inquit,
2644 552 2717 596 ter
2741 540 3009 595 Dominum
3028 542 3218 612 rogavi,
3241 552 3296 595 ut
3318 542 3542 612 auferret
3562 559 3677 598 eum

2107 652 2139 686 a
2162 649 2260 698 me;
2283 643 2328 687 et
2361 634 2488 688 dixit
2513 633 2654 696 mihi,
2680 632 2875 703 Suﬂicit
2906 632 2991 687 tibi
3020 633 3182 702 gratia
3207 649 3357 696 mea;
3386 650 3503 687 nam
3528 636 3683 687 virtus

2109 729 2160 781 in
2189 728 2483 796 infirmitate
2509 726 2787 797 perﬁcitur.
2820 727 2926 796 Ego
2952 726 3129 779 tubam
3155 766 3170 790 ,
3198 724 3369 794 inquit
3395 726 3483 780 ille
3524 725 3684 781 fabri-

2110 827 2280 885 cator,
2311 818 2570 887 perlicere
2595 817 2753 881 volo;
2783 832 2886 871 non
2921 815 3186 885 perficiam
3216 816 3317 870 nisi
3346 816 3559 869 tuntlam
3589 834 3605 870 :
3634 818 3688 869 in

2111 909 2402 978 infirmitate
2428 909 2583 962 virtus
2610 908 2886 977 per/icitur.
2914 907 2980 960 Et
3017 905 3139 960 audi
3163 905 3272 975 jam
3308 890 3472 975 ipsmn
3503 907 3686 961 tubam

2111 1000 2357 1055 ductilem
2379 1001 2515 1056 bene
2535 1008 2808 1053 sonantem
2836 1019 2848 1052 :
2875 998 3089 1066 Quando
3103 997 3354 1066 inﬁrmor,
3372 1009 3489 1051 tunc
3514 1006 3691 1068 potens

2113 1109 2225 1147 sum
2263 1092 2343 1164 (11
2370 1092 2486 1146 Cor.
2531 1108 2627 1158 xu,
2657 1088 2829 1163 7-10).
2866 1090 2932 1144 Et
2967 1092 3076 1160 ipse
3101 1088 3405 1158 Apostolus,
3439 1098 3687 1159 tanquam

2114 1184 2381 1252 apostolus
2405 1183 2613 1238 haerens
2639 1182 2872 1248 Christo,
2903 1182 3110 1236 hmreus
3133 1180 3207 1235 illi
3234 1180 3469 1236 dexterm
3494 1182 3560 1236 de
3584 1197 3688 1251 qua

2114 1284 2323 1330 tenetur
2365 1274 2585 1329 malleus
2612 1283 2673 1329 ut
2700 1272 2955 1353 producat
2999 1272 3175 1327 tubam
3199 1313 3216 1338 ,
3248 1272 3301 1326 in
3341 1272 3426 1325 illa
3470 1271 3690 1327 dextera

2116 1365 2318 1436 positus
2345 1363 2470 1419 facit
2494 1374 2547 1419 et
2577 1365 2690 1434 ipse
2727 1363 2793 1418 de
2832 1363 2949 1434 ipso
2973 1363 3193 1425 malleo;
3225 1361 3352 1416 dicit
3376 1361 3443 1416 de
3470 1363 3689 1432 quihus-

2116 1456 2260 1520 dam,
2292 1455 2431 1520 Quos
2461 1455 2650 1509 tradidi
2677 1462 2888 1517 satame,
2922 1462 2973 1506 ut
2996 1453 3192 1507 discant
3216 1468 3317 1507 non
3343 1452 3695 1521 blasphemare

2119 1546 2173 1620 (l
2199 1546 2331 1600 Tim.
2382 1562 2419 1612 ι,
2449 1544 2567 1617 20).
2598 1545 2837 1600 Tradidit
2866 1544 3056 1598 malleo
3085 1541 3402 1598 tundendos.
3434 1542 3569 1597 Male
3596 1559 3692 1595 so-

2119 1640 2316 1693 nabant
2346 1649 2627 1709 antequam
2674 1636 3126 1707 producerentur;
3175 1634 3311 1690 forte
3352 1635 3589 1705 producti
3638 1644 3695 1689 et

2119 1732 2241 1787 facti
2263 1732 2402 1786 tuba:
2422 1729 2667 1795 ductiles,
2694 1729 2886 1783 amissa
2907 1717 3253 1797 blasphemia,
3279 1725 3460 1781 laudes
3485 1726 3692 1782 Domini

2120 1830 2433 1878 sonuerunt.
2465 1822 2555 1875 lim
2584 1830 2707 1875 sunt
2731 1820 2867 1873 tuba:
2895 1818 3139 1873 ductiles.
3646 1870 3651 1875 _

2190 1914 2244 1970 7.
2287 1913 2399 1969 Vox
2430 1914 2567 1966 tuba:
2596 1898 2956 1980 eornem‘quid
2985 1908 3102 1963 est?
3128 1906 3306 1964 Cornu
3331 1906 3540 1963 excedit
3568 1922 3693 1961 car-

2120 2010 2242 2063 nem
2274 2024 2287 2060 :
2319 2021 2539 2062 necesse
2576 2015 2660 2060 est
2696 1994 2754 2057 ιίι
2783 2019 2994 2057 carnem
3039 2000 3339 2072 superando
3382 2000 3445 2054 sit
3485 1999 3692 2053 lirmum

2121 2099 2188 2154 ad
2232 2096 2646 2168 perdurandum,
2691 2106 2743 2149 et
2789 2109 2954 2166 capax
2999 2093 3164 2148 vocis.
3207 2091 3311 2148 Sed
3357 2091 3498 2146 unde
3549 2091 3694 2145 hoc?

2121 2192 2252 2259 Quia
2280 2205 2495 2246 carnem
2541 2188 2826 2256 superavit.
2874 2186 2972 2253 Qui
3015 2185 3128 2240 vult
3154 2199 3273 2238 esse
3320 2182 3444 2238 tuba
3474 2197 3692 2245 cornea.

2122 2291 2590 2354 superet'carnem.
2609 2278 2743 2348 Quid
2766 2286 2868 2341 est,
2890 2285 3101 2347 superet
3120 2275 3370 2332 carnem?
3399 2274 3695 2329 Transccno

2123 2374 2215 2431 dat
2254 2371 2495 2429 carnales
2523 2370 2764 2435 allectus,
2793 2370 2969 2426 vincat
2994 2368 3235 2422 carnales
3262 2366 3529 2422 libidines.
3556 2366 3695 2422 Audi

2124 2466 2280 2521 tubas
2318 2477 2540 2519 cor-neas
2569 2480 2583 2515 :
2619 2479 2638 2514 ι
2671 2461 2726 2517 Si
2773 2469 2949 2514 autem
2993 2454 3363 2513 resurrex'istis
3392 2471 3512 2511 cum
3540 2455 3694 2510 Chri-

2123 2565 2231 2623 sto,
2267 2573 2288 2609 ι
2320 2553 2606 2624 Apostolus
2641 2552 2790 2616 dicit,
2829 2568 2849 2602 α
2885 2565 3003 2621 qua:
3045 2564 3254 2603 sursum
3292 2556 3415 2601 sunt
3451 2546 3693 2616 qua-rite,

2124 2646 2215 2703 ubi
2243 2646 2484 2702 Christus
2511 2653 2593 2699 est
2620 2643 2671 2698 in
2698 2642 2916 2696 dextera
2947 2626 3047 2695 Dei
3066 2636 3294 2703 sedens;
3335 2651 3453 2707 quae
3483 2648 3696 2691 sursum

2126 2747 2251 2792 sunt
2268 2737 2457 2807 sapite,
2476 2750 2579 2790 nou
2597 2750 2713 2805 qua:
2733 2748 2893 2803 super
2918 2742 3110 2787 terram
3133 2748 3151 2782 ι
3174 2729 3388 2801 (Coloss.
3413 2745 3489 2789 III.
3509 2730 3531 2784 l
3555 2740 3598 2783 et
3614 2727 3692 2800 9.).

2126 2829 2260 2898 Quid
2291 2837 2394 2896 est,
2429 2845 2449 2879 ι
2488 2843 2603 2897 qmc
2630 2840 2838 2881 sursum
2866 2832 2991 2879 sunt
3017 2822 3274 2891 qumrite?
3309 2841 3324 2873 ι
3369 2819 3422 2875 ld
3451 2829 3553 2885 est,
3579 2837 3699 2876 car-

2127 2936 2250 2976 nem
2278 2918 2537 2982 excedite,
2563 2916 2725 2971 nolite
2745 2915 2978 2969 carnalia
3002 2916 3253 2983 cogitare.
3279 2911 3523 2967 Nondum
3544 2921 3700 2966 erant

2128 3012 2269 3067 tuba:
2295 3024 2525 3074 corneae,
2559 3006 2752 3078 quibus
2792 3005 2967 3060 adhuc
2997 3004 3067 3059 ita
3116 3002 3430 3072 loquebatur
3458 3020 3472 3058 :
3506 3020 3525 3054 ι
3570 3001 3703 3057 Fra-

2129 3113 2258 3168 tres,
2292 3112 2396 3157 non
2428 3101 2573 3171 potui
2616 3100 2767 3154 vobis
2813 3097 2958 3167 loqui
2998 3096 3145 3167 quasi
3182 3094 3562 3164 spiritualibus,
3603 3093 3700 3149 sed

2128 3193 2278 3264 quasi
2308 3170 2628 3247 carnalibus.
2674 3189 2946 3258 Tanquam
2992 3184 3223 3257 parvulis
3262 3184 3315 3239 in
3345 3183 3577 3247 Christo,
3620 3184 3700 3238 lac
3796 3170 3801 3175 ⁷

2130 3283 2279 3339 vobis
2308 3292 2489 3354 potum
2509 3280 2652 3344 dedi,
2676 3296 2777 3334 non
2804 3294 3015 3342 escam;
3049 3292 3221 3347 neque
3246 3276 3386 3330 enim
3413 3274 3699 3346 poteratis:

2130 3374 2224 3430 sed
2256 3389 2353 3429 nec
2400 3371 2573 3428 adhuc
2607 3371 2819 3442 quidem
2871 3369 3127 3439 potestis;
3176 3367 3305 3421 estis
3344 3367 3483 3421 enim
3529 3362 3702 3421 adhuc

2131 3465 2392 3549 carnales.
2427 3471 2447 3517 ι
2483 3464 2621 3534 Ergo
2649 3462 2753 3517 non
2800 3470 2952 3518 erant
2996 3459 3133 3515 tuba:
3175 3474 3409 3527 corner,
3436 3460 3555 3529 quia
3596 3474 3702 3515 non

2132 3564 2472 3614 excesserant
2495 3569 2730 3609 carnem.
2752 3551 2928 3608 Cornu
2954 3560 3011 3607 et
3034 3550 3180 3606 carni
3207 3550 3394 3618 lueret,
3412 3561 3466 3605 et
3488 3565 3704 3606 carnem

2134 3647 2371 3711 excedit;
2399 3656 2455 3702 et
2476 3660 2776 3717 quanquam
2809 3642 2876 3699 de
2911 3658 3072 3698 carne
3100 3641 3323 3709 oriatur,
3350 3652 3562 3710 superat
3589 3657 3709 3698 car-

2136 3754 2279 3795 nem.
2308 3737 2361 3794 Si
2389 3737 2478 3793 es‘
2507 3751 2637 3808 ergo
2660 3751 2725 3791 ex
2754 3734 2951 3791 carnali
2981 3732 3309 3803 Spiritualis;
3341 3732 3514 3787 adhuc
3545 3747 3709 3788 carne

2135 3828 2310 3883 caleas
2336 3836 2555 3890 terram,
2576 3836 2631 3881 et
2656 3825 2845 3896 spiritu
2878 3824 3114 3895 erumpis
3139 3825 3190 3877 in
3217 3822 3408 3879 caelum
3427 3842 3442 3878 :
3463 3821 3530 3877 In
3558 3839 3711 3879 carne

2135 3923 2269 3977 enim
2297 3922 2624 3986 ambulantes,
2658 3918 2843 3989 inquit,
2880 3933 2978 3970 non
3022 3916 3295 3970 secundum
3340 3932 3538 3970 carnem
3575 3916 3709 3969 mili-

2140 4022 2301 4066 tamus
2331 4010 2402 4083 (ll
2431 4010 2550 4064 Cor.
2582 4026 2641 4075 x,
2665 4009 2743 4082 5).
2773 4009 2905 4064 Nam
2945 4007 3073 4062 illud
3100 4007 3289 4078 quibus
3323 4007 3453 4062 dixit
3478 3990 3707 4077 A‘postu-
3782 4019 3801 4029 “

2141 4101 2242 4166 lus,
2268 4100 2482 4163 fratres,
2513 4114 2619 4155 non
2643 4099 3124 4170 praetermittamus.
3157 4095 3293 4163 Quid
3319 4096 3421 4151 illis
3449 4096 3541 4160 ait,
3566 4098 3710 4153 unde

2142 4194 2392 4263 probaret
2420 4192 2541 4246 illos
2584 4191 2826 4246 carnales
2869 4189 3096 4244 carnalia
3128 4203 3335 4259 sapere,
3367 4197 3422 4244 et
3471 4189 3707 4244 nondum

2142 4286 2308 4338 factos
2335 4283 2485 4337 tubas
2510 4281 2774 4337 corneus?
2808 4299 2826 4332 ι
2859 4280 2990 4335 Cum
3022 4280 3163 4336 enim
3193 4279 3323 4334 dicit
3347 4281 3710 4351 unuSqniSque

2140 4384 2399 4438 vestrum,
2430 4374 2541 4444 Ego
2571 4389 2688 4428 sum
2735 4371 2923 4437 Pauli;
2971 4372 3126 4435 alius,
3156 4369 3266 4443 Ego
3301 4372 3527 4440 Apollo;
3573 4373 3710 4427 alius

2143 4477 2343 4533 autem,
2374 4465 2487 4537 Ego
2510 4464 2740 4537 Cepheo:
2775 4479 2951 4518 nonne
2985 4463 3225 4518 carnales
3251 4463 3398 4527 estis,
3438 4472 3492 4518 et
3516 4479 3708 4519 secun-

2144 4560 2269 4615 dum
2295 4557 2563 4614 hominem
2594 4556 2907 4612 ambulatis?
2950 4556 3083 4625 Quid
3126 4566 3211 4612 est
3254 4566 3428 4612 autem
3480 4558 3711 4627 Apollo?

2144 4651 2270 4722 quid
2310 4660 2485 4705 autem
2536 4646 2768 4704 Paulus?
2815 4647 3037 4702 Ministri
3084 4647 3197 4713 Dei,
3231 4664 3324 4716 per
3365 4663 3499 4718 quos
3531 4648 3709 4704 credi-

2146 4743 2316 4797 distis.
2355 4741 2468 4812 Ego
2518 4739 2767 4811 plantavi,
2818 4739 3003 4808 Apollo
3050 4738 3270 4807 rigavit;
3317 4739 3409 4792 sed
3455 4740 3593 4793 Deus
3633 4738 3718 4793 in-

2145 4844 2469 4889 crementum
2490 4831 2633 4886 dedit
2662 4850 2681 4883 ι
2716 4830 2757 4901 (l
2787 4829 2903 4885 Cor.
2926 4847 2963 4895 ι,
2989 4830 3075 4895 η,
3103 4840 3151 4883 et
3178 4847 3252 4894 In,
3286 4830 3420 4901 μϐ).
3445 4830 3566 4887 Vult
3594 4831 3716 4886 illos

2147 4940 2273 4996 ergo
2300 4923 2429 4992 erigi
2458 4923 2526 4977 ab
2545 4936 2638 4991 spe
2664 4937 2820 4991 quam
2848 4921 2896 4974 iu
2939 4920 3153 4975 homine
3181 4932 3481 4991 posuerant,
3508 4932 3563 4976 et
3584 4937 3715 4976 cou-

2149 5017 2350 5085 tiogere
2372 5011 2660 5097 spi’ritualia
2688 5009 2917 5077 Christi;
2947 5020 3004 5064 ut
3031 5022 3247 5081 possent
3274 5027 3395 5067 esse
3433 5012 3570 5067 tuba:
3598 5028 3713 5067 cor-

2148 5124 2284 5174 nete,
2310 5107 2354 5162 si
2395 5116 2708 5178 Superarent
2732 5120 2965 5159 carnem.
3002 5103 3238 5172 Fratres,
3267 5104 3437 5160 nolite
3460 5105 3721 5161 insultare

2151 5200 2402 5255 fratribus
2426 5213 2560 5269 quos
2607 5196 2839 5252 nondum
2887 5198 3149 5252 convertit
3196 5197 3560 5253 misericordia
3590 5197 3717 5262 Dei;

2151 5290 2402 5346 noveritis
2426 5290 2548 5359 quia
2584 5287 2837 5359 quamdiu
2875 5286 2977 5342 hoc
3020 5287 3210 5352 facitis,
3252 5303 3465 5343 carnem
3512 5287 3716 5356 sapitis.

2150 5380 2298 5435 Tuba
2345 5394 2448 5444 non
2483 5387 2567 5433 est
2594 5378 2683 5432 illa
2706 5393 2824 5447 qua:
2861 5378 3089 5432 delectat
3133 5392 3291 5433 aures
3313 5378 3467 5431 ‘Dei:
3499 5377 3720 5431 insulta-

2154 5471 2312 5527 tionis
2340 5470 2461 5525 tuba
2509 5469 2889 5524 infructuosum
2934 5467 3129 5523 bellum
3178 5467 3322 5523 facit.
3355 5467 3499 5523 Tuba
3524 5482 3721 5523 cornea

2152 5560 2207 5618 te
2225 5562 2393 5633 erigat
2416 5560 2672 5616 adversus
2699 5559 2990 5626 diabolum,
3018 5575 3120 5614 non
3165 5561 3284 5615 tuba
3312 5572 3505 5614 carnea
3530 5558 3722 5614 adver-

2154 5717 2237 5844 Pe;
2258 5716 2537 5830 accisa"?
2556 5712 2691 5776 πάδη
2718 5712 2824 5765 Fies
2844 5724 2975 5778 ergo,
3002 5721 3097 5763 etc.
3132 5711 3375 5775 rauloque
3413 5719 3536 5776 post,
3558 5723 3718 5764 eratn-
