3984 6204
299 225 442 280 I257

289 361 385 401 sus
413 344 630 400 fratrem
651 351 828 396 tuum.
853 337 920 392 In
943 335 1072 390 tubis
1096 332 1364 389 ductilibus
1391 340 1437 386 et
1466 346 1581 386 uoce
1605 328 1736 386 tuba
1759 345 1870 384 cor-

289 434 636 505 netzjubilate
660 432 712 484 in
739 439 1009 499 conspectu
1034 426 1167 496 regis
1189 423 1446 479 Domini‘.
1540 425 1542 428 ’

359 530 418 586 8.
459 526 621 606 [vera
656 522 801 596 7-9.]
842 523 908 577 Et
952 519 1102 574 vobis
1124 516 1468 588 jubilantibus
1508 522 1563 570 et
1602 512 1875 570 exsultan—

288 622 436 678 tibus
461 602 518 674 in
553 616 696 674 tubis
716 613 1001 670 ductilibus
1021 620 1075 667 et
1100 611 1152 664 in
1178 623 1311 664 voce
1336 607 1473 662 tubae
1498 620 1729 671 corneae,
1751 602 1875 673 quid

286 712 573 784 sequitur?
621 708 1002 765 Connuoveatur
1029 718 1171 758 mare
1204 711 1252 755 et
1289 698 1551 772 plenitudo
1588 697 1719 767 ejus.
1749 695 1877 749 Fra-

287 815 423 869 tres,
459 799 870 873 prtedicantibus
898 796 1175 851 veritatem
1203 790 1494 862 Apostolis,
1518 797 1764 858 tauquam
1795 794 1878 839 tu-

287 896 369 950 bis
398 893 688 948 ductililms
727 901 779 945 et
809 888 948 943 tubis
976 885 1207 946 corneis,
1235 889 1558 938 commotum
1587 886 1670 934 est
1708 892 1872 939 mare,

286 990 640 1040 surrexerunt
663 981 876 1043 ﬂuctus,
891 983 1173 1033 creverunt
1205 980 1566 1042 tempestates,
1583 968 1732 1022 factze
1753 975 1877 1021 sunt

288 1076 690 1146 persecutiones
721 1071 991 1127 Ecclesiie.
1021 1067 1175 1124 Unde
1221 1073 1545 1120 commotum
1581 1070 1664 1117 est
1691 1058 1876 1114 mare?

287 1169 422 1223 Cum
455 1165 801 1237 jubilabatur,
848 1176 971 1215 cum
1002 1157 1327 1230 psallebatur
1377 1155 1519 1215 Deo;
1570 1152 1668 1206 Dei
1718 1167 1874 1204 aures

287 1260 717 1320 delectabantur,
771 1254 933 1308 maris
983 1253 1171 1304 ﬂuctus
1219 1247 1607 1302 excitabantur.
1640 1243 1873 1297 Cornuto-

288 1361 464 1409 veatur
506 1364 644 1401 mare
686 1355 732 1401 et
780 1344 1039 1416 plenitudo
1079 1342 1208 1416 ejus,
1253 1338 1386 1391 orbis
1428 1348 1576 1389 terra:
1617 1344 1662 1388 et
1704 1349 1876 1386 omnes

287 1443 573 1497 habitantes
616 1439 668 1492 in
697 1415 1215 1491 eo.7Commoveatur
1263 1443 1412 1482 mare
1450 1427 1501 1480 in
1551 1423 1875 1494 persecutio-

288 1535 466 1590 nibus.
517 1530 760 1584 Flumina
806 1525 1048 1596 plaudent
1095 1520 1325 1576 manibus
1367 1520 1420 1572 in
1478 1517 1720 1585 idipsum.
1764 1513 1876 1567 Μο-

289 1633 475 1680 veatur
523 1636 691 1686 mare,
723 1628 779 1675 et
822 1615 1040 1670 ﬂumina
1088 1610 1346 1682 plaudeut
1395 1607 1638 1662 manibus
1692 1604 1744 1658 in
1795 1602 1873 1657 id-

289 1719 463 1788 ipsum
509 1731 522 1767 :
571 1713 702 1766 liunt
757 1705 1177 1779 persecutiones.
1229 1711 1285 1757 et
1335 1699 1564 1771 gaudent
1593 1695 1762 1751 sancti
1819 1695 1870 1748 in

290 1786 481 1862 Deum.
525 1802 677 1859 Unde
724 1797 943 1854 ﬂumina
998 1793 1252 1866 plaudent
1295 1789 1574 1847 manibus?
1602 1786 1725 1858 quid
1767 1794 1870 1852 est,

289 1895 547 1968 plaudere
603 1889 891 1946 mambus?
950 1885 1196 1944 Gaudere
1241 1881 1518 1954 operibus.
1577 1877 1868 1943 Plaudere,

286 1986 520 2057 gaudere
571 1991 690 2047 est;
758 1979 1037 2044 manibus,
1088 1973 1362 2046 Operibus.
1420 1970 1551 2039 Quae
1609 1968 1870 2057 ﬂoruina'i

283 2051 434 2146 Duos
485 2077 625 2130 Deus
672 2073 795 2127 fecit
840 2069 1078 2134 ﬂumina,
1117 2065 1294 2122 dando
1337 2063 1440 2118 illis
1492 2061 1633 2116 illam
1678 2051 1868 2129 aquam

284 2168 547 2239 Spiritum
600 2173 862 2219 sanctum.
896 2161 958 2216 Si
1002 2159 1113 2230 quis
1151 2157 1276 2224 sitit,
1309 2153 1497 2225 inquit,
1527 2152 1689 2205 veniat
1715 2161 1763 2203 et
1793 2149 1870 2202 bi-

283 2266 392 2317 bat.
423 2261 524 2326 Qui
566 2259 720 2314 credit
766 2257 818 2311 in
858 2271 956 2322 me,
988 2252 1202 2323 flumina
1247 2264 1390 2320 aqum
1433 2247 1556 2300 viva:
1601 2245 1760 2314 ﬂuent
1808 2243 1872 2295 de

283 2364 455 2409 ventre
484 2354 592 2421 ejus
635 2348 812 2423 (Joan.
846 2363 939 2413 vn,
966 2343 1175 2414 57-59).
1218 2341 1319 2395 Ista
1364 2337 1580 2392 ﬂumina
1627 2333 1869 2391 manibus

285 2444 632 2516 plaudebant,
659 2441 758 2495 ista
778 2437 996 2494 ﬂumina
1013 2434 1264 2504 operibus
1290 2428 1611 2502 gaudebant,
1627 2435 1680 2481 et
1700 2427 1864 2480 Deum

283 2534 695 2592 bent-dicebant.

357 2631 411 2682 9.
458 2626 652 2680 Montes
699 2619 1015 2677 exsultabant
1064 2633 1096 2668 a
1147 2615 1278 2685 facie
1324 2611 1589 2676 Domini’,
1629 2609 1866 2676 quoniam

284 2721 439 2776 venit.
466 2714 700 2786 quoniam
740 2709 868 2764 venit
904 2706 1139 2778 judicare
1179 2714 1383 2757 terram.
1429 2700 1621 2770 Magni,
1655 2708 1864 2751 montes.

287 2810 449 2865 \‘enit
477 2807 615 2861 Deus
643 2803 876 2866 iudicare
917 2788 1134 2861 terrain,
1176 2803 1230 2850 et
1263 2792 1536 2864 gautlent.,
1562 2789 1695 2844 Sunt
1723 2788 1865 2841 enim

284 2910 520 2964 montes,
553 2902 642 2969 qui
685 2903 914 2948 venturo
946 2888 1173 2944 Domino
1198 2884 1439 2955 judicare
1485 2889 1705 2946 terram,
1735 2892 1864 2931 con-

282 2991 616 3048 tremiscent.
677 2986 816 3055 Ergo
864 2980 987 3037 suni
1031 2990 1241 3034 montes
1285 2977 1442 3041 boni,
1489 2982 1612 3029 sunt
1658 2981 1868 3028 montes

283 3084 409 3140 ntali
447 3101 460 3136 :
497 3087 700 3134 montes
750 3073 894 3137 boni,
940 3070 1246 3140 magnitudo
1284 3065 1609 3136 Spiritualis;
1656 3072 1868 3118 montes

277 3177 430 3236 mali,
461 3181 636 3227 tumor
661 3167 945 3239 superbiae.
978 3164 1027 3217 Μ
1037 3175 1174 3217 antes
1203 3159 1521 3215 exsultabant
1551 3175 1583 3211 a
1610 3157 1740 3230 facie
1760 3155 1868 3208 Do—

277 3267 428 3330 mini,
474 3263 712 3336 quoniam
756 3258 908 3322 venit,
939 3256 1177 3326 quoniam
1222 3253 1350 3306 venit
1381 3250 1619 3321 judicare
1656 3258 1861 3302 terram.

277 3360 457 3424 Quare
487 3355 683 3416 veniet,
713 3361 767 3406 et
794 3347 1061 3420 quomodo
1092 3345 1306 3400 veniet?
1339 3342 1590 3410 Quoniam
1621 3340 1751 3394 venit
1771 3339 1864 3410 ju-

276 3454 452 3503 dicare
479 3458 682 3500 terram.
723 3441 981 3496 Judicabit
1009 3438 1175 3492 orbem
1209 3447 1355 3491 terra:
1375 3437 1426 3488 in
1447 3433 1668 3506 justitia,
1693 3441 1736 3486 et
1768 3448 1861 3501 μου

278 3545 427 3612 pulos
474 3545 525 3592 iu
555 3539 802 3609 wquitate.
832 3534 1106 3590 Gaudeant
1149 3546 1275 3601 ergo
1315 3537 1559 3592 montes;
1591 3526 1679 3580 ille
1722 3525 1862 3579 enim

278 3650 385 3688 nan
417 3631 613 3700 injuste
636 3627 914 3699 judicabit.
947 3625 1180 3679 Venturo
1211 3622 1346 3677 forte
1369 3620 1548 3690 aliquo
1571 3617 1748 3688 judice
1777 3615 1864 3670 ho-

280 3729 442 3786 mine,
464 3725 548 3778 cui
569 3739 671 3777 non
686 3729 860 3792 potest
875 3727 1058 3790 patere
1077 3714 1428 3778 conscientia,
1451 3709 1866 3767 contremiscunt

280 3817 531 3871 homines
557 3814 716 3868 etiam
745 3812 1076 3874 innocentes,
1097 3807 1142 3862 si
1171 3808 1239 3862 ab
1269 3805 1385 3875 ipso
1404 3810 1710 3872 exspectant
1737 3814 1864 3869 pra:-

283 3910 446 3962 tninm
474 3905 664 3970 laudis,
687 3903 768 3957 vel
796 3902 981 3956 timent
1009 3913 1219 3969 poenam
1243 3894 1629 3950 damnationis:
1653 3888 1864 3960 quando

284 4001 373 4054 ille
406 4000 583 4052 veniet
607 3995 696 4066 qui
727 3993 834 4048 falli
869 4008 973 4047 non
1004 3999 1200 4063 potest,
1224 3988 1492 4058 gaudeant
1529 3992 1754 4048 montes,
1780 3996 1862 4035 se-

282 4093 396 4146 curi
440 4090 746 4160 gaudeant;
789 4083 1228 4141 illuminabuntur
1266 4079 1332 4134 ab
1369 4093 1457 4142 eo,
1490 4092 1597 4130 non
1639 4074 1859 4130 damna-

285 4188 514 4248 buntur;
546 4182 832 4253 gaudeant,
863 4178 985 4248 quia
1011 4175 1190 4230 veniet
1214 4171 1472 4228 Dominus
1495 4169 1735 4240 judicare
1771 4183 1863 4222 or-

283 4280 404 4334 hem
451 4287 712 4330 terrarum
755 4272 806 4326 in
838 4269 1123 4340 aequitate;
1167 4281 1230 4321 ac
1257 4265 1303 4319 si
1335 4271 1542 4318 montes
1577 4261 1705 4331 justi
1731 4275 1862 4330 gau-

287 4371 437 4430 dent,
465 4364 624 4434 iniqui
654 4361 1087 4417 contremiscant.
1133 4355 1237 4412 Sed
1279 4369 1404 4410 ecce
1432 4352 1663 4408 nondum
1695 4352 1862 4417 venit,

287 4459 414 4529 quid
445 4471 578 4525 epos
607 4465 687 4508 est
713 4464 768 4507 ut
800 4448 1076 4505 tremant?
1104 4445 1468 4515 Corrigantur,
1499 4453 1552 4497 et
1578 4441 1862 4512 gaudeant.

288 4550 344 4604 In
396 4555 654 4616 potestate
697 4553 786 4597 tua
826 4551 910 4596 est
954 4537 1222 4610 quomodo
1263 4543 1541 4604 exSpectes
1584 4541 1866 4587 venturum

290 4641 584 4697 Christum.
619 4635 739 4689 Ideo
775 4632 952 4688 diII'crt
981 4629 1184 4694 venire,
1216 4635 1272 4681 ut
1297 4641 1418 4681 cum
1449 4624 1657 4679 venerit
1683 4637 1789 4678 non
1817 4629 1868 4676 te

290 4732 524 4786 damnet.
572 4728 711 4781 Ecce
741 4724 974 4780 nondum
1000 4720 1166 4787 venit,
1202 4719 1287 4773 ille
1319 4719 1369 4772 in
1401 4716 1542 4773 ctelo
1580 4723 1682 4782 est,
1714 4722 1771 4770 tu
1814 4714 1866 4767 in

294 4835 426 4877 terra
460 4839 472 4874 :
507 4820 598 4874 ille
634 4817 813 4872 dill'ert
841 4815 1147 4876 adventum,
1190 4821 1242 4865 tu
1289 4810 1395 4863 noli
1434 4807 1648 4864 dill‘erre
1692 4805 1869 4861 cousi-

293 4915 436 4967 limn.
469 4911 740 4964 Adventus
769 4907 932 4975 ipsius
957 4904 1123 4957 durus
1159 4911 1241 4956 est
1263 4900 1434 4966 duris,
1462 4899 1604 4953 mitis
1636 4906 1717 4950 est
1746 4896 1865 4966 piis.

299 5006 425 5059 \‘ide
451 5018 578 5073 ergo
599 4999 759 5055 modo
799 5009 851 5052 tu
879 4996 969 5067 qui
997 4995 1070 5049 sis
1097 5013 1108 5047 :
1139 4995 1180 5048 si
1211 4993 1396 5058 durus,
1428 4991 1554 5046 licet
1583 4990 1676 5045 tibi
1710 4989 1869 5044 mite-

293 5111 473 5160 scere;
514 5095 558 5148 si
604 5092 770 5157 mitis,
806 5089 914 5158 jam
970 5086 1142 5157 gaude
1188 5094 1491 5138 venturum.
1534 5080 1868 5136 Christianus

291 5187 433 5240 enim
449 5201 525 5240 es.
544 5183 639 5245 Ita,
655 5183 848 5250 inquis.
864 5178 1036 5234 Credo
1052 5173 1194 5247 quod
1211 5189 1352 5237 oras,
1371 5183 1423 5228 et
1443 5171 1604 5228 dicis:
1622 5169 1870 5224 Adveniat

297 5293 507 5346 regnum
541 5285 680 5328 tuum
712 5271 923 5345 (Matth.
953 5285 1026 5335 vt,
1057 5267 1172 5337 10).
1199 5265 1362 5336 Optas
1391 5273 1447 5318 ut
1490 5263 1684 5326 veniat,
1712 5276 1869 5331 quem

364 5411 378 5440 ι
403 5417 503 5459 uss.
526 5407 782 5470 plerique:
806 5403 1022 5470 Juhilatc
1051 5401 1243 5470 Domino
1262 5399 1313 5450 in
1336 5403 1589 5470 conspectu
1624 5393 1753 5470 regis
1780 5403 1873 5464 DQ-

291 5454 748 5531 miniet'quidinn
774 5482 786 5514 :
811 5465 1018 5514 Jublute
1057 5474 1154 5531 _I)_eo
1185 5462 1244 5531 in.
1268 5454 1530 5531 conspectu
1555 5454 1875 5526 regisiDomi-

287 5518 376 5601 in},
403 5518 544 5595 iptio
575 5518 686 5578 LXX
730 5528 942 5589 legitur:
987 5525 1191 5576 Jubilule
1227 5518 1565 5584 in‘coitspecltt
1611 5518 1740 5583 regis
1776 5527 1872 5566 ι,εο-

292 5607 440 5645 nitito.

366 5660 384 5688 ³
407 5663 532 5710 ωδε..
556 5669 584 5702 ιι
607 5652 729 5715 [itcie
754 5662 854 5702 hct.

520 5741 788 5802 I’ATnoL.
837 5724 948 5798 XX
965 5731 1158 5793 XVII.

1280 213 1284 218 ’
1367 213 1760 272 ENARRA'I‘IO
1800 213 1864 269 IN
1906 215 2225 274 PSALMUM
2267 217 2492 275 XCVIII.

3437 223 3576 282 {258

1993 331 2151 389 times
2187 347 2255 390 ne
2291 335 2487 390 veniat.
2528 334 2747 406 Corrige
2785 344 2856 406 te,
2881 347 3069 393 utnon
3097 351 3222 395 ores
3260 346 3448 394 contra
3495 347 3570 397 te.

2013 448 3538 473 __________________

2572 601 2988 660 ENARRATIU.

2499 709 2670 750 SERIO
2707 711 2775 749 Δῐ)
2832 711 3033 751 ΡιεΒειι
3044 736 3057 748 .

2060 783 2108 834 1.
2143 780 2375 847 Fratres,
2400 793 2585 838 notum
2615 800 2735 840 esse
2757 785 2865 856 jam
2887 787 3045 843 debet
3063 787 3321 844 Charitati
3348 800 3568 857 vestrae,

1985 880 2232 940 tanquam
2266 873 2384 926 ﬁliis
2420 874 2690 941 Ecclesiae,
2719 885 2772 930 et
2802 877 3024 933 eruditis
3062 879 3112 932 in
3139 879 3324 934 schola
3360 879 3556 936 Christi

1985 978 2078 1031 per
2105 979 2292 1018 omnes
2333 964 2561 1021 Litteras
2602 968 2939 1038 antiquorum
2971 980 3176 1040 patrum
3225 984 3555 1042 nostrorum,

1981 1052 2070 1122 qui
2095 1054 2426 1123 scripserunt
2453 1057 2612 1110 verba
2644 1058 2756 1124 Dei,
2780 1069 2834 1114 et
2862 1061 3120 1130 magnalia
3147 1061 3264 1130 Dei,
3288 1064 3441 1119 nobis
3462 1080 3558 1121 eos

1981 1145 2263 1201 eonsulere
2290 1147 2538 1214 voluisse,
2572 1151 2661 1220 qui
2708 1149 2870 1205 futuri
2913 1167 3124 1207 eramus
3172 1153 3274 1209 hoc
3322 1164 3562 1226 tempore

1976 1234 2086 1304 jam
2123 1236 2402 1294 credentes
2434 1238 2488 1292 in
2512 1239 2818 1306 Christum;
2862 1241 2950 1312 qui
2980 1251 3279 1313 opportuno
3322 1252 3563 1316 tempore

1983 1329 2124 1382 venit
2152 1328 2217 1383 ad
2249 1346 2365 1392 nos,
2393 1331 2566 1400 primo
2592 1331 2832 1400 humilis,
2859 1343 3044 1404 postea
3088 1343 3346 1391 venturus
3380 1337 3558 1392 excel-

1981 1434 2092 1473 sus.
2121 1421 2298 1474 Primo
2333 1423 2473 1476 enim
2505 1424 2650 1478 venit
2677 1435 2801 1479 ante
2821 1424 3054 1494 judicem
3082 1435 3317 1482 staturus
3339 1446 3352 1482 :
3378 1437 3562 1497 postea

1980 1518 2234 1564 venturus
2260 1521 2339 1566 est
2371 1511 2534 1580 judex
2564 1527 2831 1580 sessurus,
2865 1523 2924 1569 ut
2947 1526 3070 1571 ante
3118 1517 3265 1571 illum
3307 1526 3414 1572 stet
3456 1533 3554 1589 pro

1978 1600 2170 1655 merito
2216 1616 2313 1655 suo
2359 1618 2527 1673 genus
2578 1603 2887 1659 humanum.
2939 1605 3335 1662 PrinceSserunt
3381 1620 3558 1664 autem

1977 1689 2126 1744 illum
2157 1692 2307 1748 multi
2339 1709 2633 1762 praecones,
2668 1705 2916 1766 tanquam
2941 1697 3172 1767 judicem
3203 1715 3474 1770 magnum,
3505 1710 3562 1756 et

1978 1779 2120 1836 hunc
2159 1781 2332 1838 adhuc
2375 1785 2425 1838 in
2452 1784 2752 1842 humilitate
2776 1798 3079 1842 venturum.
3110 1788 3258 1844 Multi
3285 1806 3559 1860 pravcones

1977 1882 2365 1940 praecesserunt
2411 1874 2585 1930 adhuc
2637 1876 2965 1931 nasciturum
3013 1877 3078 1932 de
3122 1880 3324 1948 virgine
3369 1879 3554 1947 Maria,

1978 1959 2210 2014 futurum
2239 1962 2514 2030 infantem,
2545 1975 2598 2019 et
2624 1976 2898 2021 sueturum
2917 1968 3032 2022 ’lac
3052 1985 3067 2033 ;
3089 1968 3323 2024 futurum
3355 1986 3553 2039 parvu-

1975 2052 2107 2118 lum,
2133 2053 2362 2109 Verbum
2388 2056 2478 2110 Dei
2503 2073 2598 2127 per
2627 2058 2768 2128 quod
2800 2061 2935 2114 facta
2958 2071 3082 2115 sunt
3109 2063 3308 2125 omnia.
3331 2079 3556 2132 [)l';l.‘COS-

1974 2152 2161 2198 serunt
2190 2146 2338 2199 multi
2370 2162 2662 2216 pr.rcones,
2707 2158 2761 2204 et
2785 2149 3032 2205 dixerunt
3061 2152 3232 2206 futura
3267 2153 3365 2207 ista
3419 2165 3554 2208 lem-

1975 2247 2140 2303 pora:
2170 2233 2266 2290 sed
2301 2235 2372 2289 ita
2411 2235 2675 2303 dixerunt,
2709 2251 2766 2293 ut
2805 2241 3127 2309 quibusdam
3158 2241 3340 2313 ﬁguris
3369 2259 3550 2298 rerum

1974 2333 2212 2396 tegerent
2267 2329 2560 2383 sententias
2621 2345 2776 2398 suas,
2832 2332 3108 2404 ipsumque
3161 2334 3401 2389 velamen
3445 2350 3554 2405 quo

1975 2428 2113 2473 tecta
2139 2427 2222 2473 est
2255 2420 2450 2475 veritas
2487 2421 2538 2475 in
2567 2421 2740 2476 Libris
2766 2423 3127 2494 antiquorum,
3171 2433 3297 2480 tunc
3339 2425 3553 2480 tollere-

1974 2518 2080 2576 tur,
2121 2512 2330 2581 quando
2373 2511 2482 2581 jam
2513 2512 2622 2580 ipsa
2653 2514 2848 2567 veritas
2891 2514 2958 2569 de
2985 2523 3122 2569 terra
3162 2516 3412 2571 oriretur.
3463 2515 3554 2570 Sic

1973 2602 2115 2655 enim
2147 2602 2338 2655 dicitur
2367 2602 2418 2656 iu
2465 2603 2705 2671 psalmo:
2749 2602 2940 2657 Veritas
2967 2605 3029 2658 de
3069 2615 3200 2658 terra
3227 2615 3339 2658 ortu
3378 2615 3468 2671 est,
3500 2616 3553 2659 et

1964 2693 2165 2763 justitia
2194 2692 2256 2746 de
2301 2692 2424 2746 caelo
2455 2695 2712 2764 prospexit
2759 2693 2934 2765 (Psal.
2980 2711 3205 2761 cxxxnv,
3250 2697 3362 2761 12).
3395 2695 3552 2750 Modo

1972 2798 2099 2854 ergo
2130 2794 2236 2838 tota
2269 2785 2494 2840 intentio
2523 2795 2704 2842 nostra
2734 2798 2834 2852 est,
2869 2788 3082 2857 quando
3107 2787 3372 2842 Psahnum
3403 2787 3552 2842 audio

1973 2891 2112 2941 mus,
2138 2876 2350 2945 quando
2369 2876 2711 2946 PrOphetam,
2740 2879 2954 2947 quando
2984 2878 3202 2948 Legem,
3230 2895 3349 2948 qua:
3373 2880 3550 2934 omnia

1973 2974 2256 3034 antequam
2294 2966 2502 3021 veniret
2550 2967 2604 3021 in
2653 2983 2814 3022 carne
2864 2969 3115 3023 Dominus
3167 2980 3347 3024 noster
3394 2969 3551 3025 Iesus

1972 3053 2237 3120 Christus,
2267 3056 2566 3125 conscripta
2593 3065 2737 3121 sunt,
2765 3055 3036 3112 Christum
3069 3059 3138 3112 ibi
3167 3058 3365 3123 videre,
3396 3057 3552 3114 Chri-

1970 3154 2109 3199 stum
2141 3145 2207 3198 ibi
2238 3145 2556 3215 intelligere.
2589 3146 2831 3201 lntendat
2857 3163 2982 3217 ergo
3010 3149 3283 3202 nobiseum
3307 3149 3551 3204 Charitas

1970 3245 2147 3292 vestra
2169 3237 2232 3290 ad
2260 3237 2416 3290 istum
2439 3238 2724 3306 psalmum,
2743 3247 2798 3294 et
2816 3254 3116 3309 quaeramus
3145 3241 3228 3295 hic
3243 3241 3547 3296 Christum:

1970 3330 2151 3398 utique
2173 3329 2446 3399 apparebit
2463 3331 2846 3399 maerentibus,
2866 3333 2952 3401 qui
2979 3333 3154 3399 primo
3173 3335 3415 3403 apparuit
3443 3350 3547 3389 non

1970 3422 2364 3491 querentibus;
2413 3431 2468 3476 et
2512 3438 2614 3476 non
2663 3421 2877 3476 deseret
2921 3425 3286 3478 desiderantes
3329 3440 3417 3488 se,
3462 3425 3553 3495 qui

1969 3514 2191 3566 redemit
2224 3513 2555 3584 negligentes
2585 3529 2664 3568 se.
2701 3515 2836 3569 Ecce
2865 3515 2932 3570 dc
2962 3516 3053 3570 illo
3091 3522 3254 3586 cmpit
3284 3517 3551 3586 Psalmus,

1967 3603 2033 3656 de
2062 3603 2150 3656 illo
2177 3602 2403 3656 dicitur:

2037 3695 2092 3749 2.
2146 3695 2294 3769 [vers.
2323 3693 2398 3767 1.]
2442 3695 2684 3749 Dominus
2726 3698 2969 3779 gegnnvit,
3018 3697 3302 3750 irascantur
3354 3700 3547 3770 populi.

1969 3784 2140 3853 Cmpit
2165 3784 2305 3839 enim
2337 3800 2556 3854 regnare
2590 3784 2841 3838 Dominus
2888 3793 3068 3839 noster
3104 3785 3258 3841 Jesus
3284 3787 3545 3854 Christus,

1969 3879 2128 3948 carpit
2157 3876 2432 3946 praedicari
2463 3919 2477 3941 ,
2531 3887 2806 3946 postquam
2859 3878 3152 3932 resurrexit
3179 3880 3456 3934 amortuis
3497 3891 3553 3935 et

1968 3968 2206 4023 ascendit
2255 3968 2305 4021 in
2338 3968 2554 4032 ctelum,
2588 3975 2930 4038 posteaquam
2980 3969 3216 4038 implevit
3264 3970 3552 4039 discipulos

1969 4078 2093 4118 suos
2119 4061 2305 4117 ﬁducia
2327 4060 2555 4130 Spiritus
2583 4059 2770 4125 sancti,
2799 4070 2855 4114 ut
2880 4075 2982 4115 non
3027 4061 3271 4116 timerent
3300 4072 3548 4128 mortem,

1969 4169 2125 4225 quam
2153 4153 2240 4208 ille
2266 4154 2374 4223 jam
2402 4152 2670 4207 occiderat
2693 4152 2743 4206 in
2793 4167 2872 4206 se.
2923 4151 3095 4221 Carpit
3123 4168 3250 4223 ergo
3277 4152 3552 4222 praedicari

1971 4246 2228 4301 Dominus
2249 4243 2512 4310 Christus,
2547 4254 2602 4297 ut
2631 4243 2680 4296 in
2714 4243 2862 4298 illum
2900 4242 3176 4297 crederent
3203 4243 3290 4313 qni
3327 4242 3552 4298 salutem

1971 4334 2168 4390 habere
2192 4335 2422 4397 vellent;
2455 4343 2507 4387 et
2525 4333 2639 4387 irati
2663 4341 2789 4387 sunt
2811 4333 2986 4404 populi
3012 4333 3098 4402 qui
3125 4334 3259 4387 idola
3286 4333 3551 4388 colebant.

1972 4426 2340 4481 Irascebantur
2387 4425 2478 4496 qui
2531 4409 2777 4480 colebant
2828 4424 2968 4496 quod
3016 4424 3272 4490 fecerant,
3305 4426 3424 4495 quia
3457 4441 3555 4480 an-

1975 4517 2312 4572 nuntiabatur
2337 4517 2428 4572 ille
2451 4532 2480 4569 a
2513 4532 2617 4585 quo
2643 4517 2762 4570 facti
2807 4527 2949 4571 sunt.
2973 4515 3167 4586 Utique
3209 4517 3296 4570 ille
3343 4533 3556 4570 annun-

1974 4608 2136 4663 tiabat
2176 4625 2268 4678 per
2291 4608 2580 4678 discipulos
2613 4623 2737 4660 suos
2783 4609 3016 4677 seipsum
3040 4649 3053 4671 ,
3084 4608 3172 4676 qui
3201 4605 3318 4662 illos
3346 4606 3553 4664 volebat

1973 4701 2208 4755 converti
2249 4699 2313 4753 ad
2341 4715 2516 4762 euma
2547 4714 2652 4766 quo
2701 4698 2822 4750 facti
2874 4705 3048 4762 erant,
3079 4708 3132 4750 et
3173 4697 3338 4752 averti
3369 4696 3437 4750 ab
3480 4697 3556 4756 eis

1974 4809 2090 4864 qua:
2115 4792 2212 4862 ipsi
2243 4793 2493 4846 fecerant.
2523 4789 2602 4844 Illi
2626 4805 2722 4859 pro
2754 4788 2894 4842 idolo
2923 4805 3020 4843 suo
3061 4789 3421 4842 irascebantur
3453 4789 3555 4841 Dos

1975 4885 2121 4940 mino
2150 4900 2266 4948 suo,
2295 4883 2383 4952 qui
2409 4883 2452 4937 si
2473 4897 2568 4951 pro
2597 4881 2736 4934 idolo
2760 4897 2858 4936 suo
2882 4882 3237 4934 irascerentur
3262 4894 3419 4933 servo
3439 4893 3552 4940 suo.

1976 4976 2259 5030 damnandi
2288 4982 2458 5028 erant.
2497 4969 2700 5027 Melior
2725 4971 2868 5026 enim
2922 4986 3109 5024 servus
3161 4985 3370 5035 eorum,
3397 4985 3557 5039 quam

1978 5068 2173 5124 idolum
2201 5081 2384 5120 eorum
2417 5084 2430 5120 ε
2463 5080 2672 5120 servum
2701 5064 2842 5119 enim
2875 5079 3060 5119 eorum
3094 5064 3233 5119 Deus
3261 5063 3404 5126 fecit,
3441 5060 3560 5115 ido-

1980 5162 2087 5214 lum
2109 5174 2292 5214 eorum
2316 5156 2462 5212 faber
2483 5155 2626 5210 fecit.
2651 5155 2739 5210 Sic
2769 5156 3132 5211 irascebantur
3158 5171 3251 5224 pro
3274 5153 3414 5208 idolo
3440 5168 3557 5218 suo,

1979 5261 2035 5306 ut
2062 5249 2214 5304 irasci
2261 5263 2363 5302 non
2418 5247 2665 5302 timerent
2709 5247 2934 5302 Domino
2961 5261 3076 5301 suo.
3109 5246 3213 5302 Sed
3255 5246 3559 5311 irascantur,

1979 5341 2286 5413 pra-dictum
2318 5348 2418 5405 est,
2442 5355 2545 5392 non
2568 5337 2812 5409 jussum;
2844 5337 2899 5391 in
2947 5337 3221 5408 prophetia
3257 5335 3398 5389 enim
3427 5334 3562 5388 dici-

1981 5443 2084 5498 tur,
2109 5432 2356 5487 Dominus
2376 5432 2616 5500 regnarit,
2646 5432 2932 5484 irascantur
2959 5430 3152 5498 populi.
3186 5429 3279 5482 Est
3309 5427 3447 5498 quod
3475 5426 3562 5482 ﬁat

1981 5539 2034 5581 et
2071 5538 2136 5578 ac
2193 5524 2398 5594 populis
2449 5522 2799 5577 irascentibus
2830 5536 2842 5573 :
2873 5520 2946 5572 illi
2977 5522 3292 5584 irascantur,
3318 5528 3373 5574 et
3401 5519 3452 5574 in
3489 5519 3560 5573 ira

2039 5643 2054 5672 ί
2093 5641 2162 5688 sic
2182 5645 2290 5689 Mss.
2309 5638 2422 5686 Edd.
2442 5649 2579 5697 vero,
2603 5632 2890 5698 stltﬁtitrum.

2825 5716 3240 5796 (Quarante.)
