4012 6202
449 244 582 300 ίῖὶθ

442 360 679 429 ipsorum
705 362 965 424 martyres
991 356 1322 407 coronemur.
1356 345 1492 414 Quid
1532 344 1774 401 fecerunt
1817 359 2024 399 annun-

439 450 724 507 tiatoribus
760 447 907 503 verbi
954 439 1505 512 veritatistnubibus
1549 437 1746 493 Christi
1794 438 2024 494 circum-

445 541 693 598 euntibus
736 538 920 592 orbem
971 544 1230 589 terrarum
1275 540 1328 586 et
1374 527 1799 599 compluentibus
1842 542 2024 596 agrum

452 633 582 688 Dei?
605 630 738 699 Quid
767 628 868 682 illis
895 626 1131 680 fecerunt
1176 623 1266 693 qui
1309 621 1694 679 irascebantur.
1726 621 1825 675 nisi
1861 629 1917 673 ut
1947 620 2029 673 in-

447 735 529 779 ter
548 737 735 779 manus
761 734 942 774 eorum
969 731 1093 771 caro
1111 714 1517 786 aliiigeretur,et
1534 714 1585 767 in
1614 713 1858 767 manibus
1877 712 2027 765 Citri-

445 818 509 868 sti
526 815 737 883 spiritus
753 809 1135 865 coronaretur?
1159 807 1264 862 Nec
1282 808 1391 877 ipsa
1407 822 1531 860 caro
1546 821 1702 887 quam
1725 813 2028 875 persecuto-

445 920 531 960 res
560 902 802 956 occidere
832 908 1137 971 potuerunt,
1163 899 1230 951 ita
1262 906 1469 951 mortua
1492 904 1574 950 est
1604 904 1659 948 ιιι
1687 897 1741 963 in
1767 904 2024 950 aeternum

447 995 687 1049 interiret
717 1010 730 1046 :
755 991 971 1045 habebit
996 990 1137 1044 enim
1168 1000 1374 1057 tempus
1400 1002 1552 1042 suum
1580 1003 1685 1056 qtto
1715 996 1955 1058 resurgat
1973 995 2027 1042 et

446 1087 590 1155 ipsa:
623 1085 743 1153 quia
784 1081 1226 1137 resurrectionem
1257 1079 1432 1131 carnis
1453 1077 1561 1146 jam
1588 1076 1819 1131 ostendit
1850 1075 2027 1131 Domi-

447 1191 543 1229 nus
569 1176 623 1228 in
653 1174 849 1243 seipse.
884 1172 1009 1225 inde
1038 1170 1181 1224 illam
1233 1168 1395 1222 voluit
1422 1184 1451 1220 a
1478 1167 1632 1221 nobis
1679 1166 1940 1234 accipere,
1968 1175 2027 1220 ut

448 1266 516 1323 de
557 1278 737 1320 nostra
777 1278 1055 1334 possemus
1102 1276 1205 1314 non
1274 1259 1578 1331 desperare.
1627 1258 1785 1328 Ergo.
1815 1258 2024 1315 fratres.

451 1373 575 1414 caro
612 1369 890 1410 servorum
918 1368 1075 1421 quam
1104 1352 1413 1407 occiderunt
1452 1350 1683 1406 cultores
1718 1349 1982 1403 idolorum
2006 1388 2022 1413 ,

453 1453 687 1522 resurget
721 1447 772 1500 in
804 1455 1041 1513 tempore
1078 1458 1174 1496 suo
1205 1461 1219 1497 :
1248 1440 1382 1496 idola
1413 1456 1539 1509 qua:
1562 1439 1716 1510 fregit
1740 1439 1983 1494 Christus
2008 1479 2025 1506 ,

455 1553 722 1608 nunquam
745 1537 935 1590 iterum
963 1534 1119 1589 faciet
1144 1532 1309 1587 faber.
1341 1530 1600 1597 Audistis,
1623 1545 1743 1584 etim
1770 1527 2029 1584 Jeremias

428 1631 718 1700 legeretur
739 1636 865 1681 ante
915 1624 1258 1695 apostolicam
1310 1622 1613 1685 lectionem,
1643 1620 1685 1674 si
1720 1634 1902 1674 aurem
1930 1634 2028 1676 ao-

436 1724 738 1794 ,posuistis;
770 1720 977 1773 vidistis
1023 1717 1093 1771 ibi
1147 1726 1383 1784 tempora
1429 1713 1706 1781 prmsentia
1744 1728 1860 1781 quae
1890 1725 2031 1765 nunc

457 1815 676 1886 agimus.
722 1812 866 1866 Dixit
913 1811 1093 1865 enim:
1130 1807 1213 1861 Dii
1263 1808 1346 1873 qui
1389 1802 1567 1860 c‘azlum
1614 1815 1661 1859 et
1709 1814 1888 1858 terram
1930 1820 2031 1858 non

457 1908 694 1975 fermmt,
726 1912 926 1972 pereant
953 1902 1014 1953 de
1034 1909 1227 1953 terrae!
1253 1897 1314 1950 de
1333 1897 1425 1950 sub
1448 1896 1569 1950 cmlo
1590 1894 1799 1965 (Jerem.
1832 1909 1889 1959 x,
1916 1893 2027 1964 11).

457 1993 569 2049 Non
588 1994 738 2057 dixit,
766 1992 841 2045 Dii
864 1992 950 2060 qui
978 1991 1169 2045 malum
1193 1996 1246 2041 et
1273 1998 1465 2040 terram
1494 2002 1596 2038 non
1629 1984 1883 2049 fecerunt,
1908 1998 2028 2051 per-

455 2093 580 2140 eant
620 2082 689 2138 de
735 2081 873 2137 coelo
902 2088 954 2132 et
1002 2079 1069 2133 de
1121 2087 1293 2141 terra;
1339 2075 1462 2145 quia
1508 2088 1776 2144 nunquam
1823 2071 2033 2127 fuerunt

461 2178 510 2233 in
560 2174 697 2231 caelo
722 2193 735 2228 :
763 2171 857 2227 sed
880 2170 1004 2242 quid
1026 2168 1195 2223 dixit?
1224 2164 1311 2223 Dii
1330 2166 1416 2238 qui
1434 2165 1611 2218 emtum
1638 2173 1684 2217 et
1712 2173 1896 2217 terram
1933 2178 2031 2216 non

457 2266 924 2336 fecerunt,‘pereant
949 2262 1012 2315 de
1045 2269 1195 2314 terra.
1225 2257 1386 2324 Quasi
1419 2254 1688 2324 respondit
1713 2253 2028 2315 ad‘terram,

455 2370 509 2416 ct
557 2361 724 2416 defuit
778 2358 915 2429 quod
964 2354 1313 2424 responderet
1359 2351 1426 2406 de
1471 2351 1628 2413 cutio,
1659 2348 1780 2419 quia
1810 2348 1882 2402 illi
1926 2362 2033 2411 non

457 2454 668 2508 fuerunt
717 2452 768 2506 in
795 2450 933 2505 cmlo
967 2467 980 2502 :
1014 2449 1180 2518 ipsam
1214 2455 1409 2500 terram
1459 2443 1541 2499 bis
1583 2442 1735 2504 dixit,
1766 2442 1886 2511 quia
1921 2444 2030 2510 ipsa

438 2538 537 2598 'est
568 2544 669 2598 sub
697 2543 852 2597 coelo.
884 2540 1102 2594 Pereunt
1122 2539 1185 2593 de
1209 2548 1341 2593 terra
1363 2544 1409 2589 et
1435 2535 1499 2589 de
1522 2534 1613 2588 sub
1640 2532 1784 2597 caelo,
1808 2532 1875 2587 de
1901 2543 2033 2585 tem-

457 2638 558 2706 plis
585 2612 716 2691 suis:
749 2633 932 2687 Videte
974 2631 1019 2685 si
1064 2644 1170 2687 non
1218 2628 1294 2694 iit,
1326 2627 1370 2681 si
1403 2642 1507 2680 non
1553 2638 1619 2679 ex
1650 2637 1837 2693 magna
1885 2634 2032 2692 parte

450 2729 557 2797 jam
589 2727 780 2781 factum
821 2733 904 2779 est
934 2742 947 2776 :
977 2721 1098 2791 quid
1145 2721 1286 2775 enim
1340 2717 1616 2782 remansit,
1641 2724 1732 2769 aut
1776 2723 2031 2784 quantum

454 2819 703 2875 remansit
726 2817 748 2869 ?
771 2816 932 2885 Magis
959 2821 1325 2867 remanserunt
1376 2808 1515 2863 idola
1559 2808 1610 2862 in
1655 2807 1903 2863 eordibus
1935 2807 2032 2861 l’a—

450 2926 728 2981 ganorum,
754 2922 911 2976 quam
936 2907 986 2958 in
1020 2904 1148 2958 locis
1178 2902 1515 2969 templorum.

521 3004 575 3059 ὃ.
601 3002 759 3071 Ergo,
812 2998 1054 3052 Dominus
1094 2994 1339 3065 regnavit,
1375 2993 1659 3047 irascantur
1691 2991 1885 3062 papuli.
1934 2989 2032 3056 Qui

450 3093 587 3150 sedet
635 3107 787 3160 super
838 3086 1103 3142 Cherubim
1135 3101 1154 3139 :
1182 3082 1454 3144 subaudis,
1503 3081 1751 3151 regnavit.
1800 3080 2033 3134 Commo-

449 3194 620 3239 veatnr
660 3191 814 3236 terra.
854 3180 1046 3233 lterum
1096 3176 1248 3238 dixit,
1294 3173 1615 3227 Irascuntur
1642 3171 1836 3241 populi.
1880 3170 2031 3237 Quod

449 3275 590 3331 enim
634 3273 787 3339 dixit,
823 3267 1228 3331 Dominus;boc
1256 3262 1523 3335 repetivit,
1555 3261 1653 3329 Qui
1700 3261 1835 3315 sedet
1881 3277 2032 3330 super

450 3366 718 3423 Cherubim
746 3380 764 3418 :
792 3361 1004 3433 etquod
1041 3359 1208 3425 dixit,
1242 3354 1487 3428 regnavit,
1510 3352 1782 3408 subaudiri
1818 3351 1937 3406 fecit
1977 3352 2029 3405 in

449 3460 555 3514 alio
581 3472 742 3512 versu
774 3473 787 3507 :
820 3463 873 3509 et
898 3452 1039 3524 quod
1060 3452 1153 3516 ait,
1180 3448 1478 3503 Irascuntur
1505 3445 1681 3516 populi
1704 3461 1721 3507 ;
1753 3440 1851 3514 lioc
1875 3443 2028 3511 dixit,

451 3551 832 3609 Commoveatur
856 3554 1007 3599 terra.
1030 3541 1165 3610 Quid
1193 3549 1315 3595 sunt
1340 3540 1481 3594 enim
1515 3536 1711 3607 populi,
1736 3534 1837 3589 nisi
1867 3534 2031 3588 terra?

461 3645 726 3715 Quantum
778 3647 952 3708 potest
994 3637 1251 3690 irascatur
1281 3646 1418 3685 terra
1444 3630 1491 3685 ei
1522 3628 1611 3698 qui
1654 3628 1765 3697 jam
1805 3625 1955 3679 sedet
1979 3626 2029 3679 in

450 3736 609 3792 coelo.
652 3733 773 3788 Fuit
816 3731 955 3785 enim
985 3727 1267 3782 Dominus.
1287 3732 1341 3777 et
1378 3722 1429 3776 in
1462 3730 1620 3785 terra,
1651 3728 1705 3772 et
1745 3717 2034 3785 assumpsit

449 3838 643 3883 terram
675 3825 854 3891 inqua
895 3830 1037 3875 esset
1085 3819 1135 3871 in
1184 3827 1342 3870 terra.
1389 3813 1562 3866 Induit
1610 3827 1669 3866 se
1707 3825 1945 3873 carnem,
1977 3819 2032 3863 et

455 3922 600 3991 prior
628 3916 793 3973 voluit
833 3915 938 3984 pati
992 3912 1286 3967 irascentes
1332 3906 1576 3977 populos.
1602 3903 1681 3959 Ne
1702 3903 1835 3958 iram
1867 3916 2035 3971 popu-

448 4014 623 4071 lorum
651 4012 901 4065 timerent
921 4005 1058 4061 servi
1089 4004 1224 4073 ejus,
1249 4001 1395 4072 prior
1421 3999 1561 4053 illam
1596 3996 1699 4067 pati
1748 3995 1916 4049 voluit
1944 4011 1955 4047 :
1980 4003 2035 4048 et

449 4108 573 4177 quia
597 4100 892 4159 necessaria
922 4104 1037 4155 erat
1075 4095 1152 4150 ira
1198 4091 1513 4163 populorum
1560 4087 1731 4142 servis
1756 4084 1893 4155 ejus,
1923 4094 1976 4138 ut
2002 4099 2032 4138 a

460 4195 695 4267 peccatis
745 4193 855 4247 suis
899 4186 1147 4242 omnilms
1176 4199 1269 4253 per
1294 4183 1436 4251 ipsas
1467 4178 1833 4233 tribulationcs
1880 4190 2035 4229 cura-

455 4300 656 4351 rentur,
681 4295 736 4337 et
758 4289 1104 4341 sanarentur;
1134 4290 1372 4330 amarum
1395 4271 1644 4343 poculum
1685 4270 1831 4339 prior
1869 4268 2034 4321 medi-

451 4396 544 4435 cus
569 4379 720 4441 bibit,
750 4391 817 4429 ne
847 4373 1029 4427 bibere
1062 4370 1270 4422 timeret
1314 4372 1562 4436 :rgrotus.
1596 4362 1753 4432 Ergo,
1791 4358 2034 4412 Dominus

454 4469 699 4542 rrgnavit,
726 4468 1009 4521 irascantur
1053 4457 1228 4537 populi
1256 4473 1274 4512 :
1300 4457 1596 4510 irascantur
1647 4452 1861 4522 populi,
1913 4451 2033 4520 quia

456 4564 519 4617 de
546 4561 620 4614 ira
646 4558 877 4628 ipsorutn
907 4552 1072 4607 multa
1103 4550 1240 4605 bona
1269 4546 1391 4601 facit
1432 4544 1590 4598 Deus.
1617 4542 1691 4595 liii
1716 4542 2031 4605 irascuntur,

455 4665 507 4705 et
534 4648 675 4705 servi
706 4646 796 4701 Dei
822 4650 1137 4715 purgantur;
1171 4637 1289 4709 quia
1320 4641 1658 4696 exercentur,
1692 4639 2032 4686 coronantur.

456 4743 751 4798 Irascuntur
783 4735 978 4810 populi.
1004 4732 1107 4798 Qui
1133 4730 1266 4784 sedet
1292 4742 1443 4796 super
1469 4722 1735 4776 Clem-ubiut
1757 4721 1994 4790 regnavit
2016 4735 2032 4784 ;

453 4842 824 4892 commoventur
877 4839 1029 4883 terra.
1081 4821 1366 4879 Cberubim
1421 4818 1574 4872 sedes
1625 4814 1718 4869 Dei
1759 4812 2037 4878 est,sicut

454 4927 744 4996 Scriptura:
773 4919 1008 4983 tradunt,
1031 4914 1263 4972 cmlestis
1292 4909 1532 4981 qtttcdatlt
1572 4905 1727 4961 sedes
1772 4904 2034 4996 sublimis,

455 4995 611 5090 quam
640 5030 737 5071 nos
763 5029 868 5068 non
895 5009 1167 5071 videmus;
1200 5002 1293 5059 sed
1316 5001 1531 5056 verbum
1563 4998 1654 5053 Dei
1683 4997 1828 5051 novit
1872 4995 2036 5060 illam,

456 5086 604 5166 novit
631 5119 878 5175 tanquam
908 5098 1088 5156 sedem
1121 5111 1293 5160 suam,
1314 5102 1366 5149 et
1395 5094 1566 5161 ipsum
1600 5089 1836 5146 Verbum
1867 5086 1959 5141 Dei
1987 5096 2039 5141 et

455 5202 687 5271 Spiritus
727 5196 820 5253 Dei
851 5193 983 5249 dixit
1014 5189 1185 5245 servis
1213 5187 1305 5241 Dei
1347 5184 1432 5238 ubi
1481 5182 1664 5239 sedeat
1712 5180 1871 5235 Deus.
1915 5177 2038 5271 _Non

457 5269 577 5361 «pila
610 5292 685 5346 sic
712 5288 863 5345 sedet
892 5286 1050 5346 Deus,
1076 5277 1343 5349 quomodo
1370 5275 1528 5328 homo
1554 5291 1569 5328 :
1603 5272 1694 5327 sed
1718 5281 1774 5325 tu
1812 5271 1854 5324 si
1879 5269 1955 5323 vis
1987 5278 2043 5322 ut

460 5359 639 5438 sedeat
662 5383 712 5435 iu
756 5390 805 5436 te
830 5379 965 5432 Deus
985 5415 1000 5442 ,
1028 5373 1072 5428 si
1105 5372 1271 5425 bonus
1301 5368 1428 5433 eris,
1460 5365 1617 5421 sedes
1641 5363 1735 5418 Dei
1777 5363 1918 5425 eris;
1966 5359 2043 5414 sie

462 5475 601 5528 enim
619 5473 872 5541 scriptum
899 5476 1000 5532 est,
1022 5465 1181 5520 Sedes
1198 5461 1479 5531 supientite,
1498 5458 1669 5512 animo
1691 5455 1834 5526 justi.
1866 5453 2041 5506 'l'ltro-

466 5579 564 5618 nus
580 5563 742 5626 enim,
766 5562 925 5615 latine
963 5556 1118 5612 sedes
1144 5554 1353 5609 dicitur.
1393 5551 1523 5605 Nam
1561 5559 1615 5602 et
1642 5547 1811 5615 ipsum
1837 5544 2042 5598 (Iberu-

470 5654 574 5706 bim
604 5649 929 5719 Interpretati
969 5655 1091 5702 sunt
1128 5644 1339 5716 quidam
1384 5641 1509 5712 quid
1548 5639 1812 5693 diceretur
1862 5636 2041 5700 latine,

1677 231 1735 288 S.
1778 228 2142 288 AUGUSTIN!
2181 227 2479 287 EPISCOPI

3577 237 3709 296 1260

2130 344 2218 413 qui
2246 352 2507 399 noverunt
2542 343 2771 417 linguam
2818 345 2964 401 illaut
2989 345 3295 414 hebraeam;
3327 349 3448 420 quia
3497 351 3709 409 hebraea

2092 439 2095 443 ’
2129 435 2303 505 lingua
2330 435 2533 490 dictum
2550 445 2633 491 est
2651 435 2938 493 Cherubim
2964 453 2978 504 ;
3010 446 3065 493 et
3084 438 3335 496 dixerunt
3362 456 3482 496 esse
3508 441 3710 499 Cheru-

2132 525 2238 580 bim
2278 525 2668 582 Pionitudinem
2699 528 2962 584 scientiae.
3002 529 3144 601 Ergo
3168 532 3290 600 quia
3320 542 3537 601 superat
3566 533 3708 590 Deus

2129 632 2339 670 omnem
2385 617 2662 672 scientiam
2687 660 2702 684 ,
2734 633 2895 689 super
2936 620 3319 689 plenitudinem
3357 623 3597 680 scientia:
3624 641 3711 681 se-

2128 709 2255 763 dere
2292 709 2504 764 dicitur.
2560 711 2641 764 Sit
2690 711 2741 765 in
2795 722 2848 765 te
2876 726 3006 782 ergo
3054 713 3330 781 plenitudo
3371 715 3630 783 scientiae,
3657 726 3711 774 θλ

2129 802 2235 855 eris
2264 812 2318 857 et
2339 812 2390 857 tu
2417 802 2571 857 sedes
2603 803 2715 857 Dei.
2737 802 2840 857 Sed
2870 803 3005 859 forte
3021 804 3259 860 dicturus
3284 821 3345 860 es
3375 806 3479 862 :Et
3496 810 3710 878 quando

2130 893 2180 946 in
2213 908 2297 947 me
2313 893 2414 947 erit
2440 892 2710 963 plenitudo
2726 894 2998 949 scientiae?
3015 902 3069 950 et
3089 896 3207 966 quis
3228 906 3400 965 potest
3418 898 3485 953 ad
3505 908 3710 956 tantum

2129 985 2335 1039 culmen
2366 985 2381 1015 ⁸
2409 984 2708 1054 pervenire,
2744 994 2800 1039 ut
2823 985 2893 1039 sit
2920 984 2974 1039 in
3004 986 3094 1040 illo
3138 987 3408 1056 plenitudo
3426 990 3712 1045 scientia-2

2131 1077 2291 1131 Putas
2321 1076 2421 1132 hoc
2446 1078 2579 1133 velle
2608 1078 2792 1141 Deum,
2820 1088 2879 1133 ut
2919 1079 2989 1133 sit
3036 1079 3088 1133 in
3120 1080 3273 1135 nobis
3307 1081 3406 1135 ista
3436 1082 3713 1153 plenitudo

2130 1169 2384 1236 scientim,
2417 1178 2474 1224 ut
2499 1170 2803 1226 noverimus
2829 1181 2920 1224 aut
2959 1181 3088 1242 quot
3110 1172 3219 1226 sint
3244 1174 3434 1237 stellae,
3467 1186 3557 1229 aut
3577 1184 3709 1247 quot

2129 1258 2238 1313 sint
2261 1274 2445 1327 grana,
2479 1274 2583 1312 non
2602 1259 2721 1314 dico
2740 1275 2938 1325 arente,
2961 1260 3054 1316 sed
3078 1262 3260 1327 tritici,
3284 1272 3375 1317 aut
3402 1275 3525 1333 quot
3551 1282 3709 1336 poma

2131 1347 2393 1418 pendeant
2441 1349 2491 1403 in
2517 1350 2744 1404 arbore?
2785 1349 2878 1405 llle
2907 1351 3051 1405 novit
3098 1352 3313 1417 omnia;
3367 1354 3487 1423 quia
3533 1356 3711 1425 capilli

2132 1439 2294 1493 nostri
2321 1440 2579 1494 numerati
2602 1451 2725 1494 sunt
2754 1440 2863 1495 Deo
2897 1439 3106 1511 (Matth.
3139 1457 3190 1504 x,
3221 1441 3336 1514 50).
3368 1444 3472 1499 Sed
3502 1446 3605 1499 alia
3631 1458 3714 1502 est

2133 1531 2403 1602 plenitudo
2433 1531 2668 1587 scientiae
2692 1548 2849 1602 quam
2894 1533 3062 1587 voluit
3092 1523 3546 1591 bominem‘uosse
3574 1554 3589 1601 ;
3644 1541 3711 1592 ad

2132 1622 2300 1691 legem
2337 1623 2431 1680 Dei
2477 1624 2706 1693 pertinet
2754 1624 2975 1679 scientia
3002 1641 3157 1693 quam
3187 1636 3238 1681 te
3277 1627 3440 1701 voluit
3492 1629 3710 1686 habere.

2136 1712 2203 1767 Et
2239 1715 2356 1785 quis
2401 1724 2593 1783 potest,
2624 1713 2758 1769 forte
2783 1715 2929 1769 dicas
2957 1716 3108 1781 mihi,
3163 1721 3389 1781 perfecte
3429 1735 3584 1772 nosse
3607 1720 3711 1775 Le-

2133 1817 2273 1873 gem,
2304 1813 2360 1858 ut
2383 1804 2575 1860 habeat
2605 1805 2656 1859 in
2682 1821 2741 1861 se
2764 1806 3147 1875 plenitudinem
3178 1809 3414 1863 scientia:
3456 1811 3629 1881 Legis,
3659 1823 3713 1868 et

2136 1894 2302 1964 possit
2333 1909 2451 1950 esse
2491 1894 2647 1950 Sedes
2693 1896 2828 1951 Dei?
2877 1896 2995 1951 Noli
3048 1900 3280 1959 turbari;
3338 1900 3569 1955 breviter
3616 1901 3711 1956 tibi

2135 1986 2329 2040 dicitur
2344 1986 2467 2057 quid
2491 1985 2706 2051 habeas,
2726 1988 2768 2041 si
2796 1988 2872 2042 vis
2903 1988 3100 2044 habere
3128 1990 3508 2057 plenitudinem
3536 1993 3712 2048 scien-

2137 2077 2245 2145 tiae,
2272 2088 2326 2133 et
2351 2094 2468 2133 esse
2488 2079 2642 2134 sedes
2676 2079 2766 2135 Dei
2799 2097 2811 2133 :
2840 2082 2913 2136 ait
2937 2083 3075 2135 enim
3103 2083 3409 2153 Apostolus,
3443 2083 3713 2141 Plenitudo

2135 2178 2299 2223 autem
2325 2168 2471 2240 Legis
2500 2171 2718 2224 charitas
2742 2168 2913 2241 (Rom.
2959 2188 3073 2237 xttl,
3110 2173 3218 2243 l0).
3253 2173 3386 2240 Quid
3426 2191 3554 2245 ergo
3592 2177 3714 2231 est?

2135 2258 2415 2313 Perdidisti
2446 2269 2608 2314 totam
2651 2262 3069 2317 excusationem.
3115 2263 3387 2335 Interroga
3413 2281 3507 2319 cor
3537 2278 3709 2334 tuum,

2136 2351 2256 2406 vide
2296 2344 2471 2406 utrum
2503 2351 2693 2407 habeat
2719 2353 3127 2410 cbaritatem.Si
3144 2364 3227 2411 est
3265 2356 3334 2411 ibi
3355 2356 3605 2420 Charitas,
3633 2369 3717 2414 est

2138 2441 2205 2494 ibi
2231 2442 2502 2511 plenitudo
2528 2440 2722 2512 Legis;
2750 2443 2861 2512 jam
2892 2442 2945 2497 in
2991 2452 3041 2498 te
3084 2443 3286 2499 habitat
3335 2447 3505 2513 Deus,
3559 2448 3717 2505 sedes

2141 2532 2230 2586 Dei
2285 2531 2452 2587 factus
2478 2548 2556 2588 es.
2612 2532 2911 2587 Irascantur
2957 2536 3174 2604 papuli;
3202 2536 3329 2605 quid
3377 2536 3570 2591 facient
3613 2537 3717 2592 ira.

2135 2632 2343 2677 scentes
2372 2623 2548 2693 populi
2579 2624 2626 2678 ei
2656 2624 2745 2694 qui
2776 2623 2944 2679 factus
2972 2634 3054 2680 est
3080 2624 3236 2681 sedes
3264 2626 3390 2682 Dei?
3412 2627 3510 2694 Qui
3529 2638 3713 2684 contra

2135 2720 2187 2766 te
2230 2723 2471 2779 smvnant,
2503 2714 2766 2780 attendis;
2794 2716 2881 2785 qui
2924 2717 2975 2769 in
3005 2724 3057 2771 te
3084 2717 3286 2784 sedeat,
3315 2734 3419 2773 non
3461 2719 3712 2776 attendis.

2134 2804 2339 2860 leum
2391 2806 2557 2861 factus
2585 2822 2643 2861 es
2668 2848 2680 2871 ,
2724 2816 2777 2861 et
2823 2817 3017 2862 terram
3063 2810 3257 2864 times?
3285 2810 3416 2865 Dicit
3441 2812 3581 2866 enim
3609 2813 3718 2867 alio

2137 2896 2253 2950 loco
2282 2896 2549 2965 Scriptura
2581 2899 2859 2952 Dominum
2900 2899 3064 2954 Deum
3097 2909 3333 2955 nostrum
3374 2901 3570 2969 dicere,
3599 2901 3714 2957 Cae-

2135 2986 2239 3040 lum
2267 2988 2394 3040 mihi
2434 2989 2575 3042 sedes
2600 2999 2671 3041 est
2691 2986 2817 3058 (Isa.
2871 3004 3018 3056 wa,
3048 2990 3122 3060 l).
3167 2991 3220 3044 Si
3264 3006 3391 3060 ergo
3425 3001 3480 3046 et
3526 3000 3582 3046 tu
3624 2993 3718 3046 ba-

2134 3076 2306 3130 bendo
2333 3077 2708 3145 plenitudinem
2739 3078 2995 3144 scientim,
3029 3091 3079 3135 et
3109 3080 3352 3135 habendo
3378 3082 3713 3147 charitatem,

2134 3167 2313 3235 utique
2334 3167 2487 3221 sedes
2515 3169 2604 3222 Dei
2630 3167 2798 3223 factus
2817 3185 2895 3236 es,
2921 3170 3112 3225 malum
3133 3171 3297 3226 laetus
3322 3187 3403 3225 es.
3429 3171 3544 3226 Non
3568 3173 3713 3228 enim

2136 3258 2236 3314 hoc
2263 3259 2455 3313 omium
2478 3260 2643 3313 oculis
2684 3260 2764 3314 his
2788 3262 2981 3315 nostris
3006 3261 3147 3330 quod
3195 3262 3533 3331 suspieintns,
3564 3264 3716 3318 valde

2135 3351 2422 3420 pretiosqu
2452 3361 2532 3405 est
2561 3352 2689 3407 Deo.
2722 3352 2926 3409 Casium
2961 3355 3073 3418 Dei,
3104 3354 3295 3408 anima:
3325 3363 3521 3409 sanctae
3550 3366 3674 3409 stilil
3699 3373 3713 3421 ;

2133 3442 2324 3498 malum
2349 3441 2462 3506 Dei,
2488 3453 2690 3496 mentes
2708 3444 3026 3512 Angelorum
3055 3451 3195 3505 sunt,
3221 3453 3271 3498 et
3298 3459 3484 3497 omnes
3510 3453 3716 3499 mentes

2134 3547 2409 3587 servorum
2437 3534 2571 3601 eius.
2615 3534 2752 3603 largo
2793 3535 3079 3609 irascantur
3108 3536 3300 3604 populi,
3348 3547 3719 3588 commoventur

2135 3634 2304 3687 terra;
2329 3624 2454 3693 quid
2485 3624 2692 3690 liteturi,
2721 3632 2811 3678 aut
2830 3623 2953 3693 quid
2980 3625 3177 3678 factura
3201 3625 3312 3679 sedi
3353 3625 3464 3688 Dei,
3492 3635 3547 3679 et
3574 3625 3716 3680 caelo

2135 3714 2221 3769 ubi
2253 3714 2403 3769 sedet
2432 3713 2605 3767 Deus?

2204 3808 2258 3862 4.
2292 3805 2438 3879 [vers.
2463 3805 2544 3879 2.]
2575 3805 2816 3859 Dominus
2844 3806 2895 3858 in
2922 3806 3050 3859 Sion
3071 3823 3303 3876 magnus,
3333 3814 3380 3859 et
3402 3806 3625 3860 excelsus
3641 3817 3714 3860 est

2135 3913 2286 3967 super
2332 3913 2506 3951 omnes
2559 3897 2790 3966 populos.
2839 3896 3090 3950 Dominus
3132 3897 3183 3951 in
3212 3897 3337 3951 Sion
3383 3912 3607 3966 magnus
3663 3907 3715 3951 et

2136 3988 2379 4042 excelsus
2394 3996 2493 4042 est.
2530 3988 2684 4053 Ecce,
2709 3986 2752 4040 si
2780 3986 3060 4041 obscurum
3087 3988 3174 4042 tibi
3206 3996 3338 4051 erat,
3367 3988 3489 4057 quia
3514 3976 3714 4040 dictum

2136 4086 2235 4141 est,
2262 4078 2360 4142 Qui
2386 4078 2521 4132 sedet
2546 4095 2696 4147 super
2720 4077 3003 4143 Clterubim,
3030 4078 3301 4133 nesciebas
3323 4080 3447 4149 quid
3476 4088 3561 4133 est
3581 4079 3719 4134 Clte‘

2137 4168 2340 4233 rnbim;
2363 4178 2421 4223 et
2438 4170 2572 4223 forte
2596 4170 2683 4223 tibi
2714 4168 2975 4239 tigurabas
3017 4170 3193 4223 animo
3218 4169 3499 4239 quamdam
3527 4170 3716 4224 matbe-

2136 4260 2286 4313 dram
2313 4260 2605 4323 cmlestem,
2640 4259 2925 4330 ingentem,
2950 4267 3289 4328 gemmatant,
3319 4269 3374 4314 et
3416 4259 3583 4329 ipsam
3630 4260 3716 4313 dio

2137 4350 2297 4404 cebas
2348 4348 2659 4413 Cberubim,
2689 4349 2887 4403 carnali
2933 4364 3093 4403 sensu
3121 4350 3346 4403 volitans
3376 4364 3469 4419 per
3494 4350 3719 4418 phanta-

2138 4449 2305 4493 smata
2332 4456 2345 4491 :
2375 4437 2572 4493 dictum
2590 4438 2773 4493 esttibi
2791 4437 2912 4508 quia
2941 4438 3224 4493 Cherubin:
3251 4438 3521 4508 plenitudo
3540 4439 3718 4492 scien-

2141 4531 2225 4585 tiae
2250 4540 2364 4595 est;
2393 4537 2449 4584 et
2473 4529 2671 4584 dictmn
2714 4537 2798 4583 est
2829 4529 2950 4599 quia
3003 4529 3272 4597 plenitudo
3297 4529 3531 4583 scienti:e
3552 4570 3568 4595 ,
3611 4544 3717 4584 non

2139 4620 2423 4690 cujuslibet
2451 4620 2711 4683 scientiae,
2739 4618 2831 4673 sed
2862 4618 3131 4687 plenitudo
3157 4618 3389 4672 scientim
3410 4617 3570 4688 Legis
3614 4620 3719 4673 uti-

2142 4714 2203 4766 lis
2221 4723 2299 4766 est
2318 4712 2544 4785 homini;
2573 4720 2712 4765 etne
2738 4710 3047 4781 desperarcs
3067 4709 3133 4764 de
3155 4711 3265 4778 ipsa
3294 4711 3511 4764 scientia
3539 4709 3718 4779 Legis,

2143 4805 2372 4859 breviter
2401 4804 2491 4858 tibi
2514 4802 2712 4857 dictum
2742 4811 2843 4867 est,
2876 4800 3147 4855 Plenitudo
3173 4801 3322 4869 Legis
3344 4801 3585 4858 charitas.
3613 4801 3722 4855 lla-

2142 4898 2265 4952 bcto
2311 4913 2437 4967 ergo
2482 4895 2793 4951 cbaritatetn
2837 4895 2888 4947 in
2922 4895 3081 4947 Deum
3114 4904 3167 4947 et
3196 4895 3246 4948 in
3281 4894 3616 4964 proximum,
3668 4902 3728 4949 el.

2143 4993 2250 5043 eris
2277 4989 2431 5042 sedes
2455 4989 2543 5043 Dei
2570 5005 2585 5052 ;
2619 4987 2906 5054 pertinebis
2930 4987 2993 5042 ad
3018 4985 3322 5041 Cherubim.
3350 4987 3455 5042 Sed
3482 4987 3524 5040 si
3547 4987 3729 5040 adhuc

2145 5099 2250 5137 non
2274 5082 2519 5151 intelligis
2541 5122 2554 5142 ,
2586 5080 2705 5134 audi
2734 5080 2856 5148 quid
2887 5089 3137 5148 sequatur
3168 5080 3457 5134 :Dominus
3491 5079 3547 5134 in
3593 5080 3726 5135 Sion

2145 5190 2378 5242 magnus.
2408 5174 2575 5238 Quem
2606 5172 2695 5224 tibi
2717 5171 2824 5223 dixi
2856 5186 3016 5239 super
3034 5169 3340 5233 Cherubim,
3368 5171 3421 5223 in
3448 5169 3576 5223 Sion
3606 5185 3729 5222 nia-

2145 5279 2279 5334 gnos
2306 5274 2405 5318 est.
2439 5262 2553 5317 lam
2601 5277 2779 5331 qttu're
2822 5260 2946 5331 quid
2978 5268 3060 5314 est
3101 5260 3272 5315 Sion?
3301 5261 3428 5315 Sion
3478 5260 3727 5314 novimus

2146 5357 2411 5410 civitatem
2436 5353 2525 5407 Dei
2554 5367 2692 5406 esse.
2723 5351 2850 5405 Sion
2877 5353 3013 5405 dicta
3034 5352 3313 5405 estcivitas
3334 5366 3452 5420 qua:
3469 5361 3552 5405 est
3567 5349 3724 5405 leru-

2122 5478 2123 5483 η
2147 5444 2346 5508 Salem;
2372 5441 2511 5496 dicta
2542 5451 2718 5496 autem
2743 5456 2807 5496 ex
2832 5441 3267 5511 interpretatione
3285 5439 3509 5511 quadam
3529 5455 3730 5495 nomen

2214 5581 2226 5608 ι
2255 5584 2372 5635 Vox,
2413 5572 2617 5629 rubum,
2656 5574 2795 5623 abest
2818 5586 2845 5622 a
2863 5579 2969 5623 Mss.
2996 5579 3047 5623 et
3069 5572 3194 5633 loco,
3216 5572 3281 5623 ad
3304 5578 3505 5628 tentant,
3531 5573 3737 5636 quidam

2150 5640 2351 5696 iubent,
2373 5638 2439 5686 nil
2464 5642 2659 5685 (uittam.
