3984 6204
239 245 370 299 1261

230 357 526 426 accipiens,
555 357 675 426 quia
699 356 827 412 Sion
855 356 1162 429 Speculatio
1189 355 1402 422 dicitur,
1434 357 1486 413 id
1510 367 1591 414 est
1619 357 1754 410 visio
1773 366 1826 410 et

229 446 643 515 Contemplatio.
693 447 966 518 Speculari
1023 449 1167 504 enim
1225 447 1527 517 prospicere
1578 456 1696 512 est,
1743 445 1827 503 vel

234 538 580 610 aruspicem,
604 539 687 592 vel
714 539 992 595 intendere
1019 550 1076 594 ut
1104 539 1304 594 videas.
1354 539 1448 593 Est
1485 549 1659 593 autem
1700 538 1827 593 Sion

234 633 421 686 omnis
445 632 642 696 anitua,
675 632 718 686 si
745 632 973 687 intendit
1017 632 1196 688 videre
1226 631 1398 686 lucem
1441 646 1559 701 quae
1604 628 1827 684 videnda

246 733 335 779 est
361 724 400 777 ³.
434 723 566 778 Nam
591 724 638 780 si
663 725 728 779 ad
760 741 909 779 suam
957 724 1260 789 attenderit,
1296 723 1600 779 teucbratur
1633 741 1646 777 :
1675 723 1719 777 si
1763 722 1829 776 ad

242 815 426 872 lucem
453 816 595 872 illius
621 817 928 882 attenderit,
963 817 1305 871 illuminatur.
1329 816 1460 885 Quia
1503 827 1677 870 tamen
1715 830 1829 869 ma-

245 908 505 962 nifesrum
535 917 617 964 est
643 908 770 964 Sion
801 910 1064 966 civitatem
1101 909 1193 962 Dei
1221 901 1370 973 esse;
1395 924 1511 977 qua:
1538 918 1619 962 est
1644 907 1831 962 civitas

243 1000 365 1066 Dei,
399 1001 500 1054 nisi
526 1010 708 1056 sancta
735 1001 1016 1058 Ecclesia?
1041 1001 1296 1056 llomines
1316 1002 1458 1055 enim
1488 1009 1732 1055 amantes
1772 1014 1832 1054 se

245 1090 499 1156 invicem,
531 1100 586 1146 et
612 1103 851 1146 amantes
882 1093 1050 1148 Deum
1097 1107 1250 1147 suum
1289 1093 1377 1161 qui
1404 1092 1455 1146 in
1486 1092 1585 1146 illis
1608 1091 1827 1156 habitat,

245 1181 449 1236 faciunt
470 1184 735 1238 civitatem
765 1183 894 1238 Deo.
923 1185 1056 1249 Quia
1077 1185 1190 1254 lege
1219 1183 1445 1252 quadam
1474 1183 1661 1237 civitas
1698 1198 1830 1239 eon-

245 1274 482 1336 tiuetur;
511 1275 600 1330 lex
628 1276 742 1344 ipsa
769 1291 974 1339 eorum,
1010 1275 1244 1332 charitas
1285 1285 1400 1339 est;
1425 1285 1480 1330 et
1517 1278 1626 1344 ipsa
1655 1275 1831 1330 chari-

244 1375 346 1430 las,
376 1365 515 1420 Deus
534 1376 616 1420 est
641 1383 653 1418 :
677 1374 859 1434 aperte
881 1367 1023 1420 enim
1046 1366 1300 1435 scriptum
1323 1375 1422 1428 est,
1452 1365 1586 1419 Deus
1609 1366 1830 1422 charitns

241 1467 314 1510 est
343 1456 388 1526 (I
407 1456 566 1511 Joan.
594 1473 668 1524 tv,
695 1457 769 1528 8).
793 1458 891 1524 Qui
918 1473 1044 1524 ergo
1073 1458 1260 1526 plenus
1299 1468 1382 1512 est
1409 1457 1688 1524 charitate,
1720 1457 1831 1526 ple-

243 1561 344 1602 nos
373 1558 455 1602 est
493 1548 635 1612 Deo;
664 1558 718 1603 et
761 1549 911 1604 multi
961 1548 1100 1617 pleni
1145 1548 1422 1613 cbaritate,
1452 1548 1718 1603 civitatem
1751 1547 1831 1601 fa-

241 1639 386 1692 ciunt
413 1639 545 1694 Deo.
578 1639 678 1694 Ista
707 1639 894 1696 civitas
918 1639 1011 1694 Dei
1033 1648 1253 1698 vocatur
1295 1639 1424 1695 Sion
1455 1657 1468 1693 :
1493 1653 1618 1709 ergo
1643 1639 1830 1694 Eccle-

239 1732 317 1786 sia
339 1743 422 1786 est
449 1731 600 1788 Sion.
635 1732 691 1790 In
713 1732 801 1786 illa
841 1741 924 1789 est
949 1747 1172 1802 magnus
1204 1733 1362 1786 Deus.
1398 1731 1450 1784 ln
1493 1733 1580 1786 illa
1611 1742 1746 1795 esto,
1778 1738 1833 1785 et

239 1839 345 1879 non
363 1824 467 1879 erit
485 1833 678 1892 praeter
696 1834 746 1877 te
771 1825 928 1882 Deus.
961 1823 1092 1880 Cum
1119 1833 1295 1877 autem
1325 1823 1479 1877 fuerit
1507 1823 1556 1875 in
1587 1833 1636 1877 te
1671 1823 1829 1889 Dens,

237 1917 358 1982 quia
390 1927 445 1968 tu
478 1916 644 1971 factus
666 1931 724 1970 es
748 1915 814 1971 de
837 1916 985 1982 Sion,
1015 1916 1307 1972 membrum
1339 1915 1404 1969 de
1431 1917 1578 1980 Sion,
1609 1917 1738 1969 civis
1764 1915 1831 1970 de

237 2007 384 2070 Sion,
423 2009 696 2076 pertinens
716 2007 782 2062 ad
810 2006 1118 2063 societatem
1147 2008 1323 2077 populi
1350 2008 1439 2062 Dei
1467 2025 1480 2072 ;
1505 2009 1749 2062 excelsus
1778 2009 1828 2062 in

237 2108 288 2153 te
329 2101 433 2153 erit
473 2099 614 2156 Deus
655 2114 815 2168 super
856 2115 1043 2156 omnes
1082 2101 1340 2172 populos.
1381 2116 1542 2168 super
1581 2101 1698 2155 illos
1740 2102 1828 2170 qui

233 2193 574 2257 irascuntur,
620 2202 711 2248 aut
735 2208 895 2262 super
921 2191 1040 2247 illos
1069 2193 1157 2262 qui
1189 2191 1574 2248 irascebantur.
1627 2193 1830 2247 Putatis

232 2282 378 2336 enim
400 2284 522 2352 quia
547 2289 672 2338 tunc
712 2282 1094 2349 irascebantur,
1116 2291 1170 2338 et
1189 2283 1348 2338 modo
1371 2299 1473 2336 non
1498 2283 1830 2337 irascuntur?

235 2375 610 2430 Irascebantur
637 2383 761 2430 tunc
785 2393 797 2428 :
830 2374 924 2430 sed
950 2375 1070 2444 quia
1099 2376 1274 2444 plures
1300 2386 1469 2437 erant,
1503 2385 1686 2444 aperte
1726 2377 1828 2430 ira-

235 2465 552 2529 scebantur;
581 2466 738 2519 modo
761 2465 881 2535 quia
903 2464 1051 2534 pauci
1074 2464 1194 2520 facti
1212 2466 1574 2530 sunt,oceul:e
1595 2467 1830 2520 irascum

235 2564 340 2609 tur.
375 2556 593 2610 Interim
629 2557 792 2613 fracta
822 2566 904 2612 est
929 2555 1176 2622 audacia;
1226 2557 1436 2612 ﬁnietur
1457 2567 1508 2610 et
1533 2558 1823 2611 iracundia.

306 2650 362 2704 5.
386 2648 595 2702 Putatis
625 2648 790 2712 enim,
820 2647 1034 2715 fratres,
1060 2648 1184 2719 quia
1207 2648 1282 2702 illi
1311 2663 1535 2718 quorum
1577 2649 1826 2703 hesterno

233 2739 323 2795 die
350 2755 553 2810 organa
597 2739 1010 2810 concrepabant,
1045 2754 1150 2795 non
1179 2740 1479 2795 irascuntur
1505 2741 1572 2793 de
1607 2740 1826 2810 jejuniis

234 2831 474 2887 nostris?
497 2831 612 2886 Non
645 2840 820 2887 autem
850 2833 931 2889 eis
978 2832 1292 2894 irascamur,
1321 2831 1414 2886 sed
1446 2846 1544 2900 pro
1569 2831 1648 2886 eis
1679 2831 1823 2901 jeju-

235 2940 446 2982 nemus.
482 2925 623 2980 Dixit
651 2924 793 2980 enim
827 2919 987 2979 nobis
1017 2924 1269 2979 Dominus
1315 2923 1456 2977 Deus
1507 2932 1688 2977 noster
1733 2923 1824 2992 qui

235 3015 385 3072 sedet
418 3017 471 3070 in
509 3015 684 3079 nobis,
713 3016 826 3085 ipse
857 3015 1011 3070 nobis
1046 3015 1317 3073 mandavit
1363 3023 1417 3069 ut
1469 3030 1684 3071 oremus
1727 3029 1823 3084 pro

235 3107 469 3161 inimicis
535 3107 1010 3178 nostris,oremus
1064 3121 1160 3175 pro
1220 3106 1659 3176 persequentibus
1725 3120 1823 3161 nos

239 3197 455 3268 (Matth.
496 3213 547 3263 ν,
590 3197 726 3268 44);
766 3207 820 3254 et
868 3213 988 3253 cum
1037 3196 1141 3256 hoc
1188 3198 1311 3252 facit
1365 3198 1623 3261 Ecclesia,
1659 3214 1823 3268 prope

236 3290 370 3343 finiti
399 3297 525 3344 sunt
556 3298 945 3357 persecutores.
976 3288 1231 3343 Exaudita
1261 3298 1342 3343 est
1365 3289 1504 3366 enim
1548 3304 1666 3341 cum
1720 3288 1822 3344 hoc

237 3379 458 3444 faceret,
482 3379 828 3446 etcxauditur
851 3394 971 3433 cum
993 3378 1094 3433 hoc
1122 3379 1244 3433 facit
1269 3397 1281 3433 :
1309 3378 1662 3448 przevalebant
1682 3379 1822 3432 malo

234 3487 352 3538 suo,
384 3471 518 3528 finiti
542 3479 667 3526 sunt
687 3472 827 3526 bono
861 3486 978 3527 suo.
1007 3470 1285 3538 Quomodo
1330 3471 1469 3526 enim
1512 3471 1644 3526 finiti
1675 3479 1818 3537 sunt,

235 3565 394 3619 vultis
423 3565 620 3620 nosse?
641 3563 933 3620 Manducati
961 3573 1085 3617 sunt
1107 3564 1175 3620 ab
1195 3563 1451 3619 Ecclesia.
1474 3564 1679 3632 Quaeris
1704 3565 1821 3619 illos

237 3655 287 3708 in
317 3670 396 3720 se,
425 3663 480 3710 et
507 3671 614 3710 non
641 3654 884 3720 invenis;
916 3670 1097 3724 quaere
1119 3655 1171 3710 iu
1201 3669 1264 3709 ea
1289 3671 1408 3725 qua:
1437 3656 1556 3709 illos
1600 3656 1821 3709 mandu-

237 3748 394 3813 cavit,
428 3747 560 3802 etin
595 3747 888 3806 visceribus
915 3747 1031 3816 ejus
1073 3747 1429 3802 inveniuntur.
1461 3746 1819 3802 Transeuntes

239 3840 377 3893 enim
419 3839 486 3892 ad
516 3839 845 3904 Ecclesiam,
877 3837 1149 3894 christiani
1192 3839 1315 3892 facti
1364 3847 1515 3903 sunt;
1549 3839 1822 3908 perierunt

241 3940 630 3997 persecutores,
659 3938 946 3984 creverunt
989 3929 1380 3998 prtedicatores.
1423 3928 1546 3983 Ideo
1575 3943 1669 3997 per
1705 3929 1821 3998 dies

241 4017 399 4073 festos
439 4019 698 4088 ipsorum,
729 4019 851 4087 quia
889 4019 1130 4073 videmus
1171 4033 1265 4074 eos
1319 4019 1405 4088 qui
1455 4019 1643 4088 reliqui
1697 4019 1819 4076 facti

238 4120 379 4174 sunt,
416 4111 650 4169 insanire
693 4110 866 4164 adhuc
912 4111 962 4165 in
1007 4111 1362 4180 voluptatibus
1389 4111 1542 4164 'suis
1586 4112 1738 4167 malis
1768 4121 1822 4167 et

239 4204 528 4273 perversis,
552 4219 800 4273 rogamus
825 4220 919 4274 pro
945 4205 1046 4258 illis
1076 4205 1263 4264 Deum.
1297 4213 1354 4258 ut
1393 4204 1482 4272 qui
1531 4204 1822 4261 delectabi-

240 4295 362 4350 liter
404 4285 628 4350 audiuﬁt
671 4311 928 4364 organum
956 4336 972 4360 ,
1000 4294 1366 4350 delectabilius
1391 4294 1610 4349 audiant
1636 4310 1819 4354 vocem

239 4385 489 4440 Dei.Non
511 4387 651 4442 enim
675 4385 816 4457 quod
837 4385 1122 4442 sonatsine
1143 4386 1345 4442 ratione
1363 4385 1591 4443 delectat
1611 4402 1818 4452 aurem,

236 4487 295 4532 et
320 4477 536 4533 verbum
562 4478 653 4534 Dei
700 4493 806 4534 non
838 4477 1069 4534 delectat
1113 4492 1226 4532 cor.
1252 4475 1356 4532 Sed
1411 4476 1533 4532 ideo
1577 4492 1671 4546 pro
1715 4477 1855 4532 illis.

235 4585 472 4634 oramus,
493 4557 705 4640 quando
733 4571 922 4626 diebus
949 4571 1158 4628 illorum
1186 4569 1335 4628 festis
1359 4586 1463 4624 non
1490 4570 1816 4640 jejunamus,

236 4671 299 4716 ut
325 4662 447 4716 fiant
485 4663 584 4716 sibi
617 4663 715 4731 ipsi
746 4661 1124 4731 spectaculum.
1151 4661 1374 4729 Quando
1415 4663 1558 4716 enim
1591 4661 1823 4716 viderint

233 4770 318 4821 se,
352 4754 709 4823 displicebant
751 4755 888 4818 sibi;
917 4753 1011 4809 sed
1060 4753 1180 4810 ideo
1224 4771 1328 4809 non
1358 4754 1457 4808 sibi
1499 4754 1816 4823 displicent,

233 4845 364 4913 quia
385 4860 486 4899 non
523 4861 582 4900 se
609 4846 908 4901 attendunt.
946 4846 1136 4901 Ebrius
1167 4861 1272 4901 non
1298 4846 1402 4901 sibi
1430 4845 1695 4915 displicet,
1726 4846 1821 4900 sed

237 4937 422 4991 sobrio
449 4939 717 5007 displicet.
752 4939 822 4992 Da
854 4939 1120 4994 hominem
1147 4939 1233 5008 qui
1276 4939 1383 5008 jam
1407 4939 1728 5009 jucundatur
1765 4939 1818 4994 in

235 5027 372 5092 Deo,
401 5029 530 5082 vivit
553 5029 806 5097 graviter,
838 5030 1067 5099 suspirat
1093 5029 1144 5084 in
1177 5030 1318 5083 illam
1351 5045 1534 5099 pacem
1564 5040 1818 5085 mternam

230 5135 397 5190 quam
420 5121 491 5176 illi
518 5123 763 5191 promisit
786 5124 921 5178 Dens
942 5140 956 5187 ;
977 5134 1030 5178 et
1050 5124 1169 5178 vide
1193 5126 1312 5194 quia
1331 5126 1542 5194 quando
1568 5141 1820 5194 respexe-

231 5213 310 5266 rit
332 5211 593 5269 hominem
623 5215 904 5270 saltantem
928 5217 992 5270 ad
1019 5232 1298 5286 organum,
1334 5219 1448 5287 plus
1494 5220 1638 5273 illum
1675 5221 1823 5276 dolet

231 5303 608 5368 insanientem,
651 5322 809 5373 quam
842 5307 1204 5375 phreneticum
1238 5308 1570 5364 febrientem.
1609 5309 1745 5378 Ergo
1774 5312 1820 5365 si

227 5393 478 5449 navimus
507 5397 641 5449 mala
676 5397 906 5458 illorum,
927 5399 1046 5465 quia
1079 5398 1145 5452 de
1194 5400 1319 5468 ipsis
1351 5401 1501 5454 malis
1544 5411 1596 5454 et
1629 5401 1818 5470 uosli-

231 5485 405 5539 bcrati
443 5502 626 5540 sumus
651 5529 665 5551 ,
707 5487 981 5542 doleamus
1023 5489 1179 5555 illos;
1222 5501 1275 5544 et
1313 5493 1356 5544 si
1397 5491 1640 5548 dolemus
1679 5493 1816 5560 illos,

301 5623 321 5684 ξ
348 5627 550 5684 veteres
726 5618 891 5684 ridere
929 5624 1054 5684 quod
1080 5623 1338 5675 ridendum
1354 5636 1442 5674 cst.

298 5681 323 5712 ³
345 5682 412 5732 sic
434 5689 536 5732 Mss.
568 5691 621 5732 At
645 5683 780 5743 Edd,
804 5681 1126 5736 t'oltztttnlibtts.

1342 243 1739 301 ENARRA'I‘IO
1779 242 1842 298 IN
1881 239 2201 300 PSALMUM
2229 244 2458 302 XCVIII.

3389 253 3523 309 1262

1938 368 2152 410 oremus
2199 373 2294 428 pro
2322 359 2456 425 illis;
2501 371 2552 416 et
2586 372 2640 416 ut
2671 364 3050 432 exaudiamur,
3096 367 3400 438 jejunemus
3427 388 3524 442 pro

1940 445 2062 500 illis.
2087 445 2200 502 Non
2221 448 2363 503 enim
2385 465 2482 505 nos
2509 463 2687 508 noStra
2710 453 2911 524 jejunia
2941 458 3276 523 celebramus
3299 476 3394 530 per
3406 464 3523 518 dies

1941 533 2106 591 festos
2130 537 2361 593 illorum.
2383 541 2498 595 Alia
2528 553 2652 598 sunt
2678 545 2877 614 jejunia
2905 556 3083 602 nostra
3115 565 3234 617 qua:
3283 552 3523 609 celebra-

1939 645 2058 684 mus
2088 647 2180 700 per
2205 631 2321 687 dies
2349 633 2567 688 Pasclne
2595 635 2819 702 futuros,
2853 654 2945 707 per
2970 640 3071 694 alia
3099 652 3258 712 atque
3278 644 3378 699 alia
3404 661 3524 715 qua:

1939 721 2198 776 solemnia
2233 724 2386 779 nobis
2415 736 2540 780 sunt
2565 728 2616 780 in
2643 728 2856 784 Christo
2886 749 2898 782 :
2932 747 3023 800 per
3049 733 3182 789 istos
3205 747 3381 792 autem
3409 740 3525 794 dies

1937 810 2005 865 ad
2029 811 2128 866 hoc
2150 811 2474 882 jejunamus,
2507 828 2562 870 ut
2606 820 2818 886 quando
2862 822 2960 891 ipsi
2989 823 3236 879 ltetantur
3258 868 3273 893 ,
3301 843 3399 882 nos
3429 846 3526 899 pro

1939 903 2042 957 illis
2063 919 2357 974 gemamns.
2391 908 2594 963 Lurtitia
2615 911 2757 965 enim
2784 928 2876 966 sua
2906 914 3195 973 admonent
3220 922 3235 950 ⁸
3276 919 3522 976 dolorem

1941 1002 2179 1047 nostrum
2201 1037 2214 1058 ,
2240 1007 2295 1049 et
2323 996 2526 1052 faciunt
2552 1015 2650 1054 nos
2702 1002 2969 1057 recordari
3000 1021 3158 1074 quam
3190 1008 3372 1064 miseri
3416 1010 3524 1065 sint

1938 1082 2131 1139 adhuc.
2158 1086 2262 1140 Sed
2285 1087 2406 1156 quia
2434 1089 2672 1144 videmus
2702 1093 2899 1148 multos
2926 1094 3333 1166 indeliberatos,
3357 1101 3446 1156 ubi
3472 1111 3528 1158 et

1939 1188 2036 1229 nos
2055 1175 2267 1243 fuimus,
2285 1193 2383 1233 nec
2399 1177 2464 1233 de
2479 1179 2583 1234 illis
2605 1181 2892 1251 desperare
2913 1183 3192 1244 debemus.
3217 1189 3340 1246 Etsi
3355 1192 3529 1248 adhuc

1942 1265 2259 1333 irascuntur,
2285 1284 2382 1324 nos
2403 1287 2647 1337 oremus;
2667 1274 2960 1331 etsiadhuc
2988 1292 3354 1338 commovetur
3373 1287 3530 1355 parti-

1939 1355 2056 1409 cula
2082 1365 2236 1411 terra-
2263 1374 2380 1428 qua:
2408 1363 2682 1429 remansit,
2707 1379 2804 1420 nos
2825 1381 3231 1435 permaneamus
3253 1372 3305 1426 in
3331 1375 3528 1443 gemitu

1942 1462 2036 1513 pro
2084 1447 2234 1516 ipsis,
2268 1459 2324 1504 ut
2350 1459 2407 1505 et
2443 1451 2548 1506 illis
2575 1454 2711 1508 Deus
2742 1455 2934 1512 tribuat
2963 1457 3313 1530 intellectum,
3345 1472 3400 1519 et
3426 1481 3529 1520 no-

1941 1536 2140 1593 biscum
2159 1541 2376 1596 audiant
2395 1558 2552 1599 voces
2569 1545 2712 1612 istas,
2729 1546 2796 1602 de
2811 1549 3003 1617 quibus
3024 1551 3182 1606 modo
3213 1555 3526 1624 gaudemus.

1942 1627 2188 1685 Dominus
2215 1633 2266 1685 in
2298 1633 2425 1688 Sion
2455 1652 2689 1706 magnus,
2739 1647 2786 1693 et
2811 1641 3036 1697 excelsus
3079 1654 3151 1698 est
3179 1662 3331 1717 super
3356 1663 3529 1704 autne:

1938 1722 2170 1791 papulas.

2009 1813 2061 1865 6.
2096 1812 2243 1884 [rem
2277 1817 2330 1878 3,
2363 1815 2440 1888 4.]
2470 1817 2817 1888 Conﬁteantur
2847 1823 3040 1877 nomini
3079 1835 3164 1878 tuo
3195 1845 3396 1898 magno.
3429 1829 3532 1902 Ipsi

1937 1918 2124 1958 omnes
2164 1907 2378 1975 populi,
2423 1924 2583 1978 super
2611 1926 2746 1980 quos
2777 1929 2999 1982 magnus
3023 1931 3080 1969 es
3113 1918 3163 1969 in
3207 1917 3334 1973 Sion
3355 1959 3370 1982 ,
3414 1919 3525 1989 jam

1936 1997 2273 2063 conﬁteantur
2316 2002 2507 2054 nomini
2532 2012 2616 2056 tuo
2664 2020 2867 2075 magno.
2915 2006 3140 2062 Parvum
3184 2007 3281 2064 fuit
3328 2025 3524 2067 nomen

1939 2093 2102 2151 tuum,
2135 2089 2346 2158 quando
2372 2092 2767 2150 irascebantur:
2793 2097 2984 2151 factum
3012 2109 3392 2172 estmagnum;
3414 2105 3524 2173 jam

1935 2177 2310 2235 confiteantur.
2339 2182 2618 2248 Quomodo
2643 2186 2868 2243 dicimus
2895 2205 3112 2259 parvum
3143 2191 3306 2249 fuisse
3328 2211 3522 2250 nomen

1935 2267 2172 2337 Christi,
2214 2281 2497 2344 antequam
2539 2277 2792 2345 praeclare
2832 2279 3194 2338 dill'amaretur
3238 2281 3526 2342 Christus?

1934 2359 2066 2424 Quia
2104 2377 2296 2416 nomen
2338 2364 2504 2434 ipsius
2537 2365 2675 2421 fama
2713 2367 2879 2437 ipsius
2921 2371 3133 2426 dicitur.
3168 2374 3394 2430 Parvum
3429 2393 3526 2431 uo-

1935 2466 2054 2505 men
2077 2461 2208 2519 erat;
2233 2453 2344 2522 jam
2370 2456 2530 2510 modo
2559 2473 2754 2514 nomen
2780 2476 3030 2532 magnum,
3050 2462 3242 2519 factum
3269 2477 3370 2520 est.
3393 2468 3524 2536 Quae

1931 2556 2064 2610 gens
2089 2553 2170 2599 est
2199 2561 2316 2615 qua:
2344 2563 2449 2601 non
2492 2549 2692 2604 audivit
2729 2565 2925 2607 nomen
2965 2553 3199 2609 Christi?
3239 2556 3353 2612 Jam
3396 2575 3524 2630 ergo

1933 2649 2126 2704 magno
2151 2639 2350 2692 nomini
2375 2647 2464 2693 tuo
2489 2640 2842 2698 conﬁteantur
2873 2644 3047 2714 p0ptili
3084 2647 3170 2715 qui
3202 2659 3326 2704 ante
3363 2666 3525 2719 parvo

1932 2727 2130 2781 nomini
2159 2736 2248 2782 tuo
2276 2729 2639 2786 irascebantur
2662 2749 2674 2786 :
2698 2731 3046 2803 Conﬁteantur
3082 2739 3270 2792 nomini
3295 2749 3380 2794 tuo
3407 2759 3520 2796 ma-

1930 2835 2049 2888 gno.
2073 2818 2249 2886 Quare
2269 2823 2664 2879 confiteantur?
2695 2825 2946 2891 Quoniam
2971 2829 3190 2884 terribile
3221 2840 3268 2885 et
3295 2842 3524 2889 sanctum

1929 2919 2020 2966 est.
2052 2911 2228 2980 Ipsum
2261 2927 2452 2968 nomen
2485 2923 2629 2970 tuum
2659 2916 2895 2973 terribile
2933 2927 2988 2974 et
3014 2929 3256 2977 sanctum
3287 2933 3388 2980 est.
3434 2926 3525 2982 Sic

1932 3003 2250 3072 praedicatur
2273 3006 2590 3072 crucifixus,
2619 3009 2697 3064 sic
2727 3009 3041 3079 praedicatur
3081 3013 3416 3082 humiliatus,
3447 3020 3524 3075 sic

1930 3095 2252 3164 prredicatur
2281 3097 2547 3164 judicatus
2569 3141 2583 3164 ,
2629 3108 2686 3154 ut
2714 3101 2891 3156 veniat
2927 3111 2980 3157 et
3024 3105 3266 3161 excelsus
3288 3150 3304 3175 ,
3343 3110 3522 3166 veniat

1929 3186 2082 3240 vivus
2102 3229 2116 3252 ,
2157 3189 2206 3242 in
2236 3190 2430 3245 virtute
2461 3192 2637 3248 veniat
2660 3193 3016 3262 judicaturus.
3045 3197 3200 3253 Modo
3225 3204 3396 3271 parcit
3424 3221 3522 3275 po-

1930 3281 2067 3348 pulis
2113 3276 2636 3351 blasphemantibns,
2669 3287 2789 3356 quia
2819 3288 3068 3355 patientia
3116 3292 3208 3348 Dei
3253 3294 3318 3348 ad
3353 3298 3526 3366 paeni-

1931 3371 2376 3427 tcntiamadducit
2397 3374 2573 3443 (Rom.
2601 3391 2655 3442 II,
2686 3377 2764 3446 Δ).
2783 3377 2897 3432 Νοιι
2927 3380 3067 3435 enim
3090 3383 3179 3452 qui
3208 3385 3365 3440 modo
3394 3403 3518 3456 par-

1929 3461 2036 3529 cit,
2068 3476 2279 3530 semper
2308 3462 2466 3518 habet
2497 3480 2745 3533 parcere;
2783 3476 2872 3522 aut
2895 3470 2980 3539 qui
3012 3472 3168 3526 modo
3202 3476 3522 3546 praedicatur

1928 3559 1988 3604 ut
2032 3552 2310 3617 timeatur,
2355 3569 2461 3609 non
2499 3565 2582 3609 est
2619 3565 2870 3612 venturus
2909 3569 2966 3613 ut
3003 3560 3222 3630 judicet.
3250 3564 3519 3623 Venturus

1927 3651 2041 3705 cst,
2070 3642 2260 3699 fratres
2301 3647 2442 3711 mei,
2485 3656 2742 3701 venturus
2781 3659 2862 3703 est
2891 3668 2903 3702 :
2933 3651 3214 3708 timeamus
3245 3655 3430 3724 illum,
3461 3671 3517 3715 et

1936 3735 2017 3787 sic
2045 3735 2281 3789 vivamus
2302 3778 2316 3801 ,
2351 3747 2406 3790 ut
2444 3737 2509 3790 ad
2536 3737 2809 3794 dexteram
2835 3741 2973 3796 illius
2999 3743 3346 3802 inveniamur.
3381 3749 3524 3806 Ven-

1928 3837 2076 3881 turus
2106 3835 2187 3878 est
2211 3828 2350 3879 enim
2376 3869 2390 3890 ,
2423 3838 2474 3882 et
2512 3828 2842 3896 judicaturus
2861 3871 2877 3894 ,
2919 3841 2977 3886 ut
3003 3833 3137 3889 alios
3164 3846 3327 3905 ponat
3354 3840 3420 3895 ad
3448 3843 3523 3895 si-

1927 3919 2144 3971 nistram
2165 3959 2180 3981 ,
2208 3919 2342 3972 alios
2369 3920 2436 3974 ad
2467 3921 2738 3975 dexteram
2770 3922 2978 3993 (Matth.
3022 3942 3160 3991 xxv,
3191 3929 3404 4002 51-53).
3453 3934 3524 3990 Et

1929 4025 2032 4064 non
2063 4009 2191 4065 illud
2219 4009 2343 4065 facit
2374 4012 2485 4080 ipse
2509 4013 3024 4086 quomodocumque,
3054 4027 3112 4073 ut
3130 4029 3273 4076 erret
3301 4022 3438 4080 forte
3463 4027 3520 4081 in

1928 4100 2249 4166 hominibus,
2273 4111 2330 4157 ut
2352 4103 2442 4173 qui
2471 4104 2536 4158 ad
2562 4105 2833 4160 dexteram
2859 4109 3139 4177 ponendus
3164 4122 3267 4177 est,
3291 4114 3358 4169 ad
3389 4117 3518 4171 sini-

1927 4202 2090 4248 stram
2121 4202 2380 4264 pouatur;
2409 4207 2499 4249 aut
2521 4198 2609 4266 qui
2640 4197 2704 4251 ad
2733 4199 3004 4255 sinistram
3030 4201 3190 4258 debet
3212 4211 3356 4261 stare
3377 4247 3392 4272 ,
3431 4223 3518 4263 er-

1926 4293 2078 4340 rante
2112 4284 2224 4339 Deo
2249 4284 2314 4339 ad
2350 4285 2620 4341 dexteram
2649 4298 2882 4357 ponatur
2913 4308 2927 4344 :
2962 4307 3066 4347 non
3098 4303 3274 4363 potest
3296 4311 3478 4354 errare
3500 4341 3514 4365 ,

1929 4387 1986 4433 ut
2011 4379 2081 4434 ibi
2116 4386 2276 4448 ponat
2312 4379 2507 4434 malum
2531 4422 2544 4445 ,
2576 4382 2659 4436 ubi
2705 4399 2903 4452 ponere
2941 4385 3101 4442 debet
3144 4387 3376 4458 bonum;
3423 4408 3520 4448 nec

1927 4472 2000 4528 ibi
2027 4479 2189 4542 ponet
2219 4471 2412 4526 bonum
2438 4516 2452 4539 ,
2485 4474 2574 4528 ubi
2600 4475 2756 4530 debet
2784 4492 2983 4547 ponere
3017 4480 3233 4534 malum.
3261 4482 3316 4538 Si
3339 4500 3520 4541 errare

1931 4581 2036 4621 non
2065 4578 2272 4636 potest,
2319 4586 2415 4624 nos
2437 4586 2710 4635 erramus,
2750 4573 2792 4626 si
2819 4588 2924 4626 non
2955 4574 3233 4640 timemus;
3267 4579 3312 4631 si
3339 4586 3433 4633 aut
3467 4598 3516 4633 ιιι

1931 4659 2262 4715 timuerimus
2289 4662 2452 4715 modo
2471 4703 2485 4726 ,
2521 4674 2643 4717 tunc
2671 4665 2811 4732 quod
2845 4665 3121 4719 timeamus
3148 4683 3252 4722 non
3300 4668 3518 4724 habehi~

1933 4767 2068 4805 tuus.
2105 4753 2354 4820 Quoniam
2385 4756 2604 4808 terribile
2642 4766 2686 4808 et
2714 4767 2940 4810 sanctum
2965 4769 3075 4824 est;
3111 4770 3159 4812 et
3189 4761 3351 4815 honor
3387 4764 3519 4833 regis

1923 4843 2175 4913 judicium
2201 4847 2385 4916 diligit.
2408 4845 2496 4901 Sic
2522 4861 2652 4916 ergo
2674 4847 2892 4902 timeant
2917 4865 3037 4904 eum
3067 4852 3282 4921 pepuli,
3316 4863 3373 4909 ut
3396 4871 3518 4910 cor-

1932 4935 2105 5006 rigant
2128 4953 2185 4992 se
2210 4956 2222 4992 :
2247 4954 2348 4992 non
2373 4939 2520 5006 quasi
2546 4939 2768 4993 multum
2802 4953 3184 5008 pra-sumentes
3209 4945 3276 5000 de
3303 4947 3514 5000 miseri-

1929 5029 2108 5083 cordia
2143 5029 2342 5097 ipsius,
2382 5029 2648 5084 dimittant
2687 5047 2778 5094 se,
2825 5042 2878 5088 et
2921 5035 3058 5089 male
3096 5036 3302 5099 vivant;
3346 5038 3513 5106 diligit

1928 5120 2071 5174 enim
2097 5121 2513 5174 misericordiam
2535 5164 2550 5186 ,
2579 5122 2674 5176 sed
2707 5123 2874 5192 diligit
2897 5135 2950 5178 et
2969 5125 3246 5195 judicium.
3279 5127 3410 5194 Qua:
3439 5140 3518 5182 cst

1930 5208 2331 5263 misericordia?
2363 5211 2432 5267 Ut
2474 5211 2634 5266 modo
2674 5215 2924 5282 praedicet
2965 5216 3056 5270 tibi
3099 5219 3413 5285 veritatem,
3461 5228 3518 5274 ut

1930 5300 2090 5354 modo
2109 5300 2301 5355 clamet
2327 5302 2392 5356 ad
2424 5311 2476 5357 te
2497 5315 2558 5358 ut
2580 5309 2926 5362 couverlaris.
2959 5308 3126 5363 Parva
3149 5310 3517 5377 misericordia

1929 5401 2011 5446 est
2031 5433 2045 5453 ,
2075 5391 2196 5461 quia
2229 5393 2404 5448 vixisti
2435 5393 2487 5448 in
2519 5397 2672 5449 malis
2701 5397 2849 5451 factis
2875 5439 2888 5462 ,
2911 5408 2962 5452 et
2989 5398 3160 5454 adhuc
3185 5416 3289 5456 non
3314 5409 3365 5457 te
3394 5403 3516 5458 tulit

1928 5497 2048 5536 cum
2088 5497 2370 5551 peccares,
2409 5495 2466 5538 ut
2501 5487 2734 5541 credenti
2784 5491 3077 5557 ignosceret
3121 5501 3335 5559 peccata
3385 5496 3515 5548 tna'!

1929 5589 2089 5644 parva
2129 5575 2485 5631 misericordia
2527 5579 2646 5634 cst?
2688 5579 2846 5634 I‘tztas
2890 5582 3008 5650 quia
3039 5583 3116 5638 sic
3161 5598 3373 5656 semper
3411 5589 3513 5646 erit

1996 5688 2010 5717 ³
2033 5693 2132 5736 Duo
2151 5693 2277 5747 uss,
2294 5695 2493 5740 movent.
2523 5747 2527 5750 _
