4012 6202
450 296 459 300 ~
496 270 633 324 i265

487 379 849 443 misericordia
869 420 884 443 ,
914 387 971 432 ut
998 371 1262 429 neminem
1294 362 1513 438 puniat?
1547 360 1665 416 Noli
1688 359 1766 416 sic
1805 366 1989 430 putare
2020 356 2060 412 ¹.

489 475 753 535 Terribile
779 484 832 528 et
853 474 1093 524 sanctum
1121 474 1313 515 nomen
1348 457 1494 525 ejus;
1521 464 1566 508 et
1594 455 1755 507 honor
1776 448 1907 520 regis
1925 446 2072 519 judi-

493 573 627 625 rium
666 565 847 635 diligit.
882 558 1133 629 lnjustum
1165 560 1247 606 est
1277 549 1419 605 enim
1450 545 1705 617 judicium
1729 583 1745 609 ,
1773 551 1828 598 et
1853 539 2071 596 omnino

496 681 599 719 nun
636 671 717 715 est
737 632 1027 727 judicium,
1060 646 1158 702 nisi
1186 644 1375 698 merita
1406 638 1693 695 reddantur
1717 648 1813 689 sua
1841 632 2030 727 cuique
2055 671 2067 693 ,

495 722 936 823 quemadmodum
964 739 1188 809 quisque
1214 734 1381 805 gessit
1421 732 1472 785 in
1508 741 1733 797 corpore
1756 765 1771 791 ,
1817 722 2071 823 sive-bo.-

496 814 617 898 unm
639 884 652 905 ,
682 839 794 893 sive
817 835 1012 888 malum
1045 831 1110 901 (ll
1130 827 1244 884 Cor.
1272 843 1325 891 v,
1357 825 1443 897 10)
1473 841 1486 876 :
1516 831 1561 875 et
1594 821 1754 874 Itonor
1779 816 1912 887 regis
1928 814 2073 886 judi-

499 936 625 987 rinm
646 928 828 997 diligit.
856 926 997 994 Ergo
1023 922 1321 981 timeamus,
1350 931 1477 986 ergo
1507 912 1760 967 faciamus
1779 906 2035 979 justitiam
2054 948 2070 970 ,

497 1037 619 1092 ergo
641 1020 894 1074 faciamus
920 1014 1241 1083 mquitatem.

562 1086 614 1167 ⁵1.
646 1109 752 1167 Sed
794 1107 911 1177 quis
937 1103 1059 1159 facit
1088 1096 1431 1171 arquitatem?
1465 1094 1584 1165 quis
1630 1090 1753 1147 facit
1777 1086 2075 1160 justitiam?

494 1205 668 1261 llomo
725 1209 999 1272 peccator,
1052 1195 1212 1250 homo
1257 1189 1499 1261 iniquus,
1548 1186 1707 1241 homo
1756 1193 2074 1254 perversos,

496 1299 657 1353 homo
703 1271 921 1349 aversus
962 1304 992 1343 ει
1038 1288 1155 1342 lucc
1201 1281 1475 1338 veritatis?
1513 1277 1650 1346 Quid
1692 1275 1853 1330 debet
1903 1271 2076 1326 facere

496 1385 695 1442 homo?
719 1384 1041 1440 Convertere
1066 1392 1126 1432 se
1151 1384 1350 1429 tantum
1377 1371 1441 1425 ad
1466 1370 1653 1432 Deum,
1676 1374 1736 1420 ut
1763 1365 1874 1434 ipse
1904 1363 1955 1417 in
1984 1360 2078 1415 illo

496 1479 689 1533 formet
717 1473 1037 1543 a-qnitatem,
1055 1481 1211 1537 quam
1235 1464 1349 1536 ipse
1376 1462 1605 1517 formare
1625 1472 1729 1513 non
1761 1462 1954 1526 potest,
1984 1450 2076 1506 sed

499 1569 817 1626 deformare.
848 1563 1072 1619 ldoneus
1114 1568 1197 1613 est
1239 1557 1399 1610 homo
1441 1551 1506 1606 ad
1549 1545 1933 1604 vulnerandum
1979 1557 2075 1609 se;

498 1657 751 1730 numquid
779 1656 1001 1712 idoneus
1028 1661 1111 1705 est
1148 1648 1214 1703 ad
1244 1644 1537 1701 sanandum
1566 1641 1664 1697 se?
1707 1636 1930 1707 Quando
1967 1634 2079 1689 vult

499 1729 751 1824 aegrotat,
781 1763 883 1802 non
911 1744 1122 1816 quando
1143 1740 1253 1795 vult
1276 1738 1463 1808 surgit.
1489 1735 1543 1790 Si
1571 1733 1701 1792 vult.
1723 1731 1867 1786 vivat
1891 1729 2078 1783 intem-

502 1822 748 1915 peranter
769 1838 853 1893 vel
882 1837 932 1891 in
966 1834 1159 1913 frigore
1185 1830 1268 1885 vel
1295 1830 1347 1883 in
1375 1827 1585 1891 calore;
1619 1838 1684 1880 eo
1712 1822 1797 1877 die
1820 1826 2040 1890 regrotat
2060 1858 2075 1882 ,

470 1950 473 1951 '
498 1950 604 2007 quo
636 1932 859 1988 voluerit
891 1947 904 1985 :
930 1942 1048 1982 cum
1076 1932 1253 1978 autem
1281 1917 1505 1975 vivendo
1530 1917 1946 1983 intemperanter
1965 1922 2080 2007 cce-

502 2001 638 2098 perit
660 2031 936 2094 mgrotare,
964 2025 1146 2087 surgat
1172 2011 1380 2086 quando
1410 2010 1541 2075 vult;
1570 2007 1658 2077 qui
1680 2004 1845 2077 jacuit
1864 2001 2078 2074 quando

500 2119 686 2183 voluit,
715 2122 914 2185 surgat,
941 2112 984 2167 si
1003 2116 1197 2181 potest,
1223 2102 1436 2177 quando
1460 2102 1589 2156 vult.
1615 2099 2084 2167 Utjaeerctzegro-

501 2221 626 2275 tus,
674 2204 1133 2276 intemperantiam
1177 2213 1325 2253 suam
1371 2193 1551 2249 habuit
1595 2188 1948 2245 necessariam
1981 2202 1995 2239 :
2025 2192 2082 2239 ut

501 2313 679 2373 surgat
710 2308 906 2363 autem,
938 2292 1291 2351 necessariam
1317 2287 1476 2343 habet
1503 2283 1718 2339 artificis
1740 2279 2078 2373 medicinam.

502 2369 748 2463 Sic‘crgo
776 2399 831 2443 ut
854 2394 1035 2460 peccet
1060 2383 1240 2447 homo,
1273 2380 1386 2450 ipse
1406 2376 1506 2430 sibi
1536 2372 1731 2429 sufficit
1756 2369 1820 2425 ad
1852 2384 2079 2463 peccan-

502 2489 626 2541 dum
654 2459 747 2538 :ut
775 2459 1123 2552 iustificetur,
1148 2488 1252 2528 non
1279 2470 1378 2525 sibi
1404 2466 1631 2532 sufﬁcit,
1665 2463 1763 2518 nisi
1789 2462 1855 2515 ab
1881 2461 1969 2515 illo
1990 2459 2079 2528 jn-

501 2578 782 2640 stifieetur,
810 2571 900 2642 qui
922 2570 1067 2625 solus
1092 2574 1175 2622 est
1193 2564 1384 2634 justus.
1411 2559 1480 2614 Ut
1503 2571 1631 2626 ergo
1652 2555 1722 2610 illi
1754 2569 1812 2608 se
1837 2552 2082 2607 homines

501 2673 629 2725 dom
658 2641 961 2722 formandos
988 2657 1054 2713 ad
1087 2654 1377 2727 justitiam,
1408 2664 1530 2705 cum
1557 2646 1836 2701 terruisset
1862 2641 2083 2712 populos

506 2765 741 2835 psallimus
765 2761 863 2812 iste
881 2796 896 2821 ,
928 2764 978 2809 et
1009 2750 1258 2810 dixisset,
1283 2744 1629 2806 Conﬁteantur
1654 2736 1842 2791 nomini
1866 2744 1950 2835 tuo
1977 2749 2085 2835 ma-

504 2828 603 2928 qno
623 2897 637 2922 ,
664 2852 903 2925 quoniam
921 2844 1136 2900 terribile
1157 2851 1204 2894 et
1222 2846 1450 2894 sanctum
1474 2844 1570 2898 est;
1590 2843 1635 2886 et
1657 2832 1819 2928 honor
1843 2828 1975 2928 regis
1994 2828 2085 2928 ju:

504 2917 691 3001 dicioni
714 2940 903 3009 diligit;
929 2934 1088 2990 veluti
1114 2939 1412 3002 quaerentes
1430 2925 1538 2996 jam
1568 2920 1792 2993 populos
1822 2919 2035 2974 territos
2060 2917 2082 2949 ⁸

505 3032 769 3108 quomodo
793 3028 921 3100 justi
966 3026 1151 3079 vivere
1171 3018 1433 3080 debeant,
1479 3014 1601 3084 quia
1640 3012 1692 3066 in
1739 3009 1930 3108 seipsis
1974 3021 2081 3108 non

506 3098 730 3196 possunt
773 3098 968 3176 habere
1005 3112 1262 3186 justitiam
1283 3151 1299 3177 ,
1330 3103 1721 3163 commendavit
1745 3101 1847 3196 illi—3
1872 3109 1927 3155 et
1969 3098 2083 3196 pla-

507 3188 792 3274 suiatorcm
821 3207 1035 3281 iustitiae
1066 3205 1296 3265 illorum,
1328 3207 1381 3253 et
1405 3204 1619 3251 secutus
1643 3192 1716 3247 ait
1748 3209 1761 3245 :
1796 3190 1870 3245 Tu
1894 3188 2086 3260 parasti

506 3306 831 3377 aequitatem;
868 3297 1119 3370 judicium
1162 3303 1207 3347 et
1227 3290 1477 3360 justitiam
1525 3286 1574 3340 in
1622 3284 1781 3339 Jacob
1820 3293 1872 3336 tu
1903 3282 2082 3377 fecisti.

512 3373 774 3454 Debemus
800 3392 940 3447 enim
970 3398 1024 3444 et
1051 3400 1147 3440 nos
1175 3382 1373 3437 habere
1394 3378 1650 3449 judicium
1668 3417 1680 3437 .
1710 3374 1966 3430 debemus
1994 3373 2087 3427 ha-

509 3493 634 3546 bere
652 3486 930 3558 justitiam;
959 3478 1051 3534 sed
1073 3478 1163 3533 ille
1193 3476 1243 3529 in
1270 3472 1420 3527 nobis
1448 3466 1836 3537 facitjudicinm
1866 3463 2087 3558 etjusti-

509 3554 672 3646 tiam,
702 3578 789 3649 qui
832 3589 928 3630 nos
968 3568 1096 3625 fecit
1126 3569 1177 3622 in
1220 3563 1412 3635 quibus
1459 3560 1677 3615 faceret.
1720 3554 1998 3623 Quomodo
2033 3562 2089 3609 et

509 3688 607 3730 nos
636 3646 890 3726 debemus
917 3663 1113 3717 habere
1132 3656 1387 3729 judicium
1418 3659 1472 3707 ct
1493 3648 1797 3720 justitiam?
1822 3646 2085 3702 iudicium

509 3766 695 3831 habes,
718 3757 928 3832 quando
953 3752 1212 3810 discernis
1243 3748 1439 3802 malum
1466 3746 1494 3798 a
1524 3742 1683 3803 bono;
1710 3738 2088 3832 justitiam—au-

515 3872 644 3923 tem,
663 3827 873 3925 quando
897 3842 1136 3916 sequeris
1160 3841 1378 3904 bonum,
1399 3845 1453 3890 et
1479 3833 1759 3925 declinasa
1787 3831 1941 3925 malo.
1973 3827 2090 3925 Dis-

510 3919 812 4007 cernendo,
850 3938 1104 4010 judicium
1149 3930 1350 3994 babes;
1381 3923 1655 3985 faeiendo.
1693 3921 1950 3992 justitiam
1993 3919 2090 3972 ha-

510 4040 622 4093 bes.
654 4032 863 4088 Declina
886 4046 916 4081 a
940 4024 1097 4087 malo,
1119 4022 1225 4088 ait,
1255 4028 1300 4073 et
1329 4022 1408 4088 [ac
1438 4016 1618 4069 bonum
1635 4027 1654 4077 ,'
1679 4027 1846 4082 qua’re
1884 4025 2087 4080 pacem,

511 4139 558 4184 et
586 4140 786 4196 sequere
808 4136 917 4176 eain
947 4115 1121 4188 (Psal.
1149 4125 1341 4168 χχχιιι.
1373 4106 1481 4176 lii).
1508 4105 1695 4196 Primo
1708 4101 1872 4196 debes
1897 4100 2093 4196 habere

508 4190 801 4294 judicium.
842 4222 895 4269 et
937 4217 1121 4280 postea
1157 4202 1438 4273 justitiam.
1481 4195 1653 4294 Quod
1678 4192 1980 4294 judicium?
2026 4190 2094 4294 Et

517 4282 687 4383 primo
709 4308 910 4377 judices
936 4299 1061 4371 quid
1089 4298 1159 4350 sit
1185 4294 1376 4347 malum
1400 4332 1414 4357 ,
1440 4298 1495 4383 et
1529 4286 1657 4357 quid
1670 4284 1763 4383 _sit
1781 4283 1997 4383 bonum.
2029 4282 2095 4336 Et

514 4374 670 4473 quam
709 4374 1002 4467 justitiam?
1031 4385 1274 4442 Declinos
1302 4400 1330 4433 a
1372 4380 1509 4433 malo
1533 4418 1548 4443 ,
1581 4387 1635 4433 et
1665 4376 1828 4431 facias
1874 4374 2090 4428 bonum.

515 4466 629 4550 [ioc
669 4466 844 4545 autem
887 4498 995 4539 non
1037 4494 1068 4534 a
1096 4487 1147 4532 te
1176 4473 1429 4536 habebis;
1461 4470 1580 4540 quia
1608 4468 1728 4523 vide
1756 4467 1883 4537 quid
1919 4466 2090 4522 dixit:

514 4582 776 4639 Judicium
799 4586 845 4631 et
866 4571 1121 4646 justitiam
1139 4568 1192 4620 in
1218 4561 1377 4619 Iacob
1404 4570 1458 4615 tu
1492 4559 1672 4630 fecisti.

588 4677 645 4732 8.
676 4665 918 4747 [vers.5.]
943 4663 1176 4719 Eata‘ltaIe
1202 4650 1663 4711 DominumDeum
1686 4657 1930 4703 nostrum.
1960 4646 2097 4702 Vere

517 4737 781 4829 exaltate,
816 4737 953 4814 bene
988 4753 1235 4811 exaltatc.
1256 4745 1564 4802 Laudemus
1594 4740 1774 4805 illum,
1806 4737 2098 4792 exaltemus

518 4862 666 4919 illum
693 4856 780 4928 qui
810 4852 933 4907 fecit
952 4852 1116 4919 ipsam
1134 4841 1391 4915 justitiam
1413 4851 1570 4908 quam
1590 4832 1872 4928 habemus;
1905 4830 2018 4928 ipse
2045 4829 2096 4928 in

521 4954 676 5011 nobis
700 4922 841 5005 fecit.
866 4945 994 5013 Quis
1014 4940 1153 4995 enim
1182 4938 1233 4992 in
1262 4932 1414 4988 nobis
1444 4924 1860 4995 fecitjustitiam,
1889 4922 1989 4976 nisi
2009 4922 2096 5013 qui

525 5010 624 5104 nos
641 5010 983 5113 justificavit?
1010 5033 1083 5087 De
1105 5027 1317 5083 Christo
1342 5031 1518 5077 autem
1545 5017 1741 5113 dictum
1762 5022 1865 5113 est,
2006 5010 2100 5113 qu;

520 5102 703 5209 sti/idat
732 5131 941 5201 impium
972 5123 1142 5197 (Rom.
1176 5135 1249 5180 tv,
1284 5115 1360 5209 ii).
1392 5113 1510 5209 Nos
1528 5124 1656 5209 ergo
1686 5106 1872 5209 impii,
1904 5104 1993 5209 ille
2014 5102 2100 5209 jn-

525 5195 1039 5290 μίξιίξοθιοια,,σιιιζιιὶι11ι
1069 5223 1121 5266 0t
1147 5211 1315 5281 ipsam
1343 5202 1601 5273 justitiam
1629 5201 1742 5269 ipsc
1770 5198 1822 5253 in
1849 5195 2001 5250 nobis
2030 5195 2101 5247 l'c«

525 5324 597 5377 cit
620 5335 722 5391 qua
752 5317 823 5371 illi
858 5315 1186 5382 placeamus,
1217 5310 1274 5354 ut
1300 5297 1365 5353 ad
1404 5295 1678 5391 dexteram
1705 5304 1802 5343 nos
1832 5295 1988 5391 ponat
2008 5294 2102 5391 ζἐει

527 5375 734 5466 non'ad
762 5375 1030 5462 sinistram
1056 5415 1070 5451 :
1097 5403 1154 5450 ut
1181 5391 1323 5447 dicat
1349 5386 1416 5442 ad
1444 5385 1718 5441 dexteram
1744 5379 1931 5452 positis
1948 5419 1964 5443 ,
2008 5375 2133 5430 γεω

593 5604 610 5636 ¹
638 5611 701 5652 Ex
725 5610 799 5651 Er.
836 5608 956 5649 Ven.
979 5604 1048 5647 et.
1069 5602 1178 5645 Iov.
1219 5588 1536 5645 restituimus,
1570 5589 1758 5648 putare,
1784 5579 1921 5645 quod
1962 5578 2011 5628 in
2056 5581 2103 5625 Β.

532 5664 849 5759 supplendum
875 5664 923 5709 iu
946 5660 1162 5728 margine
1181 5653 1371 5702 dicitur.
1438 5656 1493 5696 st.

634 5734 749 5759 ’Νῆα
770 5734 857 5759 \l.‘c:
884 5757 893 5759 _
920 5728 1101 5759 tua-rust-

634 5734 750 5777 ’n‘cs
770 5734 896 5775 Mssa
920 5728 1102 5772 terruit.

1729 248 1786 303 S.
1830 239 2192 302 AUGUS'I‘INl
2232 237 2533 297 EPISCOPI

2172 353 2307 418 nite,
2339 350 2583 406 benedicti
2608 348 2779 404 Patris
2809 350 2933 414 mei,
2965 352 3204 421 perciptte
3234 367 3446 422 regnum
3472 351 3605 420 quod

2176 426 2411 514 paratum
2438 453 2512 497 est
2535 442 2598 496 ab
2622 443 2815 513 origine
2846 444 3021 497 numdi
3045 459 3064 507 ;
3089 458 3192 498 non
3213 453 3391 498 autem
3420 454 3580 513 ponat
3607 461 3646 498 an

2176 538 2428 601 nistram,
2462 520 2721 591 intercus
2748 535 2939 605 quibus
2969 535 3207 591 dicturus
3242 544 3356 602 est,
3384 534 3468 590 Ite
3508 536 3563 591 in
3599 537 3681 609 iga

2175 637 2414 681 aeternum
2435 667 2450 693 ,
2474 626 2563 697 qui
2608 635 2925 696 purpuratus
2968 636 3042 679 est
3089 627 3292 681 diabolo
3331 637 3379 680 et
3420 629 3617 699 angelis
3657 646 3700 700 ej

2175 717 2392 789 (Matth.
2435 732 2574 781 xxv,
2619 717 2721 781 54,
2752 716 2868 786 ιιι).
2899 715 2997 782 Qui
3029 716 3081 769 in
3114 716 3266 771 nobis
3289 726 3645 772 coronaturus
3686 733 3778 773 ess

2180 825 2283 863 non
2326 808 2511 863 merita
2556 817 2772 871 nostra,
2818 808 2911 861 sed
2951 807 3090 861 dona
3129 822 3259 874 sua,
3304 818 3561 878 quantum
3609 808 3777 865 debet

2179 900 2440 956 exaltari?
2465 899 2703 954 Exaltate
2723 896 3001 952 Dominum
3026 897 3192 952 Deum
3218 909 3464 953 nostrum.

2249 992 2301 1047 9.
2337 991 2401 1045 Et
2441 992 2650 1046 adorata
2677 990 2948 1045 scabellum
2976 990 3161 1061 pedum
3189 991 3335 1062 ejus,
3365 992 3603 1059 quoniam
3648 1009 3777 1047 sane

2185 1095 2298 1138 ctus
2324 1091 2394 1137 cst
2428 1083 2467 1136 ⁸.
2498 1082 2633 1150 Quid
2663 1081 2923 1137 habemus
2962 1082 3223 1136 adorare?
3252 1081 3540 1136 Scabellum
3586 1083 3778 1152 pedum

2180 1177 2309 1246 ejus.
2353 1172 2762 1244 Suppedanenm
2808 1172 3004 1226 dicitur
3043 1172 3358 1227 scabellum.
3396 1171 3547 1240 Quod
3589 1173 3782 1228 dicunt

2180 1266 2350 1323 (ἰηιιεί
2392 1271 2677 1331 ὑποπόδιον,
2716 1265 2970 1320 dixerunt
3019 1264 3195 1319 Latini
3240 1264 3551 1329 scabellum;
3585 1274 3641 1320 et
3678 1266 3776 1320 alii

2180 1358 2433 1414 dixerunt
2453 1400 2468 1423 ,
2500 1357 2902 1428 suppedaneum.
2923 1355 3028 1411 Sed
3058 1356 3254 1423 videte,
3283 1355 3497 1417 fratres.
3521 1356 3649 1427 quid
3672 1373 3777 1412 nos

2175 1450 2362 1521 jubeat
2390 1450 2632 1504 adorare.
2659 1449 2779 1504 Alio
2804 1448 2925 1503 loco
2951 1447 3343 1518 Scripturarmn
3383 1447 3580 1503 dicitur
3612 1466 3627 1504 :
3657 1448 3778 1504 Ca:—

2182 1544 2286 1596 lum
2315 1542 2438 1595 mihi
2466 1541 2608 1596 sedes
2638 1549 2712 1596 est
2729 1582 2744 1609 ,
2769 1550 2903 1594 terra
2923 1549 3094 1594 autem
3122 1538 3398 1594 scabellum
3423 1540 3608 1611 pedum
3637 1558 3779 1595 meo—

2180 1650 2294 1688 rum
2332 1632 2487 1702 (Isai.
2515 1649 2670 1699 LXVI,
2702 1633 2777 1703 Ι).
2805 1632 2944 1702 Ergo
2974 1642 3170 1689 terram
3201 1643 3301 1685 nos
3335 1628 3488 1700 jubet
3505 1630 3737 1686 adorare
3757 1672 3775 1695 .

2181 1726 2302 1795 quia
2343 1724 2476 1779 dixit
2502 1725 2604 1779 alio
2635 1726 2753 1778 loco
2790 1722 2933 1795 quod
2961 1723 3031 1777 sit
3071 1722 3364 1780 scabellum
3396 1722 3589 1793 pedum
3632 1722 3775 1778 Dei?

2182 1816 2250 1872 Et
2284 1816 2552 1886 quomodo
2591 1815 2935 1871 adorabimus
2976 1822 3173 1869 terram
3195 1854 3211 1880 ,
3252 1827 3373 1868 cum
3403 1812 3549 1867 dicat
3584 1821 3778 1884 aperte

2181 1907 2454 1976 Scriptura
2486 1925 2500 1961 :
2528 1906 2805 1961 Dominum
2835 1905 2995 1959 Deum
3020 1916 3163 1958 tuum
3190 1905 3427 1958 adorabis
3455 1903 3630 1976 (Deut.
3677 1920 3731 1960 vt
3755 1947 3777 1973 ,

2184 1997 2316 2070 15)?
2347 1998 2413 2052 Et
2437 1998 2522 2052 hic
2549 1997 2712 2064 dicit,
2743 1997 2960 2051 Adorate
2985 1994 3261 2052 scabellum
3287 1994 3470 2065 pedum
3496 2011 3647 2065 ejus;
3675 2011 3778 2051 ex-

2187 2104 2388 2160 ponens
2416 2098 2593 2145 autem
2635 2089 2764 2144 mihi
2792 2088 2936 2160 quod
2965 2088 3036 2143 sit
3074 2087 3363 2144 seabellum
3394 2087 3589 2158 pedum
3610 2088 3728 2159 ejus
3755 2132 3774 2155 ,

2184 2182 2343 2251 dicit,
2393 2182 2548 2237 Τειϊα
2569 2192 2734 2236 autem
2775 2182 3045 2236 scabellqu
3075 2181 3261 2251 pedm»
3285 2196 3529 2236 meorum.
3561 2182 3779 2252 Anceps

2187 2273 2354 2328 factus
2384 2290 2503 2329 smn
2548 2291 2561 2325 :
2609 2275 2771 2328 timeo
2812 2272 3036 2327 adorare
3072 2281 3267 2327 terram
3288 2312 3304 2337 ,
3337 2286 3405 2327 ne
3441 2271 3658 2328 damnet
3681 2288 3774 2329 me

2184 2365 2274 2436 qni
2305 2364 2428 2420 fecit
2456 2364 2648 2420 crelum
2675 2371 2731 2418 et
2752 2373 2984 2427 terram;
3013 2376 3198 2417 rursus
3227 2361 3390 2416 timeo
3416 2378 3520 2416 non
3547 2363 3779 2436 adorare

2186 2434 2475 2510 scabellum
2507 2454 2698 2526 pedum
2724 2453 2930 2508 Domini
2960 2452 3097 2516 mei,
3122 2452 3245 2523 quia
3275 2451 3516 2507 Psalmus
3541 2434 3668 2506 mibi
3692 2452 3781 2506 di-

2186 2546 2288 2610 cit,
2329 2545 2552 2600 Adorate
2593 2545 2867 2599 scabellum
2910 2543 3094 2613 pedum
3138 2558 3271 2613 ejus.
3320 2542 3513 2610 Quzcro
3538 2542 3678 2612 quod
3703 2543 3781 2596 sit

2187 2635 2473 2691 scabellum
2500 2634 2691 2705 pedum
2718 2634 2853 2703 ejus;
2883 2641 2937 2689 et
2960 2632 3085 2687 dicit
3109 2631 3238 2687 mihi
3265 2631 3536 2702 Scriptura
3569 2651 3583 2685 :
3614 2631 3778 2687 Terra

2186 2724 2455 2781 scabellum
2493 2725 2679 2797 pedum
2710 2741 2951 2779 meorum.
2993 2723 3282 2778 Fluctuans
3308 2733 3562 2779 converto
3592 2739 3678 2779 me
3703 2725 3777 2779 ad

2185 2818 2476 2884 Christum,
2493 2821 2613 2889 quia
2641 2819 2811 2889 ipsum
2838 2832 3018 2887 quer
3045 2817 3158 2881 hic;
3185 2822 3241 2872 et
3263 2815 3482 2872 invenio
3507 2817 3779 2885 quomodo
3852 2818 3873 2828 "

2188 2911 2305 2966 sine
2331 2911 2602 2981 impietate
2625 2910 2875 2991 adoretur
2900 2919 3060 2976 terra,
3084 2909 3202 2966 sine
3227 2909 3499 2979 impietate
3525 2908 3782 2964 adoretur

2188 3006 2475 3061 scabellum
2507 3006 2695 3076 pedum
2735 3006 2871 3075 ejus.
2916 3004 3166 3075 Suscepit
3205 3005 3348 3060 enim
3376 3004 3446 3060 de
3486 3014 3626 3061 terra
3667 3013 3784 3061 ter.

2187 3111 2336 3163 ram;
2368 3096 2490 3168 quia
2519 3112 2644 3151 caro
2667 3096 2734 3152 de
2773 3105 2912 3152 terra
2940 3105 3060 3162 est,
3088 3096 3234 3153 etde
3262 3111 3422 3153 carne
3448 3097 3627 3152 Maria:
3653 3111 3783 3152 car-

2190 3203 2313 3244 nem
2345 3188 2568 3258 accepit.
2597 3188 2665 3243 Et
2687 3188 2809 3258 quia
2838 3189 2889 3243 in
2920 3188 3032 3258 ipsa
3061 3202 3223 3243 carne
3253 3186 3339 3243 hic
3368 3187 3692 3256 ambulavit,
3719 3197 3780 3243 et

2190 3282 2358 3352 ipsam
2385 3295 2598 3337 carnem
2626 3280 2780 3335 nobis
2802 3280 3223 3335 manducandum
3243 3279 3311 3335 ad
3339 3280 3561 3335 salutem
3589 3279 3778 3345 dedit;

2189 3390 2349 3430 nemo
2377 3383 2552 3429 autem
2588 3376 2727 3429 illam
2750 3389 2967 3430 carnem
2996 3373 3279 3429 mandueat
3298 3415 3313 3438 ,
3341 3373 3443 3428 nisi
3478 3372 3625 3443 prius
3649 3372 3786 3429 ado-

2192 3466 2387 3520 ras-erit
2418 3484 2431 3519 :
2470 3466 2741 3521 inventum
2780 3473 2864 3521 est
2902 3464 3347 3535 quemadmodum
3388 3464 3641 3520 adoretur
3678 3465 3785 3520 tale

2192 3556 2481 3611 scabellnm
2512 3555 2708 3626 pedum
2750 3555 2997 3619 Domini,
3031 3563 3088 3609 et
3124 3571 3229 3608 non
3260 3553 3433 3608 solum
3460 3570 3565 3608 non
3596 3568 3782 3624 pecce-

2194 3662 2313 3701 nms
2354 3645 2659 3712 adorando,
2702 3646 2796 3701 sed
2830 3660 3111 3717 peCcemus
3136 3661 3241 3700 non
3280 3644 3576 3700 adoranda.
3612 3645 3780 3701 Num-

2193 3738 2317 3808 quid
2348 3748 2523 3793 autem
2563 3752 2688 3792 caro
2716 3736 2983 3792 vivilieat?
3007 3735 3125 3807 Ipse
3171 3736 3427 3791 Dominus
3453 3735 3617 3799 dixit,
3660 3750 3782 3790 cum

2194 3828 2260 3883 de
2290 3830 2399 3898 ipsa
2428 3828 2890 3884 commendatione
2934 3826 3173 3895 ejusdem
3221 3834 3381 3881 terra:
3425 3826 3736 3895 loqueretur
3763 3841 3783 3882 ε

2196 3921 2422 3992 Spiritus
2447 3932 2519 3977 est
2541 3922 2628 3993 qui
2654 3922 2894 3990 vivi/ient;
2921 3936 3038 3974 caro
3062 3927 3229 3973 autem
3250 3919 3378 3973 nihil
3407 3919 3629 3988 prodest.
3661 3919 3785 3974 Ideo

2195 4022 2250 4069 et
2276 4013 2343 4067 ad
2372 4024 2564 4068 terram
2589 4012 2878 4083 quamlibet
2900 4025 3022 4066 cum
3045 4019 3097 4066 te
3117 4009 3339 4065 inclinas
3361 4017 3522 4080 atque
3547 4020 3786 4080 proster-

2196 4105 2278 4160 nis
2298 4146 2313 4171 ,
2355 4120 2460 4160 non
2506 4106 2656 4176 quasi
2690 4115 2883 4159 terram
2911 4104 3163 4158 intuearis
3184 4144 3198 4166 ,
3228 4102 3322 4158 sed
3352 4102 3502 4158 illum
3528 4102 3784 4158 Sanctum

2196 4197 2346 4267 cujus
2383 4196 2578 4266 pedum
2636 4195 2925 4251 scabellum
2968 4204 3051 4249 est
3091 4192 3230 4265 quod
3285 4192 3515 4259 adoras;
3569 4201 3790 4263 propter
3824 4181 3837 4196 ’

2198 4287 2370 4358 ipsum
2397 4287 2539 4342 enim
2568 4286 2758 4341 adoras
2780 4304 2792 4339 :
2816 4285 2935 4340 ideo
2958 4295 3012 4340 et
3039 4283 3125 4338 hic
3151 4283 3398 4352 subjecit,
3429 4282 3652 4337 Aderate
3675 4300 3791 4337 sca-

2197 4377 2381 4432 bellum
2413 4378 2598 4447 pedum
2621 4378 2730 4447 ejus
2749 4417 2765 4441 ,
2804 4377 3043 4446 quoniam
3069 4383 3272 4429 sanctus
3297 4384 3391 4427 est.
3416 4371 3547 4439 Quis
3572 4384 3790 4428 sanctus

2199 4468 2318 4522 est?
2358 4468 2415 4522 In
2443 4467 2595 4536 cujus
2633 4467 2839 4521 honore
2873 4465 3065 4520 adoras
3093 4465 3396 4541 scabellunr
3415 4463 3614 4533 pedum
3646 4465 3787 4533 ejus.

2188 4560 2272 4615 .Et
2311 4575 2434 4615 cum
2463 4560 2653 4615 adoras
2699 4559 2847 4613 illum
2873 4599 2889 4625 ,
2937 4573 3003 4612 ne
3043 4557 3364 4628 cogitatione
3408 4571 3690 4612 remaneas
3737 4557 3789 4612 in

2201 4667 2363 4707 carne
2381 4694 2395 4718 ,
2423 4663 2478 4707 et
2514 4668 2545 4706 a
2582 4650 2769 4720 spiritu
2800 4666 2905 4705 non
2931 4648 3213 4705 viviﬁcaris
3237 4665 3250 4702 :
3283 4648 3509 4718 Spiritus
3534 4657 3607 4703 est
3632 4649 3791 4716 enim,

2204 4742 2391 4813 inquit,
2417 4743 2505 4813 qui
2528 4741 2767 4809 viui/ient;
2791 4756 2913 4793 caro
2932 4748 3101 4793 autem
3121 4738 3249 4792 nihil
3271 4739 3494 4806 prodest.
3516 4737 3672 4793 Tune
3697 4755 3783 4793 au-

2206 4843 2349 4900 tem,
2392 4832 2605 4903 quando
2636 4831 2740 4886 hoc
2778 4831 3035 4886 Dominus
3073 4828 3499 4895 commendavit,
3525 4826 3595 4882 de
3632 4844 3797 4883 carne

2207 4942 2301 4982 sua
2331 4927 2540 4982 locutus
2566 4934 2681 4979 erat
2702 4966 2718 4991 ,
2747 4933 2802 4979 et
2830 4924 3037 4978 dixerat
3072 4940 3087 4976 :
3113 4921 3230 4976 Nisi
3270 4922 3380 4991 quis
3418 4920 3800 4977 manducauerit

2205 5035 2406 5073 carnem
2431 5034 2592 5072 nteam
2615 5058 2629 5080 ,
2662 5033 2760 5071 non
2783 5016 2979 5069 habebit
3001 5016 3053 5068 in
3080 5031 3133 5068 se
3159 5015 3310 5066 vitam
3332 5022 3595 5068 cateruam.
3625 5013 3797 5070 Scan-

2206 5108 2419 5163 dalizati
2435 5115 2559 5162 sunt
2582 5106 2823 5176 discipuli
2846 5106 2963 5175 ejus
2983 5104 3221 5173 quidam,
3241 5104 3574 5174 septuaginta
3604 5104 3795 5171 lenne,

2207 5210 2261 5255 et
2289 5199 2539 5254 dixerunt
2570 5216 2582 5251 :
2612 5197 2786 5252 Durus
2805 5206 2900 5271 χεει
2926 5196 3006 5249 hic
3027 5210 3228 5258 sermo;
3251 5194 3364 5264 quis
3394 5203 3551 5264 potest
3577 5210 3694 5248 eum
3723 5196 3799 5247 in.

2209 5289 2470 5361 tctligere.’
2501 5288 2564 5343 Et
2616 5296 2953 5345 recesserunt
2998 5287 3065 5342 ab
3089 5301 3154 5341 eo
3178 5327 3195 5351 ,
3227 5294 3282 5340 et
3320 5284 3546 5353 amplius
3582 5300 3705 5338 cum
3739 5301 3806 5337 eo

2211 5398 2315 5435 non
2343 5382 2765 5434 anilmlaverunt.
2813 5379 3013 5433 Durum
3048 5377 3154 5432 illis
3179 5377 3350 5431 visum
3385 5385 3469 5430 est
3500 5376 3643 5445 quod
3690 5377 3801 5439 ait,

2212 5471 2330 5526 Nisi
2359 5472 2469 5544 quis
2493 5471 2871 5525 manducauerit
2898 5486 3100 5525 curaeat
3126 5484 3289 5524 meam
3309 5510 3324 5535 ,
3361 5483 3461 5521 non
3499 5466 3701 5522 habebit
3734 5471 3806 5523 ui-

2278 5633 2292 5662 ¹
2322 5629 2696 5743 ῐ-ἑΔάηδῗωιι-ιηηι
2724 5633 2809 5677 est.
2846 5635 2897 5676 At
2934 5626 3150 5677 melioris
3193 5633 3320 5675 not-.c
3355 5631 3463 5674 Mss.
3493 5626 3636 5689 juxta
3675 5634 3811 5680 LXX.

2278 5707 2328 5743 ne
2353 5708 2407 5743 us
2428 5707 2477 5741 c‘
2501 5727 2512 5738 .

2216 5707 2407 5745 sanctus
2428 5707 2512 5742 (’31.
