4012 6202
233 485 249 536 I
263 482 374 537 9.65

227 607 333 647 non
381 603 626 647 teternam
647 608 666 644 :
694 598 1014 660 acceperunt
1045 586 1174 642 illud
1218 586 1408 652 stulte,
1443 585 1728 640 carnaliter
1753 583 1822 638 il-

226 684 319 737 lud
356 683 767 753 cogitaverunt,
795 690 850 734 et
876 686 1195 750 putaverunt
1221 678 1360 747 quod
1393 677 1710 746 pra-clsurus
1735 690 1823 730 es—

224 785 309 827 set
340 773 602 828 Dominus
643 771 930 842 particulas
955 771 1211 842 quasdam
1257 769 1323 824 de
1349 784 1573 837 corpore
1617 785 1743 834 suo,
1773 777 1828 822 et

225 863 458 915 daturus
496 861 599 916 illis
621 903 638 928 ,
669 871 724 916 et
749 860 1037 926 dixerunt,
1067 857 1241 913 Durus
1277 867 1350 912 est
1391 857 1469 910 hic
1495 873 1678 912 sermo.
1724 856 1823 926 Ipsi

229 962 392 1008 erant
418 952 571 1018 duri,
617 967 722 1008 non
762 967 960 1007 sermo.
994 952 1204 1006 Etenim
1233 951 1278 1004 si
1310 949 1426 1004 duri
1461 964 1564 1004 non
1607 958 1787 1003 essent
1811 991 1823 1013 ,

228 1045 328 1100 sed
357 1046 516 1100 mites
556 1055 754 1118 essent,
784 1044 1027 1099 dicereut
1054 1043 1153 1098 sibi
1183 1060 1196 1096 :
1227 1041 1340 1097 Non
1367 1042 1481 1096 sine
1509 1055 1666 1095 causa
1697 1039 1828 1096 dicit

231 1136 375 1203 hoc,
409 1135 514 1190 nisi
542 1134 668 1205 quia
717 1143 800 1189 est
838 1134 909 1188 ibi
953 1133 1166 1204 aliquod
1212 1141 1600 1187 sacramentum
1633 1129 1822 1185 latens.

231 1227 665 1289 IIancrent,cum
694 1225 785 1279 illo
815 1225 962 1279 lenes
985 1267 1000 1288 ,
1034 1239 1139 1278 non
1181 1223 1334 1286 duri;
1367 1233 1420 1276 et
1466 1222 1731 1276 discerent
1760 1223 1827 1276 ab

235 1317 348 1378 illo,
373 1315 515 1386 quod
536 1356 551 1380 ,
586 1315 688 1368 illis
707 1314 1119 1378 discedentibus,
1147 1313 1234 1382 qui
1263 1320 1650 1372 remanserunt,
1685 1311 1826 1365 didi-

234 1417 444 1461 cerunt.
465 1405 600 1460 Nam
625 1419 744 1460 cum
770 1405 1153 1460 remansissent
1173 1420 1290 1458 cum
1312 1404 1400 1457 illo
1426 1403 1669 1472 discipuli
1696 1401 1826 1456 duo-

235 1499 407 1551 decim
429 1540 442 1557 .
471 1497 578 1550 illis
605 1495 974 1551 recedentibus
993 1536 1008 1561 ,
1033 1493 1406 1565 suggesseruut
1432 1493 1504 1547 illi
1529 1534 1543 1557 ,
1575 1503 1824 1563 tanquam

235 1588 482 1642 dolentes
511 1587 724 1641 illorum
752 1595 974 1640 mortem
1000 1626 1014 1652 ,
1055 1584 1198 1654 quod
1241 1583 1578 1638 scandalizati
1626 1595 1748 1638 sunt
1773 1585 1822 1637 in

235 1681 402 1733 verbo
421 1679 540 1747 ejus
567 1687 620 1732 ct
647 1687 1002 1732 recesserunt.
1035 1675 1126 1730 Ille
1147 1685 1323 1730 autem
1351 1675 1598 1729 instruxit
1627 1691 1741 1739 eos,
1771 1683 1826 1729 et

236 1773 310 1826 ait
347 1773 488 1835 illis,
542 1771 767 1838 Spiritus
811 1770 990 1838 estqui
1026 1769 1280 1837 viviﬁcat;
1325 1784 1443 1820 caro
1486 1777 1652 1832 autem
1699 1767 1826 1820 nihil

239 1863 442 1931 prodest
466 1878 486 1916 :
519 1864 666 1915 verba
693 1877 805 1929 qua:
845 1860 1044 1913 locutus
1065 1875 1176 1912 sum
1215 1858 1351 1912 vobis
1375 1899 1390 1924 ,
1433 1857 1641 1922 spiritus
1666 1866 1737 1910 est
1779 1866 1825 1910 et

239 1954 342 2006 rita
369 1951 550 2023 (Joan.
596 1967 682 2016 vt,
715 1950 927 2020 54-64).
970 1949 1326 2019 Spiritualiter
1366 1948 1642 2018 intelligite
1681 1947 1824 2018 quod

238 2044 448 2097 locutus
475 2057 592 2096 smn
627 2059 640 2091 τ
670 2057 774 2095 non
806 2041 905 2095 hoc
941 2055 1135 2109 corpus
1173 2040 1314 2109 quod
1344 2040 1570 2106 videtis,
1602 2039 1826 2094 mandu-

234 2132 407 2186 caturi
434 2133 585 2196 estis;
614 2140 669 2186 et
691 2131 905 2186 bibituri
927 2130 1075 2184 illum
1098 2130 1406 2200 sanguinem
1427 2171 1442 2191 .
1475 2144 1630 2198 quem
1659 2129 1822 2184 fusuri

237 2233 364 2277 sunt
391 2222 483 2292 qui
521 2236 608 2275 me
638 2219 963 2290 cruciﬁgent.
993 2219 1392 2274 Sacrameutum
1423 2217 1634 2289 aliquod
1675 2218 1824 2273 vobis

236 2311 642 2376 commendavi;
673 2310 1018 2380 spiritualiter
1039 2310 1362 2363 intellectum
1398 2309 1682 2364 vivificabit
1707 2325 1820 2362 vos.

239 2402 352 2458 Etsi
378 2416 596 2456 necesse
625 2410 707 2455 est
732 2399 859 2454 illud
882 2399 1160 2454 visibiliter
1189 2399 1474 2465 celebrari,
1503 2408 1710 2468 Oportet
1743 2408 1820 2452 ta-

168 2549 178 2555 _
237 2507 364 2546 men
414 2490 747 2547 invisibiliter
777 2490 1015 2560 intelligi.
1061 2488 1296 2543 Exaltate
1344 2488 1609 2542 Dominum
1658 2489 1820 2543 Deum

235 2596 468 2638 nostrum
492 2625 504 2645 ,
552 2594 596 2636 et
636 2584 844 2636 adorato
878 2581 1146 2636 scabellum
1189 2582 1370 2650 pedum
1400 2583 1538 2653 ejus,
1584 2583 1821 2651 quoniam

235 2687 444 2729 sanctus
473 2686 563 2728 (³81.
1355 2659 1376 2667 -

313 2766 396 2818 IO.
441 2764 612 2836 [rem
642 2763 798 2835 6-8.]
845 2763 1040 2833 .lloyses
1084 2774 1127 2815 et
1173 2763 1341 2815 Aaron
1381 2763 1431 2815 in
1479 2762 1820 2818 sacerdotibus

230 2857 345 2926 ejus
368 2899 382 2919 .
417 2867 463 2910 et
494 2855 701 2910 Samuel
723 2855 773 2907 in
803 2855 882 2908 Itis
907 2854 992 2925 qui
1028 2854 1257 2905 invocant
1288 2869 1466 2905 nomen
1495 2855 1624 2922 ejus.
1660 2851 1818 2906 Invo-

231 2948 418 3000 cabant
447 2946 715 2999 Dominum
739 2986 754 3008 ,
782 2953 827 2997 et
854 2944 963 3013 ipse
997 2942 1292 2996 exaudiebat
1331 2958 1456 3006 eos;
1499 2943 1549 2995 in
1585 2942 1820 2996 columna

232 3039 380 3091 nubis
410 3038 703 3106 loquebatur
733 3035 800 3087 ad
828 3051 931 3088 eos.
961 3034 1048 3088 Isti
1075 3034 1272 3103 antiqui
1303 3033 1512 3104 Moyses
1550 3043 1604 3088 et
1641 3034 1815 3088 Aaron

229 3143 284 3186 et
333 3131 566 3194 Samuel,
595 3130 737 3183 servi
782 3129 912 3193 Dei,
945 3127 1117 3198 magni
1160 3127 1294 3196 apud
1341 3127 1610 3196 antiquos.
1642 3127 1817 3180 Nostis

231 3225 356 3292 quia
391 3223 596 3292 Moyses
623 3220 806 3275 eduxit
836 3220 888 3272 in
921 3220 1113 3272 virtute
1140 3218 1230 3270 Dei
1270 3219 1519 3287 populum
1556 3217 1711 3271 Israel
1752 3235 1812 3272 cx

230 3312 465 3382 ἄδι-μισ
509 3328 601 3381 per
641 3311 874 3363 Ilultrum
917 3324 1061 3363 mare
1085 3296 1109 3372 ς’
1137 3317 1190 3363 et
1228 3308 1380 3362 duxit
1424 3309 1473 3361 in
1516 3324 1734 3372 eremo;
1764 3320 1817 3363 et

232 3416 430 3475 quanta
457 3403 718 3458 mirabilia
740 3402 928 3456 fecerit
953 3401 1043 3455 illo
1067 3411 1302 3470 tempore
1332 3401 1466 3452 Deus
1490 3417 1580 3469 per
1603 3417 1813 3454 manum

231 3497 400 3567 Moysi
429 3537 443 3560 ,
475 3502 738 3547 noverunt
765 3507 952 3546 omnes
977 3492 1063 3560 qui
1095 3492 1220 3544 istas
1255 3491 1552 3560 St-ripturas
1594 3491 1816 3544 llllt'nlL‘I'

228 3588 454 3642 audiunt
484 3586 535 3639 in
565 3583 799 3640 Ecclesia
827 3625 841 3649 ,
875 3583 957 3637 vel
985 3582 1124 3651 apud
1151 3597 1208 3636 se
1235 3583 1416 3651 legunt
1441 3623 1452 3644 ,
1489 3581 1567 3634 vel
1597 3597 1812 3650 quoquo

229 3677 392 3732 modo
421 3676 741 3729 didicerunt.
773 3675 950 3727 Aaron
985 3672 1146 3727 frater
1178 3671 1343 3739 ipsius
1371 3671 1465 3723 fuit
1488 3711 1500 3732 ,
1532 3685 1687 3739 quem
1720 3685 1810 3724 0r-

230 3770 433 3824 dinavit
462 3767 621 3821 etiam
654 3765 1007 3820 sacerdotem.
1041 3765 1105 3818 Et
1135 3763 1204 3817 ibi
1231 3763 1442 3832 quidem
1475 3779 1576 3816 non
1608 3762 1814 3816 videtur

231 3859 481 3913 sacerdos
507 3873 626 3912 c5se
649 3899 663 3918 ,
697 3857 796 3910 nisi
825 3858 1018 3909 Aaron.
1053 3857 1246 3924 Aperte
1270 3855 1410 3908 enim
1438 3854 1488 3906 iu
1519 3854 1621 3907 illis
1649 3853 1812 3907 Litte-

232 3951 309 4006 ris
352 3951 530 4002 Aaron
576 3948 878 4000 nominatur
924 3945 1172 3999 sacerdos
1219 3945 1306 3996 Dei
1361 3944 1573 4024 (Eazorl.
1604 3959 1767 3998 xxvnt
1796 3985 1812 4010 ,

235 4042 305 4104 I,
333 4049 428 4092 etc.
455 4037 518 4109 ):
561 4037 628 4091 de
664 4036 843 4107 Moyse
889 4051 994 4089 non
1035 4035 1103 4089 ibi
1152 4033 1343 4088 dicitur
1387 4034 1526 4102 quod
1568 4034 1815 4090 sacerdos

231 4143 367 4188 crat.
397 4130 502 4185 Sed
532 4131 575 4183 si
609 4131 707 4183 hoc
731 4145 832 4182 non
856 4138 972 4181 erat
996 4169 1009 4190 ,
1039 4125 1162 4196 quid
1185 4135 1300 4179 erat
1320 4126 1342 4178 ?
1365 4125 1618 4203 numquid
1647 4125 1815 4195 major

229 4222 510 4277 sacerdote
539 4235 656 4274 esse
689 4219 936 4288 poterat?
967 4217 1230 4286 Exprimit
1258 4217 1271 4246 ¹
1305 4217 1536 4285 psalmus
1567 4216 1667 4270 iste
1695 4216 1813 4285 quia

228 4327 287 4369 et
314 4315 427 4383 ipse
458 4312 706 4366 sacerdos
733 4321 847 4365 erat
875 4328 887 4362 :
924 4309 1123 4379 Moyses
1142 4349 1154 4372 ν
1185 4319 1230 4361 ει
1260 4308 1426 4361 Mm"
1466 4308 1516 4359 θη
1540 4307 1814 4360 “Cadmi”

238 4407 334 4460 bus
360 4407 490 4475 ejus.
521 4405 656 4472 Ergo
686 4412 837 4455 crant
867 4401 938 4458 illi
987 4399 1191 4454 Domini
1231 4398 1553 4453 sacerdotes.
1601 4399 1814 4454 Samuel

229 4505 420 4569 postea
447 4495 551 4562 jam
583 4495 634 4548 in
667 4493 802 4545 libro
828 4493 1128 4560 Regnorum
1175 4489 1363 4559 legitur
1390 4507 1403 4541 :
1452 4489 1553 4544 iste
1592 4499 1674 4544 est
1720 4488 1816 4544 Sa-

227 4587 376 4643 muel
425 4586 749 4654 temporibus
801 4583 1001 4647 David;
1052 4599 1171 4636 nam
1215 4582 1327 4651 ipse
1379 4581 1530 4635 unxit
1573 4592 1813 4636 sanctum

236 4677 431 4735 David.
462 4676 676 4731 Samuel
703 4676 769 4728 ab
795 4675 943 4728 initio
968 4673 1137 4726 artatis
1163 4687 1272 4725 sua:
1317 4672 1368 4724 in
1409 4671 1604 4738 templo
1628 4673 1813 4725 crevit.

228 4768 401 4823 Ilater
425 4767 538 4834 ejus
565 4765 759 4819 sterilis
786 4765 881 4819 fuit
913 4782 925 4818 :
962 4763 1146 4817 volens
1179 4762 1374 4816 habere
1404 4762 1565 4814 lilitun
1591 4802 1605 4825 ,
1639 4763 1814 4816 oravit

229 4859 299 4912 ad
332 4858 614 4912 Dominum
643 4871 759 4910 cum
785 4855 976 4925 gemitu
1008 4869 1196 4923 magno
1220 4892 1234 4915 ,
1264 4861 1315 4906 et
1344 4863 1528 4921 petens
1568 4859 1625 4905 ut
1666 4851 1818 4906 daret

228 4949 280 5004 ei
315 4948 457 5001 Deus
504 4947 700 5009 lilium,
733 4944 962 4999 ostendit
990 4943 1107 5014 quia
1151 4958 1254 4996 non
1297 4941 1579 4999 carnaliter
1623 4941 1817 4998 habere

231 5039 442 5102 voluit,
475 5053 629 5106 quem
662 5045 838 5090 natum
870 5037 939 5089 illi
966 5034 1145 5099 dedit,
1178 5034 1266 5104 qui
1305 5048 1424 5088 eum
1465 5046 1584 5088 esse
1627 5032 1812 5087 voluit.

234 5131 398 5184 Vovit
426 5131 566 5184 enim
595 5144 718 5184 cum
748 5129 968 5181 Domino
999 5127 1107 5180 Deo
1131 5167 1145 5189 ,
1177 5135 1230 5178 et
1249 5126 1323 5178 ait
1345 5165 1361 5190 ,
1391 5124 1451 5179 Si
1475 5124 1598 5176 mihi
1620 5141 1816 5182 mascu-

228 5226 310 5278 lus
340 5233 490 5276 natus
515 5222 664 5291 fuerit
689 5263 702 5286 ,
735 5219 919 5288 templo
949 5229 1032 5272 tuo
1060 5219 1233 5271 serviet
1255 5234 1273 5270 :
1303 5225 1357 5271 et
1380 5217 1449 5270 ita
1479 5215 1616 5270 fecit.
1649 5214 1814 5270 Natus

226 5329 452 5372 Sanetus
477 5313 694 5369 Samuel
744 5313 840 5366 fuit
883 5312 1019 5380 apud
1069 5319 1290 5364 matrem
1339 5318 1576 5376 tempore
1622 5306 1810 5372 lactis;

229 5424 358 5464 mox
390 5418 444 5460 ut
485 5423 605 5462 eum
649 5405 968 5470 alilactavit,
1014 5402 1161 5457 dedit
1202 5402 1254 5455 in
1303 5399 1556 5469 templum
1585 5437 1599 5463 ,
1644 5405 1702 5452 ut
1744 5398 1812 5452 ibi

225 5509 538 5564 cresceret,
567 5499 635 5552 ibi
669 5499 1007 5550 roboraretur
1028 5498 1048 5526 ²
1077 5495 1128 5549 ἰιι
1154 5494 1341 5564 spiritu
1366 5533 1382 5559 ,
1408 5492 1478 5545 ibi
1510 5491 1616 5545 Deo
1644 5489 1812 5542 servi-

221 5608 308 5650 ret
344 5613 356 5648 :
392 5591 561 5646 factus
597 5599 680 5644 cst
720 5587 969 5643 sacerdos
1003 5601 1224 5656 magnus
1248 5625 1263 5650 ,
1306 5582 1554 5639 sacerdos
1597 5590 1812 5634 sanctus

289 5730 305 5759 ¹
337 5737 435 5774 Am.
463 5731 536 5772 Fr.
565 5731 616 5772 et
647 5728 853 5784 quatuor
898 5728 1024 5777 Mss,
1071 5714 1353 5784 expromiut
1382 5727 1400 5764 :
1433 5712 1578 5784 quod
1605 5711 1812 5784 verbum

210 5790 312 5848 jam
337 5772 520 5836 illius.
551 5795 624 5848 et_
641 5772 765 5848 αἶρε]
792 5797 890 5848 sm.
917 5772 1284 5848 occurrit'uobis
1307 5772 1713 5839 super'i’salmum
1730 5772 1810 5833 73,

221 5844 271 5898 Il.
299 5851 350 5903 ὅ.
377 5863 448 5908 su;
467 5863 538 5905 ra,
555 5845 645 5893 col.
670 5844 780 5902 954,
803 5844 853 5908 in
877 5850 978 5890 not.
1007 5844 1043 5890 ⁸.

292 5915 312 5944 ³
341 5906 529 5973 aliquot
553 5915 683 5966 31.53.,
707 5906 1004 5968 moveretur.

1342 471 1738 530 ENAIIRA'I'IO
1769 471 1831 527 IN
1872 472 2192 531 PSALMUM
2234 473 2458 530 XCVIII.

3384 479 3517 534 I266

1935 585 2026 639 illo
2057 594 2294 656 tempore
2325 584 2344 656 (
2371 586 2389 640 l
2423 586 2545 656 Reg.
2572 603 2624 652 ι,
2650 595 2745 641 etc.
2768 585 2812 655 ).
2841 587 3237 644 Commemorat
3262 589 3392 644 istos
3412 632 3426 650 .
3460 599 3516 645 et

1934 694 2027 745 per
2055 679 2184 732 istos
2222 693 2408 730 omnes
2450 691 2661 731 sanatos
2705 693 2801 733 nos
2842 681 2954 732 vult
2997 680 3307 750 intelligere.
3337 681 3517 749 Quare

1932 780 2107 826 autem
2141 771 2224 824 hic
2253 770 2369 824 illos
2400 770 2734 823 nominavit?
2773 771 3027 837 Quoniam
3071 772 3307 826 diximus
3352 773 3514 827 Chri-

1931 869 2070 912 stum
2104 861 2186 912 hic.
2219 875 2314 914 nos
2354 859 2552 915 debere
2595 861 2906 929 intelligere.
2953 863 3204 916 Atlvertat
3245 863 3515 918 Sanctitas

1933 957 2126 1004 uestra.
2159 950 2297 1003 Dixit
2321 951 2562 1020 superius
2585 992 2600 1015 ,
2632 950 2868 1004 Exultate
2896 951 3372 1007 Dominum‘Deum
3415 970 3515 1007 no-

1930 1049 2087 1093 strum
2113 1080 2126 1103 ,
2177 1049 2225 1092 et
2275 1039 2485 1094 adorate
2528 1040 2799 1094 scabellum
2851 1042 3034 1110 pedum
3080 1044 3188 1113 ejus
3211 1084 3226 1109 ,
3273 1047 3511 1113 quoniam

1930 1141 2132 1184 sanctus
2161 1141 2232 1184 est
2260 1147 2278 1186 :
2303 1132 2682 1186 commendans
2709 1133 2989 1202 quemdam
3015 1175 3028 1197 ,
3053 1133 3102 1188 id
3127 1143 3210 1190 est
3232 1136 3510 1191 Dominum

1933 1234 2169 1277 nostrum
2214 1222 2392 1278 .Icsutn
2435 1221 2704 1278 Christum
2731 1265 2745 1286 ,
2792 1225 2944 1292 cujus
2985 1224 3270 1280 scabellum
3316 1226 3509 1295 pedum

1933 1313 2260 1368 adorandum
2288 1323 2370 1370 est
2393 1355 2405 1377 ,
2439 1315 2559 1384 quia
2591 1329 2803 1368 carnem
2832 1319 3120 1385 assumpsit
3146 1355 3161 1380 ,
3209 1316 3260 1369 in
3291 1332 3392 1385 qua
3418 1333 3514 1385 ap.

1933 1415 2140 1476 pareret
2166 1405 2348 1475 generi
2378 1405 2647 1472 humano;
2681 1416 2734 1460 et
2757 1407 2942 1462 volens
2971 1408 3127 1462 nobis
3153 1409 3434 1463 ostendere
3459 1418 3514 1464 et

1930 1497 2172 1565 antiquos
2205 1505 2380 1564 patres
2408 1496 2577 1567 ipsum
2604 1497 2922 1567 prmdicasse
2946 1538 2961 1564 ,
2995 1499 3118 1568 quia
3157 1499 3272 1568 ipse
3310 1508 3394 1553 est
3423 1516 3515 1555 ve-

1930 1601 2020 1640 rus
2044 1586 2292 1640 sacerdos
2316 1587 2567 1640 Dominus
2596 1597 2776 1641 noster
2795 1587 2950 1642 Iesus
2972 1587 3216 1643 Christus
3238 1631 3252 1654 ,
3275 1605 3516 1646 comme-

1929 1675 2154 1728 moravit
2184 1676 2311 1728 istos
2335 1717 2350 1742 ,
2375 1676 2495 1746 quia
2525 1677 2575 1730 in
2606 1679 2847 1731 columna
2877 1679 3031 1732 nubis
3057 1679 3122 1732 ad
3163 1679 3281 1734 illos
3323 1682 3512 1750 loque-

1930 1764 2083 1818 batur
2115 1765 2270 1820 Deus.
2300 1766 2435 1832 Quid
2465 1777 2548 1821 est
2572 1809 2586 1833 ,
2615 1769 2667 1821 iu
2693 1768 2928 1822 columna
2953 1769 3144 1824 nubis?
3173 1771 3513 1840 Loquebalur

1930 1869 2024 1924 per
2050 1855 2264 1924 figuras.
2293 1857 2348 1912 Si
2379 1859 2519 1912 enini
2543 1859 2593 1911 in
2616 1860 2840 1928 quadam
2866 1860 3124 1914 nubecula
3153 1861 3507 1930 loquebatur;

1928 1946 2150 2001 obscura
2183 1948 2267 2002 illa
2294 1948 2431 2002 dicta
2463 1950 2644 2004 nescio
2670 1965 2828 2018 quem
2861 1952 3196 2006 manifestum
3228 1955 3510 2022 prmsigua-

1928 2036 2073 2091 bant.
2105 2039 2196 2093 Ille
2218 2048 2390 2093 autem
2417 2041 2596 2095 nescio
2616 2042 2733 2110 quis
2756 2082 2770 2102 .
2791 2043 2900 2111 jam
2924 2058 3027 2096 non
3050 2053 3131 2097 est
3158 2044 3338 2097 nescio
3358 2046 3505 2114 quis;

1927 2129 2048 2198 quia
2077 2133 2242 2184 scitur
2269 2147 2297 2183 a
2328 2130 2481 2185 nobis
2506 2173 2520 2196 ,
2567 2133 2819 2188 Dominus
2851 2143 3034 2189 noster
3058 2134 3214 2189 .lesus
3238 2135 3504 2190 Christus.

1934 2237 1952 2270 ι
1987 2219 2195 2290 Moyses
2243 2232 2294 2275 et
2341 2224 2517 2276 Aaron
2575 2223 2627 2276 in
2677 2225 3042 2278 sacerdotibus
3102 2227 3256 2295 ejus,
3309 2238 3362 2282 et
3408 2229 3509 2283 Sa-

1928 2309 2070 2363 muel
2142 2311 2192 2362 iu
2271 2311 2352 2364 bis
2417 2313 2506 2382 qui
2556 2313 2802 2367 invocant
2855 2328 3044 2369 nomen
3093 2317 3228 2384 ejus.
3284 2316 3507 2372 Ini-oca-

1926 2400 2053 2456 bant
2114 2403 2432 2468 Dominum,
2494 2412 2548 2457 et
2607 2405 2720 2474 ipse
2765 2406 3076 2461 exaudiebat
3121 2423 3252 2472 eos;
3305 2409 3355 2463 in
3411 2426 3506 2464 co-

1925 2491 2101 2546 lumna
2151 2492 2304 2548 nubis
2359 2493 2673 2564 loquebatur
2714 2495 2778 2549 ad
2802 2511 2912 2551 eos.
2947 2516 2964 2548 ι
2995 2497 3092 2564 Qui
3123 2498 3291 2567 primo
3319 2501 3504 2570 loque-

1927 2583 2081 2637 batur
2110 2585 2158 2637 in
2201 2585 2447 2638 columna
2492 2585 2681 2652 nubis,
2728 2585 2841 2655 ipse
2886 2587 3038 2642 nobis
3083 2589 3288 2642 locutus
3335 2599 3418 2644 est
3453 2591 3503 2644 in

1925 2676 2158 2730 scabello
2187 2677 2376 2746 pedum
2407 2692 2622 2732 suorum
2650 2694 2664 2743 ;
2698 2677 2748 2732 id
2779 2686 2902 2743 est,
2945 2677 2998 2732 in
3047 2688 3186 2733 terra
3233 2691 3505 2748 aSsuntpL'l

1923 2779 2086 2819 carne
2110 2807 2124 2830 ,
2153 2767 2292 2820 unde
2321 2767 2607 2822 adoramus
2632 2769 2921 2823 scabellum
2963 2770 3152 2839 pedum
3189 2770 3306 2839 ejus
3331 2812 3346 2834 ,
3375 2787 3505 2840 quo-

1901 2856 2064 2910 vniam
2095 2869 2307 2912 sanetus
2328 2869 2428 2912 cst.
2465 2858 2581 2928 Ipse
2606 2859 2674 2912 de
2703 2861 2843 2913 nube
2870 2860 3184 2929 loquebatur
3208 2862 3348 2932 quod
3379 2872 3503 2918 tunc

1922 2962 2027 3002 non
2072 2949 2500 3020 intelligebatur;
2560 2951 2765 3005 loeutus
2810 2960 2891 3004 est
2932 2951 2983 3004 in
3033 2951 3266 3008 scabello
3307 2953 3498 3021 pedum

1920 3054 2138 3094 suorum
2162 3083 2176 3105 ,
2207 3050 2260 3096 ct
2290 3041 2550 3095 intellecta
2583 3049 2706 3095 sunt
2734 3041 2892 3096 verba
2925 3041 3082 3096 nubis
3108 3041 3242 3111 ejus.
3294 3041 3360 3097 In
3409 3061 3498 3098 ca-

1921 3133 2094 3186 lumna
2122 3133 2263 3185 nubis
2289 3131 2579 3202 loquebatur
2600 3133 2667 3184 ad
2688 3149 2789 3187 eos.

1994 3227 2078 3278 ll.
2121 3225 2472 3280 Attendamus
2525 3240 2693 3295 ergo,
2755 3226 2982 3280 fratres:
3039 3225 3212 3280 videte
3263 3240 3398 3296 quos
3447 3238 3500 3280 et

1920 3314 2104 3384 quales
2131 3326 2344 3370 sanctos
2376 3317 2766 3370 nominaverit.-
2799 3334 2818 3367 ι
2849 3315 3231 3371 Custodiebant
3256 3316 3498 3371 testimo-

1924 3424 1943 3457 ι
1984 3407 2067 3460 nia
2099 3406 2214 3476 ejus
2236 3447 2250 3472 ,
2283 3416 2336 3460 ct
2365 3415 2628 3476 przecepta
2659 3407 2774 3477 ejus
2801 3422 2918 3477 qua:
2941 3405 3088 3461 dedit
3115 3407 3214 3462 eis.
3254 3426 3272 3459 ι
3305 3406 3498 3462 Custo-
3539 3453 3560 3467 ι

1917 3497 2134 3552 diebant
2163 3508 2311 3552 certe
2337 3540 2350 3562 ,
2392 3497 2672 3553 intendite.
2721 3517 2740 3548 ι
2774 3497 3154 3553 Custodiebant
3199 3499 3498 3553 testimonia

1924 3607 1942 3639 ι
1979 3587 2093 3656 ejus
2117 3630 2131 3652 ,
2165 3596 2218 3643 et
2247 3597 2508 3657 pratccpta
2537 3589 2652 3656 ejus
2676 3605 2790 3655 qua:
2815 3587 2962 3642 dedit
2986 3588 3083 3644 eis.
3115 3607 3134 3639 ι
3179 3589 3291 3643 IIoc
3329 3589 3496 3656 dicit,

1918 3689 1971 3734 et
2002 3679 2178 3748 negari
2206 3695 2308 3733 non
2339 3688 2530 3748 ιιοιατδι.
2558 3678 2768 3732 Nihilne
2796 3677 3060 3733 habebant
3085 3679 3285 3747 peccati
3307 3680 3330 3732 ?
3349 3679 3496 3746 Quo-

1919 3769 2120 3821 modo?
2149 3769 2370 3836 Quando
2408 3768 2778 3822 custodiebant
2820 3776 3085 3836 przecepta
3125 3769 3282 3836 ejus,
3312 3779 3496 3824 custo-

1917 3861 2132 3914 dichaut
2163 3861 2463 3915 testimonia
2494 3860 2628 3928 ejus.
2664 3859 2847 3913 Videte
2871 3858 3055 3928 quales
3100 3874 3198 3914 nos
3228 3862 3354 3916 velit
3378 3860 3491 3915 for-

1919 3952 2090 4014 mari,
2144 3965 2210 4004 ne
2255 3952 2404 4020 quasi
2453 3951 2519 4002 de
2567 3949 2795 4018 perfecta
2837 3949 3036 4017 justitia
3086 3965 3490 4017 praesumamus.

1921 4043 2055 4096 Ecce
2086 4041 2294 4112 Moyses
2323 4051 2376 4095 et
2419 4042 2594 4094 Aaron
2639 4040 2688 4092 in
2736 4038 3101 4094 sacerdotibus
3134 4039 3250 4108 ejus
3270 4079 3285 4102 ,
3319 4050 3374 4094 ct
3399 4041 3498 4094 Sa-

1920 4137 2057 4191 muel
2089 4135 2250 4190 iubis
2286 4137 2376 4205 qui
2425 4134 2671 4188 invocant
2711 4147 2903 4185 nomen
2946 4130 3062 4200 ejus
3085 4171 3100 4194 ,
3146 4131 3212 4186 ad
3251 4145 3386 4200 quos
3429 4132 3497 4186 de

1919 4229 2166 4283 columna
2190 4228 2345 4282 nubis
2374 4225 2686 4296 loquebatur
2711 4267 2724 4288 ,
2754 4235 2858 4278 tam
2887 4232 3070 4294 aperte
3096 4224 3214 4278 illos
3240 4225 3496 4280 exaudie-

1919 4321 2045 4384 bat,
2092 4319 2180 4388 qui
2231 4317 2598 4372 custodiebant
2651 4316 2948 4376 testimonia
2989 4325 3044 4372 et
3075 4325 3338 4386 praecepta
3380 4319 3500 4386 ejus

1918 4429 2035 4483 quze
2063 4411 2207 4466 dedit
2237 4411 2334 4464 eis.
2363 4410 2573 4463 Domine
2595 4452 2610 4474 ,
2640 4409 2805 4478 inquit
2829 4451 2844 4475 ,
2874 4407 3012 4462 Deus
3038 4418 3204 4462 noster
3227 4450 3240 4472 ,
3267 4419 3319 4462 tu
3341 4425 3499 4464 exart-

1918 4506 2035 4559 disti
2063 4518 2182 4565 eos;
2208 4502 2340 4556 Deus
2364 4542 2377 4561 ,
2404 4511 2455 4553 tu
2483 4501 2730 4571 propitius
2759 4500 2898 4570 {tristi
2926 4500 3049 4554 illis.
3089 4499 3356 4568 Propitius
3391 4517 3496 4554 non

1919 4595 2110 4649 dicitur
2154 4594 2330 4656 Deus,
2379 4591 2478 4645 nisi
2529 4591 2758 4659 peccatis
2799 4609 2811 4642 :
2854 4588 3066 4658 quando
3111 4589 3200 4643 dat
3247 4591 3495 4656 veniam,

1921 4695 2045 4740 tunc
2073 4684 2263 4739 dicitur
2295 4682 2571 4752 propitius.
2607 4680 2672 4732 Et
2697 4680 2819 4749 quid
2848 4679 3072 4733 habebat
3117 4681 3166 4732 in
3206 4681 3320 4735 istis
3357 4683 3494 4750 quod

1919 4776 2246 4838 vindicaret,
2281 4783 2337 4826 ut
2363 4781 2505 4826 esset
2533 4770 2788 4839 propitius
2828 4769 3188 4839 ignoscendo?
3234 4771 3498 4839 Propitius

1920 4877 2034 4923 erat
2061 4865 2306 4922 donando
2339 4873 2550 4934 peccata
2579 4903 2592 4923 ,
2625 4863 2881 4933 pmpitius
2911 4873 3025 4916 erat
3063 4872 3136 4930 et~
3157 4861 3495 4918 vindicando.

1919 4958 2054 5028 Quid
2082 4958 2222 5012 enim
2251 4953 2530 5024 sequitur?
2564 4951 2639 5004 Tu
2665 4953 2910 5022 propitius
2936 4953 3075 5020 [nisti
3100 4951 3202 5006 illis
3223 4992 3236 5015 ,
3263 4964 3307 5006 et
3330 4954 3497 5008 vindi-

1919 5066 2040 5104 cans
2063 5049 2115 5100 in
2136 5063 2304 5100 omnes
2330 5043 2620 5110 a/fectiones
2649 5059 2839 5096 eorum.
2873 5043 3042 5096 Etiam
3073 5043 3345 5098 vindicans
3371 5059 3493 5110 pro-

1921 5141 2078 5211 pitius
2110 5137 2249 5190 fuisti
2280 5153 2291 5187 :
2336 5150 2436 5187 nou
2475 5134 2646 5186 Solum
2691 5133 2896 5186 donans
2935 5143 3150 5201 peccata
3175 5174 3189 5197 ,
3221 5132 3313 5185 sed
3339 5133 3496 5186 uiam

1919 5229 2192 5285 vindicans
2218 5225 2475 5295 propitius
2503 5223 2664 5276 fuisti.
2701 5223 2885 5276 Videte
2912 5263 2929 5287 ,
2968 5224 3156 5276 fratres
3194 5222 3334 5286 mei,
3371 5222 3496 5290 quid

1921 5322 2006 5376 hic
2060 5315 2487 5378 commendavit;
2545 5313 2822 5368 advertite.
2885 5311 2961 5366 Illi
3019 5314 3158 5368 Deus
3213 5312 3495 5378 irascitur,

1919 5428 2076 5484 quem
2105 5416 2408 5480 peccantem
2442 5421 2544 5459 nou
2572 5403 2839 5473 flagellat:
2874 5419 2995 5457 nam
3032 5403 3115 5458 cui
3159 5418 3282 5456 vere
3321 5406 3498 5473 propi-

1920 5508 2023 5560 tius
2052 5513 2173 5567 est,
2201 5518 2302 5555 non
2335 5499 2505 5552 solum
2549 5497 2715 5552 donat
2756 5505 2969 5566 peccata
2995 5536 3009 5558 ,
3063 5510 3130 5550 ne
3168 5507 3395 5550 noceant
3432 5499 3497 5551 ad

1920 5601 2148 5652 futurum
2188 5593 2478 5655 sasculum;
2532 5588 2624 5644 sed
2677 5588 2846 5642 etiam
2889 5589 3148 5662 castigat,
3186 5603 3254 5644 ne
3290 5604 3502 5658 semper

1920 5703 2140 5760 peccare
2167 5685 2414 5740 delectet.

1999 5777 2082 5834 I2.
2123 5777 2314 5846 Agite,
2351 5771 2580 5833 fratres;
2627 5765 2894 5838 quomodo
2943 5767 2994 5822 iu
3037 5768 3140 5824 illis
3176 5768 3498 5849 vindicagnu

1920 5883 1999 5929 est
2028 5872 2071 5927 si
2098 5879 2399 5942 quaramus
2423 5904 2440 5933 ,
2465 5861 2637 5918 aderit
2671 5861 2924 5916 Dominus
2961 5871 3017 5915 ut
3057 5861 3250 5916 dicam.
3280 5863 3498 5928 Quaera-
