  <div class='ocr_page' id='page_1' title='image "/cluster/home/n/w/nwhite01/storage/ocr_20150623/37/hvd.32044096580592/129.png"; bbox 0 0 4012 6202; ppageno 0'>
   <div class='ocr_carea' id='block_1_1' title="bbox 444 462 582 522">
    <p class='ocr_par' dir='ltr' id='par_1_1' title="bbox 444 462 582 522">
     <span class='ocr_line' id='line_1_1' title="bbox 444 462 582 522; baseline -0.007 -2"><span class='ocrx_word' id='word_1_1' title='bbox 444 462 582 522; x_wconf 71' lang='grc'><strong>126⁸1</strong></span> 
     </span>
    </p>
   </div>
   <div class='ocr_carea' id='block_1_2' title="bbox 445 566 2032 639">
    <p class='ocr_par' dir='ltr' id='par_1_2' title="bbox 445 566 2032 639">
     <span class='ocr_line' id='line_1_2' title="bbox 445 566 2032 639; baseline -0.009 -7"><span class='ocrx_word' id='word_1_2' title='bbox 445 590 569 632; x_wconf 90' lang='lat' dir='ltr'><strong>mus</strong></span> <span class='ocrx_word' id='word_1_3' title='bbox 589 574 733 631; x_wconf 84' lang='lat' dir='ltr'><strong>enim</strong></span> <span class='ocrx_word' id='word_1_4' title='bbox 765 580 876 628; x_wconf 77' lang='lat' dir='ltr'><strong>tres</strong></span> <span class='ocrx_word' id='word_1_5' title='bbox 898 570 1029 626; x_wconf 86' lang='lat' dir='ltr'><strong>istas</strong></span> <span class='ocrx_word' id='word_1_6' title='bbox 1048 581 1307 639; x_wconf 82' lang='lat' dir='ltr'><strong>personas</strong></span> <span class='ocrx_word' id='word_1_7' title='bbox 1331 610 1346 635; x_wconf 91' lang='lat'><strong>,</strong></span> <span class='ocrx_word' id='word_1_8' title='bbox 1376 567 1591 639; x_wconf 81' lang='lat' dir='ltr'><strong>Moysen</strong></span> <span class='ocrx_word' id='word_1_9' title='bbox 1618 609 1631 630; x_wconf 88' lang='lat'><strong><em>.</em></strong></span> <span class='ocrx_word' id='word_1_10' title='bbox 1659 574 1714 622; x_wconf 90' lang='lat' dir='ltr'><strong>et</strong></span> <span class='ocrx_word' id='word_1_11' title='bbox 1737 566 1914 620; x_wconf 75' lang='lat' dir='ltr'><strong>Aaron</strong></span> <span class='ocrx_word' id='word_1_12' title='bbox 1937 605 1953 632; x_wconf 90' lang='lat'><strong>,</strong></span> <span class='ocrx_word' id='word_1_13' title='bbox 1975 571 2032 619; x_wconf 90' lang='lat' dir='ltr'><strong>et</strong></span> 
     </span>
    </p>
   </div>
   <div class='ocr_carea' id='block_1_3' title="bbox 445 658 2031 731">
    <p class='ocr_par' dir='ltr' id='par_1_3' title="bbox 445 658 2031 731">
     <span class='ocr_line' id='line_1_3' title="bbox 445 658 2031 731; baseline -0.004 -10"><span class='ocrx_word' id='word_1_14' title='bbox 445 663 749 722; x_wconf 83' lang='lat' dir='ltr'><strong>Samuelem</strong></span> <span class='ocrx_word' id='word_1_15' title='bbox 773 703 789 728; x_wconf 96' lang='lat'><strong>,</strong></span> <span class='ocrx_word' id='word_1_16' title='bbox 816 667 872 716; x_wconf 90' lang='lat' dir='ltr'><strong>et</strong></span> <span class='ocrx_word' id='word_1_17' title='bbox 892 658 1162 731; x_wconf 89' lang='lat' dir='ltr'><strong>quomodo</strong></span> <span class='ocrx_word' id='word_1_18' title='bbox 1191 660 1243 713; x_wconf 91' lang='lat' dir='ltr'><strong>in</strong></span> <span class='ocrx_word' id='word_1_19' title='bbox 1285 659 1364 714; x_wconf 90' lang='lat' dir='ltr'><strong>eis</strong></span> <span class='ocrx_word' id='word_1_20' title='bbox 1407 658 1728 715; x_wconf 73' lang='lat' dir='ltr'><strong>vindicatum</strong></span> <span class='ocrx_word' id='word_1_21' title='bbox 1773 660 1842 714; x_wconf 86' lang='lat' dir='ltr'><strong>sit</strong></span> <span class='ocrx_word' id='word_1_22' title='bbox 1868 702 1884 726; x_wconf 93' lang='lat'><strong>,</strong></span> <span class='ocrx_word' id='word_1_23' title='bbox 1907 660 2031 731; x_wconf 91' lang='lat' dir='ltr'><strong>quia</strong></span> 
     </span>
    </p>
   </div>
   <div class='ocr_carea' id='block_1_4' title="bbox 448 749 2034 823">
    <p class='ocr_par' dir='ltr' id='par_1_4' title="bbox 448 749 2034 823">
     <span class='ocr_line' id='line_1_4' title="bbox 448 749 2034 823; baseline -0.004 -10"><span class='ocrx_word' id='word_1_24' title='bbox 448 758 623 821; x_wconf 86' lang='lat' dir='ltr'><strong>dixit,</strong></span> <span class='ocrx_word' id='word_1_25' title='bbox 676 754 949 809; x_wconf 83' lang='lat' dir='ltr'><strong>Viudicans</strong></span> <span class='ocrx_word' id='word_1_26' title='bbox 992 752 1047 806; x_wconf 87' lang='lat' dir='ltr'><strong>in</strong></span> <span class='ocrx_word' id='word_1_27' title='bbox 1080 767 1253 805; x_wconf 85' lang='lat' dir='ltr'><strong>omnes</strong></span> <span class='ocrx_word' id='word_1_28' title='bbox 1291 749 1582 818; x_wconf 74' lang='lat' dir='ltr'><strong>a/factiones</strong></span> <span class='ocrx_word' id='word_1_29' title='bbox 1613 767 1783 805; x_wconf 82' lang='lat' dir='ltr'><strong>eorum</strong></span> <span class='ocrx_word' id='word_1_30' title='bbox 1807 765 1826 806; x_wconf 91' lang='lat'><strong><em>:</em></strong></span> <span class='ocrx_word' id='word_1_31' title='bbox 1854 752 2034 823; x_wconf 90' lang='lat' dir='ltr'><strong>utique</strong></span> 
     </span>
    </p>
   </div>
   <div class='ocr_carea' id='block_1_5' title="bbox 448 833 2035 913">
    <p class='ocr_par' dir='ltr' id='par_1_5' title="bbox 448 833 2035 913">
     <span class='ocr_line' id='line_1_5' title="bbox 448 833 2035 913; baseline -0.004 -8"><span class='ocrx_word' id='word_1_32' title='bbox 448 865 542 905; x_wconf 81' lang='lat' dir='ltr'><strong>eas</strong></span> <span class='ocrx_word' id='word_1_33' title='bbox 568 846 879 901; x_wconf 68' lang='lat' dir='ltr'><strong>affectiones</strong></span> <span class='ocrx_word' id='word_1_34' title='bbox 903 844 1087 899; x_wconf 87' lang='lat' dir='ltr'><strong>dicens</strong></span> <span class='ocrx_word' id='word_1_35' title='bbox 1115 833 1301 898; x_wconf 85' lang='lat' dir='ltr'><strong>eorum</strong></span> <span class='ocrx_word' id='word_1_36' title='bbox 1328 884 1342 907; x_wconf 87' lang='lat'><strong>,</strong></span> <span class='ocrx_word' id='word_1_37' title='bbox 1370 858 1502 913; x_wconf 88' lang='lat' dir='ltr'><strong>quas</strong></span> <span class='ocrx_word' id='word_1_38' title='bbox 1527 843 1784 897; x_wconf 85' lang='lat' dir='ltr'><strong>Dominus</strong></span> <span class='ocrx_word' id='word_1_39' title='bbox 1812 853 2035 899; x_wconf 85' lang='lat' dir='ltr'><strong>noverat</strong></span> 
     </span>
    </p>
   </div>
   <div class='ocr_carea' id='block_1_6' title="bbox 449 936 2030 1007">
    <p class='ocr_par' dir='ltr' id='par_1_6' title="bbox 449 936 2030 1007">
     <span class='ocr_line' id='line_1_6' title="bbox 449 936 2030 1007; baseline -0.003 -12"><span class='ocrx_word' id='word_1_40' title='bbox 449 940 502 995; x_wconf 80' lang='lat' dir='ltr'><strong>in</strong></span> <span class='ocrx_word' id='word_1_41' title='bbox 536 937 790 994; x_wconf 83' lang='lat' dir='ltr'><strong>cordibus</strong></span> <span class='ocrx_word' id='word_1_42' title='bbox 827 937 1037 992; x_wconf 89' lang='lat' dir='ltr'><strong>illorum</strong></span> <span class='ocrx_word' id='word_1_43' title='bbox 1062 976 1078 1003; x_wconf 94' lang='lat'><strong>,</strong></span> <span class='ocrx_word' id='word_1_44' title='bbox 1129 952 1263 1007; x_wconf 86' lang='lat' dir='ltr'><strong>quas</strong></span> <span class='ocrx_word' id='word_1_45' title='bbox 1298 936 1544 991; x_wconf 80' lang='lat' dir='ltr'><strong>homines</strong></span> <span class='ocrx_word' id='word_1_46' title='bbox 1592 952 1700 991; x_wconf 91' lang='lat' dir='ltr'><strong>non</strong></span> <span class='ocrx_word' id='word_1_47' title='bbox 1753 945 2030 991; x_wconf 89' lang='lat' dir='ltr'><strong>noverant.</strong></span> 
     </span>
    </p>
   </div>
   <div class='ocr_carea' id='block_1_7' title="bbox 448 1026 2036 1097">
    <p class='ocr_par' dir='ltr' id='par_1_7' title="bbox 448 1026 2036 1097">
     <span class='ocr_line' id='line_1_7' title="bbox 448 1026 2036 1097; baseline -0.003 -11"><span class='ocrx_word' id='word_1_48' title='bbox 448 1029 663 1086; x_wconf 80' lang='lat' dir='ltr'><strong>Etenim</strong></span> <span class='ocrx_word' id='word_1_49' title='bbox 693 1028 810 1083; x_wconf 88' lang='lat' dir='ltr'><strong>sine</strong></span> <span class='ocrx_word' id='word_1_50' title='bbox 833 1027 1047 1097; x_wconf 87' lang='lat' dir='ltr'><strong>querela</strong></span> <span class='ocrx_word' id='word_1_51' title='bbox 1081 1026 1352 1081; x_wconf 86' lang='lat' dir='ltr'><strong>hominum</strong></span> <span class='ocrx_word' id='word_1_52' title='bbox 1378 1027 1727 1083; x_wconf 82' lang='lat' dir='ltr'><strong>versabantur</strong></span> <span class='ocrx_word' id='word_1_53' title='bbox 1761 1027 1812 1081; x_wconf 90' lang='lat' dir='ltr'><strong>in</strong></span> <span class='ocrx_word' id='word_1_54' title='bbox 1858 1027 2036 1082; x_wconf 89' lang='lat' dir='ltr'><strong>medio</strong></span> 
     </span>
    </p>
   </div>
   <div class='ocr_carea' id='block_1_8' title="bbox 449 1116 2037 1191">
    <p class='ocr_par' dir='ltr' id='par_1_8' title="bbox 449 1116 2037 1191">
     <span class='ocr_line' id='line_1_8' title="bbox 449 1116 2037 1191; baseline -0.002 -15"><span class='ocrx_word' id='word_1_55' title='bbox 449 1119 621 1191; x_wconf 75' lang='lat' dir='ltr'><strong>plebis</strong></span> <span class='ocrx_word' id='word_1_56' title='bbox 662 1118 777 1174; x_wconf 85' lang='lat' dir='ltr'><strong>Dei.</strong></span> <span class='ocrx_word' id='word_1_57' title='bbox 821 1117 926 1174; x_wconf 87' lang='lat' dir='ltr'><strong>Sed</strong></span> <span class='ocrx_word' id='word_1_58' title='bbox 964 1117 1091 1188; x_wconf 90' lang='lat' dir='ltr'><strong>quid</strong></span> <span class='ocrx_word' id='word_1_59' title='bbox 1136 1116 1405 1172; x_wconf 76' lang='lat' dir='ltr'><strong>dicimus?</strong></span> <span class='ocrx_word' id='word_1_60' title='bbox 1430 1118 1553 1186; x_wconf 85' lang='lat' dir='ltr'><strong>quia</strong></span> <span class='ocrx_word' id='word_1_61' title='bbox 1592 1116 1800 1189; x_wconf 80' lang='lat' dir='ltr'><strong>Moyses</strong></span> <span class='ocrx_word' id='word_1_62' title='bbox 1849 1117 2037 1174; x_wconf 85' lang='lat' dir='ltr'><strong>habuit</strong></span> 
     </span>
    </p>
   </div>
   <div class='ocr_carea' id='block_1_9' title="bbox 450 1208 2037 1282">
    <p class='ocr_par' dir='ltr' id='par_1_9' title="bbox 450 1208 2037 1282">
     <span class='ocr_line' id='line_1_9' title="bbox 450 1208 2037 1282; baseline -0.001 -15"><span class='ocrx_word' id='word_1_63' title='bbox 450 1211 677 1282; x_wconf 80' lang='lat' dir='ltr'><strong>primam</strong></span> <span class='ocrx_word' id='word_1_64' title='bbox 705 1210 866 1265; x_wconf 82' lang='lat' dir='ltr'><strong>vitam</strong></span> <span class='ocrx_word' id='word_1_65' title='bbox 891 1208 1116 1264; x_wconf 82' lang='lat' dir='ltr'><strong>fortasse</strong></span> <span class='ocrx_word' id='word_1_66' title='bbox 1141 1208 1532 1279; x_wconf 82' lang='lat' dir='ltr'><strong>peccatricem?</strong></span> <span class='ocrx_word' id='word_1_67' title='bbox 1556 1209 1686 1264; x_wconf 87' lang='lat' dir='ltr'><strong>Nam</strong></span> <span class='ocrx_word' id='word_1_68' title='bbox 1711 1219 1764 1265; x_wconf 92' lang='lat' dir='ltr'><strong>et</strong></span> <span class='ocrx_word' id='word_1_69' title='bbox 1784 1223 2037 1280; x_wconf 89' lang='lat' dir='ltr'><strong>percusso</strong></span> 
     </span>
    </p>
   </div>
   <div class='ocr_carea' id='block_1_10' title="bbox 451 1299 2039 1371">
    <p class='ocr_par' dir='ltr' id='par_1_10' title="bbox 451 1299 2039 1371">
     <span class='ocr_line' id='line_1_10' title="bbox 451 1299 2039 1371; baseline -0.002 -13"><span class='ocrx_word' id='word_1_70' title='bbox 451 1302 672 1358; x_wconf 79' lang='lat' dir='ltr'><strong>homine</strong></span> <span class='ocrx_word' id='word_1_71' title='bbox 689 1342 704 1366; x_wconf 91' lang='lat'><strong>,</strong></span> <span class='ocrx_word' id='word_1_72' title='bbox 738 1300 867 1371; x_wconf 92' lang='lat' dir='ltr'><strong>fugit</strong></span> <span class='ocrx_word' id='word_1_73' title='bbox 891 1299 959 1356; x_wconf 89' lang='lat' dir='ltr'><strong>de</strong></span> <span class='ocrx_word' id='word_1_74' title='bbox 980 1299 1210 1371; x_wconf 60' lang='lat' dir='ltr'><strong>Egypto</strong></span> <span class='ocrx_word' id='word_1_75' title='bbox 1233 1300 1252 1371; x_wconf 91' lang='lat'><strong>(</strong></span> <span class='ocrx_word' id='word_1_76' title='bbox 1275 1299 1443 1355; x_wconf 67' lang='lat' dir='ltr'><strong>Exod.</strong></span> <span class='ocrx_word' id='word_1_77' title='bbox 1470 1316 1507 1354; x_wconf 87' lang='lat' dir='ltr'><strong>lt</strong></span> <span class='ocrx_word' id='word_1_78' title='bbox 1530 1300 1633 1362; x_wconf 76' lang='grc'><strong>,12</strong></span> <span class='ocrx_word' id='word_1_79' title='bbox 1652 1342 1665 1365; x_wconf 92' lang='grc'><em>,</em></span> <span class='ocrx_word' id='word_1_80' title='bbox 1691 1300 1759 1356; x_wconf 76' lang='grc'><strong>15</strong></span> <span class='ocrx_word' id='word_1_81' title='bbox 1783 1300 1821 1370; x_wconf 84' lang='grc'><strong>).</strong></span> <span class='ocrx_word' id='word_1_82' title='bbox 1847 1299 2039 1355; x_wconf 87' lang='lat' dir='ltr'><strong>llabuit</strong></span> 
     </span>
    </p>
   </div>
   <div class='ocr_carea' id='block_1_11' title="bbox 451 1392 2035 1464">
    <p class='ocr_par' dir='ltr' id='par_1_11' title="bbox 451 1392 2035 1464">
     <span class='ocr_line' id='line_1_11' title="bbox 451 1392 2035 1464; baseline -0.003 -12"><span class='ocrx_word' id='word_1_83' title='bbox 451 1404 509 1452; x_wconf 86' lang='lat' dir='ltr'><strong>et</strong></span> <span class='ocrx_word' id='word_1_84' title='bbox 544 1395 721 1450; x_wconf 83' lang='lat' dir='ltr'><strong>Aaron</strong></span> <span class='ocrx_word' id='word_1_85' title='bbox 761 1393 985 1463; x_wconf 81' lang='lat' dir='ltr'><strong>primam</strong></span> <span class='ocrx_word' id='word_1_86' title='bbox 1022 1394 1184 1447; x_wconf 86' lang='lat' dir='ltr'><strong>vitam</strong></span> <span class='ocrx_word' id='word_1_87' title='bbox 1222 1407 1340 1464; x_wconf 76' lang='lat' dir='ltr'><strong>qua:</strong></span> <span class='ocrx_word' id='word_1_88' title='bbox 1377 1392 1685 1463; x_wconf 85' lang='lat' dir='ltr'><strong>displiceret</strong></span> <span class='ocrx_word' id='word_1_89' title='bbox 1721 1394 1851 1449; x_wconf 90' lang='lat' dir='ltr'><strong>Deo.</strong></span> <span class='ocrx_word' id='word_1_90' title='bbox 1905 1394 2035 1448; x_wconf 86' lang='lat' dir='ltr'><strong>Nam</strong></span> 
     </span>
    </p>
   </div>
   <div class='ocr_carea' id='block_1_12' title="bbox 454 1489 2042 1563">
    <p class='ocr_par' dir='ltr' id='par_1_12' title="bbox 454 1489 2042 1563">
     <span class='ocr_line' id='line_1_12' title="bbox 454 1489 2042 1563; baseline 0.004 -22"><span class='ocrx_word' id='word_1_91' title='bbox 454 1489 570 1558; x_wconf 82' lang='lat' dir='ltr'><strong>ipse</strong></span> <span class='ocrx_word' id='word_1_92' title='bbox 597 1490 880 1545; x_wconf 80' lang='lat' dir='ltr'><strong>insanienti</strong></span> <span class='ocrx_word' id='word_1_93' title='bbox 907 1493 1103 1562; x_wconf 86' lang='lat' dir='ltr'><strong>populo</strong></span> <span class='ocrx_word' id='word_1_94' title='bbox 1134 1500 1188 1547; x_wconf 87' lang='lat' dir='ltr'><strong>et</strong></span> <span class='ocrx_word' id='word_1_95' title='bbox 1214 1489 1408 1547; x_wconf 88' lang='lat' dir='ltr'><strong>furenti</strong></span> <span class='ocrx_word' id='word_1_96' title='bbox 1452 1491 1652 1546; x_wconf 86' lang='lat' dir='ltr'><strong>idolum</strong></span> <span class='ocrx_word' id='word_1_97' title='bbox 1695 1491 1937 1563; x_wconf 87' lang='lat' dir='ltr'><strong>permisit</strong></span> <span class='ocrx_word' id='word_1_98' title='bbox 1984 1501 2042 1548; x_wconf 91' lang='lat' dir='ltr'><strong>ut</strong></span> 
     </span>
    </p>
   </div>
   <div class='ocr_carea' id='block_1_13' title="bbox 455 1580 2041 1655">
    <p class='ocr_par' dir='ltr' id='par_1_13' title="bbox 455 1580 2041 1655">
     <span class='ocr_line' id='line_1_13' title="bbox 455 1580 2041 1655; baseline -0.001 -19"><span class='ocrx_word' id='word_1_99' title='bbox 455 1580 612 1637; x_wconf 76' lang='lat' dir='ltr'><strong>ﬁeret</strong></span> <span class='ocrx_word' id='word_1_100' title='bbox 633 1620 649 1645; x_wconf 87' lang='lat'><strong>,</strong></span> <span class='ocrx_word' id='word_1_101' title='bbox 692 1589 749 1638; x_wconf 93' lang='lat' dir='ltr'><strong>et</strong></span> <span class='ocrx_word' id='word_1_102' title='bbox 784 1582 979 1638; x_wconf 80' lang='lat' dir='ltr'><strong>factum</strong></span> <span class='ocrx_word' id='word_1_103' title='bbox 1008 1593 1091 1639; x_wconf 80' lang='lat' dir='ltr'><strong>est</strong></span> <span class='ocrx_word' id='word_1_104' title='bbox 1112 1583 1310 1655; x_wconf 88' lang='lat' dir='ltr'><strong>populo</strong></span> <span class='ocrx_word' id='word_1_105' title='bbox 1341 1582 1432 1639; x_wconf 89' lang='lat' dir='ltr'><strong>Dei</strong></span> <span class='ocrx_word' id='word_1_106' title='bbox 1463 1582 1661 1639; x_wconf 90' lang='lat' dir='ltr'><strong>idolum</strong></span> <span class='ocrx_word' id='word_1_107' title='bbox 1692 1581 1833 1655; x_wconf 89' lang='lat' dir='ltr'><strong>quod</strong></span> <span class='ocrx_word' id='word_1_108' title='bbox 1861 1582 2041 1637; x_wconf 80' lang='lat' dir='ltr'><strong>adora-</strong></span> 
     </span>
    </p>
   </div>
   <div class='ocr_carea' id='block_1_14' title="bbox 453 1669 2040 1747">
    <p class='ocr_par' dir='ltr' id='par_1_14' title="bbox 453 1669 2040 1747">
     <span class='ocr_line' id='line_1_14' title="bbox 453 1669 2040 1747; baseline 0.001 -20"><span class='ocrx_word' id='word_1_109' title='bbox 453 1680 538 1727; x_wconf 78' lang='lat' dir='ltr'><strong>ret</strong></span> <span class='ocrx_word' id='word_1_110' title='bbox 563 1669 691 1745; x_wconf 87' lang='lat' dir='ltr'><strong>(Id.</strong></span> <span class='ocrx_word' id='word_1_111' title='bbox 720 1686 872 1729; x_wconf 85' lang='lat' dir='ltr'><strong>xxxtt</strong></span> <span class='ocrx_word' id='word_1_112' title='bbox 896 1714 911 1742; x_wconf 94' lang='lat'><strong>,</strong></span> <span class='ocrx_word' id='word_1_113' title='bbox 942 1670 1102 1747; x_wconf 66' lang='lat'><strong>1-4).</strong></span> <span class='ocrx_word' id='word_1_114' title='bbox 1148 1672 1362 1732; x_wconf 84' lang='lat' dir='ltr'><strong>Samuel</strong></span> <span class='ocrx_word' id='word_1_115' title='bbox 1402 1676 1530 1747; x_wconf 84' lang='lat' dir='ltr'><strong>quid</strong></span> <span class='ocrx_word' id='word_1_116' title='bbox 1568 1676 1695 1731; x_wconf 82' lang='lat' dir='ltr'><strong>fecit</strong></span> <span class='ocrx_word' id='word_1_117' title='bbox 1717 1717 1730 1740; x_wconf 93' lang='lat'><strong>,</strong></span> <span class='ocrx_word' id='word_1_118' title='bbox 1762 1674 1933 1731; x_wconf 89' lang='lat' dir='ltr'><strong>infans</strong></span> <span class='ocrx_word' id='word_1_119' title='bbox 1974 1674 2040 1729; x_wconf 88' lang='lat' dir='ltr'><strong>ad</strong></span> 
     </span>
    </p>
   </div>
   <div class='ocr_carea' id='block_1_15' title="bbox 456 1762 2041 1833">
    <p class='ocr_par' dir='ltr' id='par_1_15' title="bbox 456 1762 2041 1833">
     <span class='ocr_line' id='line_1_15' title="bbox 456 1762 2041 1833; baseline 0.003 -17"><span class='ocrx_word' id='word_1_120' title='bbox 456 1762 715 1833; x_wconf 83' lang='lat' dir='ltr'><strong>templum</strong></span> <span class='ocrx_word' id='word_1_121' title='bbox 742 1763 897 1818; x_wconf 84' lang='lat' dir='ltr'><strong>datus</strong></span> <span class='ocrx_word' id='word_1_122' title='bbox 918 1764 942 1819; x_wconf 75' lang='grc'><strong><em>2</em></strong></span> <span class='ocrx_word' id='word_1_123' title='bbox 964 1765 1161 1821; x_wconf 86' lang='lat' dir='ltr'><strong>Omnes</strong></span> <span class='ocrx_word' id='word_1_124' title='bbox 1186 1774 1371 1821; x_wconf 67' lang='lat' dir='ltr'><strong>aetates</strong></span> <span class='ocrx_word' id='word_1_125' title='bbox 1396 1781 1521 1821; x_wconf 87' lang='lat' dir='ltr'><strong>snas</strong></span> <span class='ocrx_word' id='word_1_126' title='bbox 1564 1767 1703 1821; x_wconf 86' lang='lat' dir='ltr'><strong>inter</strong></span> <span class='ocrx_word' id='word_1_127' title='bbox 1738 1775 1920 1821; x_wconf 88' lang='lat' dir='ltr'><strong>sancta</strong></span> <span class='ocrx_word' id='word_1_128' title='bbox 1958 1781 2041 1821; x_wconf 85' lang='lat' dir='ltr'><strong>sa-</strong></span> 
     </span>
    </p>
   </div>
   <div class='ocr_carea' id='block_1_16' title="bbox 456 1856 2041 1927">
    <p class='ocr_par' dir='ltr' id='par_1_16' title="bbox 456 1856 2041 1927">
     <span class='ocr_line' id='line_1_16' title="bbox 456 1856 2041 1927; baseline 0.003 -19"><span class='ocrx_word' id='word_1_129' title='bbox 456 1862 730 1909; x_wconf 87' lang='lat' dir='ltr'><strong>cramenta</strong></span> <span class='ocrx_word' id='word_1_130' title='bbox 761 1856 850 1910; x_wconf 87' lang='lat' dir='ltr'><strong>Dei</strong></span> <span class='ocrx_word' id='word_1_131' title='bbox 881 1857 1122 1927; x_wconf 85' lang='lat' dir='ltr'><strong>peregit,</strong></span> <span class='ocrx_word' id='word_1_132' title='bbox 1156 1857 1225 1911; x_wconf 85' lang='lat' dir='ltr'><strong>ab</strong></span> <span class='ocrx_word' id='word_1_133' title='bbox 1250 1858 1469 1912; x_wconf 90' lang='lat' dir='ltr'><strong>ineunte</strong></span> <span class='ocrx_word' id='word_1_134' title='bbox 1495 1866 1652 1913; x_wconf 83' lang='lat' dir='ltr'><strong>:ctate</strong></span> <span class='ocrx_word' id='word_1_135' title='bbox 1671 1857 1899 1913; x_wconf 90' lang='lat' dir='ltr'><strong>famulus</strong></span> <span class='ocrx_word' id='word_1_136' title='bbox 1924 1858 2041 1914; x_wconf 86' lang='lat' dir='ltr'><strong>Dei.</strong></span> 
     </span>
    </p>
   </div>
   <div class='ocr_carea' id='block_1_17' title="bbox 457 1942 2047 2016">
    <p class='ocr_par' dir='ltr' id='par_1_17' title="bbox 457 1942 2047 2016">
     <span class='ocr_line' id='line_1_17' title="bbox 457 1942 2047 2016; baseline 0.004 -19"><span class='ocrx_word' id='word_1_137' title='bbox 457 1942 598 2000; x_wconf 85' lang='lat' dir='ltr'><strong>Nihil</strong></span> <span class='ocrx_word' id='word_1_138' title='bbox 624 1961 855 2016; x_wconf 79' lang='lat' dir='ltr'><strong>unquam</strong></span> <span class='ocrx_word' id='word_1_139' title='bbox 882 1947 1081 2003; x_wconf 88' lang='lat' dir='ltr'><strong>dictum</strong></span> <span class='ocrx_word' id='word_1_140' title='bbox 1105 1955 1190 2004; x_wconf 91' lang='lat' dir='ltr'><strong>est</strong></span> <span class='ocrx_word' id='word_1_141' title='bbox 1214 1948 1283 2004; x_wconf 89' lang='lat' dir='ltr'><strong>de</strong></span> <span class='ocrx_word' id='word_1_142' title='bbox 1305 1949 1555 2004; x_wconf 90' lang='lat' dir='ltr'><strong>Samuele</strong></span> <span class='ocrx_word' id='word_1_143' title='bbox 1576 1991 1592 2016; x_wconf 94' lang='lat'><strong>,</strong></span> <span class='ocrx_word' id='word_1_144' title='bbox 1623 1949 1751 2003; x_wconf 88' lang='lat' dir='ltr'><strong>nihil</strong></span> <span class='ocrx_word' id='word_1_145' title='bbox 1777 1949 1844 2005; x_wconf 89' lang='lat' dir='ltr'><strong>ab</strong></span> <span class='ocrx_word' id='word_1_146' title='bbox 1869 1948 2047 2005; x_wconf 87' lang='lat' dir='ltr'><strong>homi-</strong></span> 
     </span>
    </p>
   </div>
   <div class='ocr_carea' id='block_1_18' title="bbox 462 2032 2043 2110">
    <p class='ocr_par' dir='ltr' id='par_1_18' title="bbox 462 2032 2043 2110">
     <span class='ocr_line' id='line_1_18' title="bbox 462 2032 2043 2110; baseline 0.004 -21"><span class='ocrx_word' id='word_1_147' title='bbox 462 2032 641 2090; x_wconf 79' lang='lat' dir='ltr'><strong>nibus.</strong></span> <span class='ocrx_word' id='word_1_148' title='bbox 667 2035 900 2091; x_wconf 81' lang='lat' dir='ltr'><strong>Noverat</strong></span> <span class='ocrx_word' id='word_1_149' title='bbox 928 2037 998 2092; x_wconf 82' lang='lat' dir='ltr'><strong>ibi</strong></span> <span class='ocrx_word' id='word_1_150' title='bbox 1026 2037 1163 2093; x_wconf 85' lang='lat' dir='ltr'><strong>forte</strong></span> <span class='ocrx_word' id='word_1_151' title='bbox 1195 2039 1335 2095; x_wconf 87' lang='lat' dir='ltr'><strong>Deus</strong></span> <span class='ocrx_word' id='word_1_152' title='bbox 1359 2039 1558 2109; x_wconf 92' lang='lat' dir='ltr'><strong>aliquid</strong></span> <span class='ocrx_word' id='word_1_153' title='bbox 1588 2039 1727 2110; x_wconf 90' lang='lat' dir='ltr'><strong>quod</strong></span> <span class='ocrx_word' id='word_1_154' title='bbox 1757 2048 2043 2110; x_wconf 76' lang='lat' dir='ltr'><strong>purgaret;</strong></span> 
     </span>
    </p>
   </div>
   <div class='ocr_carea' id='block_1_19' title="bbox 462 2125 2048 2200">
    <p class='ocr_par' dir='ltr' id='par_1_19' title="bbox 462 2125 2048 2200">
     <span class='ocr_line' id='line_1_19' title="bbox 462 2125 2048 2200; baseline 0.006 -21"><span class='ocrx_word' id='word_1_155' title='bbox 462 2125 584 2194; x_wconf 85' lang='lat' dir='ltr'><strong>quia</strong></span> <span class='ocrx_word' id='word_1_156' title='bbox 611 2135 665 2181; x_wconf 93' lang='lat' dir='ltr'><strong>et</strong></span> <span class='ocrx_word' id='word_1_157' title='bbox 690 2128 831 2198; x_wconf 86' lang='lat' dir='ltr'><strong>quod</strong></span> <span class='ocrx_word' id='word_1_158' title='bbox 865 2128 1155 2197; x_wconf 86' lang='lat' dir='ltr'><strong>perfectum</strong></span> <span class='ocrx_word' id='word_1_159' title='bbox 1192 2130 1303 2200; x_wconf 86' lang='lat' dir='ltr'><strong>jam</strong></span> <span class='ocrx_word' id='word_1_160' title='bbox 1350 2132 1561 2187; x_wconf 87' lang='lat' dir='ltr'><strong>videtur</strong></span> <span class='ocrx_word' id='word_1_161' title='bbox 1605 2132 1906 2188; x_wconf 87' lang='lat' dir='ltr'><strong>hominibus</strong></span> <span class='ocrx_word' id='word_1_162' title='bbox 1928 2172 1945 2198; x_wconf 91' lang='lat'><strong>,</strong></span> <span class='ocrx_word' id='word_1_163' title='bbox 1974 2132 2048 2189; x_wconf 90' lang='lat' dir='ltr'><strong>illi</strong></span> 
     </span>
    </p>
   </div>
   <div class='ocr_carea' id='block_1_20' title="bbox 463 2217 2049 2296">
    <p class='ocr_par' dir='ltr' id='par_1_20' title="bbox 463 2217 2049 2296">
     <span class='ocr_line' id='line_1_20' title="bbox 463 2217 2049 2296; baseline 0.006 -25"><span class='ocrx_word' id='word_1_164' title='bbox 463 2217 778 2286; x_wconf 84' lang='lat' dir='ltr'><strong>perfectioni</strong></span> <span class='ocrx_word' id='word_1_165' title='bbox 805 2221 979 2276; x_wconf 84' lang='lat' dir='ltr'><strong>adhuc</strong></span> <span class='ocrx_word' id='word_1_166' title='bbox 1010 2222 1375 2293; x_wconf 87' lang='lat' dir='ltr'><strong>imperfectum</strong></span> <span class='ocrx_word' id='word_1_167' title='bbox 1404 2235 1507 2280; x_wconf 89' lang='lat' dir='ltr'><strong>cst.</strong></span> <span class='ocrx_word' id='word_1_168' title='bbox 1542 2224 1803 2296; x_wconf 84' lang='lat' dir='ltr'><strong>Pleraque</strong></span> <span class='ocrx_word' id='word_1_169' title='bbox 1848 2224 2049 2281; x_wconf 87' lang='lat' dir='ltr'><strong>faciunt</strong></span> 
     </span>
    </p>
   </div>
   <div class='ocr_carea' id='block_1_21' title="bbox 462 2307 2049 2388">
    <p class='ocr_par' dir='ltr' id='par_1_21' title="bbox 462 2307 2049 2388">
     <span class='ocr_line' id='line_1_21' title="bbox 462 2307 2049 2388; baseline 0.008 -28"><span class='ocrx_word' id='word_1_170' title='bbox 462 2307 696 2364; x_wconf 84' lang='lat' dir='ltr'><strong>artifices</strong></span> <span class='ocrx_word' id='word_1_171' title='bbox 720 2352 734 2376; x_wconf 93' lang='lat'><strong>,</strong></span> <span class='ocrx_word' id='word_1_172' title='bbox 763 2319 817 2365; x_wconf 90' lang='lat' dir='ltr'><strong>et</strong></span> <span class='ocrx_word' id='word_1_173' title='bbox 843 2313 1130 2368; x_wconf 88' lang='lat' dir='ltr'><strong>ostendunt</strong></span> <span class='ocrx_word' id='word_1_174' title='bbox 1157 2314 1455 2383; x_wconf 83' lang='lat' dir='ltr'><strong>imperitis;</strong></span> <span class='ocrx_word' id='word_1_175' title='bbox 1487 2326 1541 2370; x_wconf 90' lang='lat' dir='ltr'><strong>et</strong></span> <span class='ocrx_word' id='word_1_176' title='bbox 1567 2332 1688 2372; x_wconf 89' lang='lat' dir='ltr'><strong>cum</strong></span> <span class='ocrx_word' id='word_1_177' title='bbox 1708 2317 1817 2387; x_wconf 87' lang='lat' dir='ltr'><strong>jam</strong></span> <span class='ocrx_word' id='word_1_178' title='bbox 1838 2317 2049 2388; x_wconf 84' lang='lat' dir='ltr'><strong>judica-</strong></span> 
     </span>
    </p>
   </div>
   <div class='ocr_carea' id='block_1_22' title="bbox 465 2397 2046 2475">
    <p class='ocr_par' dir='ltr' id='par_1_22' title="bbox 465 2397 2046 2475">
     <span class='ocr_line' id='line_1_22' title="bbox 465 2397 2046 2475; baseline 0.008 -25"><span class='ocrx_word' id='word_1_179' title='bbox 465 2397 641 2452; x_wconf 87' lang='lat' dir='ltr'><strong>veriut</strong></span> <span class='ocrx_word' id='word_1_180' title='bbox 669 2398 901 2471; x_wconf 83' lang='lat' dir='ltr'><strong>imperiti</strong></span> <span class='ocrx_word' id='word_1_181' title='bbox 926 2416 1048 2457; x_wconf 89' lang='lat' dir='ltr'><strong>esse</strong></span> <span class='ocrx_word' id='word_1_182' title='bbox 1070 2404 1301 2473; x_wconf 87' lang='lat' dir='ltr'><strong>perfecta</strong></span> <span class='ocrx_word' id='word_1_183' title='bbox 1328 2448 1343 2472; x_wconf 89' lang='lat'><strong>,</strong></span> <span class='ocrx_word' id='word_1_184' title='bbox 1374 2406 1649 2475; x_wconf 77' lang='lat' dir='ltr'><strong>expoliunt</strong></span> <span class='ocrx_word' id='word_1_185' title='bbox 1670 2407 1759 2462; x_wconf 88' lang='lat' dir='ltr'><strong>illa</strong></span> <span class='ocrx_word' id='word_1_186' title='bbox 1781 2407 2012 2462; x_wconf 83' lang='lat' dir='ltr'><strong>artifices</strong></span> <span class='ocrx_word' id='word_1_187' title='bbox 2031 2449 2046 2474; x_wconf 95' lang='lat'><strong>,</strong></span> 
     </span>
    </p>
   </div>
   <div class='ocr_carea' id='block_1_23' title="bbox 466 2487 2053 2566">
    <p class='ocr_par' dir='ltr' id='par_1_23' title="bbox 466 2487 2053 2566">
     <span class='ocr_line' id='line_1_23' title="bbox 466 2487 2053 2566; baseline 0.004 -23"><span class='ocrx_word' id='word_1_188' title='bbox 466 2487 558 2557; x_wconf 79' lang='lat' dir='ltr'><strong>qui</strong></span> <span class='ocrx_word' id='word_1_189' title='bbox 582 2499 848 2546; x_wconf 87' lang='lat' dir='ltr'><strong>noverunt</strong></span> <span class='ocrx_word' id='word_1_190' title='bbox 870 2493 1045 2549; x_wconf 84' lang='lat' dir='ltr'><strong>adhuc</strong></span> <span class='ocrx_word' id='word_1_191' title='bbox 1067 2496 1192 2565; x_wconf 87' lang='lat' dir='ltr'><strong>quid</strong></span> <span class='ocrx_word' id='word_1_192' title='bbox 1223 2495 1323 2551; x_wconf 87' lang='lat' dir='ltr'><strong>illis</strong></span> <span class='ocrx_word' id='word_1_193' title='bbox 1352 2494 1495 2553; x_wconf 86' lang='lat' dir='ltr'><strong>desit</strong></span> <span class='ocrx_word' id='word_1_194' title='bbox 1520 2540 1537 2566; x_wconf 88' lang='lat'><strong>,</strong></span> <span class='ocrx_word' id='word_1_195' title='bbox 1569 2507 1629 2554; x_wconf 91' lang='lat' dir='ltr'><strong>ut</strong></span> <span class='ocrx_word' id='word_1_196' title='bbox 1665 2499 1927 2553; x_wconf 89' lang='lat' dir='ltr'><strong>mirentur</strong></span> <span class='ocrx_word' id='word_1_197' title='bbox 1957 2499 2053 2551; x_wconf 75' lang='lat' dir='ltr'><strong>lm-</strong></span> 
     </span>
    </p>
   </div>
   <div class='ocr_carea' id='block_1_24' title="bbox 468 2578 2053 2660">
    <p class='ocr_par' dir='ltr' id='par_1_24' title="bbox 468 2578 2053 2660">
     <span class='ocr_line' id='line_1_24' title="bbox 468 2578 2053 2660; baseline 0.008 -27"><span class='ocrx_word' id='word_1_198' title='bbox 468 2578 641 2635; x_wconf 81' lang='lat' dir='ltr'><strong>mines</strong></span> <span class='ocrx_word' id='word_1_199' title='bbox 688 2590 890 2637; x_wconf 83' lang='lat' dir='ltr'><strong>tantam</strong></span> <span class='ocrx_word' id='word_1_200' title='bbox 937 2585 1323 2655; x_wconf 80' lang='lat' dir='ltr'><strong>expolitionem</strong></span> <span class='ocrx_word' id='word_1_201' title='bbox 1366 2589 1526 2643; x_wconf 85' lang='lat' dir='ltr'><strong>rebus</strong></span> <span class='ocrx_word' id='word_1_202' title='bbox 1567 2590 1866 2656; x_wconf 88' lang='lat' dir='ltr'><strong>accidisse,</strong></span> <span class='ocrx_word' id='word_1_203' title='bbox 1920 2604 2053 2660; x_wconf 87' lang='lat' dir='ltr'><strong>quas</strong></span> 
     </span>
    </p>
   </div>
   <div class='ocr_carea' id='block_1_25' title="bbox 463 2668 2049 2749">
    <p class='ocr_par' dir='ltr' id='par_1_25' title="bbox 463 2668 2049 2749">
     <span class='ocr_line' id='line_1_25' title="bbox 463 2668 2049 2749; baseline 0.007 -24"><span class='ocrx_word' id='word_1_204' title='bbox 463 2668 575 2738; x_wconf 71' lang='lat' dir='ltr'><strong>iam</strong></span> <span class='ocrx_word' id='word_1_205' title='bbox 597 2671 858 2741; x_wconf 82' lang='lat' dir='ltr'><strong>perfectas</strong></span> <span class='ocrx_word' id='word_1_206' title='bbox 880 2677 1370 2744; x_wconf 85' lang='lat' dir='ltr'><strong>pronuntiaverant.</strong></span> <span class='ocrx_word' id='word_1_207' title='bbox 1400 2680 1485 2734; x_wconf 81' lang='lat' dir='ltr'><strong>Fit</strong></span> <span class='ocrx_word' id='word_1_208' title='bbox 1504 2680 1606 2736; x_wconf 87' lang='lat' dir='ltr'><strong>hoc</strong></span> <span class='ocrx_word' id='word_1_209' title='bbox 1624 2690 1678 2736; x_wconf 91' lang='lat' dir='ltr'><strong>et</strong></span> <span class='ocrx_word' id='word_1_210' title='bbox 1702 2682 1754 2736; x_wconf 91' lang='lat' dir='ltr'><strong>in</strong></span> <span class='ocrx_word' id='word_1_211' title='bbox 1779 2681 2017 2736; x_wconf 63' lang='lat' dir='ltr'><strong>aedificiis</strong></span> <span class='ocrx_word' id='word_1_212' title='bbox 2033 2723 2049 2749; x_wconf 85' lang='lat'><strong>,</strong></span> 
     </span>
    </p>
   </div>
   <div class='ocr_carea' id='block_1_26' title="bbox 469 2761 2056 2844">
    <p class='ocr_par' dir='ltr' id='par_1_26' title="bbox 469 2761 2056 2844">
     <span class='ocr_line' id='line_1_26' title="bbox 469 2761 2056 2844; baseline 0.01 -31"><span class='ocrx_word' id='word_1_213' title='bbox 469 2768 526 2814; x_wconf 79' lang='lat' dir='ltr'><strong>et</strong></span> <span class='ocrx_word' id='word_1_214' title='bbox 551 2761 602 2814; x_wconf 93' lang='lat' dir='ltr'><strong>in</strong></span> <span class='ocrx_word' id='word_1_215' title='bbox 630 2763 850 2830; x_wconf 90' lang='lat' dir='ltr'><strong>picturis</strong></span> <span class='ocrx_word' id='word_1_216' title='bbox 871 2804 889 2832; x_wconf 89' lang='lat'><strong>,</strong></span> <span class='ocrx_word' id='word_1_217' title='bbox 916 2767 1046 2822; x_wconf 87' lang='lat' dir='ltr'><strong>etin</strong></span> <span class='ocrx_word' id='word_1_218' title='bbox 1072 2768 1309 2824; x_wconf 81' lang='lat' dir='ltr'><strong>vestibus</strong></span> <span class='ocrx_word' id='word_1_219' title='bbox 1334 2812 1348 2834; x_wconf 89' lang='lat'><strong>,</strong></span> <span class='ocrx_word' id='word_1_220' title='bbox 1387 2779 1444 2825; x_wconf 87' lang='lat' dir='ltr'><strong>et</strong></span> <span class='ocrx_word' id='word_1_221' title='bbox 1482 2784 1650 2843; x_wconf 86' lang='lat' dir='ltr'><strong>prope</strong></span> <span class='ocrx_word' id='word_1_222' title='bbox 1687 2773 1739 2827; x_wconf 91' lang='lat' dir='ltr'><strong>in</strong></span> <span class='ocrx_word' id='word_1_223' title='bbox 1775 2773 1920 2827; x_wconf 91' lang='lat' dir='ltr'><strong>omni</strong></span> <span class='ocrx_word' id='word_1_224' title='bbox 1962 2787 2056 2844; x_wconf 86' lang='lat' dir='ltr'><strong>ge-</strong></span> 
     </span>
    </p>
   </div>
   <div class='ocr_carea' id='block_1_27' title="bbox 473 2854 2055 2935">
    <p class='ocr_par' dir='ltr' id='par_1_27' title="bbox 473 2854 2055 2935">
     <span class='ocr_line' id='line_1_27' title="bbox 473 2854 2055 2935; baseline 0.011 -32"><span class='ocrx_word' id='word_1_225' title='bbox 473 2864 604 2907; x_wconf 88' lang='lat' dir='ltr'><strong>nere</strong></span> <span class='ocrx_word' id='word_1_226' title='bbox 631 2854 845 2931; x_wconf 75' lang='lat' dir='ltr'><strong>artium.</strong></span> <span class='ocrx_word' id='word_1_227' title='bbox 879 2856 1059 2912; x_wconf 89' lang='lat' dir='ltr'><strong>Primo</strong></span> <span class='ocrx_word' id='word_1_228' title='bbox 1092 2856 1333 2930; x_wconf 76' lang='lat' dir='ltr'><strong>judicent</strong></span> <span class='ocrx_word' id='word_1_229' title='bbox 1379 2860 1512 2918; x_wconf 91' lang='lat' dir='ltr'><strong>illud</strong></span> <span class='ocrx_word' id='word_1_230' title='bbox 1543 2863 1653 2934; x_wconf 88' lang='lat' dir='ltr'><strong>jam</strong></span> <span class='ocrx_word' id='word_1_231' title='bbox 1691 2863 1841 2934; x_wconf 89' lang='lat' dir='ltr'><strong>quasi</strong></span> <span class='ocrx_word' id='word_1_232' title='bbox 1881 2866 2055 2935; x_wconf 85' lang='lat' dir='ltr'><strong>perfe-</strong></span> 
     </span>
    </p>
   </div>
   <div class='ocr_carea' id='block_1_28' title="bbox 472 2949 2055 3025">
    <p class='ocr_par' dir='ltr' id='par_1_28' title="bbox 472 2949 2055 3025">
     <span class='ocr_line' id='line_1_28' title="bbox 472 2949 2055 3025; baseline 0.011 -29"><span class='ocrx_word' id='word_1_233' title='bbox 472 2950 617 2997; x_wconf 79' lang='lat' dir='ltr'><strong>ctum</strong></span> <span class='ocrx_word' id='word_1_234' title='bbox 642 2958 765 3001; x_wconf 86' lang='lat' dir='ltr'><strong>esse</strong></span> <span class='ocrx_word' id='word_1_235' title='bbox 786 2986 803 3014; x_wconf 90' lang='lat'><strong>,</strong></span> <span class='ocrx_word' id='word_1_236' title='bbox 834 2955 896 3002; x_wconf 91' lang='lat' dir='ltr'><strong>ut</strong></span> <span class='ocrx_word' id='word_1_237' title='bbox 915 2949 1057 3004; x_wconf 79' lang='lat' dir='ltr'><strong>oculi</strong></span> <span class='ocrx_word' id='word_1_238' title='bbox 1083 2964 1267 3007; x_wconf 85' lang='lat' dir='ltr'><strong>eorum</strong></span> <span class='ocrx_word' id='word_1_239' title='bbox 1295 2954 1524 3025; x_wconf 88' lang='lat' dir='ltr'><strong>amplius</strong></span> <span class='ocrx_word' id='word_1_240' title='bbox 1555 2954 1686 3010; x_wconf 89' lang='lat' dir='ltr'><strong>nihil</strong></span> <span class='ocrx_word' id='word_1_241' title='bbox 1711 2955 2055 3013; x_wconf 88' lang='lat' dir='ltr'><strong>desiderent:</strong></span> 
     </span>
    </p>
   </div>
   <div class='ocr_carea' id='block_1_29' title="bbox 473 3034 2059 3119">
    <p class='ocr_par' dir='ltr' id='par_1_29' title="bbox 473 3034 2059 3119">
     <span class='ocr_line' id='line_1_29' title="bbox 473 3034 2059 3119; baseline 0.009 -29"><span class='ocrx_word' id='word_1_242' title='bbox 473 3034 569 3091; x_wconf 80' lang='lat' dir='ltr'><strong>sed</strong></span> <span class='ocrx_word' id='word_1_243' title='bbox 598 3037 739 3092; x_wconf 81' lang='lat' dir='ltr'><strong>aliud</strong></span> <span class='ocrx_word' id='word_1_244' title='bbox 761 3038 967 3105; x_wconf 82' lang='lat' dir='ltr'><strong>judicat</strong></span> <span class='ocrx_word' id='word_1_245' title='bbox 986 3044 1173 3099; x_wconf 86' lang='lat' dir='ltr'><strong>oculus</strong></span> <span class='ocrx_word' id='word_1_246' title='bbox 1194 3046 1472 3117; x_wconf 88' lang='lat' dir='ltr'><strong>imperitus</strong></span> <span class='ocrx_word' id='word_1_247' title='bbox 1495 3088 1511 3115; x_wconf 94' lang='lat'><strong>,</strong></span> <span class='ocrx_word' id='word_1_248' title='bbox 1539 3049 1682 3103; x_wconf 89' lang='lat' dir='ltr'><strong>aliud</strong></span> <span class='ocrx_word' id='word_1_249' title='bbox 1699 3048 1906 3119; x_wconf 90' lang='lat' dir='ltr'><strong>judicat</strong></span> <span class='ocrx_word' id='word_1_250' title='bbox 1926 3050 2059 3106; x_wconf 91' lang='lat' dir='ltr'><strong>artis</strong></span> 
     </span>
    </p>
   </div>
   <div class='ocr_carea' id='block_1_30' title="bbox 477 3128 2057 3208">
    <p class='ocr_par' dir='ltr' id='par_1_30' title="bbox 477 3128 2057 3208">
     <span class='ocr_line' id='line_1_30' title="bbox 477 3128 2057 3208; baseline 0.011 -28"><span class='ocrx_word' id='word_1_251' title='bbox 477 3128 684 3198; x_wconf 84' lang='lat' dir='ltr'><strong>regula.</strong></span> <span class='ocrx_word' id='word_1_252' title='bbox 710 3128 800 3187; x_wconf 89' lang='lat' dir='ltr'><strong>Sic</strong></span> <span class='ocrx_word' id='word_1_253' title='bbox 822 3142 877 3187; x_wconf 90' lang='lat' dir='ltr'><strong>et</strong></span> <span class='ocrx_word' id='word_1_254' title='bbox 903 3133 976 3188; x_wconf 90' lang='lat' dir='ltr'><strong>illi</strong></span> <span class='ocrx_word' id='word_1_255' title='bbox 1005 3137 1176 3191; x_wconf 87' lang='lat' dir='ltr'><strong>sancti</strong></span> <span class='ocrx_word' id='word_1_256' title='bbox 1197 3139 1547 3194; x_wconf 74' lang='lat' dir='ltr'><strong>versabantur</strong></span> <span class='ocrx_word' id='word_1_257' title='bbox 1571 3149 1691 3195; x_wconf 89' lang='lat' dir='ltr'><strong>ante</strong></span> <span class='ocrx_word' id='word_1_258' title='bbox 1716 3142 1899 3196; x_wconf 87' lang='lat' dir='ltr'><strong>oculos</strong></span> <span class='ocrx_word' id='word_1_259' title='bbox 1922 3140 2015 3196; x_wconf 92' lang='lat' dir='ltr'><strong>Dei</strong></span> <span class='ocrx_word' id='word_1_260' title='bbox 2040 3182 2057 3208; x_wconf 91' lang='lat'><strong>,</strong></span> 
     </span>
    </p>
   </div>
   <div class='ocr_carea' id='block_1_31' title="bbox 389 3212 2058 3302">
    <p class='ocr_par' dir='ltr' id='par_1_31' title="bbox 389 3212 2058 3302">
     <span class='ocr_line' id='line_1_31' title="bbox 389 3212 2058 3302; baseline 0.01 -32"><span class='ocrx_word' id='word_1_261' title='bbox 389 3212 409 3235; x_wconf 78' lang='lat'>&#39;</span> <span class='ocrx_word' id='word_1_262' title='bbox 477 3227 732 3289; x_wconf 84' lang='lat' dir='ltr'><strong>tanquam</strong></span> <span class='ocrx_word' id='word_1_263' title='bbox 780 3223 899 3279; x_wconf 85' lang='lat' dir='ltr'><strong>sine</strong></span> <span class='ocrx_word' id='word_1_264' title='bbox 941 3226 1135 3296; x_wconf 89' lang='lat' dir='ltr'><strong>culpa,</strong></span> <span class='ocrx_word' id='word_1_265' title='bbox 1196 3235 1445 3297; x_wconf 85' lang='lat' dir='ltr'><strong>tanquam</strong></span> <span class='ocrx_word' id='word_1_266' title='bbox 1494 3229 1756 3299; x_wconf 83' lang='lat' dir='ltr'><strong>perfecti,</strong></span> <span class='ocrx_word' id='word_1_267' title='bbox 1808 3241 2058 3302; x_wconf 86' lang='lat' dir='ltr'><strong>tanquam</strong></span> 
     </span>
    </p>
   </div>
   <div class='ocr_carea' id='block_1_32' title="bbox 477 3310 2062 3393">
    <p class='ocr_par' dir='ltr' id='par_1_32' title="bbox 477 3310 2062 3393">
     <span class='ocr_line' id='line_1_32' title="bbox 477 3310 2062 3393; baseline 0.011 -33"><span class='ocrx_word' id='word_1_268' title='bbox 477 3310 655 3378; x_wconf 83' lang='lat' dir='ltr'><strong>angeli</strong></span> <span class='ocrx_word' id='word_1_269' title='bbox 684 3328 698 3364; x_wconf 88' lang='lat'><strong>:</strong></span> <span class='ocrx_word' id='word_1_270' title='bbox 726 3321 950 3369; x_wconf 78' lang='lat' dir='ltr'><strong>noverat</strong></span> <span class='ocrx_word' id='word_1_271' title='bbox 972 3325 1148 3371; x_wconf 86' lang='lat' dir='ltr'><strong>autem</strong></span> <span class='ocrx_word' id='word_1_272' title='bbox 1172 3319 1301 3388; x_wconf 86' lang='lat' dir='ltr'><strong>quid</strong></span> <span class='ocrx_word' id='word_1_273' title='bbox 1329 3320 1429 3374; x_wconf 92' lang='lat' dir='ltr'><strong>illis</strong></span> <span class='ocrx_word' id='word_1_274' title='bbox 1467 3321 1717 3386; x_wconf 76' lang='lat' dir='ltr'><strong>deesset,</strong></span> <span class='ocrx_word' id='word_1_275' title='bbox 1761 3324 1850 3393; x_wconf 90' lang='lat' dir='ltr'><strong>qui</strong></span> <span class='ocrx_word' id='word_1_276' title='bbox 1889 3324 2062 3378; x_wconf 87' lang='lat' dir='ltr'><strong>vindi-</strong></span> 
     </span>
    </p>
   </div>
   <div class='ocr_carea' id='block_1_33' title="bbox 476 3400 2061 3472">
    <p class='ocr_par' dir='ltr' id='par_1_33' title="bbox 476 3400 2061 3472">
     <span class='ocr_line' id='line_1_33' title="bbox 476 3400 2061 3472; baseline 0.012 -19"><span class='ocrx_word' id='word_1_277' title='bbox 476 3400 637 3456; x_wconf 75' lang='lat' dir='ltr'><strong>cabat</strong></span> <span class='ocrx_word' id='word_1_278' title='bbox 663 3401 716 3456; x_wconf 89' lang='lat' dir='ltr'><strong>in</strong></span> <span class='ocrx_word' id='word_1_279' title='bbox 744 3419 936 3462; x_wconf 89' lang='lat' dir='ltr'><strong>omnes</strong></span> <span class='ocrx_word' id='word_1_280' title='bbox 959 3407 1270 3466; x_wconf 81' lang='lat' dir='ltr'><strong>aii&#39;ectiones</strong></span> <span class='ocrx_word' id='word_1_281' title='bbox 1299 3427 1507 3468; x_wconf 87' lang='lat' dir='ltr'><strong>eorum.</strong></span> <span class='ocrx_word' id='word_1_282' title='bbox 1545 3414 1855 3470; x_wconf 76' lang='lat' dir='ltr'><strong>Vindicabat</strong></span> <span class='ocrx_word' id='word_1_283' title='bbox 1884 3428 2061 3472; x_wconf 89' lang='lat' dir='ltr'><strong>autem</strong></span> 
     </span>
    </p>
   </div>
   <div class='ocr_carea' id='block_1_34' title="bbox 480 3490 2066 3571">
    <p class='ocr_par' dir='ltr' id='par_1_34' title="bbox 480 3490 2066 3571">
     <span class='ocr_line' id='line_1_34' title="bbox 480 3490 2066 3571; baseline 0.011 -27"><span class='ocrx_word' id='word_1_284' title='bbox 480 3505 589 3545; x_wconf 84' lang='lat' dir='ltr'><strong>non</strong></span> <span class='ocrx_word' id='word_1_285' title='bbox 616 3490 855 3549; x_wconf 81' lang='lat' dir='ltr'><strong>irascens</strong></span> <span class='ocrx_word' id='word_1_286' title='bbox 877 3536 895 3564; x_wconf 91' lang='lat'><strong>,</strong></span> <span class='ocrx_word' id='word_1_287' title='bbox 923 3497 1017 3553; x_wconf 76' lang='lat' dir='ltr'><strong>sed</strong></span> <span class='ocrx_word' id='word_1_288' title='bbox 1046 3501 1311 3571; x_wconf 89' lang='lat' dir='ltr'><strong>propitius</strong></span> <span class='ocrx_word' id='word_1_289' title='bbox 1348 3519 1361 3557; x_wconf 92' lang='lat'><strong>:</strong></span> <span class='ocrx_word' id='word_1_290' title='bbox 1409 3503 1476 3558; x_wconf 89' lang='lat' dir='ltr'><strong>ad</strong></span> <span class='ocrx_word' id='word_1_291' title='bbox 1513 3503 1616 3559; x_wconf 83' lang='lat' dir='ltr'><strong>huc</strong></span> <span class='ocrx_word' id='word_1_292' title='bbox 1662 3506 1963 3562; x_wconf 82' lang='lat' dir='ltr'><strong>vindicabat</strong></span> <span class='ocrx_word' id='word_1_293' title='bbox 2008 3517 2066 3563; x_wconf 92' lang='lat' dir='ltr'><strong>ut</strong></span> 
     </span>
    </p>
   </div>
   <div class='ocr_carea' id='block_1_35' title="bbox 482 3580 2067 3665">
    <p class='ocr_par' dir='ltr' id='par_1_35' title="bbox 482 3580 2067 3665">
     <span class='ocr_line' id='line_1_35' title="bbox 482 3580 2067 3665; baseline 0.012 -30"><span class='ocrx_word' id='word_1_294' title='bbox 482 3580 767 3652; x_wconf 81' lang='lat' dir='ltr'><strong>perﬁceret</strong></span> <span class='ocrx_word' id='word_1_295' title='bbox 791 3596 1027 3659; x_wconf 60' lang='lat' dir='ltr'><strong>captum</strong></span> <span class='ocrx_word' id='word_1_296' title='bbox 1050 3632 1065 3657; x_wconf 94' lang='lat'><strong>,</strong></span> <span class='ocrx_word' id='word_1_297' title='bbox 1097 3606 1201 3646; x_wconf 92' lang='lat' dir='ltr'><strong>non</strong></span> <span class='ocrx_word' id='word_1_298' title='bbox 1232 3601 1289 3647; x_wconf 90' lang='lat' dir='ltr'><strong>ut</strong></span> <span class='ocrx_word' id='word_1_299' title='bbox 1311 3594 1592 3651; x_wconf 80' lang='lat' dir='ltr'><strong>damnaret</strong></span> <span class='ocrx_word' id='word_1_300' title='bbox 1616 3597 1843 3665; x_wconf 86' lang='lat' dir='ltr'><strong>ejectum</strong></span> <span class='ocrx_word' id='word_1_301' title='bbox 1869 3600 1909 3654; x_wconf 80' lang='grc' dir='ltr'><strong>ί.</strong></span> <span class='ocrx_word' id='word_1_302' title='bbox 1939 3599 2067 3654; x_wconf 83' lang='lat' dir='ltr'><strong>Vin-</strong></span> 
     </span>
    </p>
   </div>
   <div class='ocr_carea' id='block_1_36' title="bbox 482 3670 2062 3749">
    <p class='ocr_par' dir='ltr' id='par_1_36' title="bbox 482 3670 2062 3749">
     <span class='ocr_line' id='line_1_36' title="bbox 482 3670 2062 3749; baseline 0.009 -22"><span class='ocrx_word' id='word_1_303' title='bbox 482 3670 671 3731; x_wconf 85' lang='lat' dir='ltr'><strong>dicans</strong></span> <span class='ocrx_word' id='word_1_304' title='bbox 694 3689 826 3749; x_wconf 89' lang='lat' dir='ltr'><strong>ergo</strong></span> <span class='ocrx_word' id='word_1_305' title='bbox 851 3678 903 3734; x_wconf 90' lang='lat' dir='ltr'><strong>in</strong></span> <span class='ocrx_word' id='word_1_306' title='bbox 935 3694 1130 3738; x_wconf 83' lang='lat' dir='ltr'><strong>omnes</strong></span> <span class='ocrx_word' id='word_1_307' title='bbox 1162 3684 1470 3741; x_wconf 70' lang='lat' dir='ltr'><strong>affectiones</strong></span> <span class='ocrx_word' id='word_1_308' title='bbox 1509 3703 1694 3743; x_wconf 89' lang='lat' dir='ltr'><strong>eorum</strong></span> <span class='ocrx_word' id='word_1_309' title='bbox 1740 3699 1854 3743; x_wconf 85' lang='lat' dir='ltr'><strong>erat</strong></span> <span class='ocrx_word' id='word_1_310' title='bbox 1906 3691 2062 3745; x_wconf 88' lang='lat' dir='ltr'><strong>Deus.</strong></span> 
     </span>
    </p>
   </div>
   <div class='ocr_carea' id='block_1_37' title="bbox 396 3762 2067 3837">
    <p class='ocr_par' dir='ltr' id='par_1_37' title="bbox 396 3762 2067 3837">
     <span class='ocr_line' id='line_1_37' title="bbox 396 3762 2067 3837; baseline 0.012 -20"><span class='ocrx_word' id='word_1_311' title='bbox 396 3794 409 3805; x_wconf 59' lang='grc' dir='ltr'>κ</span> <span class='ocrx_word' id='word_1_312' title='bbox 484 3762 766 3831; x_wconf 74' lang='lat' dir='ltr'><strong>Quomodo</strong></span> <span class='ocrx_word' id='word_1_313' title='bbox 792 3770 1082 3828; x_wconf 80' lang='lat' dir='ltr'><strong>vindicavit</strong></span> <span class='ocrx_word' id='word_1_314' title='bbox 1111 3774 1161 3828; x_wconf 91' lang='lat' dir='ltr'><strong>in</strong></span> <span class='ocrx_word' id='word_1_315' title='bbox 1194 3774 1544 3833; x_wconf 87' lang='lat' dir='ltr'><strong>Samuelem?</strong></span> <span class='ocrx_word' id='word_1_316' title='bbox 1581 3778 1674 3835; x_wconf 88' lang='lat' dir='ltr'><strong>ubi</strong></span> <span class='ocrx_word' id='word_1_317' title='bbox 1713 3790 1796 3836; x_wconf 91' lang='lat' dir='ltr'><strong>est</strong></span> <span class='ocrx_word' id='word_1_318' title='bbox 1835 3781 2067 3837; x_wconf 86' lang='lat' dir='ltr'><strong>vindicta</strong></span> 
     </span>
    </p>
   </div>
   <div class='ocr_carea' id='block_1_38' title="bbox 485 3854 2071 3945">
    <p class='ocr_par' dir='ltr' id='par_1_38' title="bbox 485 3854 2071 3945">
     <span class='ocr_line' id='line_1_38' title="bbox 485 3854 2071 3945; baseline 0.014 -36"><span class='ocrx_word' id='word_1_319' title='bbox 485 3854 648 3927; x_wconf 81' lang='lat' dir='ltr'><strong>ipsa?</strong></span> <span class='ocrx_word' id='word_1_320' title='bbox 672 3856 785 3915; x_wconf 80' lang='lat' dir='ltr'><strong>Hoc</strong></span> <span class='ocrx_word' id='word_1_321' title='bbox 807 3861 929 3919; x_wconf 86' lang='lat' dir='ltr'><strong>dico</strong></span> <span class='ocrx_word' id='word_1_322' title='bbox 949 3905 964 3930; x_wconf 93' lang='lat'><strong>,</strong></span> <span class='ocrx_word' id='word_1_323' title='bbox 994 3873 1055 3920; x_wconf 92' lang='lat' dir='ltr'><strong>ut</strong></span> <span class='ocrx_word' id='word_1_324' title='bbox 1080 3869 1327 3925; x_wconf 86' lang='lat' dir='ltr'><strong>noverint</strong></span> <span class='ocrx_word' id='word_1_325' title='bbox 1350 3868 1638 3927; x_wconf 86' lang='lat' dir='ltr'><strong>Christiani</strong></span> <span class='ocrx_word' id='word_1_326' title='bbox 1664 3913 1679 3939; x_wconf 93' lang='lat'><strong>,</strong></span> <span class='ocrx_word' id='word_1_327' title='bbox 1709 3874 1796 3945; x_wconf 87' lang='lat' dir='ltr'><strong>qui</strong></span> <span class='ocrx_word' id='word_1_328' title='bbox 1832 3874 1942 3944; x_wconf 86' lang='lat' dir='ltr'><strong>jam</strong></span> <span class='ocrx_word' id='word_1_329' title='bbox 1985 3876 2071 3931; x_wconf 91' lang='lat' dir='ltr'><strong>hic</strong></span> 
     </span>
    </p>
   </div>
   <div class='ocr_carea' id='block_1_39' title="bbox 487 3954 2071 4037">
    <p class='ocr_par' dir='ltr' id='par_1_39' title="bbox 487 3954 2071 4037">
     <span class='ocr_line' id='line_1_39' title="bbox 487 3954 2071 4037; baseline 0.012 -35"><span class='ocrx_word' id='word_1_330' title='bbox 487 3960 856 4020; x_wconf 87' lang='lat' dir='ltr'><strong>cognoverunt</strong></span> <span class='ocrx_word' id='word_1_331' title='bbox 882 3954 1149 4014; x_wconf 86' lang='lat' dir='ltr'><strong>Christum</strong></span> <span class='ocrx_word' id='word_1_332' title='bbox 1172 4001 1188 4027; x_wconf 95' lang='lat'><strong>,</strong></span> <span class='ocrx_word' id='word_1_333' title='bbox 1215 3960 1282 4016; x_wconf 89' lang='lat' dir='ltr'><strong>ad</strong></span> <span class='ocrx_word' id='word_1_334' title='bbox 1303 3977 1438 4032; x_wconf 81' lang='lat' dir='ltr'><strong>quos</strong></span> <span class='ocrx_word' id='word_1_335' title='bbox 1461 3965 1607 4019; x_wconf 90' lang='lat' dir='ltr'><strong>venit</strong></span> <span class='ocrx_word' id='word_1_336' title='bbox 1636 3964 1687 4019; x_wconf 93' lang='lat' dir='ltr'><strong>in</strong></span> <span class='ocrx_word' id='word_1_337' title='bbox 1710 3966 1946 4021; x_wconf 90' lang='lat' dir='ltr'><strong>scabello</strong></span> <span class='ocrx_word' id='word_1_338' title='bbox 1974 3980 2071 4037; x_wconf 82' lang='lat' dir='ltr'><strong>pe-</strong></span> 
     </span>
    </p>
   </div>
   <div class='ocr_carea' id='block_1_40' title="bbox 487 4037 2070 4127">
    <p class='ocr_par' dir='ltr' id='par_1_40' title="bbox 487 4037 2070 4127">
     <span class='ocr_line' id='line_1_40' title="bbox 487 4037 2070 4127; baseline 0.013 -34"><span class='ocrx_word' id='word_1_339' title='bbox 487 4037 617 4095; x_wconf 81' lang='lat' dir='ltr'><strong>dum</strong></span> <span class='ocrx_word' id='word_1_340' title='bbox 644 4055 861 4099; x_wconf 86' lang='lat' dir='ltr'><strong>suorum</strong></span> <span class='ocrx_word' id='word_1_341' title='bbox 887 4088 902 4112; x_wconf 91' lang='lat'><strong>,</strong></span> <span class='ocrx_word' id='word_1_342' title='bbox 925 4062 1058 4117; x_wconf 88' lang='lat' dir='ltr'><strong>quos</strong></span> <span class='ocrx_word' id='word_1_343' title='bbox 1090 4050 1158 4104; x_wconf 92' lang='lat' dir='ltr'><strong>ita</strong></span> <span class='ocrx_word' id='word_1_344' title='bbox 1186 4050 1408 4119; x_wconf 82' lang='lat' dir='ltr'><strong>dilexit,</strong></span> <span class='ocrx_word' id='word_1_345' title='bbox 1432 4067 1530 4124; x_wconf 90' lang='lat' dir='ltr'><strong>pro</strong></span> <span class='ocrx_word' id='word_1_346' title='bbox 1549 4056 1740 4126; x_wconf 90' lang='lat' dir='ltr'><strong>quibus</strong></span> <span class='ocrx_word' id='word_1_347' title='bbox 1762 4058 2070 4127; x_wconf 83' lang='lat' dir='ltr'><strong>sanguinem</strong></span> 
     </span>
    </p>
   </div>
   <div class='ocr_carea' id='block_1_41' title="bbox 491 4129 2071 4214">
    <p class='ocr_par' dir='ltr' id='par_1_41' title="bbox 491 4129 2071 4214">
     <span class='ocr_line' id='line_1_41' title="bbox 491 4129 2071 4214; baseline 0.013 -30"><span class='ocrx_word' id='word_1_348' title='bbox 491 4129 662 4200; x_wconf 87' lang='lat' dir='ltr'><strong>fudit;</strong></span> <span class='ocrx_word' id='word_1_349' title='bbox 704 4138 947 4193; x_wconf 83' lang='lat' dir='ltr'><strong>noverint</strong></span> <span class='ocrx_word' id='word_1_350' title='bbox 999 4141 1267 4210; x_wconf 84' lang='lat' dir='ltr'><strong>quomodo</strong></span> <span class='ocrx_word' id='word_1_351' title='bbox 1320 4144 1609 4214; x_wconf 90' lang='lat' dir='ltr'><strong>vapulent,</strong></span> <span class='ocrx_word' id='word_1_352' title='bbox 1668 4162 1789 4203; x_wconf 88' lang='lat' dir='ltr'><strong>cum</strong></span> <span class='ocrx_word' id='word_1_353' title='bbox 1847 4149 2071 4204; x_wconf 89' lang='lat' dir='ltr'><strong>multum</strong></span> 
     </span>
    </p>
   </div>
   <div class='ocr_carea' id='block_1_42' title="bbox 489 4222 2075 4310">
    <p class='ocr_par' dir='ltr' id='par_1_42' title="bbox 489 4222 2075 4310">
     <span class='ocr_line' id='line_1_42' title="bbox 489 4222 2075 4310; baseline 0.012 -33"><span class='ocrx_word' id='word_1_354' title='bbox 489 4222 833 4291; x_wconf 86' lang='lat' dir='ltr'><strong>profecerim.</strong></span> <span class='ocrx_word' id='word_1_355' title='bbox 883 4228 1183 4297; x_wconf 69' lang='lat' dir='ltr'><strong>Quaerimus</strong></span> <span class='ocrx_word' id='word_1_356' title='bbox 1220 4233 1503 4289; x_wconf 82' lang='lat' dir='ltr'><strong>vindictam</strong></span> <span class='ocrx_word' id='word_1_357' title='bbox 1544 4238 1597 4291; x_wconf 91' lang='lat' dir='ltr'><strong>in</strong></span> <span class='ocrx_word' id='word_1_358' title='bbox 1634 4237 1853 4310; x_wconf 76' lang='lat' dir='ltr'><strong>Moyse;</strong></span> <span class='ocrx_word' id='word_1_359' title='bbox 1907 4255 2075 4310; x_wconf 88' lang='lat' dir='ltr'><strong>prope</strong></span> 
     </span>
    </p>
   </div>
   <div class='ocr_carea' id='block_1_43' title="bbox 490 4315 2071 4394">
    <p class='ocr_par' dir='ltr' id='par_1_43' title="bbox 490 4315 2071 4394">
     <span class='ocr_line' id='line_1_43' title="bbox 490 4315 2071 4394; baseline 0.01 -25"><span class='ocrx_word' id='word_1_360' title='bbox 490 4315 691 4370; x_wconf 86' lang='lat' dir='ltr'><strong>nullam</strong></span> <span class='ocrx_word' id='word_1_361' title='bbox 720 4317 883 4373; x_wconf 83' lang='lat' dir='ltr'><strong>habet</strong></span> <span class='ocrx_word' id='word_1_362' title='bbox 901 4356 917 4383; x_wconf 86' lang='lat'><strong>,</strong></span> <span class='ocrx_word' id='word_1_363' title='bbox 958 4322 1059 4376; x_wconf 83' lang='lat' dir='ltr'><strong>nisi</strong></span> <span class='ocrx_word' id='word_1_364' title='bbox 1087 4323 1229 4394; x_wconf 90' lang='lat' dir='ltr'><strong>quod</strong></span> <span class='ocrx_word' id='word_1_365' title='bbox 1258 4325 1325 4379; x_wconf 90' lang='lat' dir='ltr'><strong>ad</strong></span> <span class='ocrx_word' id='word_1_366' title='bbox 1354 4336 1651 4383; x_wconf 87' lang='lat' dir='ltr'><strong>extremum</strong></span> <span class='ocrx_word' id='word_1_367' title='bbox 1682 4332 1756 4384; x_wconf 90' lang='lat' dir='ltr'><strong>ait</strong></span> <span class='ocrx_word' id='word_1_368' title='bbox 1782 4330 1858 4385; x_wconf 92' lang='lat' dir='ltr'><strong>illi</strong></span> <span class='ocrx_word' id='word_1_369' title='bbox 1891 4332 2029 4387; x_wconf 89' lang='lat' dir='ltr'><strong>Deus</strong></span> <span class='ocrx_word' id='word_1_370' title='bbox 2058 4349 2071 4386; x_wconf 92' lang='lat'><strong>:</strong></span> 
     </span>
    </p>
   </div>
   <div class='ocr_carea' id='block_1_44' title="bbox 490 4402 2079 4484">
    <p class='ocr_par' dir='ltr' id='par_1_44' title="bbox 490 4402 2079 4484">
     <span class='ocr_line' id='line_1_44' title="bbox 490 4402 2079 4484; baseline 0.012 -28"><span class='ocrx_word' id='word_1_371' title='bbox 490 4402 722 4459; x_wconf 74' lang='lat' dir='ltr'><strong>Aaccnde</strong></span> <span class='ocrx_word' id='word_1_372' title='bbox 749 4408 803 4461; x_wconf 85' lang='lat' dir='ltr'><strong>in</strong></span> <span class='ocrx_word' id='word_1_373' title='bbox 841 4418 1097 4478; x_wconf 84' lang='lat' dir='ltr'><strong>montem,</strong></span> <span class='ocrx_word' id='word_1_374' title='bbox 1144 4420 1191 4467; x_wconf 81' lang='lat' dir='ltr'><strong>et</strong></span> <span class='ocrx_word' id='word_1_375' title='bbox 1233 4429 1442 4469; x_wconf 80' lang='lat' dir='ltr'><strong>morere.</strong></span> <span class='ocrx_word' id='word_1_376' title='bbox 1490 4416 1581 4472; x_wconf 89' lang='lat' dir='ltr'><strong>Ait</strong></span> <span class='ocrx_word' id='word_1_377' title='bbox 1627 4420 1780 4484; x_wconf 85' lang='lat' dir='ltr'><strong>seni,</strong></span> <span class='ocrx_word' id='word_1_378' title='bbox 1836 4418 2079 4477; x_wconf 69' lang='lat' dir='ltr'><strong>Morere:</strong></span> 
     </span>
    </p>
   </div>
   <div class='ocr_carea' id='block_1_45' title="bbox 489 4492 2079 4582">
    <p class='ocr_par' dir='ltr' id='par_1_45' title="bbox 489 4492 2079 4582">
     <span class='ocr_line' id='line_1_45' title="bbox 489 4492 2079 4582; baseline 0.012 -34"><span class='ocrx_word' id='word_1_379' title='bbox 489 4492 602 4564; x_wconf 79' lang='lat' dir='ltr'><strong>jam</strong></span> <span class='ocrx_word' id='word_1_380' title='bbox 630 4508 905 4567; x_wconf 75' lang='lat' dir='ltr'><strong>peregerat</strong></span> <span class='ocrx_word' id='word_1_381' title='bbox 932 4508 1113 4557; x_wconf 71' lang='lat' dir='ltr'><strong>artates</strong></span> <span class='ocrx_word' id='word_1_382' title='bbox 1141 4514 1265 4559; x_wconf 86' lang='lat' dir='ltr'><strong>suas</strong></span> <span class='ocrx_word' id='word_1_383' title='bbox 1302 4522 1315 4558; x_wconf 90' lang='lat'><strong>:</strong></span> <span class='ocrx_word' id='word_1_384' title='bbox 1368 4506 1623 4577; x_wconf 91' lang='lat' dir='ltr'><strong>numquid</strong></span> <span class='ocrx_word' id='word_1_385' title='bbox 1659 4526 1928 4582; x_wconf 85' lang='lat' dir='ltr'><strong>nunquam</strong></span> <span class='ocrx_word' id='word_1_386' title='bbox 1963 4519 2079 4568; x_wconf 90' lang='lat' dir='ltr'><strong>erat</strong></span> 
     </span>
    </p>
   </div>
   <div class='ocr_carea' id='block_1_46' title="bbox 494 4587 2079 4659">
    <p class='ocr_par' dir='ltr' id='par_1_46' title="bbox 494 4587 2079 4659">
     <span class='ocr_line' id='line_1_46' title="bbox 494 4587 2079 4659; baseline 0.013 -20"><span class='ocrx_word' id='word_1_387' title='bbox 494 4587 830 4644; x_wconf 85' lang='lat' dir='ltr'><strong>moriturus?</strong></span> <span class='ocrx_word' id='word_1_388' title='bbox 857 4590 1041 4659; x_wconf 83' lang='lat' dir='ltr'><strong>Qualis</strong></span> <span class='ocrx_word' id='word_1_389' title='bbox 1069 4594 1159 4649; x_wconf 85' lang='lat' dir='ltr'><strong>illa</strong></span> <span class='ocrx_word' id='word_1_390' title='bbox 1196 4595 1470 4653; x_wconf 80' lang='lat' dir='ltr'><strong>vindicta?</strong></span> <span class='ocrx_word' id='word_1_391' title='bbox 1506 4598 1751 4657; x_wconf 88' lang='lat' dir='ltr'><strong>Ostendit</strong></span> <span class='ocrx_word' id='word_1_392' title='bbox 1792 4602 1863 4658; x_wconf 91' lang='lat' dir='ltr'><strong>ibi</strong></span> <span class='ocrx_word' id='word_1_393' title='bbox 1909 4605 2079 4659; x_wconf 91' lang='lat' dir='ltr'><strong>vindi-</strong></span> 
     </span>
    </p>
   </div>
   <div class='ocr_carea' id='block_1_47' title="bbox 495 4681 2077 4765">
    <p class='ocr_par' dir='ltr' id='par_1_47' title="bbox 495 4681 2077 4765">
     <span class='ocr_line' id='line_1_47' title="bbox 495 4681 2077 4765; baseline 0.011 -34"><span class='ocrx_word' id='word_1_394' title='bbox 495 4685 635 4733; x_wconf 85' lang='lat' dir='ltr'><strong>ctam</strong></span> <span class='ocrx_word' id='word_1_395' title='bbox 664 4691 814 4735; x_wconf 84' lang='lat' dir='ltr'><strong>suam</strong></span> <span class='ocrx_word' id='word_1_396' title='bbox 839 4720 855 4748; x_wconf 92' lang='lat'><strong>,</strong></span> <span class='ocrx_word' id='word_1_397' title='bbox 888 4690 945 4737; x_wconf 91' lang='lat' dir='ltr'><strong>ut</strong></span> <span class='ocrx_word' id='word_1_398' title='bbox 972 4681 1207 4753; x_wconf 89' lang='lat' dir='ltr'><strong>diceret,</strong></span> <span class='ocrx_word' id='word_1_399' title='bbox 1243 4685 1364 4742; x_wconf 81' lang='lat' dir='ltr'><strong>Non</strong></span> <span class='ocrx_word' id='word_1_400' title='bbox 1394 4690 1603 4745; x_wconf 74' lang='lat' dir='ltr'><strong>intrabis</strong></span> <span class='ocrx_word' id='word_1_401' title='bbox 1642 4691 1695 4747; x_wconf 85' lang='lat' dir='ltr'><strong>in</strong></span> <span class='ocrx_word' id='word_1_402' title='bbox 1743 4701 1927 4747; x_wconf 83' lang='lat' dir='ltr'><strong>terram</strong></span> <span class='ocrx_word' id='word_1_403' title='bbox 1955 4711 2077 4765; x_wconf 83' lang='lat' dir='ltr'><strong>pro-</strong></span> 
     </span>
    </p>
   </div>
   <div class='ocr_carea' id='block_1_48' title="bbox 498 4770 2082 4855">
    <p class='ocr_par' dir='ltr' id='par_1_48' title="bbox 498 4770 2082 4855">
     <span class='ocr_line' id='line_1_48' title="bbox 498 4770 2082 4855; baseline 0.013 -31"><span class='ocrx_word' id='word_1_404' title='bbox 498 4770 751 4827; x_wconf 74' lang='lat' dir='ltr'><strong>missionis</strong></span> <span class='ocrx_word' id='word_1_405' title='bbox 778 4776 796 4842; x_wconf 93' lang='lat'><strong>(</strong></span> <span class='ocrx_word' id='word_1_406' title='bbox 820 4773 975 4831; x_wconf 83' lang='lat' dir='ltr'><strong>Deut.</strong></span> <span class='ocrx_word' id='word_1_407' title='bbox 1003 4792 1148 4834; x_wconf 81' lang='lat' dir='ltr'><strong>xxm</strong></span> <span class='ocrx_word' id='word_1_408' title='bbox 1172 4822 1187 4845; x_wconf 97' lang='lat'><strong>,</strong></span> <span class='ocrx_word' id='word_1_409' title='bbox 1212 4781 1298 4848; x_wconf 69' lang='lat'><strong>49,</strong></span> <span class='ocrx_word' id='word_1_410' title='bbox 1330 4781 1400 4839; x_wconf 71' lang='lat'><strong>52</strong></span> <span class='ocrx_word' id='word_1_411' title='bbox 1428 4784 1468 4854; x_wconf 93' lang='lat'><strong>),</strong></span> <span class='ocrx_word' id='word_1_412' title='bbox 1494 4800 1602 4855; x_wconf 89' lang='lat' dir='ltr'><strong>quo</strong></span> <span class='ocrx_word' id='word_1_413' title='bbox 1638 4786 1927 4843; x_wconf 89' lang='lat' dir='ltr'><strong>intraturus</strong></span> <span class='ocrx_word' id='word_1_414' title='bbox 1964 4798 2082 4844; x_wconf 86' lang='lat' dir='ltr'><strong>erat</strong></span> 
     </span>
    </p>
   </div>
   <div class='ocr_carea' id='block_1_49' title="bbox 498 4863 2081 4949">
    <p class='ocr_par' dir='ltr' id='par_1_49' title="bbox 498 4863 2081 4949">
     <span class='ocr_line' id='line_1_49' title="bbox 498 4863 2081 4949; baseline 0.013 -32"><span class='ocrx_word' id='word_1_415' title='bbox 498 4863 779 4935; x_wconf 62' lang='lat' dir='ltr'><strong>poples?</strong></span> <span class='ocrx_word' id='word_1_416' title='bbox 836 4867 1128 4937; x_wconf 90' lang='lat' dir='ltr'><strong>Quamdam</strong></span> <span class='ocrx_word' id='word_1_417' title='bbox 1186 4873 1409 4946; x_wconf 85' lang='lat' dir='ltr'><strong>figuram</strong></span> <span class='ocrx_word' id='word_1_418' title='bbox 1461 4877 1810 4948; x_wconf 85' lang='lat' dir='ltr'><strong>quorumdam</strong></span> <span class='ocrx_word' id='word_1_419' title='bbox 1862 4879 2081 4949; x_wconf 81' lang='lat' dir='ltr'><strong>gerebat</strong></span> 
     </span>
    </p>
   </div>
   <div class='ocr_carea' id='block_1_50' title="bbox 497 4955 2081 5042">
    <p class='ocr_par' dir='ltr' id='par_1_50' title="bbox 497 4955 2081 5042">
     <span class='ocr_line' id='line_1_50' title="bbox 497 4955 2081 5042; baseline 0.01 -28"><span class='ocrx_word' id='word_1_420' title='bbox 497 4955 726 5032; x_wconf 70' lang='lat' dir='ltr'><strong>Moyses.</strong></span> <span class='ocrx_word' id='word_1_421' title='bbox 757 4963 887 5021; x_wconf 90' lang='lat' dir='ltr'><strong>Nam</strong></span> <span class='ocrx_word' id='word_1_422' title='bbox 918 4968 1007 5039; x_wconf 86' lang='lat' dir='ltr'><strong>qui</strong></span> <span class='ocrx_word' id='word_1_423' title='bbox 1035 4968 1085 5024; x_wconf 92' lang='lat' dir='ltr'><strong>in</strong></span> <span class='ocrx_word' id='word_1_424' title='bbox 1114 4985 1335 5042; x_wconf 79' lang='lat' dir='ltr'><strong>regnum</strong></span> <span class='ocrx_word' id='word_1_425' title='bbox 1364 4972 1621 5030; x_wconf 76' lang='lat' dir='ltr'><strong>caelorum</strong></span> <span class='ocrx_word' id='word_1_426' title='bbox 1662 4974 1915 5041; x_wconf 88' lang='lat' dir='ltr'><strong>intravit,</strong></span> <span class='ocrx_word' id='word_1_427' title='bbox 1964 4992 2081 5030; x_wconf 75' lang='lat' dir='ltr'><strong>ma-</strong></span> 
     </span>
    </p>
   </div>
   <div class='ocr_carea' id='block_1_51' title="bbox 495 5054 2083 5136">
    <p class='ocr_par' dir='ltr' id='par_1_51' title="bbox 495 5054 2083 5136">
     <span class='ocr_line' id='line_1_51' title="bbox 495 5054 2083 5136; baseline 0.009 -29"><span class='ocrx_word' id='word_1_428' title='bbox 495 5067 599 5123; x_wconf 82' lang='lat' dir='ltr'><strong>gna</strong></span> <span class='ocrx_word' id='word_1_429' title='bbox 629 5054 703 5109; x_wconf 92' lang='lat' dir='ltr'><strong>illi</strong></span> <span class='ocrx_word' id='word_1_430' title='bbox 730 5054 884 5126; x_wconf 70' lang='lat' dir='ltr'><strong>pinna</strong></span> <span class='ocrx_word' id='word_1_431' title='bbox 913 5069 1029 5115; x_wconf 90' lang='lat' dir='ltr'><strong>erat</strong></span> <span class='ocrx_word' id='word_1_432' title='bbox 1053 5060 1118 5116; x_wconf 90' lang='lat' dir='ltr'><strong>ad</strong></span> <span class='ocrx_word' id='word_1_433' title='bbox 1148 5071 1342 5117; x_wconf 91' lang='lat' dir='ltr'><strong>terram</strong></span> <span class='ocrx_word' id='word_1_434' title='bbox 1378 5063 1524 5119; x_wconf 90' lang='lat' dir='ltr'><strong>illam</strong></span> <span class='ocrx_word' id='word_1_435' title='bbox 1565 5079 1670 5120; x_wconf 90' lang='lat' dir='ltr'><strong>non</strong></span> <span class='ocrx_word' id='word_1_436' title='bbox 1718 5066 1899 5120; x_wconf 89' lang='lat' dir='ltr'><strong>venire</strong></span> <span class='ocrx_word' id='word_1_437' title='bbox 1921 5106 1938 5133; x_wconf 96' lang='lat'><strong>,</strong></span> <span class='ocrx_word' id='word_1_438' title='bbox 1962 5080 2083 5136; x_wconf 71' lang='lat' dir='ltr'><strong>quae</strong></span> 
     </span>
    </p>
   </div>
   <div class='ocr_carea' id='block_1_52' title="bbox 497 5141 2085 5220">
    <p class='ocr_par' dir='ltr' id='par_1_52' title="bbox 497 5141 2085 5220">
     <span class='ocr_line' id='line_1_52' title="bbox 497 5141 2085 5220; baseline 0.011 -25"><span class='ocrx_word' id='word_1_439' title='bbox 497 5141 566 5197; x_wconf 90' lang='lat' dir='ltr'><strong>ad</strong></span> <span class='ocrx_word' id='word_1_440' title='bbox 595 5151 808 5216; x_wconf 85' lang='lat' dir='ltr'><strong>tempus</strong></span> <span class='ocrx_word' id='word_1_441' title='bbox 832 5158 948 5203; x_wconf 90' lang='lat' dir='ltr'><strong>erat</strong></span> <span class='ocrx_word' id='word_1_442' title='bbox 974 5151 1235 5220; x_wconf 89' lang='lat' dir='ltr'><strong>promissa</strong></span> <span class='ocrx_word' id='word_1_443' title='bbox 1259 5194 1275 5218; x_wconf 92' lang='lat'><strong>,</strong></span> <span class='ocrx_word' id='word_1_444' title='bbox 1307 5161 1367 5208; x_wconf 92' lang='lat' dir='ltr'><strong>ut</strong></span> <span class='ocrx_word' id='word_1_445' title='bbox 1391 5155 1634 5210; x_wconf 88' lang='lat' dir='ltr'><strong>umbram</strong></span> <span class='ocrx_word' id='word_1_446' title='bbox 1680 5155 1989 5213; x_wconf 83' lang='lat' dir='ltr'><strong>ostenderet</strong></span> <span class='ocrx_word' id='word_1_447' title='bbox 2028 5164 2085 5212; x_wconf 92' lang='lat' dir='ltr'><strong>et</strong></span> 
     </span>
    </p>
   </div>
   <div class='ocr_carea' id='block_1_53' title="bbox 503 5235 2082 5312">
    <p class='ocr_par' dir='ltr' id='par_1_53' title="bbox 503 5235 2082 5312">
     <span class='ocr_line' id='line_1_53' title="bbox 503 5235 2082 5312; baseline 0.011 -28"><span class='ocrx_word' id='word_1_448' title='bbox 503 5235 751 5290; x_wconf 84' lang='lat' dir='ltr'><strong>transiret</strong></span> <span class='ocrx_word' id='word_1_449' title='bbox 770 5238 795 5291; x_wconf 68' lang='grc' dir='ltr'>Υ</span> <span class='ocrx_word' id='word_1_450' title='bbox 817 5236 1005 5293; x_wconf 87' lang='lat' dir='ltr'><strong>Nonne</strong></span> <span class='ocrx_word' id='word_1_451' title='bbox 1036 5241 1189 5296; x_wconf 90' lang='lat' dir='ltr'><strong>multi</strong></span> <span class='ocrx_word' id='word_1_452' title='bbox 1217 5243 1404 5312; x_wconf 88' lang='lat' dir='ltr'><strong>perfidi</strong></span> <span class='ocrx_word' id='word_1_453' title='bbox 1431 5247 1695 5301; x_wconf 88' lang='lat' dir='ltr'><strong>intrarunt</strong></span> <span class='ocrx_word' id='word_1_454' title='bbox 1723 5247 1774 5301; x_wconf 92' lang='lat' dir='ltr'><strong>in</strong></span> <span class='ocrx_word' id='word_1_455' title='bbox 1799 5247 1941 5302; x_wconf 85' lang='lat' dir='ltr'><strong>illam</strong></span> <span class='ocrx_word' id='word_1_456' title='bbox 1972 5256 2082 5302; x_wconf 85' lang='lat' dir='ltr'><strong>ter-</strong></span> 
     </span>
    </p>
   </div>
   <div class='ocr_carea' id='block_1_54' title="bbox 499 5328 2085 5395">
    <p class='ocr_par' dir='ltr' id='par_1_54' title="bbox 499 5328 2085 5395">
     <span class='ocr_line' id='line_1_54' title="bbox 499 5328 2085 5395; baseline 0.011 -16"><span class='ocrx_word' id='word_1_457' title='bbox 499 5340 613 5381; x_wconf 88' lang='lat' dir='ltr'><strong>ram</strong></span> <span class='ocrx_word' id='word_1_458' title='bbox 637 5328 663 5383; x_wconf 71' lang='lat'><strong>7</strong></span> <span class='ocrx_word' id='word_1_459' title='bbox 690 5343 870 5386; x_wconf 89' lang='lat' dir='ltr'><strong>nonne</strong></span> <span class='ocrx_word' id='word_1_460' title='bbox 896 5331 947 5386; x_wconf 91' lang='lat' dir='ltr'><strong>in</strong></span> <span class='ocrx_word' id='word_1_461' title='bbox 972 5332 1058 5387; x_wconf 85' lang='lat' dir='ltr'><strong>illa</strong></span> <span class='ocrx_word' id='word_1_462' title='bbox 1087 5342 1226 5389; x_wconf 86' lang='lat' dir='ltr'><strong>terra</strong></span> <span class='ocrx_word' id='word_1_463' title='bbox 1259 5336 1500 5392; x_wconf 87' lang='lat' dir='ltr'><strong>viventes</strong></span> <span class='ocrx_word' id='word_1_464' title='bbox 1545 5338 1710 5393; x_wconf 90' lang='lat' dir='ltr'><strong>multa</strong></span> <span class='ocrx_word' id='word_1_465' title='bbox 1758 5341 1895 5395; x_wconf 88' lang='lat' dir='ltr'><strong>mala</strong></span> <span class='ocrx_word' id='word_1_466' title='bbox 1942 5339 2085 5395; x_wconf 86' lang='lat' dir='ltr'><strong>fece-</strong></span> 
     </span>
    </p>
   </div>
   <div class='ocr_carea' id='block_1_55' title="bbox 504 5426 2081 5490">
    <p class='ocr_par' dir='ltr' id='par_1_55' title="bbox 504 5426 2081 5490">
     <span class='ocr_line' id='line_1_55' title="bbox 504 5426 2081 5490; baseline 0.009 -18"><span class='ocrx_word' id='word_1_467' title='bbox 504 5429 627 5475; x_wconf 89' lang='lat' dir='ltr'><strong>runt</strong></span> <span class='ocrx_word' id='word_1_468' title='bbox 654 5465 669 5490; x_wconf 88' lang='lat'><strong>,</strong></span> <span class='ocrx_word' id='word_1_469' title='bbox 697 5433 752 5479; x_wconf 88' lang='lat' dir='ltr'><strong>et</strong></span> <span class='ocrx_word' id='word_1_470' title='bbox 799 5426 961 5481; x_wconf 90' lang='lat' dir='ltr'><strong>Deum</strong></span> <span class='ocrx_word' id='word_1_471' title='bbox 998 5426 1376 5486; x_wconf 77' lang='lat' dir='ltr'><strong>offenderunt?</strong></span> <span class='ocrx_word' id='word_1_472' title='bbox 1416 5447 1593 5487; x_wconf 88' lang='lat' dir='ltr'><strong>nonne</strong></span> <span class='ocrx_word' id='word_1_473' title='bbox 1638 5441 1692 5486; x_wconf 84' lang='lat' dir='ltr'><strong>et</strong></span> <span class='ocrx_word' id='word_1_474' title='bbox 1730 5433 2081 5487; x_wconf 70' lang='lat' dir='ltr'><strong>itlolnlatriam</strong></span> 
     </span>
    </p>
   </div>
   <div class='ocr_carea' id='block_1_56' title="bbox 502 5515 2087 5592">
    <p class='ocr_par' dir='ltr' id='par_1_56' title="bbox 502 5515 2087 5592">
     <span class='ocr_line' id='line_1_56' title="bbox 502 5515 2087 5592; baseline 0.009 -29"><span class='ocrx_word' id='word_1_475' title='bbox 502 5515 668 5567; x_wconf 88' lang='lat' dir='ltr'><strong>secuti</strong></span> <span class='ocrx_word' id='word_1_476' title='bbox 696 5525 820 5571; x_wconf 89' lang='lat' dir='ltr'><strong>sunt</strong></span> <span class='ocrx_word' id='word_1_477' title='bbox 850 5519 899 5573; x_wconf 92' lang='lat' dir='ltr'><strong>in</strong></span> <span class='ocrx_word' id='word_1_478' title='bbox 930 5519 1040 5589; x_wconf 90' lang='lat' dir='ltr'><strong>ipsa</strong></span> <span class='ocrx_word' id='word_1_479' title='bbox 1070 5521 1256 5576; x_wconf 86' lang='lat' dir='ltr'><strong>terra?</strong></span> <span class='ocrx_word' id='word_1_480' title='bbox 1280 5519 1522 5592; x_wconf 80' lang='lat' dir='ltr'><strong>Magnum</strong></span> <span class='ocrx_word' id='word_1_481' title='bbox 1565 5535 1678 5577; x_wconf 86' lang='lat' dir='ltr'><strong>erat</strong></span> <span class='ocrx_word' id='word_1_482' title='bbox 1725 5540 1826 5576; x_wconf 88' lang='lat' dir='ltr'><strong>non</strong></span> <span class='ocrx_word' id='word_1_483' title='bbox 1871 5522 2087 5577; x_wconf 76' lang='lat' dir='ltr'><strong>dedisse</strong></span> 
     </span>
    </p>
   </div>
   <div class='ocr_carea' id='block_1_57' title="bbox 503 5604 2086 5685">
    <p class='ocr_par' dir='ltr' id='par_1_57' title="bbox 503 5604 2086 5685">
     <span class='ocr_line' id='line_1_57' title="bbox 503 5604 2086 5685; baseline 0.004 -26"><span class='ocrx_word' id='word_1_484' title='bbox 503 5608 701 5657; x_wconf 72' lang='lat' dir='ltr'><strong>terram</strong></span> <span class='ocrx_word' id='word_1_485' title='bbox 727 5604 882 5661; x_wconf 79' lang='lat' dir='ltr'><strong>istam</strong></span> <span class='ocrx_word' id='word_1_486' title='bbox 910 5609 1117 5682; x_wconf 80' lang='lat' dir='ltr'><strong>Moysi?</strong></span> <span class='ocrx_word' id='word_1_487' title='bbox 1146 5610 1253 5668; x_wconf 90' lang='lat' dir='ltr'><strong>Sed</strong></span> <span class='ocrx_word' id='word_1_488' title='bbox 1285 5611 1502 5685; x_wconf 81' lang='lat' dir='ltr'><strong>Moysen</strong></span> <span class='ocrx_word' id='word_1_489' title='bbox 1528 5613 1689 5667; x_wconf 88' lang='lat' dir='ltr'><strong>voluit</strong></span> <span class='ocrx_word' id='word_1_490' title='bbox 1715 5623 1928 5683; x_wconf 84' lang='lat' dir='ltr'><strong>gestare</strong></span> <span class='ocrx_word' id='word_1_491' title='bbox 1955 5614 2086 5682; x_wconf 77' lang='lat' dir='ltr'><strong>figu-</strong></span> 
     </span>
    </p>
   </div>
   <div class='ocr_carea' id='block_1_58' title="bbox 501 5700 2084 5774">
    <p class='ocr_par' dir='ltr' id='par_1_58' title="bbox 501 5700 2084 5774">
     <span class='ocr_line' id='line_1_58' title="bbox 501 5700 2084 5774; baseline 0.008 -30"><span class='ocrx_word' id='word_1_492' title='bbox 501 5704 618 5759; x_wconf 68' lang='lat' dir='ltr'><strong>ram</strong></span> <span class='ocrx_word' id='word_1_493' title='bbox 646 5706 829 5749; x_wconf 90' lang='lat' dir='ltr'><strong>eorum</strong></span> <span class='ocrx_word' id='word_1_494' title='bbox 857 5700 944 5768; x_wconf 91' lang='lat' dir='ltr'><strong>qui</strong></span> <span class='ocrx_word' id='word_1_495' title='bbox 989 5703 1089 5757; x_wconf 88' lang='lat' dir='ltr'><strong>sub</strong></span> <span class='ocrx_word' id='word_1_496' title='bbox 1125 5703 1268 5774; x_wconf 89' lang='lat' dir='ltr'><strong>Lege</strong></span> <span class='ocrx_word' id='word_1_497' title='bbox 1310 5712 1463 5759; x_wconf 88' lang='lat' dir='ltr'><strong>erant</strong></span> <span class='ocrx_word' id='word_1_498' title='bbox 1493 5745 1509 5769; x_wconf 90' lang='lat'><strong>,</strong></span> <span class='ocrx_word' id='word_1_499' title='bbox 1557 5704 1680 5774; x_wconf 90' lang='lat' dir='ltr'><strong>quia</strong></span> <span class='ocrx_word' id='word_1_500' title='bbox 1731 5718 1827 5774; x_wconf 91' lang='lat' dir='ltr'><strong>per</strong></span> <span class='ocrx_word' id='word_1_501' title='bbox 1870 5702 2084 5774; x_wconf 84' lang='lat' dir='ltr'><strong>Moysen</strong></span> 
     </span>
    </p>
   </div>
   <div class='ocr_carea' id='block_1_59' title="bbox 502 5781 2088 5865">
    <p class='ocr_par' dir='ltr' id='par_1_59' title="bbox 502 5781 2088 5865">
     <span class='ocr_line' id='line_1_59' title="bbox 502 5781 2088 5865; baseline 0.006 -28"><span class='ocrx_word' id='word_1_502' title='bbox 502 5781 624 5838; x_wconf 87' lang='lat' dir='ltr'><strong>data</strong></span> <span class='ocrx_word' id='word_1_503' title='bbox 651 5792 734 5838; x_wconf 87' lang='lat' dir='ltr'><strong>est</strong></span> <span class='ocrx_word' id='word_1_504' title='bbox 763 5785 911 5843; x_wconf 85' lang='lat' dir='ltr'><strong>Lex:</strong></span> <span class='ocrx_word' id='word_1_505' title='bbox 941 5801 993 5847; x_wconf 87' lang='lat' dir='ltr'><strong>et</strong></span> <span class='ocrx_word' id='word_1_506' title='bbox 1021 5795 1252 5849; x_wconf 86' lang='lat' dir='ltr'><strong>ostendit</strong></span> <span class='ocrx_word' id='word_1_507' title='bbox 1287 5810 1378 5850; x_wconf 91' lang='lat' dir='ltr'><strong>eos</strong></span> <span class='ocrx_word' id='word_1_508' title='bbox 1408 5795 1495 5865; x_wconf 90' lang='lat' dir='ltr'><strong>qui</strong></span> <span class='ocrx_word' id='word_1_509' title='bbox 1526 5795 1624 5849; x_wconf 91' lang='lat' dir='ltr'><strong>sub</strong></span> <span class='ocrx_word' id='word_1_510' title='bbox 1652 5794 1789 5864; x_wconf 79' lang='lat' dir='ltr'><strong>Lege</strong></span> <span class='ocrx_word' id='word_1_511' title='bbox 1821 5807 1941 5849; x_wconf 89' lang='lat' dir='ltr'><strong>esse</strong></span> <span class='ocrx_word' id='word_1_512' title='bbox 1978 5793 2088 5848; x_wconf 87' lang='lat' dir='ltr'><strong>vel-</strong></span> 
     </span>
    </p>
   </div>
   <div class='ocr_carea' id='block_1_60' title="bbox 558 5899 1098 5959">
    <p class='ocr_par' dir='ltr' id='par_1_60' title="bbox 558 5899 1098 5959">
     <span class='ocr_line' id='line_1_60' title="bbox 558 5899 1098 5959; baseline 0.033 -19"><span class='ocrx_word' id='word_1_513' title='bbox 558 5899 573 5926; x_wconf 82' lang='grc'>¹</span> <span class='ocrx_word' id='word_1_514' title='bbox 602 5899 718 5955; x_wconf 63' lang='lat' dir='ltr'><strong>ﬁes.</strong></span> <span class='ocrx_word' id='word_1_515' title='bbox 747 5903 851 5959; x_wconf 74' lang='lat' dir='ltr'><strong>Ms,</strong></span> <span class='ocrx_word' id='word_1_516' title='bbox 893 5912 1098 5959; x_wconf 63' lang='lat' dir='ltr'><strong>sle&#39;tmn.</strong></span> 
     </span>
    </p>
   </div>
   <div class='ocr_carea' id='block_1_61' title="bbox 1680 448 2486 511">
    <p class='ocr_par' dir='ltr' id='par_1_61' title="bbox 1680 448 2486 511">
     <span class='ocr_line' id='line_1_61' title="bbox 1680 448 2486 511; baseline 0.001 -3"><span class='ocrx_word' id='word_1_517' title='bbox 1680 451 1738 508; x_wconf 85' lang='lat' dir='ltr'><strong>S.</strong></span> <span class='ocrx_word' id='word_1_518' title='bbox 1781 448 2148 509; x_wconf 77' lang='lat' dir='ltr'><strong>AUGUSTINI</strong></span> <span class='ocrx_word' id='word_1_519' title='bbox 2186 451 2486 511; x_wconf 79' lang='lat' dir='ltr'><strong>EPISCOPI</strong></span> 
     </span>
    </p>
   </div>
   <div class='ocr_carea' id='block_1_62' title="bbox 3578 458 3716 516">
    <p class='ocr_par' dir='ltr' id='par_1_62' title="bbox 3578 458 3716 516">
     <span class='ocr_line' id='line_1_62' title="bbox 3578 458 3716 516; baseline -0.007 0"><span class='ocrx_word' id='word_1_520' title='bbox 3578 458 3716 516; x_wconf 72' lang='grc'><strong>1268</strong></span> 
     </span>
    </p>
   </div>
   <div class='ocr_carea' id='block_1_63' title="bbox 2139 566 3716 640">
    <p class='ocr_par' dir='ltr' id='par_1_63' title="bbox 2139 566 3716 640">
     <span class='ocr_line' id='line_1_63' title="bbox 2139 566 3716 640; baseline 0.005 -17"><span class='ocrx_word' id='word_1_521' title='bbox 2139 566 2287 635; x_wconf 89' lang='lat' dir='ltr'><strong>lent,</strong></span> <span class='ocrx_word' id='word_1_522' title='bbox 2315 578 2371 624; x_wconf 93' lang='lat' dir='ltr'><strong>et</strong></span> <span class='ocrx_word' id='word_1_523' title='bbox 2396 568 2495 624; x_wconf 90' lang='lat' dir='ltr'><strong>sub</strong></span> <span class='ocrx_word' id='word_1_524' title='bbox 2522 566 2688 640; x_wconf 81' lang='lat' dir='ltr'><strong>gratia</strong></span> <span class='ocrx_word' id='word_1_525' title='bbox 2737 586 2858 627; x_wconf 89' lang='lat' dir='ltr'><strong>esse</strong></span> <span class='ocrx_word' id='word_1_526' title='bbox 2898 572 3138 639; x_wconf 90' lang='lat' dir='ltr'><strong>nollent,</strong></span> <span class='ocrx_word' id='word_1_527' title='bbox 3182 588 3287 629; x_wconf 89' lang='lat' dir='ltr'><strong>non</strong></span> <span class='ocrx_word' id='word_1_528' title='bbox 3331 574 3620 631; x_wconf 89' lang='lat' dir='ltr'><strong>intraturos</strong></span> <span class='ocrx_word' id='word_1_529' title='bbox 3663 578 3716 630; x_wconf 89' lang='lat' dir='ltr'><strong>in</strong></span> 
     </span>
    </p>
   </div>
   <div class='ocr_carea' id='block_1_64' title="bbox 2138 663 3722 737">
    <p class='ocr_par' dir='ltr' id='par_1_64' title="bbox 2138 663 3722 737">
     <span class='ocr_line' id='line_1_64' title="bbox 2138 663 3722 737; baseline 0.003 -20"><span class='ocrx_word' id='word_1_530' title='bbox 2138 670 2336 717; x_wconf 88' lang='lat' dir='ltr'><strong>terram</strong></span> <span class='ocrx_word' id='word_1_531' title='bbox 2390 663 2779 732; x_wconf 86' lang='lat' dir='ltr'><strong>promissionis.</strong></span> <span class='ocrx_word' id='word_1_532' title='bbox 2819 665 2962 737; x_wconf 86' lang='lat' dir='ltr'><strong>Ergo</strong></span> <span class='ocrx_word' id='word_1_533' title='bbox 3016 665 3144 721; x_wconf 90' lang='lat' dir='ltr'><strong>illud</strong></span> <span class='ocrx_word' id='word_1_534' title='bbox 3181 666 3324 737; x_wconf 89' lang='lat' dir='ltr'><strong>quod</strong></span> <span class='ocrx_word' id='word_1_535' title='bbox 3377 666 3580 722; x_wconf 87' lang='lat' dir='ltr'><strong>dictum</strong></span> <span class='ocrx_word' id='word_1_536' title='bbox 3636 678 3722 722; x_wconf 88' lang='lat' dir='ltr'><strong>est</strong></span> 
     </span>
    </p>
   </div>
   <div class='ocr_carea' id='block_1_65' title="bbox 2136 750 3720 827">
    <p class='ocr_par' dir='ltr' id='par_1_65' title="bbox 2136 750 3720 827">
     <span class='ocr_line' id='line_1_65' title="bbox 2136 750 3720 827; baseline 0.003 -21"><span class='ocrx_word' id='word_1_537' title='bbox 2136 750 2302 823; x_wconf 81' lang='lat' dir='ltr'><strong>Moysi</strong></span> <span class='ocrx_word' id='word_1_538' title='bbox 2327 794 2343 821; x_wconf 92' lang='lat'><strong>,</strong></span> <span class='ocrx_word' id='word_1_539' title='bbox 2367 752 2531 822; x_wconf 82' lang='lat' dir='ltr'><strong>ﬁgura</strong></span> <span class='ocrx_word' id='word_1_540' title='bbox 2554 762 2708 823; x_wconf 87' lang='lat' dir='ltr'><strong>erat,</strong></span> <span class='ocrx_word' id='word_1_541' title='bbox 2730 768 2838 810; x_wconf 90' lang='lat' dir='ltr'><strong>non</strong></span> <span class='ocrx_word' id='word_1_542' title='bbox 2864 767 3040 826; x_wconf 81' lang='lat' dir='ltr'><strong>pcena.</strong></span> <span class='ocrx_word' id='word_1_543' title='bbox 3068 755 3193 812; x_wconf 89' lang='lat' dir='ltr'><strong>Seni</strong></span> <span class='ocrx_word' id='word_1_544' title='bbox 3216 768 3358 812; x_wconf 90' lang='lat' dir='ltr'><strong>mors</strong></span> <span class='ocrx_word' id='word_1_545' title='bbox 3378 770 3498 827; x_wconf 71' lang='lat' dir='ltr'><strong>qum</strong></span> <span class='ocrx_word' id='word_1_546' title='bbox 3524 760 3720 827; x_wconf 69' lang='lat' dir='ltr'><strong>prona?</strong></span> 
     </span>
    </p>
   </div>
   <div class='ocr_carea' id='block_1_66' title="bbox 2138 841 3763 919">
    <p class='ocr_par' dir='ltr' id='par_1_66' title="bbox 2138 841 3763 919">
     <span class='ocr_line' id='line_1_66' title="bbox 2138 841 3763 919; baseline 0.004 -23"><span class='ocrx_word' id='word_1_547' title='bbox 2138 841 2253 897; x_wconf 92' lang='lat' dir='ltr'><strong>Non</strong></span> <span class='ocrx_word' id='word_1_548' title='bbox 2283 842 2486 900; x_wconf 88' lang='lat' dir='ltr'><strong>intrare</strong></span> <span class='ocrx_word' id='word_1_549' title='bbox 2510 844 2562 899; x_wconf 92' lang='lat' dir='ltr'><strong>in</strong></span> <span class='ocrx_word' id='word_1_550' title='bbox 2589 844 2732 900; x_wconf 91' lang='lat' dir='ltr'><strong>illam</strong></span> <span class='ocrx_word' id='word_1_551' title='bbox 2765 852 2961 901; x_wconf 89' lang='lat' dir='ltr'><strong>terram</strong></span> <span class='ocrx_word' id='word_1_552' title='bbox 2988 858 3105 917; x_wconf 62' lang='lat' dir='ltr'><strong>qua</strong></span> <span class='ocrx_word' id='word_1_553' title='bbox 3132 860 3289 919; x_wconf 63' lang='lat' dir='ltr'><strong>poena</strong></span> <span class='ocrx_word' id='word_1_554' title='bbox 3314 889 3330 913; x_wconf 92' lang='lat'><strong>,</strong></span> <span class='ocrx_word' id='word_1_555' title='bbox 3356 863 3463 917; x_wconf 91' lang='lat' dir='ltr'><strong>quo</strong></span> <span class='ocrx_word' id='word_1_556' title='bbox 3490 849 3724 903; x_wconf 87' lang='lat' dir='ltr'><strong>intrave-</strong></span> <span class='ocrx_word' id='word_1_557' title='bbox 3762 866 3763 869; x_wconf 45' lang='grc' dir='ltr'><strong>η</strong></span> 
     </span>
    </p>
   </div>
   <div class='ocr_carea' id='block_1_67' title="bbox 2140 935 3726 1009">
    <p class='ocr_par' dir='ltr' id='par_1_67' title="bbox 2140 935 3726 1009">
     <span class='ocr_line' id='line_1_67' title="bbox 2140 935 3726 1009; baseline 0.003 -20"><span class='ocrx_word' id='word_1_558' title='bbox 2140 944 2267 989; x_wconf 89' lang='lat' dir='ltr'><strong>runt</strong></span> <span class='ocrx_word' id='word_1_559' title='bbox 2304 935 2548 1006; x_wconf 78' lang='lat' dir='ltr'><strong>indigni?</strong></span> <span class='ocrx_word' id='word_1_560' title='bbox 2585 936 2662 991; x_wconf 87' lang='lat' dir='ltr'><strong>De</strong></span> <span class='ocrx_word' id='word_1_561' title='bbox 2700 938 2879 993; x_wconf 86' lang='lat' dir='ltr'><strong>Aaron</strong></span> <span class='ocrx_word' id='word_1_562' title='bbox 2936 947 3114 994; x_wconf 91' lang='lat' dir='ltr'><strong>autem</strong></span> <span class='ocrx_word' id='word_1_563' title='bbox 3168 938 3294 1009; x_wconf 90' lang='lat' dir='ltr'><strong>quid</strong></span> <span class='ocrx_word' id='word_1_564' title='bbox 3334 938 3537 994; x_wconf 89' lang='lat' dir='ltr'><strong>dictum</strong></span> <span class='ocrx_word' id='word_1_565' title='bbox 3594 941 3726 996; x_wconf 71' lang='lat' dir='ltr'><strong>est?</strong></span> 
     </span>
    </p>
   </div>
   <div class='ocr_carea' id='block_1_68' title="bbox 2141 1024 3729 1098">
    <p class='ocr_par' dir='ltr' id='par_1_68' title="bbox 2141 1024 3729 1098">
     <span class='ocr_line' id='line_1_68' title="bbox 2141 1024 3729 1098; baseline 0.004 -19"><span class='ocrx_word' id='word_1_566' title='bbox 2141 1024 2381 1081; x_wconf 84' lang='lat' dir='ltr'><strong>Mortuus</strong></span> <span class='ocrx_word' id='word_1_567' title='bbox 2404 1035 2490 1082; x_wconf 88' lang='lat' dir='ltr'><strong>est</strong></span> <span class='ocrx_word' id='word_1_568' title='bbox 2515 1037 2570 1082; x_wconf 91' lang='lat' dir='ltr'><strong>et</strong></span> <span class='ocrx_word' id='word_1_569' title='bbox 2595 1028 2711 1098; x_wconf 87' lang='lat' dir='ltr'><strong>ipse</strong></span> <span class='ocrx_word' id='word_1_570' title='bbox 2737 1042 2901 1084; x_wconf 81' lang='lat' dir='ltr'><strong>senex</strong></span> <span class='ocrx_word' id='word_1_571' title='bbox 2923 1069 2940 1097; x_wconf 91' lang='lat'><strong>,</strong></span> <span class='ocrx_word' id='word_1_572' title='bbox 2967 1027 3059 1083; x_wconf 85' lang='lat' dir='ltr'><strong>ﬁlii</strong></span> <span class='ocrx_word' id='word_1_573' title='bbox 3086 1026 3170 1084; x_wconf 90' lang='lat' dir='ltr'><strong>sui</strong></span> <span class='ocrx_word' id='word_1_574' title='bbox 3198 1037 3570 1085; x_wconf 78' lang='lat' dir='ltr'><strong>successerunt</strong></span> <span class='ocrx_word' id='word_1_575' title='bbox 3592 1026 3645 1085; x_wconf 89' lang='lat' dir='ltr'><strong>ei</strong></span> <span class='ocrx_word' id='word_1_576' title='bbox 3668 1029 3729 1085; x_wconf 88' lang='lat' dir='ltr'><strong>in</strong></span> 
     </span>
    </p>
   </div>
   <div class='ocr_carea' id='block_1_69' title="bbox 2141 1115 3728 1189">
    <p class='ocr_par' dir='ltr' id='par_1_69' title="bbox 2141 1115 3728 1189">
     <span class='ocr_line' id='line_1_69' title="bbox 2141 1115 3728 1189; baseline 0.001 -18"><span class='ocrx_word' id='word_1_577' title='bbox 2141 1115 2481 1185; x_wconf 84' lang='lat' dir='ltr'><strong>sacerdotio;</strong></span> <span class='ocrx_word' id='word_1_578' title='bbox 2533 1117 2676 1173; x_wconf 88' lang='lat' dir='ltr'><strong>filius</strong></span> <span class='ocrx_word' id='word_1_579' title='bbox 2709 1118 2826 1188; x_wconf 84' lang='lat' dir='ltr'><strong>ejus</strong></span> <span class='ocrx_word' id='word_1_580' title='bbox 2861 1127 3044 1189; x_wconf 87' lang='lat' dir='ltr'><strong>postea</strong></span> <span class='ocrx_word' id='word_1_581' title='bbox 3091 1118 3449 1176; x_wconf 87' lang='lat' dir='ltr'><strong>sacerdotium</strong></span> <span class='ocrx_word' id='word_1_582' title='bbox 3492 1119 3728 1175; x_wconf 84' lang='lat' dir='ltr'><strong>admini-</strong></span> 
     </span>
    </p>
   </div>
   <div class='ocr_carea' id='block_1_70' title="bbox 2142 1204 3731 1282">
    <p class='ocr_par' dir='ltr' id='par_1_70' title="bbox 2142 1204 3731 1282">
     <span class='ocr_line' id='line_1_70' title="bbox 2142 1204 3731 1282; baseline 0.003 -20"><span class='ocrx_word' id='word_1_583' title='bbox 2142 1207 2332 1263; x_wconf 88' lang='lat' dir='ltr'><strong>stravit</strong></span> <span class='ocrx_word' id='word_1_584' title='bbox 2362 1207 2565 1280; x_wconf 83' lang='lat' dir='ltr'><strong>(Num.</strong></span> <span class='ocrx_word' id='word_1_585' title='bbox 2597 1224 2675 1264; x_wconf 91' lang='lat' dir='ltr'><strong>xx</strong></span> <span class='ocrx_word' id='word_1_586' title='bbox 2701 1251 2717 1276; x_wconf 93' lang='lat'><strong>,</strong></span> <span class='ocrx_word' id='word_1_587' title='bbox 2738 1204 2906 1266; x_wconf 69' lang='lat'><strong>24-28</strong></span> <span class='ocrx_word' id='word_1_588' title='bbox 2929 1226 2943 1276; x_wconf 87' lang='lat'><strong>;</strong></span> <span class='ocrx_word' id='word_1_589' title='bbox 2969 1218 3018 1265; x_wconf 86' lang='lat' dir='ltr'><strong>et</strong></span> <span class='ocrx_word' id='word_1_590' title='bbox 3042 1224 3209 1266; x_wconf 84' lang='lat' dir='ltr'><strong>xxxut</strong></span> <span class='ocrx_word' id='word_1_591' title='bbox 3233 1251 3249 1277; x_wconf 91' lang='lat'><strong>,</strong></span> <span class='ocrx_word' id='word_1_592' title='bbox 3278 1210 3385 1282; x_wconf 80' lang='grc'><strong>58)</strong></span> <span class='ocrx_word' id='word_1_593' title='bbox 3414 1228 3429 1267; x_wconf 92' lang='lat'><strong>:</strong></span> <span class='ocrx_word' id='word_1_594' title='bbox 3456 1212 3731 1282; x_wconf 87' lang='lat' dir='ltr'><strong>quomodo</strong></span> 
     </span>
    </p>
   </div>
   <div class='ocr_carea' id='block_1_71' title="bbox 2143 1299 3732 1373">
    <p class='ocr_par' dir='ltr' id='par_1_71' title="bbox 2143 1299 3732 1373">
     <span class='ocr_line' id='line_1_71' title="bbox 2143 1299 3732 1373; baseline 0.003 -20"><span class='ocrx_word' id='word_1_595' title='bbox 2143 1308 2198 1353; x_wconf 90' lang='lat' dir='ltr'><strong>ct</strong></span> <span class='ocrx_word' id='word_1_596' title='bbox 2223 1299 2274 1354; x_wconf 92' lang='lat' dir='ltr'><strong>in</strong></span> <span class='ocrx_word' id='word_1_597' title='bbox 2302 1299 2460 1354; x_wconf 91' lang='lat' dir='ltr'><strong>istum</strong></span> <span class='ocrx_word' id='word_1_598' title='bbox 2490 1300 2821 1355; x_wconf 76' lang='lat' dir='ltr'><strong>vindicavit?</strong></span> <span class='ocrx_word' id='word_1_599' title='bbox 2845 1300 3062 1358; x_wconf 85' lang='lat' dir='ltr'><strong>Samuel</strong></span> <span class='ocrx_word' id='word_1_600' title='bbox 3091 1311 3146 1358; x_wconf 91' lang='lat' dir='ltr'><strong>et</strong></span> <span class='ocrx_word' id='word_1_601' title='bbox 3168 1302 3283 1373; x_wconf 86' lang='lat' dir='ltr'><strong>ipse</strong></span> <span class='ocrx_word' id='word_1_602' title='bbox 3310 1310 3526 1358; x_wconf 86' lang='lat' dir='ltr'><strong>sanctus</strong></span> <span class='ocrx_word' id='word_1_603' title='bbox 3561 1319 3732 1359; x_wconf 85' lang='lat' dir='ltr'><strong>senex</strong></span> 
     </span>
    </p>
   </div>
   <div class='ocr_carea' id='block_1_72' title="bbox 2144 1394 3729 1475">
    <p class='ocr_par' dir='ltr' id='par_1_72' title="bbox 2144 1394 3729 1475">
     <span class='ocr_line' id='line_1_72' title="bbox 2144 1394 3729 1475; baseline 0.001 -27"><span class='ocrx_word' id='word_1_604' title='bbox 2144 1399 2386 1448; x_wconf 90' lang='lat' dir='ltr'><strong>mortuus</strong></span> <span class='ocrx_word' id='word_1_605' title='bbox 2415 1402 2498 1449; x_wconf 90' lang='lat' dir='ltr'><strong>est</strong></span> <span class='ocrx_word' id='word_1_606' title='bbox 2522 1435 2537 1455; x_wconf 89' lang='lat'><strong>.</strong></span> <span class='ocrx_word' id='word_1_607' title='bbox 2568 1394 2768 1450; x_wconf 84' lang='lat' dir='ltr'><strong>relictis</strong></span> <span class='ocrx_word' id='word_1_608' title='bbox 2799 1394 2922 1450; x_wconf 89' lang='lat' dir='ltr'><strong>filiis</strong></span> <span class='ocrx_word' id='word_1_609' title='bbox 2947 1394 3479 1475; x_wconf 83' lang='lat' dir='ltr'><strong>successoribussuis</strong></span> <span class='ocrx_word' id='word_1_610' title='bbox 3509 1394 3568 1466; x_wconf 90' lang='grc' dir='ltr'><strong>(Ι</strong></span> <span class='ocrx_word' id='word_1_611' title='bbox 3595 1396 3729 1464; x_wconf 78' lang='lat' dir='ltr'><strong>Reg.</strong></span> 
     </span>
    </p>
   </div>
   <div class='ocr_carea' id='block_1_73' title="bbox 2145 1484 3734 1557">
    <p class='ocr_par' dir='ltr' id='par_1_73' title="bbox 2145 1484 3734 1557">
     <span class='ocr_line' id='line_1_73' title="bbox 2145 1484 3734 1557; baseline 0.003 -20"><span class='ocrx_word' id='word_1_612' title='bbox 2145 1498 2239 1538; x_wconf 88' lang='lat' dir='ltr'><strong>vtu</strong></span> <span class='ocrx_word' id='word_1_613' title='bbox 2262 1525 2278 1549; x_wconf 90' lang='lat'><strong>,</strong></span> <span class='ocrx_word' id='word_1_614' title='bbox 2305 1484 2332 1539; x_wconf 87' lang='grc'><strong>1</strong></span> <span class='ocrx_word' id='word_1_615' title='bbox 2364 1500 2379 1551; x_wconf 88' lang='grc'>;</span> <span class='ocrx_word' id='word_1_616' title='bbox 2407 1495 2453 1540; x_wconf 81' lang='lat' dir='ltr'><strong>ct</strong></span> <span class='ocrx_word' id='word_1_617' title='bbox 2478 1498 2608 1550; x_wconf 86' lang='lat' dir='ltr'><strong>xxv,</strong></span> <span class='ocrx_word' id='word_1_618' title='bbox 2643 1485 2669 1541; x_wconf 88' lang='grc'><strong>1</strong></span> <span class='ocrx_word' id='word_1_619' title='bbox 2696 1486 2736 1557; x_wconf 94' lang='grc'><strong>).</strong></span> <span class='ocrx_word' id='word_1_620' title='bbox 2768 1484 2904 1554; x_wconf 85' lang='lat' dir='ltr'><strong>Quid</strong></span> <span class='ocrx_word' id='word_1_621' title='bbox 2937 1494 3022 1541; x_wconf 90' lang='lat' dir='ltr'><strong>est</strong></span> <span class='ocrx_word' id='word_1_622' title='bbox 3057 1486 3200 1556; x_wconf 90' lang='lat' dir='ltr'><strong>quod</strong></span> <span class='ocrx_word' id='word_1_623' title='bbox 3243 1487 3297 1542; x_wconf 90' lang='lat' dir='ltr'><strong>in</strong></span> <span class='ocrx_word' id='word_1_624' title='bbox 3340 1487 3460 1543; x_wconf 90' lang='lat' dir='ltr'><strong>illos</strong></span> <span class='ocrx_word' id='word_1_625' title='bbox 3495 1486 3734 1543; x_wconf 84' lang='lat' dir='ltr'><strong>vindica-</strong></span> 
     </span>
    </p>
   </div>
   <div class='ocr_carea' id='block_1_74' title="bbox 2148 1576 3730 1648">
    <p class='ocr_par' dir='ltr' id='par_1_74' title="bbox 2148 1576 3730 1648">
     <span class='ocr_line' id='line_1_74' title="bbox 2148 1576 3730 1648; baseline 0 -17"><span class='ocrx_word' id='word_1_626' title='bbox 2148 1584 2259 1632; x_wconf 88' lang='lat' dir='ltr'><strong>tum</strong></span> <span class='ocrx_word' id='word_1_627' title='bbox 2284 1584 2367 1633; x_wconf 91' lang='lat' dir='ltr'><strong>est</strong></span> <span class='ocrx_word' id='word_1_628' title='bbox 2394 1589 2580 1648; x_wconf 84' lang='lat' dir='ltr'><strong>quacro</strong></span> <span class='ocrx_word' id='word_1_629' title='bbox 2606 1619 2620 1642; x_wconf 94' lang='lat'><strong>,</strong></span> <span class='ocrx_word' id='word_1_630' title='bbox 2650 1584 2705 1633; x_wconf 90' lang='lat' dir='ltr'><strong>et</strong></span> <span class='ocrx_word' id='word_1_631' title='bbox 2732 1577 3026 1633; x_wconf 87' lang='lat' dir='ltr'><strong>secundum</strong></span> <span class='ocrx_word' id='word_1_632' title='bbox 3054 1576 3297 1634; x_wconf 86' lang='lat' dir='ltr'><strong>homines</strong></span> <span class='ocrx_word' id='word_1_633' title='bbox 3322 1593 3430 1633; x_wconf 89' lang='lat' dir='ltr'><strong>non</strong></span> <span class='ocrx_word' id='word_1_634' title='bbox 3473 1578 3687 1633; x_wconf 89' lang='lat' dir='ltr'><strong>invenio</strong></span> <span class='ocrx_word' id='word_1_635' title='bbox 3714 1595 3730 1631; x_wconf 89' lang='lat'><strong>:</strong></span> 
     </span>
    </p>
   </div>
   <div class='ocr_carea' id='block_1_75' title="bbox 2147 1667 3738 1740">
    <p class='ocr_par' dir='ltr' id='par_1_75' title="bbox 2147 1667 3738 1740">
     <span class='ocr_line' id='line_1_75' title="bbox 2147 1667 3738 1740; baseline 0 -17"><span class='ocrx_word' id='word_1_636' title='bbox 2147 1667 2440 1723; x_wconf 90' lang='lat' dir='ltr'><strong>secundum</strong></span> <span class='ocrx_word' id='word_1_637' title='bbox 2467 1676 2643 1725; x_wconf 88' lang='lat' dir='ltr'><strong>autem</strong></span> <span class='ocrx_word' id='word_1_638' title='bbox 2673 1668 2816 1739; x_wconf 91' lang='lat' dir='ltr'><strong>quod</strong></span> <span class='ocrx_word' id='word_1_639' title='bbox 2846 1669 2959 1724; x_wconf 89' lang='lat' dir='ltr'><strong>scio</strong></span> <span class='ocrx_word' id='word_1_640' title='bbox 2988 1670 3094 1739; x_wconf 82' lang='lat' dir='ltr'><strong>pati</strong></span> <span class='ocrx_word' id='word_1_641' title='bbox 3123 1681 3311 1725; x_wconf 82' lang='lat' dir='ltr'><strong>servos</strong></span> <span class='ocrx_word' id='word_1_642' title='bbox 3334 1669 3426 1724; x_wconf 86' lang='lat' dir='ltr'><strong>Dei</strong></span> <span class='ocrx_word' id='word_1_643' title='bbox 3453 1711 3468 1735; x_wconf 94' lang='lat'><strong>,</strong></span> <span class='ocrx_word' id='word_1_644' title='bbox 3495 1668 3738 1740; x_wconf 87' lang='lat' dir='ltr'><strong>quotidie</strong></span> 
     </span>
    </p>
   </div>
   <div class='ocr_carea' id='block_1_76' title="bbox 2150 1758 3736 1832">
    <p class='ocr_par' dir='ltr' id='par_1_76' title="bbox 2150 1758 3736 1832">
     <span class='ocr_line' id='line_1_76' title="bbox 2150 1758 3736 1832; baseline 0.001 -17"><span class='ocrx_word' id='word_1_645' title='bbox 2150 1759 2203 1815; x_wconf 93' lang='lat' dir='ltr'><strong>in</strong></span> <span class='ocrx_word' id='word_1_646' title='bbox 2233 1758 2356 1817; x_wconf 89' lang='lat' dir='ltr'><strong>illos</strong></span> <span class='ocrx_word' id='word_1_647' title='bbox 2381 1760 2773 1818; x_wconf 86' lang='lat' dir='ltr'><strong>vindicabatur.</strong></span> <span class='ocrx_word' id='word_1_648' title='bbox 2801 1760 2985 1832; x_wconf 86' lang='lat' dir='ltr'><strong>Legite</strong></span> <span class='ocrx_word' id='word_1_649' title='bbox 3008 1803 3024 1827; x_wconf 88' lang='lat'><strong>,</strong></span> <span class='ocrx_word' id='word_1_650' title='bbox 3051 1769 3106 1816; x_wconf 90' lang='lat' dir='ltr'><strong>et</strong></span> <span class='ocrx_word' id='word_1_651' title='bbox 3140 1760 3316 1816; x_wconf 89' lang='lat' dir='ltr'><strong>videte</strong></span> <span class='ocrx_word' id='word_1_652' title='bbox 3357 1761 3619 1817; x_wconf 76' lang='lat' dir='ltr'><strong>vindictas</strong></span> <span class='ocrx_word' id='word_1_653' title='bbox 3642 1804 3657 1827; x_wconf 86' lang='lat'><strong>,</strong></span> <span class='ocrx_word' id='word_1_654' title='bbox 3679 1772 3736 1817; x_wconf 91' lang='lat' dir='ltr'><strong>et</strong></span> 
     </span>
    </p>
   </div>
   <div class='ocr_carea' id='block_1_77' title="bbox 2150 1852 3738 1925">
    <p class='ocr_par' dir='ltr' id='par_1_77' title="bbox 2150 1852 3738 1925">
     <span class='ocr_line' id='line_1_77' title="bbox 2150 1852 3738 1925; baseline 0.001 -18"><span class='ocrx_word' id='word_1_655' title='bbox 2150 1853 2240 1924; x_wconf 92' lang='lat' dir='ltr'><strong>qui</strong></span> <span class='ocrx_word' id='word_1_656' title='bbox 2268 1852 2527 1922; x_wconf 84' lang='lat' dir='ltr'><strong>proficitis</strong></span> <span class='ocrx_word' id='word_1_657' title='bbox 2570 1854 2702 1909; x_wconf 88' lang='lat' dir='ltr'><strong>ferte</strong></span> <span class='ocrx_word' id='word_1_658' title='bbox 2738 1853 3015 1909; x_wconf 85' lang='lat' dir='ltr'><strong>vindictas.</strong></span> <span class='ocrx_word' id='word_1_659' title='bbox 3063 1854 3309 1924; x_wconf 83' lang='lat' dir='ltr'><strong>Quotidie</strong></span> <span class='ocrx_word' id='word_1_660' title='bbox 3337 1854 3356 1887; x_wconf 76' lang='grc' dir='ltr'>ί</span> <span class='ocrx_word' id='word_1_661' title='bbox 3400 1853 3738 1925; x_wconf 86' lang='lat' dir='ltr'><strong>patiebantur</strong></span> 
     </span>
    </p>
   </div>
   <div class='ocr_carea' id='block_1_78' title="bbox 2151 1942 3737 2017">
    <p class='ocr_par' dir='ltr' id='par_1_78' title="bbox 2151 1942 3737 2017">
     <span class='ocr_line' id='line_1_78' title="bbox 2151 1942 3737 2017; baseline 0.002 -19"><span class='ocrx_word' id='word_1_662' title='bbox 2151 1945 2374 2015; x_wconf 86' lang='lat' dir='ltr'><strong>populos</strong></span> <span class='ocrx_word' id='word_1_663' title='bbox 2401 1944 2825 2001; x_wconf 88' lang='lat' dir='ltr'><strong>contradicentes</strong></span> <span class='ocrx_word' id='word_1_664' title='bbox 2846 1988 2863 2012; x_wconf 91' lang='lat'><strong>,</strong></span> <span class='ocrx_word' id='word_1_665' title='bbox 2908 1942 3142 2015; x_wconf 87' lang='lat' dir='ltr'><strong>quotidie</strong></span> <span class='ocrx_word' id='word_1_666' title='bbox 3182 1942 3518 2016; x_wconf 86' lang='lat' dir='ltr'><strong>patiebantur</strong></span> <span class='ocrx_word' id='word_1_667' title='bbox 3551 1944 3737 2017; x_wconf 87' lang='lat' dir='ltr'><strong>inique</strong></span> 
     </span>
    </p>
   </div>
   <div class='ocr_carea' id='block_1_79' title="bbox 2150 2036 3736 2109">
    <p class='ocr_par' dir='ltr' id='par_1_79' title="bbox 2150 2036 3736 2109">
     <span class='ocr_line' id='line_1_79' title="bbox 2150 2036 3736 2109; baseline -0.001 -16"><span class='ocrx_word' id='word_1_668' title='bbox 2150 2038 2433 2103; x_wconf 88' lang='lat' dir='ltr'><strong>viventes;</strong></span> <span class='ocrx_word' id='word_1_669' title='bbox 2462 2047 2516 2093; x_wconf 87' lang='lat' dir='ltr'><strong>et</strong></span> <span class='ocrx_word' id='word_1_670' title='bbox 2558 2038 2695 2093; x_wconf 89' lang='lat' dir='ltr'><strong>inter</strong></span> <span class='ocrx_word' id='word_1_671' title='bbox 2741 2038 2859 2092; x_wconf 91' lang='lat' dir='ltr'><strong>illos</strong></span> <span class='ocrx_word' id='word_1_672' title='bbox 2894 2036 3075 2093; x_wconf 86' lang='lat' dir='ltr'><strong>vivere</strong></span> <span class='ocrx_word' id='word_1_673' title='bbox 3111 2037 3436 2108; x_wconf 87' lang='lat' dir='ltr'><strong>cogebantur</strong></span> <span class='ocrx_word' id='word_1_674' title='bbox 3461 2079 3477 2105; x_wconf 96' lang='lat'><strong>,</strong></span> <span class='ocrx_word' id='word_1_675' title='bbox 3508 2048 3736 2109; x_wconf 84' lang='lat' dir='ltr'><strong>quorum</strong></span> 
     </span>
    </p>
   </div>
   <div class='ocr_carea' id='block_1_80' title="bbox 2155 2128 3738 2200">
    <p class='ocr_par' dir='ltr' id='par_1_80' title="bbox 2155 2128 3738 2200">
     <span class='ocr_line' id='line_1_80' title="bbox 2155 2128 3738 2200; baseline -0.001 -15"><span class='ocrx_word' id='word_1_676' title='bbox 2155 2132 2320 2186; x_wconf 85' lang='lat' dir='ltr'><strong>vitam</strong></span> <span class='ocrx_word' id='word_1_677' title='bbox 2365 2130 2601 2200; x_wconf 85' lang='lat' dir='ltr'><strong>quotidie</strong></span> <span class='ocrx_word' id='word_1_678' title='bbox 2646 2129 3127 2200; x_wconf 88' lang='lat' dir='ltr'><strong>reprehendebant.</strong></span> <span class='ocrx_word' id='word_1_679' title='bbox 3169 2129 3294 2185; x_wconf 70' lang='lat' dir='ltr'><strong>llzec</strong></span> <span class='ocrx_word' id='word_1_680' title='bbox 3331 2138 3446 2185; x_wconf 83' lang='lat' dir='ltr'><strong>erat</strong></span> <span class='ocrx_word' id='word_1_681' title='bbox 3482 2128 3738 2184; x_wconf 83' lang='lat' dir='ltr'><strong>vindicta.</strong></span> 
     </span>
    </p>
   </div>
   <div class='ocr_carea' id='block_1_81' title="bbox 2154 2216 3745 2293">
    <p class='ocr_par' dir='ltr' id='par_1_81' title="bbox 2154 2216 3745 2293">
     <span class='ocr_line' id='line_1_81' title="bbox 2154 2216 3745 2293; baseline -0.003 -15"><span class='ocrx_word' id='word_1_682' title='bbox 2154 2220 2398 2279; x_wconf 91' lang='lat' dir='ltr'><strong>Nondum</strong></span> <span class='ocrx_word' id='word_1_683' title='bbox 2427 2220 2638 2293; x_wconf 86' lang='lat' dir='ltr'><strong>proiicit</strong></span> <span class='ocrx_word' id='word_1_684' title='bbox 2660 2263 2674 2286; x_wconf 88' lang='lat'><strong>,</strong></span> <span class='ocrx_word' id='word_1_685' title='bbox 2705 2221 2791 2277; x_wconf 92' lang='lat' dir='ltr'><strong>cui</strong></span> <span class='ocrx_word' id='word_1_686' title='bbox 2818 2234 2977 2292; x_wconf 87' lang='lat' dir='ltr'><strong>parva</strong></span> <span class='ocrx_word' id='word_1_687' title='bbox 3006 2229 3107 2276; x_wconf 87' lang='lat' dir='ltr'><strong>est.</strong></span> <span class='ocrx_word' id='word_1_688' title='bbox 3139 2216 3365 2275; x_wconf 86' lang='lat' dir='ltr'><strong>Tantum</strong></span> <span class='ocrx_word' id='word_1_689' title='bbox 3386 2231 3440 2276; x_wconf 91' lang='lat' dir='ltr'><strong>te</strong></span> <span class='ocrx_word' id='word_1_690' title='bbox 3460 2221 3600 2276; x_wconf 86' lang='lat' dir='ltr'><strong>enim</strong></span> <span class='ocrx_word' id='word_1_691' title='bbox 3630 2228 3745 2275; x_wconf 86' lang='lat' dir='ltr'><strong>tor-</strong></span> 
     </span>
    </p>
   </div>
   <div class='ocr_carea' id='block_1_82' title="bbox 2155 2312 3741 2385">
    <p class='ocr_par' dir='ltr' id='par_1_82' title="bbox 2155 2312 3741 2385">
     <span class='ocr_line' id='line_1_82' title="bbox 2155 2312 3741 2385; baseline -0.002 -18"><span class='ocrx_word' id='word_1_692' title='bbox 2155 2323 2284 2385; x_wconf 89' lang='lat' dir='ltr'><strong>quet</strong></span> <span class='ocrx_word' id='word_1_693' title='bbox 2337 2313 2591 2383; x_wconf 86' lang='lat' dir='ltr'><strong>injustitia</strong></span> <span class='ocrx_word' id='word_1_694' title='bbox 2639 2313 2853 2380; x_wconf 87' lang='lat' dir='ltr'><strong>aliena,</strong></span> <span class='ocrx_word' id='word_1_695' title='bbox 2894 2322 3153 2382; x_wconf 89' lang='lat' dir='ltr'><strong>quantum</strong></span> <span class='ocrx_word' id='word_1_696' title='bbox 3202 2312 3491 2368; x_wconf 87' lang='lat' dir='ltr'><strong>recesseris</strong></span> <span class='ocrx_word' id='word_1_697' title='bbox 3544 2325 3577 2365; x_wconf 93' lang='lat' dir='ltr'><strong>a</strong></span> <span class='ocrx_word' id='word_1_698' title='bbox 3628 2320 3741 2366; x_wconf 84' lang='lat' dir='ltr'><strong>tua.</strong></span> 
     </span>
    </p>
   </div>
   <div class='ocr_carea' id='block_1_83' title="bbox 2156 2400 3748 2470">
    <p class='ocr_par' dir='ltr' id='par_1_83' title="bbox 2156 2400 3748 2470">
     <span class='ocr_line' id='line_1_83' title="bbox 2156 2400 3748 2470; baseline -0.001 -10"><span class='ocrx_word' id='word_1_699' title='bbox 2156 2405 2288 2460; x_wconf 84' lang='lat' dir='ltr'><strong>Cum</strong></span> <span class='ocrx_word' id='word_1_700' title='bbox 2320 2405 2461 2459; x_wconf 92' lang='lat' dir='ltr'><strong>enim</strong></span> <span class='ocrx_word' id='word_1_701' title='bbox 2494 2403 2659 2459; x_wconf 88' lang='lat' dir='ltr'><strong>fueris</strong></span> <span class='ocrx_word' id='word_1_702' title='bbox 2690 2404 3049 2470; x_wconf 86' lang='lat' dir='ltr'><strong>frumentum,</strong></span> <span class='ocrx_word' id='word_1_703' title='bbox 3083 2401 3135 2458; x_wconf 93' lang='lat' dir='ltr'><strong>id</strong></span> <span class='ocrx_word' id='word_1_704' title='bbox 3177 2412 3259 2459; x_wconf 89' lang='lat' dir='ltr'><strong>est</strong></span> <span class='ocrx_word' id='word_1_705' title='bbox 3278 2400 3444 2458; x_wconf 85' lang='lat' dir='ltr'><strong>herba</strong></span> <span class='ocrx_word' id='word_1_706' title='bbox 3490 2403 3629 2457; x_wconf 87' lang='lat' dir='ltr'><strong>bona</strong></span> <span class='ocrx_word' id='word_1_707' title='bbox 3672 2403 3748 2458; x_wconf 87' lang='lat' dir='ltr'><strong>de</strong></span> 
     </span>
    </p>
   </div>
   <div class='ocr_carea' id='block_1_84' title="bbox 2158 2494 3747 2567">
    <p class='ocr_par' dir='ltr' id='par_1_84' title="bbox 2158 2494 3747 2567">
     <span class='ocr_line' id='line_1_84' title="bbox 2158 2494 3747 2567; baseline -0.002 -15"><span class='ocrx_word' id='word_1_708' title='bbox 2158 2498 2361 2552; x_wconf 89' lang='lat' dir='ltr'><strong>semine</strong></span> <span class='ocrx_word' id='word_1_709' title='bbox 2406 2498 2586 2563; x_wconf 90' lang='lat' dir='ltr'><strong>bono,</strong></span> <span class='ocrx_word' id='word_1_710' title='bbox 2645 2498 2784 2551; x_wconf 76' lang='lat' dir='ltr'><strong>filius</strong></span> <span class='ocrx_word' id='word_1_711' title='bbox 2832 2496 3024 2567; x_wconf 87' lang='lat' dir='ltr'><strong>regni,</strong></span> <span class='ocrx_word' id='word_1_712' title='bbox 3080 2510 3202 2551; x_wconf 91' lang='lat' dir='ltr'><strong>cum</strong></span> <span class='ocrx_word' id='word_1_713' title='bbox 3240 2496 3470 2566; x_wconf 67' lang='lat' dir='ltr'><strong>coeperis</strong></span> <span class='ocrx_word' id='word_1_714' title='bbox 3514 2494 3747 2551; x_wconf 82' lang='lat' dir='ltr'><strong>fructum</strong></span> 
     </span>
    </p>
   </div>
   <div class='ocr_carea' id='block_1_85' title="bbox 2159 2584 3752 2658">
    <p class='ocr_par' dir='ltr' id='par_1_85' title="bbox 2159 2584 3752 2658">
     <span class='ocr_line' id='line_1_85' title="bbox 2159 2584 3752 2658; baseline -0.002 -13"><span class='ocrx_word' id='word_1_715' title='bbox 2159 2587 2289 2645; x_wconf 91' lang='lat' dir='ltr'><strong>dare</strong></span> <span class='ocrx_word' id='word_1_716' title='bbox 2313 2630 2330 2656; x_wconf 88' lang='lat'><strong>,</strong></span> <span class='ocrx_word' id='word_1_717' title='bbox 2356 2597 2483 2643; x_wconf 92' lang='lat' dir='ltr'><strong>tunc</strong></span> <span class='ocrx_word' id='word_1_718' title='bbox 2515 2588 2607 2642; x_wconf 90' lang='lat' dir='ltr'><strong>tibi</strong></span> <span class='ocrx_word' id='word_1_719' title='bbox 2638 2589 2970 2658; x_wconf 83' lang='lat' dir='ltr'><strong>apparebunt</strong></span> <span class='ocrx_word' id='word_1_720' title='bbox 2998 2588 3197 2642; x_wconf 85' lang='lat' dir='ltr'><strong>zizania</strong></span> <span class='ocrx_word' id='word_1_721' title='bbox 3223 2606 3237 2643; x_wconf 91' lang='lat'><strong>:</strong></span> <span class='ocrx_word' id='word_1_722' title='bbox 3263 2584 3377 2641; x_wconf 78' lang='lat' dir='ltr'><strong>cum</strong></span> <span class='ocrx_word' id='word_1_723' title='bbox 3399 2587 3539 2643; x_wconf 89' lang='lat' dir='ltr'><strong>enim</strong></span> <span class='ocrx_word' id='word_1_724' title='bbox 3562 2589 3752 2642; x_wconf 81' lang='lat' dir='ltr'><strong>crevis-</strong></span> 
     </span>
    </p>
   </div>
   <div class='ocr_carea' id='block_1_86' title="bbox 2160 2681 3754 2752">
    <p class='ocr_par' dir='ltr' id='par_1_86' title="bbox 2160 2681 3754 2752">
     <span class='ocr_line' id='line_1_86' title="bbox 2160 2681 3754 2752; baseline -0.001 -17"><span class='ocrx_word' id='word_1_725' title='bbox 2160 2690 2233 2735; x_wconf 87' lang='lat' dir='ltr'><strong>set</strong></span> <span class='ocrx_word' id='word_1_726' title='bbox 2259 2681 2411 2735; x_wconf 84' lang='lat' dir='ltr'><strong>herba</strong></span> <span class='ocrx_word' id='word_1_727' title='bbox 2435 2722 2451 2747; x_wconf 91' lang='lat'><strong>,</strong></span> <span class='ocrx_word' id='word_1_728' title='bbox 2479 2691 2525 2734; x_wconf 89' lang='lat' dir='ltr'><strong>et</strong></span> <span class='ocrx_word' id='word_1_729' title='bbox 2564 2681 2786 2750; x_wconf 79' lang='lat' dir='ltr'><strong>fructum</strong></span> <span class='ocrx_word' id='word_1_730' title='bbox 2815 2682 3044 2751; x_wconf 75' lang='lat' dir='ltr'><strong>fecisset,</strong></span> <span class='ocrx_word' id='word_1_731' title='bbox 3077 2690 3196 2735; x_wconf 87' lang='lat' dir='ltr'><strong>tunc</strong></span> <span class='ocrx_word' id='word_1_732' title='bbox 3230 2692 3576 2752; x_wconf 84' lang='lat' dir='ltr'><strong>apparuerunt</strong></span> <span class='ocrx_word' id='word_1_733' title='bbox 3611 2683 3754 2736; x_wconf 72' lang='lat' dir='ltr'><strong>ziza-</strong></span> 
     </span>
    </p>
   </div>
   <div class='ocr_carea' id='block_1_87' title="bbox 2163 2770 3755 2841">
    <p class='ocr_par' dir='ltr' id='par_1_87' title="bbox 2163 2770 3755 2841">
     <span class='ocr_line' id='line_1_87' title="bbox 2163 2770 3755 2841; baseline -0.001 -15"><span class='ocrx_word' id='word_1_734' title='bbox 2163 2771 2269 2826; x_wconf 87' lang='lat' dir='ltr'><strong>nia.</strong></span> <span class='ocrx_word' id='word_1_735' title='bbox 2302 2770 2433 2827; x_wconf 90' lang='lat' dir='ltr'><strong>Cum</strong></span> <span class='ocrx_word' id='word_1_736' title='bbox 2461 2772 2718 2841; x_wconf 73' lang='lat' dir='ltr'><strong>cmperiut</strong></span> <span class='ocrx_word' id='word_1_737' title='bbox 2746 2785 3008 2841; x_wconf 89' lang='lat' dir='ltr'><strong>apparere</strong></span> <span class='ocrx_word' id='word_1_738' title='bbox 3029 2770 3230 2825; x_wconf 85' lang='lat' dir='ltr'><strong>zizania</strong></span> <span class='ocrx_word' id='word_1_739' title='bbox 3255 2813 3271 2837; x_wconf 90' lang='lat'><strong>,</strong></span> <span class='ocrx_word' id='word_1_740' title='bbox 3298 2770 3503 2826; x_wconf 81' lang='lat' dir='ltr'><strong>videbis</strong></span> <span class='ocrx_word' id='word_1_741' title='bbox 3528 2780 3583 2827; x_wconf 91' lang='lat' dir='ltr'><strong>te</strong></span> <span class='ocrx_word' id='word_1_742' title='bbox 3609 2772 3755 2825; x_wconf 90' lang='lat' dir='ltr'><strong>inter</strong></span> 
     </span>
    </p>
   </div>
   <div class='ocr_carea' id='block_1_88' title="bbox 2164 2860 3756 2933">
    <p class='ocr_par' dir='ltr' id='par_1_88' title="bbox 2164 2860 3756 2933">
     <span class='ocr_line' id='line_1_88' title="bbox 2164 2860 3756 2933; baseline -0.001 -15"><span class='ocrx_word' id='word_1_743' title='bbox 2164 2862 2352 2918; x_wconf 91' lang='lat' dir='ltr'><strong>malos.</strong></span> <span class='ocrx_word' id='word_1_744' title='bbox 2382 2860 2532 2918; x_wconf 81' lang='lat' dir='ltr'><strong>Velle</strong></span> <span class='ocrx_word' id='word_1_745' title='bbox 2559 2861 2723 2917; x_wconf 89' lang='lat' dir='ltr'><strong>habes</strong></span> <span class='ocrx_word' id='word_1_746' title='bbox 2750 2862 2900 2933; x_wconf 89' lang='lat' dir='ltr'><strong>quasi</strong></span> <span class='ocrx_word' id='word_1_747' title='bbox 2940 2876 3190 2931; x_wconf 89' lang='lat' dir='ltr'><strong>separare</strong></span> <span class='ocrx_word' id='word_1_748' title='bbox 3218 2876 3247 2915; x_wconf 91' lang='lat' dir='ltr'><strong>a</strong></span> <span class='ocrx_word' id='word_1_749' title='bbox 3278 2869 3328 2916; x_wconf 94' lang='lat' dir='ltr'><strong>te</strong></span> <span class='ocrx_word' id='word_1_750' title='bbox 3351 2863 3518 2916; x_wconf 91' lang='lat' dir='ltr'><strong>malos</strong></span> <span class='ocrx_word' id='word_1_751' title='bbox 3536 2904 3551 2929; x_wconf 91' lang='lat'><strong>,</strong></span> <span class='ocrx_word' id='word_1_752' title='bbox 3581 2872 3635 2917; x_wconf 93' lang='lat' dir='ltr'><strong>et</strong></span> <span class='ocrx_word' id='word_1_753' title='bbox 3658 2874 3756 2917; x_wconf 87' lang='lat' dir='ltr'><strong>se-</strong></span> 
     </span>
    </p>
   </div>
   <div class='ocr_carea' id='block_1_89' title="bbox 2165 2952 3755 3024">
    <p class='ocr_par' dir='ltr' id='par_1_89' title="bbox 2165 2952 3755 3024">
     <span class='ocr_line' id='line_1_89' title="bbox 2165 2952 3755 3024; baseline 0 -16"><span class='ocrx_word' id='word_1_754' title='bbox 2165 2968 2352 3024; x_wconf 86' lang='lat' dir='ltr'><strong>parare</strong></span> <span class='ocrx_word' id='word_1_755' title='bbox 2391 2953 2458 3007; x_wconf 91' lang='lat' dir='ltr'><strong>ab</strong></span> <span class='ocrx_word' id='word_1_756' title='bbox 2497 2952 2737 3008; x_wconf 87' lang='lat' dir='ltr'><strong>Ecclesia</strong></span> <span class='ocrx_word' id='word_1_757' title='bbox 2782 2967 2971 3007; x_wconf 91' lang='lat' dir='ltr'><strong>omnes</strong></span> <span class='ocrx_word' id='word_1_758' title='bbox 3016 2953 3225 3020; x_wconf 88' lang='lat' dir='ltr'><strong>malos;</strong></span> <span class='ocrx_word' id='word_1_759' title='bbox 3270 2953 3613 3023; x_wconf 87' lang='lat' dir='ltr'><strong>respondebit</strong></span> <span class='ocrx_word' id='word_1_760' title='bbox 3655 2953 3755 3008; x_wconf 90' lang='lat' dir='ltr'><strong>tibi</strong></span> 
     </span>
    </p>
   </div>
   <div class='ocr_carea' id='block_1_90' title="bbox 2167 3045 3757 3118">
    <p class='ocr_par' dir='ltr' id='par_1_90' title="bbox 2167 3045 3757 3118">
     <span class='ocr_line' id='line_1_90' title="bbox 2167 3045 3757 3118; baseline -0.001 -16"><span class='ocrx_word' id='word_1_761' title='bbox 2167 3046 2372 3102; x_wconf 91' lang='lat' dir='ltr'><strong>Domini</strong></span> <span class='ocrx_word' id='word_1_762' title='bbox 2400 3046 2664 3102; x_wconf 82' lang='lat' dir='ltr'><strong>sententia</strong></span> <span class='ocrx_word' id='word_1_763' title='bbox 2706 3064 2721 3101; x_wconf 90' lang='lat'>:</span> <span class='ocrx_word' id='word_1_764' title='bbox 2767 3045 2932 3101; x_wconf 84' lang='lat' dir='ltr'><strong>Sinite</strong></span> <span class='ocrx_word' id='word_1_765' title='bbox 2968 3055 3178 3114; x_wconf 81' lang='lat' dir='ltr'><strong>utraque</strong></span> <span class='ocrx_word' id='word_1_766' title='bbox 3215 3062 3435 3101; x_wconf 85' lang='lat' dir='ltr'><strong>crescere</strong></span> <span class='ocrx_word' id='word_1_767' title='bbox 3481 3064 3636 3118; x_wconf 83' lang='lat' dir='ltr'><strong>usque</strong></span> <span class='ocrx_word' id='word_1_768' title='bbox 3680 3048 3757 3101; x_wconf 80' lang='lat' dir='ltr'><strong>ad</strong></span> 
     </span>
    </p>
   </div>
   <div class='ocr_carea' id='block_1_91' title="bbox 2167 3137 3757 3205">
    <p class='ocr_par' dir='ltr' id='par_1_91' title="bbox 2167 3137 3757 3205">
     <span class='ocr_line' id='line_1_91' title="bbox 2167 3137 3757 3205; baseline 0.002 -16"><span class='ocrx_word' id='word_1_769' title='bbox 2167 3153 2372 3191; x_wconf 83' lang='lat' dir='ltr'><strong>messem</strong></span> <span class='ocrx_word' id='word_1_770' title='bbox 2397 3177 2412 3201; x_wconf 94' lang='lat'><strong>,</strong></span> <span class='ocrx_word' id='word_1_771' title='bbox 2438 3153 2502 3191; x_wconf 88' lang='lat' dir='ltr'><strong>ne</strong></span> <span class='ocrx_word' id='word_1_772' title='bbox 2520 3137 2650 3205; x_wconf 78' lang='lat' dir='ltr'><strong>forte</strong></span> <span class='ocrx_word' id='word_1_773' title='bbox 2669 3154 2783 3191; x_wconf 89' lang='lat' dir='ltr'><strong>cum</strong></span> <span class='ocrx_word' id='word_1_774' title='bbox 2803 3137 2950 3191; x_wconf 74' lang='lat' dir='ltr'><strong>vultis</strong></span> <span class='ocrx_word' id='word_1_775' title='bbox 2976 3137 3233 3191; x_wconf 86' lang='lat' dir='ltr'><strong>eradicare</strong></span> <span class='ocrx_word' id='word_1_776' title='bbox 3250 3138 3448 3192; x_wconf 81' lang='lat' dir='ltr'><strong>zizania</strong></span> <span class='ocrx_word' id='word_1_777' title='bbox 3468 3179 3483 3205; x_wconf 91' lang='lat'><strong>,</strong></span> <span class='ocrx_word' id='word_1_778' title='bbox 3519 3139 3757 3193; x_wconf 75' lang='lat' dir='ltr'><strong>eradice—</strong></span> 
     </span>
    </p>
   </div>
   <div class='ocr_carea' id='block_1_92' title="bbox 2168 3226 3758 3299">
    <p class='ocr_par' dir='ltr' id='par_1_92' title="bbox 2168 3226 3758 3299">
     <span class='ocr_line' id='line_1_92' title="bbox 2168 3226 3758 3299; baseline 0.001 -18"><span class='ocrx_word' id='word_1_779' title='bbox 2168 3227 2231 3281; x_wconf 85' lang='lat' dir='ltr'><strong>tis</strong></span> <span class='ocrx_word' id='word_1_780' title='bbox 2249 3226 2401 3281; x_wconf 81' lang='lat' dir='ltr'><strong>simul</strong></span> <span class='ocrx_word' id='word_1_781' title='bbox 2420 3236 2466 3280; x_wconf 88' lang='lat' dir='ltr'><strong>et</strong></span> <span class='ocrx_word' id='word_1_782' title='bbox 2486 3228 2707 3283; x_wconf 82' lang='lat' dir='ltr'><strong>triticum</strong></span> <span class='ocrx_word' id='word_1_783' title='bbox 2736 3228 2754 3298; x_wconf 95' lang='lat'>(</span> <span class='ocrx_word' id='word_1_784' title='bbox 2780 3226 2964 3282; x_wconf 80' lang='lat' dir='ltr'><strong>Matth.</strong></span> <span class='ocrx_word' id='word_1_785' title='bbox 2996 3242 3090 3282; x_wconf 86' lang='lat' dir='ltr'><strong>xnt</strong></span> <span class='ocrx_word' id='word_1_786' title='bbox 3113 3269 3128 3293; x_wconf 93' lang='lat'><strong>,</strong></span> <span class='ocrx_word' id='word_1_787' title='bbox 3153 3227 3321 3284; x_wconf 71' lang='lat'><strong>26-29</strong></span> <span class='ocrx_word' id='word_1_788' title='bbox 3342 3229 3386 3299; x_wconf 95' lang='lat'><strong>).</strong></span> <span class='ocrx_word' id='word_1_789' title='bbox 3424 3229 3503 3284; x_wconf 86' lang='lat' dir='ltr'><strong>Ex</strong></span> <span class='ocrx_word' id='word_1_790' title='bbox 3539 3238 3758 3283; x_wconf 85' lang='lat' dir='ltr'><strong>senten-</strong></span> 
     </span>
    </p>
   </div>
   <div class='ocr_carea' id='block_1_93' title="bbox 2169 3318 3758 3391">
    <p class='ocr_par' dir='ltr' id='par_1_93' title="bbox 2169 3318 3758 3391">
     <span class='ocr_line' id='line_1_93' title="bbox 2169 3318 3758 3391; baseline -0.001 -17"><span class='ocrx_word' id='word_1_791' title='bbox 2169 3320 2237 3374; x_wconf 89' lang='lat' dir='ltr'><strong>tia</strong></span> <span class='ocrx_word' id='word_1_792' title='bbox 2266 3320 2472 3374; x_wconf 87' lang='lat' dir='ltr'><strong>Domini</strong></span> <span class='ocrx_word' id='word_1_793' title='bbox 2500 3334 2720 3375; x_wconf 90' lang='lat' dir='ltr'><strong>necesse</strong></span> <span class='ocrx_word' id='word_1_794' title='bbox 2743 3320 2844 3373; x_wconf 88' lang='lat' dir='ltr'><strong>erit</strong></span> <span class='ocrx_word' id='word_1_795' title='bbox 2863 3335 3082 3391; x_wconf 87' lang='lat' dir='ltr'><strong>parcere</strong></span> <span class='ocrx_word' id='word_1_796' title='bbox 3107 3318 3324 3375; x_wconf 83' lang='lat' dir='ltr'><strong>zizaniis</strong></span> <span class='ocrx_word' id='word_1_797' title='bbox 3347 3361 3363 3385; x_wconf 87' lang='lat'><strong>,</strong></span> <span class='ocrx_word' id='word_1_798' title='bbox 3395 3336 3461 3376; x_wconf 88' lang='lat' dir='ltr'><strong>ex</strong></span> <span class='ocrx_word' id='word_1_799' title='bbox 3486 3320 3758 3377; x_wconf 65' lang='lat' dir='ltr'><strong>conditio.</strong></span> 
     </span>
    </p>
   </div>
   <div class='ocr_carea' id='block_1_94' title="bbox 2169 3410 3760 3482">
    <p class='ocr_par' dir='ltr' id='par_1_94' title="bbox 2169 3410 3760 3482">
     <span class='ocr_line' id='line_1_94' title="bbox 2169 3410 3760 3482; baseline 0 -15"><span class='ocrx_word' id='word_1_800' title='bbox 2169 3426 2237 3467; x_wconf 92' lang='lat' dir='ltr'><strong>ne</strong></span> <span class='ocrx_word' id='word_1_801' title='bbox 2265 3411 2405 3466; x_wconf 89' lang='lat' dir='ltr'><strong>servi</strong></span> <span class='ocrx_word' id='word_1_802' title='bbox 2435 3425 2653 3467; x_wconf 90' lang='lat' dir='ltr'><strong>necesse</strong></span> <span class='ocrx_word' id='word_1_803' title='bbox 2676 3410 2779 3466; x_wconf 90' lang='lat' dir='ltr'><strong>erit</strong></span> <span class='ocrx_word' id='word_1_804' title='bbox 2803 3410 2985 3467; x_wconf 90' lang='lat' dir='ltr'><strong>vivere</strong></span> <span class='ocrx_word' id='word_1_805' title='bbox 3028 3412 3169 3466; x_wconf 88' lang='lat' dir='ltr'><strong>inter</strong></span> <span class='ocrx_word' id='word_1_806' title='bbox 3209 3411 3408 3466; x_wconf 84' lang='lat' dir='ltr'><strong>zizania</strong></span> <span class='ocrx_word' id='word_1_807' title='bbox 3439 3429 3453 3466; x_wconf 92' lang='lat'>:</span> <span class='ocrx_word' id='word_1_808' title='bbox 3504 3426 3760 3482; x_wconf 84' lang='lat' dir='ltr'><strong>separare</strong></span> 
     </span>
    </p>
   </div>
   <div class='ocr_carea' id='block_1_95' title="bbox 2169 3501 3761 3575">
    <p class='ocr_par' dir='ltr' id='par_1_95' title="bbox 2169 3501 3761 3575">
     <span class='ocr_line' id='line_1_95' title="bbox 2169 3501 3761 3575; baseline 0.001 -18"><span class='ocrx_word' id='word_1_809' title='bbox 2169 3515 2232 3557; x_wconf 92' lang='lat' dir='ltr'><strong>ea</strong></span> <span class='ocrx_word' id='word_1_810' title='bbox 2260 3517 2365 3557; x_wconf 92' lang='lat' dir='ltr'><strong>non</strong></span> <span class='ocrx_word' id='word_1_811' title='bbox 2394 3510 2546 3572; x_wconf 90' lang='lat' dir='ltr'><strong>potes</strong></span> <span class='ocrx_word' id='word_1_812' title='bbox 2571 3543 2585 3567; x_wconf 96' lang='lat'><strong>,</strong></span> <span class='ocrx_word' id='word_1_813' title='bbox 2620 3501 2852 3557; x_wconf 89' lang='lat' dir='ltr'><strong>tolerare</strong></span> <span class='ocrx_word' id='word_1_814' title='bbox 2882 3501 2974 3557; x_wconf 90' lang='lat' dir='ltr'><strong>tibi</strong></span> <span class='ocrx_word' id='word_1_815' title='bbox 3001 3517 3221 3559; x_wconf 90' lang='lat' dir='ltr'><strong>necesse</strong></span> <span class='ocrx_word' id='word_1_816' title='bbox 3241 3511 3344 3558; x_wconf 90' lang='lat' dir='ltr'><strong>est.</strong></span> <span class='ocrx_word' id='word_1_817' title='bbox 3368 3501 3502 3559; x_wconf 77' lang='lat' dir='ltr'><strong>Vide</strong></span> <span class='ocrx_word' id='word_1_818' title='bbox 3529 3513 3761 3575; x_wconf 89' lang='lat' dir='ltr'><strong>quantas</strong></span> 
     </span>
    </p>
   </div>
   <div class='ocr_carea' id='block_1_96' title="bbox 2171 3592 3763 3667">
    <p class='ocr_par' dir='ltr' id='par_1_96' title="bbox 2171 3592 3763 3667">
     <span class='ocr_line' id='line_1_96' title="bbox 2171 3592 3763 3667; baseline 0.003 -21"><span class='ocrx_word' id='word_1_819' title='bbox 2171 3594 2354 3664; x_wconf 89' lang='lat' dir='ltr'><strong>plagas</strong></span> <span class='ocrx_word' id='word_1_820' title='bbox 2382 3593 2435 3648; x_wconf 93' lang='lat' dir='ltr'><strong>in</strong></span> <span class='ocrx_word' id='word_1_821' title='bbox 2459 3592 2623 3648; x_wconf 89' lang='lat' dir='ltr'><strong>corde</strong></span> <span class='ocrx_word' id='word_1_822' title='bbox 2661 3593 2877 3663; x_wconf 88' lang='lat' dir='ltr'><strong>patiaris</strong></span> <span class='ocrx_word' id='word_1_823' title='bbox 2902 3635 2918 3659; x_wconf 93' lang='lat'><strong>,</strong></span> <span class='ocrx_word' id='word_1_824' title='bbox 2965 3594 3054 3666; x_wconf 92' lang='lat' dir='ltr'><strong>qui</strong></span> <span class='ocrx_word' id='word_1_825' title='bbox 3099 3608 3327 3664; x_wconf 90' lang='lat' dir='ltr'><strong>corpore</strong></span> <span class='ocrx_word' id='word_1_826' title='bbox 3373 3595 3582 3667; x_wconf 88' lang='lat' dir='ltr'><strong>integro</strong></span> <span class='ocrx_word' id='word_1_827' title='bbox 3620 3597 3763 3651; x_wconf 76' lang='lat' dir='ltr'><strong>inter</strong></span> 
     </span>
    </p>
   </div>
   <div class='ocr_carea' id='block_1_97' title="bbox 2175 3687 3760 3759">
    <p class='ocr_par' dir='ltr' id='par_1_97' title="bbox 2175 3687 3760 3759">
     <span class='ocr_line' id='line_1_97' title="bbox 2175 3687 3760 3759; baseline -0.001 -16"><span class='ocrx_word' id='word_1_828' title='bbox 2175 3689 2347 3744; x_wconf 86' lang='lat' dir='ltr'><strong>malos</strong></span> <span class='ocrx_word' id='word_1_829' title='bbox 2376 3689 2629 3744; x_wconf 88' lang='lat' dir='ltr'><strong>versaris.</strong></span> <span class='ocrx_word' id='word_1_830' title='bbox 2678 3688 2980 3743; x_wconf 90' lang='lat' dir='ltr'><strong>Probabitis</strong></span> <span class='ocrx_word' id='word_1_831' title='bbox 3024 3688 3344 3759; x_wconf 91' lang='lat' dir='ltr'><strong>quicumque</strong></span> <span class='ocrx_word' id='word_1_832' title='bbox 3388 3687 3760 3759; x_wconf 75' lang='lat' dir='ltr'><strong>proieceritis,</strong></span> 
     </span>
    </p>
   </div>
   <div class='ocr_carea' id='block_1_98' title="bbox 2175 3778 3764 3851">
    <p class='ocr_par' dir='ltr' id='par_1_98' title="bbox 2175 3778 3764 3851">
     <span class='ocr_line' id='line_1_98' title="bbox 2175 3778 3764 3851; baseline -0.001 -15"><span class='ocrx_word' id='word_1_833' title='bbox 2175 3780 2414 3851; x_wconf 89' lang='lat' dir='ltr'><strong>probatis</strong></span> <span class='ocrx_word' id='word_1_834' title='bbox 2462 3780 2552 3850; x_wconf 91' lang='lat' dir='ltr'><strong>qui</strong></span> <span class='ocrx_word' id='word_1_835' title='bbox 2593 3780 2705 3849; x_wconf 88' lang='lat' dir='ltr'><strong>jam</strong></span> <span class='ocrx_word' id='word_1_836' title='bbox 2754 3778 3074 3849; x_wconf 87' lang='lat' dir='ltr'><strong>profecistis.</strong></span> <span class='ocrx_word' id='word_1_837' title='bbox 3127 3778 3422 3834; x_wconf 83' lang='lat' dir='ltr'><strong>Toleranda</strong></span> <span class='ocrx_word' id='word_1_838' title='bbox 3468 3789 3593 3834; x_wconf 89' lang='lat' dir='ltr'><strong>sunt</strong></span> <span class='ocrx_word' id='word_1_839' title='bbox 3633 3795 3764 3851; x_wconf 82' lang='lat' dir='ltr'><strong>ergo</strong></span> 
     </span>
    </p>
   </div>
   <div class='ocr_carea' id='block_1_99' title="bbox 2176 3869 3764 3939">
    <p class='ocr_par' dir='ltr' id='par_1_99' title="bbox 2176 3869 3764 3939">
     <span class='ocr_line' id='line_1_99' title="bbox 2176 3869 3764 3939; baseline -0.002 -13"><span class='ocrx_word' id='word_1_840' title='bbox 2176 3870 2316 3937; x_wconf 86' lang='lat' dir='ltr'><strong>ista;</strong></span> <span class='ocrx_word' id='word_1_841' title='bbox 2348 3879 2401 3927; x_wconf 89' lang='lat' dir='ltr'><strong>et</strong></span> <span class='ocrx_word' id='word_1_842' title='bbox 2429 3870 2565 3926; x_wconf 89' lang='lat' dir='ltr'><strong>forte</strong></span> <span class='ocrx_word' id='word_1_843' title='bbox 2592 3870 2691 3924; x_wconf 88' lang='lat' dir='ltr'><strong>hoc</strong></span> <span class='ocrx_word' id='word_1_844' title='bbox 2717 3870 2945 3939; x_wconf 85' lang='lat' dir='ltr'><strong>pertinet</strong></span> <span class='ocrx_word' id='word_1_845' title='bbox 2971 3869 3037 3924; x_wconf 90' lang='lat' dir='ltr'><strong>ad</strong></span> <span class='ocrx_word' id='word_1_846' title='bbox 3062 3869 3227 3924; x_wconf 89' lang='lat' dir='ltr'><strong>illud:</strong></span> <span class='ocrx_word' id='word_1_847' title='bbox 3281 3869 3470 3925; x_wconf 78' lang='lat' dir='ltr'><strong>Servus</strong></span> <span class='ocrx_word' id='word_1_848' title='bbox 3508 3872 3592 3937; x_wconf 86' lang='lat' dir='ltr'><strong>qui</strong></span> <span class='ocrx_word' id='word_1_849' title='bbox 3625 3873 3764 3924; x_wconf 76' lang='lat' dir='ltr'><strong>norit</strong></span> 
     </span>
    </p>
   </div>
   <div class='ocr_carea' id='block_1_100' title="bbox 2175 3946 3767 4033">
    <p class='ocr_par' dir='ltr' id='par_1_100' title="bbox 2175 3946 3767 4033">
     <span class='ocr_line' id='line_1_100' title="bbox 2175 3946 3767 4033; baseline -0.003 -15"><span class='ocrx_word' id='word_1_850' title='bbox 2175 3965 2480 4018; x_wconf 74' lang='lat' dir='ltr'><strong>uoluntatem</strong></span> <span class='ocrx_word' id='word_1_851' title='bbox 2501 3961 2692 4016; x_wconf 85' lang='lat' dir='ltr'><strong>domini</strong></span> <span class='ocrx_word' id='word_1_852' title='bbox 2711 3963 2789 4016; x_wconf 85' lang='lat' dir='ltr'><strong>sui</strong></span> <span class='ocrx_word' id='word_1_853' title='bbox 2811 4002 2826 4027; x_wconf 91' lang='lat'><strong>,</strong></span> <span class='ocrx_word' id='word_1_854' title='bbox 2849 3970 2894 4015; x_wconf 89' lang='lat' dir='ltr'><strong>et</strong></span> <span class='ocrx_word' id='word_1_855' title='bbox 2924 3946 3027 4015; x_wconf 76' lang='grc' dir='ltr'><strong>ηδη</strong></span> <span class='ocrx_word' id='word_1_856' title='bbox 3046 3962 3067 3992; x_wconf 85' lang='grc'>¹</span> <span class='ocrx_word' id='word_1_857' title='bbox 3089 3961 3211 4033; x_wconf 77' lang='lat' dir='ltr'><strong>facit</strong></span> <span class='ocrx_word' id='word_1_858' title='bbox 3240 3961 3395 4033; x_wconf 79' lang='lat' dir='ltr'><strong>digna</strong></span> <span class='ocrx_word' id='word_1_859' title='bbox 3414 4001 3428 4026; x_wconf 93' lang='lat'><strong>,</strong></span> <span class='ocrx_word' id='word_1_860' title='bbox 3471 3962 3633 4032; x_wconf 80' lang='lat' dir='ltr'><strong>plagis</strong></span> <span class='ocrx_word' id='word_1_861' title='bbox 3672 3977 3767 4015; x_wconf 82' lang='lat' dir='ltr'><strong>va-</strong></span> 
     </span>
    </p>
   </div>
   <div class='ocr_carea' id='block_1_101' title="bbox 2179 4051 3769 4127">
    <p class='ocr_par' dir='ltr' id='par_1_101' title="bbox 2179 4051 3769 4127">
     <span class='ocr_line' id='line_1_101' title="bbox 2179 4051 3769 4127; baseline -0.001 -18"><span class='ocrx_word' id='word_1_862' title='bbox 2179 4054 2374 4127; x_wconf 78' lang='lat' dir='ltr'><strong>putabit</strong></span> <span class='ocrx_word' id='word_1_863' title='bbox 2398 4053 2568 4107; x_wconf 83' lang='lat' dir='ltr'><strong>multis</strong></span> <span class='ocrx_word' id='word_1_864' title='bbox 2598 4052 2615 4125; x_wconf 94' lang='lat'>(</span> <span class='ocrx_word' id='word_1_865' title='bbox 2641 4051 2767 4106; x_wconf 84' lang='lat' dir='ltr'><strong>Luc.</strong></span> <span class='ocrx_word' id='word_1_866' title='bbox 2815 4068 2883 4106; x_wconf 77' lang='lat' dir='ltr'><strong>xu</strong></span> <span class='ocrx_word' id='word_1_867' title='bbox 2909 4093 2924 4117; x_wconf 94' lang='lat'><strong>,</strong></span> <span class='ocrx_word' id='word_1_868' title='bbox 2974 4052 3041 4105; x_wconf 69' lang='lat'><strong>47</strong></span> <span class='ocrx_word' id='word_1_869' title='bbox 3067 4093 3082 4117; x_wconf 93' lang='lat'><strong>,</strong></span> <span class='ocrx_word' id='word_1_870' title='bbox 3122 4051 3254 4122; x_wconf 74' lang='lat'><strong>48).</strong></span> <span class='ocrx_word' id='word_1_871' title='bbox 3298 4051 3353 4106; x_wconf 88' lang='lat' dir='ltr'><strong>lu</strong></span> <span class='ocrx_word' id='word_1_872' title='bbox 3399 4051 3580 4106; x_wconf 91' lang='lat' dir='ltr'><strong>multis</strong></span> <span class='ocrx_word' id='word_1_873' title='bbox 3618 4052 3769 4107; x_wconf 82' lang='lat' dir='ltr'><strong>enim</strong></span> 
     </span>
    </p>
   </div>
   <div class='ocr_carea' id='block_1_102' title="bbox 2179 4142 3772 4215">
    <p class='ocr_par' dir='ltr' id='par_1_102' title="bbox 2179 4142 3772 4215">
     <span class='ocr_line' id='line_1_102' title="bbox 2179 4142 3772 4215; baseline 0 -16"><span class='ocrx_word' id='word_1_874' title='bbox 2179 4153 2433 4215; x_wconf 90' lang='lat' dir='ltr'><strong>quantum</strong></span> <span class='ocrx_word' id='word_1_875' title='bbox 2465 4144 2618 4198; x_wconf 86' lang='lat' dir='ltr'><strong>nobis</strong></span> <span class='ocrx_word' id='word_1_876' title='bbox 2651 4143 2936 4197; x_wconf 83' lang='lat' dir='ltr'><strong>innotescit</strong></span> <span class='ocrx_word' id='word_1_877' title='bbox 2967 4143 3207 4197; x_wconf 83' lang='lat' dir='ltr'><strong>voluntas</strong></span> <span class='ocrx_word' id='word_1_878' title='bbox 3235 4142 3367 4210; x_wconf 88' lang='lat' dir='ltr'><strong>Dei,</strong></span> <span class='ocrx_word' id='word_1_879' title='bbox 3394 4144 3552 4198; x_wconf 90' lang='lat' dir='ltr'><strong>etiam</strong></span> <span class='ocrx_word' id='word_1_880' title='bbox 3584 4152 3772 4199; x_wconf 86' lang='lat' dir='ltr'><strong>reatus</strong></span> 
     </span>
    </p>
   </div>
   <div class='ocr_carea' id='block_1_103' title="bbox 2181 4232 3773 4303">
    <p class='ocr_par' dir='ltr' id='par_1_103' title="bbox 2181 4232 3773 4303">
     <span class='ocr_line' id='line_1_103' title="bbox 2181 4232 3773 4303; baseline 0 -14"><span class='ocrx_word' id='word_1_881' title='bbox 2181 4248 2365 4290; x_wconf 87' lang='lat' dir='ltr'><strong>noster</strong></span> <span class='ocrx_word' id='word_1_882' title='bbox 2391 4235 2675 4289; x_wconf 76' lang='lat' dir='ltr'><strong>inualescit</strong></span> <span class='ocrx_word' id='word_1_883' title='bbox 2703 4234 2857 4288; x_wconf 86' lang='lat' dir='ltr'><strong>nobis</strong></span> <span class='ocrx_word' id='word_1_884' title='bbox 2881 4251 2895 4299; x_wconf 88' lang='lat'><strong>;</strong></span> <span class='ocrx_word' id='word_1_885' title='bbox 2922 4244 2974 4288; x_wconf 91' lang='lat' dir='ltr'><strong>et</strong></span> <span class='ocrx_word' id='word_1_886' title='bbox 2997 4243 3195 4303; x_wconf 88' lang='lat' dir='ltr'><strong>quanto</strong></span> <span class='ocrx_word' id='word_1_887' title='bbox 3235 4232 3325 4289; x_wconf 92' lang='lat' dir='ltr'><strong>ille</strong></span> <span class='ocrx_word' id='word_1_888' title='bbox 3366 4233 3518 4289; x_wconf 89' lang='lat' dir='ltr'><strong>nobis</strong></span> <span class='ocrx_word' id='word_1_889' title='bbox 3556 4235 3773 4289; x_wconf 83' lang='lat' dir='ltr'><strong>innote-</strong></span> 
     </span>
    </p>
   </div>
   <div class='ocr_carea' id='block_1_104' title="bbox 2181 4325 3773 4398">
    <p class='ocr_par' dir='ltr' id='par_1_104' title="bbox 2181 4325 3773 4398">
     <span class='ocr_line' id='line_1_104' title="bbox 2181 4325 3773 4398; baseline 0 -15"><span class='ocrx_word' id='word_1_890' title='bbox 2181 4328 2321 4393; x_wconf 89' lang='lat' dir='ltr'><strong>scit,</strong></span> <span class='ocrx_word' id='word_1_891' title='bbox 2355 4336 2502 4382; x_wconf 88' lang='lat' dir='ltr'><strong>tanto</strong></span> <span class='ocrx_word' id='word_1_892' title='bbox 2533 4326 2648 4395; x_wconf 90' lang='lat' dir='ltr'><strong>plus</strong></span> <span class='ocrx_word' id='word_1_893' title='bbox 2680 4327 2816 4381; x_wconf 90' lang='lat' dir='ltr'><strong>imus</strong></span> <span class='ocrx_word' id='word_1_894' title='bbox 2843 4327 2894 4379; x_wconf 89' lang='lat' dir='ltr'><strong>in</strong></span> <span class='ocrx_word' id='word_1_895' title='bbox 2927 4325 3082 4381; x_wconf 84' lang='lat' dir='ltr'><strong>ﬂetus</strong></span> <span class='ocrx_word' id='word_1_896' title='bbox 3111 4335 3167 4381; x_wconf 91' lang='lat' dir='ltr'><strong>et</strong></span> <span class='ocrx_word' id='word_1_897' title='bbox 3193 4327 3474 4398; x_wconf 86' lang='lat' dir='ltr'><strong>lacrymas.</strong></span> <span class='ocrx_word' id='word_1_898' title='bbox 3511 4326 3773 4383; x_wconf 76' lang='lat' dir='ltr'><strong>Videmus</strong></span> 
     </span>
    </p>
   </div>
   <div class='ocr_carea' id='block_1_105' title="bbox 2185 4414 3773 4487">
    <p class='ocr_par' dir='ltr' id='par_1_105' title="bbox 2185 4414 3773 4487">
     <span class='ocr_line' id='line_1_105' title="bbox 2185 4414 3773 4487; baseline -0.003 -14"><span class='ocrx_word' id='word_1_899' title='bbox 2185 4419 2326 4473; x_wconf 90' lang='lat' dir='ltr'><strong>enim</strong></span> <span class='ocrx_word' id='word_1_900' title='bbox 2352 4432 2507 4487; x_wconf 88' lang='lat' dir='ltr'><strong>quam</strong></span> <span class='ocrx_word' id='word_1_901' title='bbox 2540 4415 2829 4486; x_wconf 83' lang='lat' dir='ltr'><strong>sitjnstum</strong></span> <span class='ocrx_word' id='word_1_902' title='bbox 2875 4415 3018 4485; x_wconf 92' lang='lat' dir='ltr'><strong>quod</strong></span> <span class='ocrx_word' id='word_1_903' title='bbox 3059 4414 3124 4470; x_wconf 91' lang='lat' dir='ltr'><strong>de</strong></span> <span class='ocrx_word' id='word_1_904' title='bbox 3168 4416 3320 4471; x_wconf 91' lang='lat' dir='ltr'><strong>nobis</strong></span> <span class='ocrx_word' id='word_1_905' title='bbox 3362 4417 3540 4487; x_wconf 78' lang='lat' dir='ltr'><strong>exigat</strong></span> <span class='ocrx_word' id='word_1_906' title='bbox 3583 4416 3722 4471; x_wconf 89' lang='lat' dir='ltr'><strong>Deus</strong></span> <span class='ocrx_word' id='word_1_907' title='bbox 3750 4458 3773 4485; x_wconf 88' lang='lat'><strong>,</strong></span> 
     </span>
    </p>
   </div>
   <div class='ocr_carea' id='block_1_106' title="bbox 2181 4506 3773 4581">
    <p class='ocr_par' dir='ltr' id='par_1_106' title="bbox 2181 4506 3773 4581">
     <span class='ocr_line' id='line_1_106' title="bbox 2181 4506 3773 4581; baseline -0.003 -14"><span class='ocrx_word' id='word_1_908' title='bbox 2181 4511 2236 4567; x_wconf 83' lang='lat' dir='ltr'><strong>in</strong></span> <span class='ocrx_word' id='word_1_909' title='bbox 2283 4518 2478 4581; x_wconf 87' lang='lat' dir='ltr'><strong>quanta</strong></span> <span class='ocrx_word' id='word_1_910' title='bbox 2517 4508 2688 4563; x_wconf 87' lang='lat' dir='ltr'><strong>adhuc</strong></span> <span class='ocrx_word' id='word_1_911' title='bbox 2732 4508 3129 4576; x_wconf 87' lang='lat' dir='ltr'><strong>itnperfectione</strong></span> <span class='ocrx_word' id='word_1_912' title='bbox 3156 4508 3468 4578; x_wconf 85' lang='lat' dir='ltr'><strong>jaceamus;</strong></span> <span class='ocrx_word' id='word_1_913' title='bbox 3514 4516 3570 4563; x_wconf 86' lang='lat' dir='ltr'><strong>et</strong></span> <span class='ocrx_word' id='word_1_914' title='bbox 3607 4506 3664 4562; x_wconf 80' lang='lat' dir='ltr'><strong>fit</strong></span> <span class='ocrx_word' id='word_1_915' title='bbox 3711 4508 3773 4563; x_wconf 84' lang='lat' dir='ltr'><strong>in</strong></span> 
     </span>
    </p>
   </div>
   <div class='ocr_carea' id='block_1_107' title="bbox 2185 4599 3769 4671">
    <p class='ocr_par' dir='ltr' id='par_1_107' title="bbox 2185 4599 3769 4671">
     <span class='ocr_line' id='line_1_107' title="bbox 2185 4599 3769 4671; baseline -0.003 -15"><span class='ocrx_word' id='word_1_916' title='bbox 2185 4600 2340 4656; x_wconf 89' lang='lat' dir='ltr'><strong>nobis</strong></span> <span class='ocrx_word' id='word_1_917' title='bbox 2366 4599 2506 4670; x_wconf 86' lang='lat' dir='ltr'><strong>quod</strong></span> <span class='ocrx_word' id='word_1_918' title='bbox 2534 4599 2733 4654; x_wconf 88' lang='lat' dir='ltr'><strong>dictum</strong></span> <span class='ocrx_word' id='word_1_919' title='bbox 2763 4608 2844 4654; x_wconf 86' lang='lat' dir='ltr'><strong>est</strong></span> <span class='ocrx_word' id='word_1_920' title='bbox 2876 4617 2889 4652; x_wconf 89' lang='lat'>:</span> <span class='ocrx_word' id='word_1_921' title='bbox 2926 4599 3025 4666; x_wconf 86' lang='lat' dir='ltr'><strong>Qui</strong></span> <span class='ocrx_word' id='word_1_922' title='bbox 3045 4600 3255 4671; x_wconf 82' lang='lat' dir='ltr'><strong>apponit</strong></span> <span class='ocrx_word' id='word_1_923' title='bbox 3272 4599 3532 4654; x_wconf 83' lang='lat' dir='ltr'><strong>scientiam</strong></span> <span class='ocrx_word' id='word_1_924' title='bbox 3557 4639 3572 4664; x_wconf 94' lang='lat'><strong>,</strong></span> <span class='ocrx_word' id='word_1_925' title='bbox 3600 4616 3769 4671; x_wconf 56' lang='lat' dir='ltr'><strong>appou-</strong></span> 
     </span>
    </p>
   </div>
   <div class='ocr_carea' id='block_1_108' title="bbox 2186 4687 3773 4760">
    <p class='ocr_par' dir='ltr' id='par_1_108' title="bbox 2186 4687 3773 4760">
     <span class='ocr_line' id='line_1_108' title="bbox 2186 4687 3773 4760; baseline -0.002 -15"><span class='ocrx_word' id='word_1_926' title='bbox 2186 4691 2259 4745; x_wconf 85' lang='lat' dir='ltr'><strong>nit</strong></span> <span class='ocrx_word' id='word_1_927' title='bbox 2285 4690 2511 4745; x_wconf 87' lang='lat' dir='ltr'><strong>dolorem</strong></span> <span class='ocrx_word' id='word_1_928' title='bbox 2536 4688 2555 4760; x_wconf 96' lang='lat'>(</span> <span class='ocrx_word' id='word_1_929' title='bbox 2584 4688 2751 4743; x_wconf 82' lang='lat' dir='ltr'><strong>Eccle.</strong></span> <span class='ocrx_word' id='word_1_930' title='bbox 2783 4704 2838 4752; x_wconf 80' lang='grc' dir='ltr'><strong>ι,</strong></span> <span class='ocrx_word' id='word_1_931' title='bbox 2870 4687 3000 4760; x_wconf 90' lang='grc'><strong>18).</strong></span> <span class='ocrx_word' id='word_1_932' title='bbox 3039 4688 3175 4743; x_wconf 84' lang='lat' dir='ltr'><strong>Ecce</strong></span> <span class='ocrx_word' id='word_1_933' title='bbox 3218 4688 3450 4743; x_wconf 86' lang='lat' dir='ltr'><strong>abundet</strong></span> <span class='ocrx_word' id='word_1_934' title='bbox 3477 4688 3530 4743; x_wconf 92' lang='lat' dir='ltr'><strong>in</strong></span> <span class='ocrx_word' id='word_1_935' title='bbox 3563 4697 3615 4744; x_wconf 91' lang='lat' dir='ltr'><strong>te</strong></span> <span class='ocrx_word' id='word_1_936' title='bbox 3642 4689 3773 4742; x_wconf 77' lang='lat' dir='ltr'><strong>cha-</strong></span> 
     </span>
    </p>
   </div>
   <div class='ocr_carea' id='block_1_109' title="bbox 2185 4778 3774 4852">
    <p class='ocr_par' dir='ltr' id='par_1_109' title="bbox 2185 4778 3774 4852">
     <span class='ocr_line' id='line_1_109' title="bbox 2185 4778 3774 4852; baseline -0.001 -15"><span class='ocrx_word' id='word_1_937' title='bbox 2185 4781 2315 4837; x_wconf 85' lang='lat' dir='ltr'><strong>ritas</strong></span> <span class='ocrx_word' id='word_1_938' title='bbox 2340 4822 2354 4844; x_wconf 91' lang='lat'><strong>,</strong></span> <span class='ocrx_word' id='word_1_939' title='bbox 2395 4780 2515 4852; x_wconf 89' lang='lat' dir='ltr'><strong>plus</strong></span> <span class='ocrx_word' id='word_1_940' title='bbox 2543 4778 2745 4836; x_wconf 87' lang='lat' dir='ltr'><strong>dolebis</strong></span> <span class='ocrx_word' id='word_1_941' title='bbox 2777 4790 3104 4849; x_wconf 79' lang='lat' dir='ltr'><strong>peccantem.</strong></span> <span class='ocrx_word' id='word_1_942' title='bbox 3148 4779 3360 4847; x_wconf 86' lang='lat' dir='ltr'><strong>Quanto</strong></span> <span class='ocrx_word' id='word_1_943' title='bbox 3401 4779 3454 4833; x_wconf 92' lang='lat' dir='ltr'><strong>in</strong></span> <span class='ocrx_word' id='word_1_944' title='bbox 3505 4788 3559 4835; x_wconf 88' lang='lat' dir='ltr'><strong>te</strong></span> <span class='ocrx_word' id='word_1_945' title='bbox 3597 4780 3774 4849; x_wconf 71' lang='lat' dir='ltr'><strong>majus</strong></span> 
     </span>
    </p>
   </div>
   <div class='ocr_carea' id='block_1_110' title="bbox 2187 4871 3781 4942">
    <p class='ocr_par' dir='ltr' id='par_1_110' title="bbox 2187 4871 3781 4942">
     <span class='ocr_line' id='line_1_110' title="bbox 2187 4871 3781 4942; baseline -0.001 -13"><span class='ocrx_word' id='word_1_946' title='bbox 2187 4873 2420 4929; x_wconf 73' lang='lat' dir='ltr'><strong>Charitas</strong></span> <span class='ocrx_word' id='word_1_947' title='bbox 2450 4880 2530 4928; x_wconf 87' lang='lat' dir='ltr'><strong>est</strong></span> <span class='ocrx_word' id='word_1_948' title='bbox 2553 4914 2569 4940; x_wconf 92' lang='lat'><strong>,</strong></span> <span class='ocrx_word' id='word_1_949' title='bbox 2600 4880 2745 4926; x_wconf 83' lang='lat' dir='ltr'><strong>tanto</strong></span> <span class='ocrx_word' id='word_1_950' title='bbox 2770 4871 2995 4940; x_wconf 89' lang='lat' dir='ltr'><strong>amplius</strong></span> <span class='ocrx_word' id='word_1_951' title='bbox 3033 4879 3084 4925; x_wconf 92' lang='lat' dir='ltr'><strong>te</strong></span> <span class='ocrx_word' id='word_1_952' title='bbox 3130 4872 3396 4942; x_wconf 90' lang='lat' dir='ltr'><strong>torquebit</strong></span> <span class='ocrx_word' id='word_1_953' title='bbox 3433 4886 3592 4941; x_wconf 90' lang='lat' dir='ltr'><strong>quem</strong></span> <span class='ocrx_word' id='word_1_954' title='bbox 3636 4871 3781 4927; x_wconf 81' lang='lat' dir='ltr'><strong>tule-</strong></span> 
     </span>
    </p>
   </div>
   <div class='ocr_carea' id='block_1_111' title="bbox 2186 4961 3780 5035">
    <p class='ocr_par' dir='ltr' id='par_1_111' title="bbox 2186 4961 3780 5035">
     <span class='ocr_line' id='line_1_111' title="bbox 2186 4961 3780 5035; baseline -0.002 -15"><span class='ocrx_word' id='word_1_955' title='bbox 2186 4980 2274 5020; x_wconf 89' lang='lat' dir='ltr'><strong>ras</strong></span> <span class='ocrx_word' id='word_1_956' title='bbox 2305 4984 2318 5020; x_wconf 89' lang='lat'><strong>:</strong></span> <span class='ocrx_word' id='word_1_957' title='bbox 2349 4979 2453 5020; x_wconf 90' lang='lat' dir='ltr'><strong>non</strong></span> <span class='ocrx_word' id='word_1_958' title='bbox 2487 4963 2752 5035; x_wconf 89' lang='lat' dir='ltr'><strong>torquebit</strong></span> <span class='ocrx_word' id='word_1_959' title='bbox 2783 4971 3031 5032; x_wconf 88' lang='lat' dir='ltr'><strong>tanquam</strong></span> <span class='ocrx_word' id='word_1_960' title='bbox 3064 4962 3378 5018; x_wconf 84' lang='lat' dir='ltr'><strong>irascentem</strong></span> <span class='ocrx_word' id='word_1_961' title='bbox 3399 4961 3475 5017; x_wconf 91' lang='lat' dir='ltr'><strong>illi</strong></span> <span class='ocrx_word' id='word_1_962' title='bbox 3499 5004 3515 5030; x_wconf 90' lang='lat'><strong>,</strong></span> <span class='ocrx_word' id='word_1_963' title='bbox 3539 4961 3633 5017; x_wconf 89' lang='lat' dir='ltr'><strong>sed</strong></span> <span class='ocrx_word' id='word_1_964' title='bbox 3663 4971 3780 5017; x_wconf 87' lang='lat' dir='ltr'><strong>tau-</strong></span> 
     </span>
    </p>
   </div>
   <div class='ocr_carea' id='block_1_112' title="bbox 2187 5053 2897 5127">
    <p class='ocr_par' dir='ltr' id='par_1_112' title="bbox 2187 5053 2897 5127">
     <span class='ocr_line' id='line_1_112' title="bbox 2187 5053 2897 5127; baseline -0.006 -18"><span class='ocrx_word' id='word_1_965' title='bbox 2187 5071 2345 5127; x_wconf 86' lang='lat' dir='ltr'><strong>quam</strong></span> <span class='ocrx_word' id='word_1_966' title='bbox 2370 5055 2638 5111; x_wconf 88' lang='lat' dir='ltr'><strong>dolentem</strong></span> <span class='ocrx_word' id='word_1_967' title='bbox 2667 5069 2760 5124; x_wconf 93' lang='lat' dir='ltr'><strong>pro</strong></span> <span class='ocrx_word' id='word_1_968' title='bbox 2787 5053 2897 5109; x_wconf 93' lang='lat' dir='ltr'><strong>illo.</strong></span> 
     </span>
    </p>
   </div>
   <div class='ocr_carea' id='block_1_113' title="bbox 2260 5142 3785 5214">
    <p class='ocr_par' dir='ltr' id='par_1_113' title="bbox 2260 5142 3785 5214">
     <span class='ocr_line' id='line_1_113' title="bbox 2260 5142 3785 5214; baseline -0.004 -12"><span class='ocrx_word' id='word_1_969' title='bbox 2260 5146 2348 5202; x_wconf 83' lang='grc'><strong>15.</strong></span> <span class='ocrx_word' id='word_1_970' title='bbox 2394 5145 2523 5201; x_wconf 78' lang='lat' dir='ltr'><strong>Vide</strong></span> <span class='ocrx_word' id='word_1_971' title='bbox 2542 5145 2761 5201; x_wconf 90' lang='lat' dir='ltr'><strong>Paulum</strong></span> <span class='ocrx_word' id='word_1_972' title='bbox 2781 5144 3099 5214; x_wconf 86' lang='lat' dir='ltr'><strong>apostolum,</strong></span> <span class='ocrx_word' id='word_1_973' title='bbox 3118 5142 3242 5214; x_wconf 89' lang='lat' dir='ltr'><strong>quid</strong></span> <span class='ocrx_word' id='word_1_974' title='bbox 3265 5143 3591 5214; x_wconf 86' lang='lat' dir='ltr'><strong>patiebatur;</strong></span> <span class='ocrx_word' id='word_1_975' title='bbox 3616 5142 3744 5197; x_wconf 75' lang='lat' dir='ltr'><strong>vide</strong></span> <span class='ocrx_word' id='word_1_976' title='bbox 3760 5147 3785 5178; x_wconf 81' lang='grc'>³</span> 
     </span>
    </p>
   </div>
   <div class='ocr_carea' id='block_1_114' title="bbox 2189 5232 3790 5310">
    <p class='ocr_par' dir='ltr' id='par_1_114' title="bbox 2189 5232 3790 5310">
     <span class='ocr_line' id='line_1_114' title="bbox 2189 5232 3790 5310; baseline -0.003 -17"><span class='ocrx_word' id='word_1_977' title='bbox 2189 5239 2308 5309; x_wconf 89' lang='lat' dir='ltr'><strong>quis</strong></span> <span class='ocrx_word' id='word_1_978' title='bbox 2334 5237 2458 5310; x_wconf 89' lang='lat' dir='ltr'><strong>quid</strong></span> <span class='ocrx_word' id='word_1_979' title='bbox 2492 5237 2825 5308; x_wconf 83' lang='lat' dir='ltr'><strong>patiebatur:</strong></span> <span class='ocrx_word' id='word_1_980' title='bbox 2857 5234 3052 5291; x_wconf 73' lang='lat' dir='ltr'><strong>Prwter</strong></span> <span class='ocrx_word' id='word_1_981' title='bbox 3081 5234 3194 5302; x_wconf 84' lang='lat' dir='ltr'><strong>illa,</strong></span> <span class='ocrx_word' id='word_1_982' title='bbox 3230 5235 3414 5305; x_wconf 87' lang='lat' dir='ltr'><strong>inquit,</strong></span> <span class='ocrx_word' id='word_1_983' title='bbox 3438 5232 3561 5305; x_wconf 68' lang='lat' dir='ltr'><strong>quae</strong></span> <span class='ocrx_word' id='word_1_984' title='bbox 3583 5236 3790 5289; x_wconf 60' lang='lat' dir='ltr'><strong>exhin-</strong></span> 
     </span>
    </p>
   </div>
   <div class='ocr_carea' id='block_1_115' title="bbox 2188 5328 3790 5402">
    <p class='ocr_par' dir='ltr' id='par_1_115' title="bbox 2188 5328 3790 5402">
     <span class='ocr_line' id='line_1_115' title="bbox 2188 5328 3790 5402; baseline -0.002 -15"><span class='ocrx_word' id='word_1_985' title='bbox 2188 5349 2328 5387; x_wconf 84' lang='lat' dir='ltr'><strong>secus</strong></span> <span class='ocrx_word' id='word_1_986' title='bbox 2351 5341 2467 5387; x_wconf 83' lang='lat' dir='ltr'><strong>suut</strong></span> <span class='ocrx_word' id='word_1_987' title='bbox 2494 5329 2648 5402; x_wconf 81' lang='lat' dir='ltr'><strong>(dixit</strong></span> <span class='ocrx_word' id='word_1_988' title='bbox 2671 5330 2811 5387; x_wconf 90' lang='lat' dir='ltr'><strong>enim</strong></span> <span class='ocrx_word' id='word_1_989' title='bbox 2840 5329 2999 5384; x_wconf 89' lang='lat' dir='ltr'><strong>multa</strong></span> <span class='ocrx_word' id='word_1_990' title='bbox 3036 5344 3154 5399; x_wconf 60' lang='lat' dir='ltr'><strong>quxe</strong></span> <span class='ocrx_word' id='word_1_991' title='bbox 3185 5328 3504 5399; x_wconf 87' lang='lat' dir='ltr'><strong>patiebatur,</strong></span> <span class='ocrx_word' id='word_1_992' title='bbox 3533 5338 3588 5382; x_wconf 89' lang='lat' dir='ltr'><strong>ct</strong></span> <span class='ocrx_word' id='word_1_993' title='bbox 3612 5329 3790 5396; x_wconf 72' lang='grc' dir='ltr'><strong>οωρῑι</strong></span> 
     </span>
    </p>
   </div>
   <div class='ocr_carea' id='block_1_116' title="bbox 2191 5420 3783 5493">
    <p class='ocr_par' dir='ltr' id='par_1_116' title="bbox 2191 5420 3783 5493">
     <span class='ocr_line' id='line_1_116' title="bbox 2191 5420 3783 5493; baseline -0.005 -14"><span class='ocrx_word' id='word_1_994' title='bbox 2191 5425 2369 5481; x_wconf 88' lang='lat' dir='ltr'><strong>dicere</strong></span> <span class='ocrx_word' id='word_1_995' title='bbox 2413 5424 2687 5490; x_wconf 87' lang='lat' dir='ltr'><strong>interiora,</strong></span> <span class='ocrx_word' id='word_1_996' title='bbox 2717 5431 2911 5493; x_wconf 64' lang='lat' dir='ltr'><strong>prsctcr</strong></span> <span class='ocrx_word' id='word_1_997' title='bbox 2939 5421 3028 5476; x_wconf 90' lang='lat' dir='ltr'><strong>illa</strong></span> <span class='ocrx_word' id='word_1_998' title='bbox 3068 5435 3186 5491; x_wconf 65' lang='lat' dir='ltr'><strong>quae</strong></span> <span class='ocrx_word' id='word_1_999' title='bbox 3223 5420 3557 5476; x_wconf 82' lang='lat' dir='ltr'><strong>extrinsecus</strong></span> <span class='ocrx_word' id='word_1_1000' title='bbox 3598 5429 3783 5484; x_wconf 81' lang='lat' dir='ltr'><strong>erant,</strong></span> 
     </span>
    </p>
   </div>
   <div class='ocr_carea' id='block_1_117' title="bbox 2218 5586 3785 5670">
    <p class='ocr_par' dir='ltr' id='par_1_117' title="bbox 2218 5586 3785 5670">
     <span class='ocr_line' id='line_1_117' title="bbox 2218 5586 3785 5670; baseline -0.001 -25"><span class='ocrx_word' id='word_1_1001' title='bbox 2218 5660 2228 5670; x_wconf 45' lang='lat'>.</span> <span class='ocrx_word' id='word_1_1002' title='bbox 2251 5599 2282 5670; x_wconf 37' lang='grc' dir='ltr'><strong>,ι’</strong></span> <span class='ocrx_word' id='word_1_1003' title='bbox 2299 5586 2502 5670; x_wconf 63' lang='lat' dir='ltr'><strong>sicMss.</strong></span> <span class='ocrx_word' id='word_1_1004' title='bbox 2525 5605 2579 5647; x_wconf 78' lang='lat' dir='ltr'><strong>At</strong></span> <span class='ocrx_word' id='word_1_1005' title='bbox 2601 5597 2732 5657; x_wconf 57' lang='grc' dir='ltr'><strong>ιω,</strong></span> <span class='ocrx_word' id='word_1_1006' title='bbox 2758 5596 2843 5647; x_wconf 86' lang='lat' dir='ltr'><strong>sed</strong></span> <span class='ocrx_word' id='word_1_1007' title='bbox 2868 5596 2950 5658; x_wconf 58' lang='lat' dir='ltr'><strong>qui</strong></span> <span class='ocrx_word' id='word_1_1008' title='bbox 2965 5592 3214 5660; x_wconf 77' lang='lat' dir='ltr'><strong>proﬁcitis.</strong></span> <span class='ocrx_word' id='word_1_1009' title='bbox 3245 5604 3383 5644; x_wconf 52' lang='lat' dir='ltr'><strong>[verte</strong></span> <span class='ocrx_word' id='word_1_1010' title='bbox 3406 5591 3644 5644; x_wconf 73' lang='lat' dir='ltr'><strong>vindictas</strong></span> <span class='ocrx_word' id='word_1_1011' title='bbox 3661 5607 3785 5656; x_wconf 73' lang='lat' dir='ltr'><strong>quo-</strong></span> 
     </span>
    </p>
   </div>
   <div class='ocr_carea' id='block_1_118' title="bbox 2190 5659 3790 5781">
    <p class='ocr_par' dir='ltr' id='par_1_118' title="bbox 2190 5659 3790 5781">
     <span class='ocr_line' id='line_1_118' title="bbox 2190 5659 3790 5781; baseline -0.004 -11"><span class='ocrx_word' id='word_1_1012' title='bbox 2190 5659 2480 5781; x_wconf 62' lang='lat' dir='ltr'><strong>M’w</strong></span> <span class='ocrx_word' id='word_1_1013' title='bbox 2507 5728 2587 5769; x_wconf 80' lang='lat' dir='ltr'><strong>MS.</strong></span> <span class='ocrx_word' id='word_1_1014' title='bbox 2607 5718 3026 5781; x_wconf 11' lang='lat' dir='ltr'><strong>aarctgparticula,</strong></span> <span class='ocrx_word' id='word_1_1015' title='bbox 3050 5730 3190 5781; x_wconf 71' lang='lat' dir='ltr'><strong>non:</strong></span> <span class='ocrx_word' id='word_1_1016' title='bbox 3213 5716 3301 5781; x_wconf 82' lang='lat' dir='ltr'><strong>sed</strong></span> <span class='ocrx_word' id='word_1_1017' title='bbox 3336 5729 3447 5781; x_wconf 59' lang='lat' dir='ltr'><strong>eam</strong></span> <span class='ocrx_word' id='word_1_1018' title='bbox 3491 5716 3567 5781; x_wconf 82' lang='lat' dir='ltr'><strong>hic</strong></span> <span class='ocrx_word' id='word_1_1019' title='bbox 3591 5717 3790 5768; x_wconf 70' lang='lat' dir='ltr'><strong>habent</strong></span> 
     </span>
    </p>
   </div>
   <div class='ocr_carea' id='block_1_119' title="bbox 2194 5777 3790 5842">
    <p class='ocr_par' dir='ltr' id='par_1_119' title="bbox 2194 5777 3790 5842">
     <span class='ocr_line' id='line_1_119' title="bbox 2194 5777 3790 5842; baseline -0.003 -10"><span class='ocrx_word' id='word_1_1020' title='bbox 2194 5785 2360 5832; x_wconf 71' lang='lat' dir='ltr'><strong>cmteri</strong></span> <span class='ocrx_word' id='word_1_1021' title='bbox 2384 5777 2511 5840; x_wconf 65' lang='lat' dir='ltr'><strong>libri,</strong></span> <span class='ocrx_word' id='word_1_1022' title='bbox 2539 5783 2682 5831; x_wconf 89' lang='lat' dir='ltr'><strong>etiam</strong></span> <span class='ocrx_word' id='word_1_1023' title='bbox 2708 5777 2853 5840; x_wconf 82' lang='lat' dir='ltr'><strong>editi;</strong></span> <span class='ocrx_word' id='word_1_1024' title='bbox 2885 5782 3084 5842; x_wconf 87' lang='lat' dir='ltr'><strong>jamque</strong></span> <span class='ocrx_word' id='word_1_1025' title='bbox 3108 5779 3212 5828; x_wconf 83' lang='lat' dir='ltr'><strong>aliis</strong></span> <span class='ocrx_word' id='word_1_1026' title='bbox 3258 5778 3373 5828; x_wconf 85' lang='lat' dir='ltr'><strong>locis</strong></span> <span class='ocrx_word' id='word_1_1027' title='bbox 3418 5777 3638 5827; x_wconf 78' lang='lat' dir='ltr'><strong>eamdem</strong></span> <span class='ocrx_word' id='word_1_1028' title='bbox 3669 5792 3790 5827; x_wconf 56' lang='lat' dir='ltr'><strong>seu-</strong></span> 
     </span>
    </p>
   </div>
   <div class='ocr_carea' id='block_1_120' title="bbox 2198 5843 3118 5894">
    <p class='ocr_par' dir='ltr' id='par_1_120' title="bbox 2198 5843 3118 5894">
     <span class='ocr_line' id='line_1_120' title="bbox 2198 5843 3118 5894; baseline -0.009 -1"><span class='ocrx_word' id='word_1_1029' title='bbox 2198 5847 2396 5894; x_wconf 85' lang='lat' dir='ltr'><strong>tentiam</strong></span> <span class='ocrx_word' id='word_1_1030' title='bbox 2419 5845 2481 5892; x_wconf 88' lang='lat' dir='ltr'><strong>ita</strong></span> <span class='ocrx_word' id='word_1_1031' title='bbox 2501 5844 2639 5891; x_wconf 82' lang='lat' dir='ltr'><strong>nobis</strong></span> <span class='ocrx_word' id='word_1_1032' title='bbox 2662 5843 2991 5890; x_wconf 72' lang='lat' dir='ltr'><strong>exhilnternut</strong></span> <span class='ocrx_word' id='word_1_1033' title='bbox 3018 5850 3118 5887; x_wconf 68' lang='lat' dir='ltr'><strong>Mss.</strong></span> 
     </span>
    </p>
   </div>
   <div class='ocr_carea' id='block_1_121' title="bbox 2265 5903 3009 5970">
    <p class='ocr_par' dir='ltr' id='par_1_121' title="bbox 2265 5903 3009 5970">
     <span class='ocr_line' id='line_1_121' title="bbox 2265 5903 3009 5970; baseline -0.007 -15"><span class='ocrx_word' id='word_1_1034' title='bbox 2265 5909 2284 5939; x_wconf 81' lang='grc'>³</span> <span class='ocrx_word' id='word_1_1035' title='bbox 2305 5923 2375 5957; x_wconf 54' lang='grc' dir='ltr'><strong>μιν</strong></span> <span class='ocrx_word' id='word_1_1036' title='bbox 2401 5915 2512 5970; x_wconf 75' lang='lat' dir='ltr'><strong>ltcg.</strong></span> <span class='ocrx_word' id='word_1_1037' title='bbox 2544 5914 2617 5953; x_wconf 58' lang='grc' dir='ltr'><strong>ης.</strong></span> <span class='ocrx_word' id='word_1_1038' title='bbox 2646 5913 2697 5953; x_wconf 68' lang='lat' dir='ltr'><strong>At</strong></span> <span class='ocrx_word' id='word_1_1039' title='bbox 2722 5903 2852 5962; x_wconf 58' lang='lat' dir='ltr'><strong>illd,</strong></span> <span class='ocrx_word' id='word_1_1040' title='bbox 2882 5904 3009 5951; x_wconf 58' lang='lat' dir='ltr'><strong>tam.</strong></span> 
     </span>
    </p>
   </div>
  </div>
