4012 6202
285 377 430 433 1269
1361 364 1754 422 ENARRATIO
1793 364 1857 422 lN
1896 363 2217 420 PSALMUM
2257 364 2486 421 XCVIII.

279 506 404 561 qua!
429 486 732 557 patiebatur
753 505 786 538 a
807 483 961 539 malis
988 481 1414 558 persecutoribus
1441 480 1682 549 Christi),
1705 481 1877 532 incur-

282 598 371 632 sus
403 578 452 631 in
482 593 560 629 me
588 575 932 644 quotidianus,
956 572 1240 627 sollicitudo
1269 572 1492 626 omnium
1519 569 1878 624 Ecclesiurum.

287 670 357 723 Et
387 669 504 722 vide
539 667 714 737 qualis
755 664 1074 729 sollicitudo,
1107 679 1266 733 quam
1300 673 1537 733 paterna,
1575 676 1732 730 quam
1770 675 1884 714 ma-

288 771 438 813 terna
461 775 477 822 ;
510 758 685 811 videte
705 755 971 827 quomodo
999 754 1302 809 caedebatur
1321 795 1336 818 ,
1364 763 1422 808 ut
1446 751 1799 806 vindicaretur
1830 750 1882 803 in

290 866 483 906 omnes
513 849 824 904 affectiones
863 849 979 916 ejus
1007 863 1020 900 ε
1050 846 1287 900 dicemus
1333 855 1386 901 et
1412 845 1721 899 affectiones
1748 843 1882 912 ejus.

293 942 348 995 in
391 956 526 1011 quas
559 938 862 994 vindicabat
904 939 1065 994 Deus.
1095 938 1218 1005 Quis
1256 938 1564 1007 inﬁrmatur,
1612 934 1801 1004 inquit,
1842 941 1888 987 et

291 1049 397 1083 mm
424 1048 518 1101 ego
547 1030 822 1099 inﬁrmor?
859 1031 970 1100 quis
997 1025 1394 1092 scandalizatur,
1443 1036 1490 1082 et
1524 1042 1614 1097 ego
1641 1042 1742 1078 non
1769 1040 1890 1078 uror

297 1121 364 1192 (ll
391 1121 511 1174 Cor.
545 1137 624 1186 XI,
668 1119 758 1184 28,
795 1118 926 1193 29)?
971 1120 1181 1195 Quanto
1229 1119 1397 1188 major
1435 1117 1688 1184 Charitas,
1744 1125 1890 1170 tanto

295 1218 534 1282 majores
561 1215 727 1282 plagm
756 1211 824 1266 de
852 1210 1079 1281 peccatis
1117 1209 1324 1264 alienis.
1357 1210 1649 1278 Acceperat
1677 1206 1890 1276 quidem

297 1305 390 1358 ille
420 1312 476 1357 et
495 1303 771 1356 stimulum
803 1301 999 1366 carnis,
1028 1299 1272 1369 angelum
1309 1308 1530 1362 satanas,
1554 1313 1585 1350 a
1613 1311 1718 1366 quo
1743 1296 1888 1350 cola-

299 1398 632 1466 pliizaretur.
665 1394 805 1448 Ecce
827 1393 1093 1461 quomodo
1112 1391 1370 1462 propitius
1395 1401 1510 1445 erat
1536 1390 1694 1453 Deus,
1723 1387 1894 1442 vindi-

297 1501 432 1540 cans
457 1485 512 1538 in
550 1499 740 1538 omnes
773 1483 1080 1537 affectiones
1109 1481 1245 1552 ejus.
1277 1480 1405 1549 Quae
1434 1489 1561 1535 sunt
1588 1479 1896 1534 affectiones

3421 371 3558 426 1270

1987 494 2165 532 omnia
2191 494 2352 549 regna
2382 489 2558 544 terrm,
2586 480 2829 535 eterevit
2854 479 2990 550 lapis
3014 481 3148 552 ipse.
3176 483 3407 539 Danielis
3428 486 3562 540 visio

1987 579 2067 622 est
2091 569 2189 624 ista
2214 585 2372 639 quam
2401 587 2577 626 narro.
2603 571 2783 627 Crevit
2809 572 2944 642 lapis
2971 574 3074 629 iste
3092 575 3183 645 qui
3209 578 3459 645 praecisus
3481 587 3564 631 est

1988 659 2055 714 de
2089 668 2272 714 monte
2311 661 2427 716 sine
2465 662 2728 730 inanibus,
2773 673 2821 716 et
2857 667 3021 734 factus
3057 675 3149 731 est,
3189 667 3376 736 inquit,
3417 683 3564 720 mons

1988 768 2222 821 magnus,
2243 753 2315 805 ita
2340 761 2392 805 ut
2412 754 2640 825 impleret
2655 755 2936 809 uniuersam
2958 757 3138 828 facient
3155 767 3304 812 terra?
3323 757 3482 827 (Dan.
3506 774 3565 823 ii,

1957 864 1963 869 τ
1991 843 2080 910 54,
2115 841 2227 913 35).
2249 842 2306 898 ln
2336 843 2449 913 ipso
2477 854 2659 900 monte
2688 860 2883 916 magno
2912 847 3213 912 adoremus,
3259 848 3305 904 si
3326 848 3565 902 exaudiri

1993 931 2254 986 volumus.
2299 933 2542 988 literetici
2573 949 2678 989 non
2715 936 2940 991 adorant
2965 937 3019 991 in
3065 937 3167 992 isto
3193 946 3413 1003 monte;
3444 940 3566 1008 quia

1992 1036 2145 1075 mons
2189 1023 2288 1076 iste
2318 1023 2557 1092 implevit
2597 1027 2897 1080 universam
2943 1027 3129 1082 faciem
3169 1037 3324 1083 terra:
3352 1046 3366 1082 :
3399 1029 3568 1084 haese-

1994 1125 2117 1169 runt
2135 1118 2187 1168 in
2207 1125 2375 1184 parte,
2399 1125 2452 1169 et
2480 1126 2647 1172 totum
2669 1118 2980 1172 amiserunt.
2999 1115 3055 1172 Si
3072 1128 3362 1187 agnoscant
3380 1119 3568 1174 Eccle-

1993 1206 2125 1259 siam
2156 1205 2494 1272 catholicam,
2526 1207 2824 1263 adorabunt
2853 1209 2904 1263 in
2936 1210 3036 1262 isto
3064 1218 3244 1264 monte
3271 1211 3568 1265 nobiscum.

1999 1297 2202 1350 Etenim
2234 1295 2364 1364 lapis
2401 1296 2488 1350 ille
2513 1298 2600 1366 qui
2630 1298 2883 1366 princisus
2912 1308 2994 1353 est
3021 1299 3089 1353 de
3112 1308 3291 1353 monte
3325 1300 3440 1354 sine
3463 1315 3574 1353 ina-

1997 1393 2171 1459 nibus,
2211 1394 2321 1464 jam
2369 1393 2612 1448 videmus
2652 1404 2908 1464 quantum
2955 1395 3204 1460 creverit,
3250 1403 3308 1448 et
3346 1404 3573 1463 quantas

2000 1495 2154 1540 terra:
2182 1484 2428 1555 regiones
2455 1486 2818 1555 occupaverit,
2859 1495 2914 1542 et
2944 1502 3112 1556 usque
3145 1486 3213 1540 ad
3238 1503 3370 1556 quas
3390 1497 3574 1556 gentes

301 1577 357 1630 in
385 1591 520 1646 quas
556 1573 638 1630 sic
673 1574 1008 1628 vindicabat?
1044 1573 1162 1643 lpse
1189 1573 1457 1643 exposuit,
1493 1572 1606 1640 ipse
1631 1571 1799 1625 dixit:
1832 1566 1898 1622 In

303 1665 680 1736 magnitudine,
712 1664 900 1734 inquit,
931 1664 1290 1718 revelationum
1315 1679 1377 1716 ne
1396 1663 1629 1729 extollar,
1654 1661 1801 1714 datus
1828 1670 1898 1714 rst

304 1741 430 1810 mihi
451 1757 691 1809 stimulus
719 1755 885 1809 carnis
913 1770 1054 1820 metu,
1082 1753 1290 1824 angelus
1315 1762 1528 1818 satanas,
1555 1751 1638 1822 qui
1669 1767 1745 1805 me
1763 1750 1901 1804 colu-

309 1851 500 1920 phizet.
523 1848 658 1903 Tam
689 1845 956 1916 perlectus
986 1855 1122 1912 erat,
1154 1853 1212 1899 ut
1237 1853 1414 1899 tamen
1445 1841 1734 1897 timendum
1760 1851 1902 1896 esset

309 1961 379 1998 ne
417 1944 768 1997 extolleretur
793 1960 804 1994 :
836 1956 954 1993 nam
994 1955 1096 1993 non
1126 1949 1345 2009 poneret
1373 1938 1516 1992 Deus
1545 1935 1902 1991 medicamen-

310 2043 450 2095 tum,
489 2035 576 2084 iibi
607 2034 803 2085 vulnus
845 2047 949 2083 non
981 2038 1142 2084 esset.
1168 2028 1236 2082 Et
1277 2027 1480 2097 rogavit
1507 2035 1566 2080 ut
1591 2025 1900 2089 tolleretur;

310 2141 457 2193 aeger
485 2122 808 2195 illerogavit
838 2131 892 2174 ut
919 2119 1218 2174 auferretur
1248 2118 1691 2172 medicamentum
1721 2132 1734 2168 :
1767 2113 1902 2167 Pro-

318 2223 432 2282 pter
455 2211 592 2282 quod
618 2223 693 2264 ter
715 2210 985 2263 Dominum
1013 2208 1205 2279 rogavi,
1238 2208 1426 2277 inquit,
1459 2215 1509 2259 ut
1539 2209 1759 2275 auferret
1793 2219 1907 2256 eum

312 2322 348 2357 ά
380 2320 480 2368 me,
518 2303 570 2356 id
599 2313 703 2367 est,
750 2301 1019 2355 stimulum
1059 2300 1233 2355 carnis
1258 2316 1287 2352 a
1316 2316 1422 2369 quo
1455 2297 1904 2366 colapliizabatur,

316 2396 552 2465 aliiiiiein
582 2397 716 2449 forte
738 2395 974 2448 dolorem
1004 2393 1240 2461 corporis
1267 2411 1280 2445 :
1305 2391 1496 2462 rogavi,
1529 2391 1714 2459 inquit,
1745 2400 1795 2442 ut
1817 2406 1910 2441 au-

321 2491 476 2558 ferret
503 2504 614 2540 cum
640 2504 671 2539 a
699 2502 808 2551 nte;
839 2495 883 2538 et
913 2485 1039 2538 dixit
1069 2485 1206 2548 mihi,
1245 2482 1439 2552 διιῇἰείι
1469 2483 1555 2534 tibi
1575 2483 1738 2552 gratia
1765 2497 1911 2546 mea;

325 2599 446 2633 nam
499 2581 658 2633 virtus
710 2580 763 2631 in
813 2578 1106 2645 inﬁrmitate
1163 2576 1416 2646 per/icitur
1457 2571 1567 2644 (Id.
1612 2589 1722 2638 xu,
1767 2571 1909 2641 7:9).

328 2672 441 2740 Ego
470 2671 589 2722 novi
611 2684 770 2737 quem
792 2681 952 2730 curo;
987 2683 1088 2718 non
1118 2663 1247 2718 inibi
1271 2664 1360 2718 det
1379 2663 1466 2732 qui
1489 2671 1709 2732 aegrotat
1734 2661 1910 2714 consi-

331 2763 482 2814 lium.
512 2760 787 2828 Tanquam
803 2758 1148 2826 emplastrum
1171 2754 1392 2809 mordax
1421 2753 1523 2806 urit
1555 2762 1622 2817 te,
1650 2750 1746 2805 sed
1767 2759 1918 2805 sanat

332 2862 404 2906 te.
424 2853 594 2921 Rogat
622 2849 887 2903 medicum
917 2857 974 2902 ut
1013 2847 1164 2902 tollat
1201 2846 1583 2915 emplastrum;
1612 2853 1666 2898 et
1693 2860 1797 2898 non
1827 2843 1920 2897 tol-

333 2945 414 3010 lit,
447 2944 546 2997 nisi
590 2959 711 2996 eum
757 2939 912 2995 fuerit
955 2947 1194 2993 sanatum
1224 2954 1328 3007 quo
1359 2943 1625 3006 posuerat.
1674 2934 1840 2988 Virtus
1867 2936 1921 2988 in

334 3036 633 3103 inﬁ’rnn'tate
677 3033 958 3103 perﬁcitur.
1015 3031 1190 3100 Ergo,
1238 3028 1449 3095 fratres,
1503 3028 1821 3098 quicumque
1868 3027 1918 3078 in

335 3126 550 3180 Christo
595 3125 922 3194 proficimus,
965 3136 1071 3175 non
1116 3137 1215 3175 nos
1263 3130 1506 3188 putemus
1558 3119 1674 3174 sine
1714 3117 1924 3188 flagello

341 3219 585 3272 futuros:
618 3215 739 3285 quia
790 3214 1178 3313 quantumlibet
1223 3213 1578 3282 proficiamus,
1624 3211 1772 3266 novit
1814 3211 1925 3280 ipse

343 3318 558 3379 peccata
591 3318 770 3361 nostra
788 3302 1124 3375 {aliquando
1167 3314 1221 3357 et
1267 3305 1418 3357 nobis
1458 3302 1693 3358 ostendit
1736 3303 1845 3368 illa,
1875 3312 1928 3356 et

346 3400 587 3454 videmus
625 3405 679 3452 et
729 3413 824 3450 nos
867 3405 1080 3465 peccata
1127 3405 1326 3449 nostra.
1366 3393 1432 3448 Et
1468 3409 1586 3447 cum
1627 3394 1764 3448 inter
1800 3393 1930 3447 tales

348 3489 590 3542 homines
622 3487 819 3540 versari
847 3485 1184 3554 cmperinius,
1228 3494 1282 3536 ut
1305 3485 1412 3551 jam
1458 3481 1698 3537 homines
1723 3483 1848 3552 quid
1878 3481 1928 3535 in

348 3581 502 3633 nobis
551 3576 949 3646 reprehendant
986 3591 1089 3628 non
1135 3577 1438 3637 inveniant;
1471 3574 1814 3642 reprehendit
1844 3573 1933 3626 ille

349 3669 524 3722 adhuc
551 3669 640 3737 qui
666 3666 844 3730 omnia
876 3666 1042 3730 novit,
1073 3675 1125 3718 et
1151 3664 1384 3718 vindicat
1409 3664 1462 3717 in
1488 3678 1674 3716 omnes
1702 3663 1934 3715 afl’ei-tio-

353 3775 470 3821 nes,
499 3759 620 3827 quia
654 3756 910 3826 prepitius
931 3764 1013 3809 est
1034 3754 1208 3808 nobis.
1235 3753 1365 3807 Nam
1389 3754 1433 3806 si
1468 3770 1570 3804 non
1603 3752 1850 3813 vindicet,
1882 3761 1937 3804 et

354 3852 589 3915 deserat,
618 3849 873 3917 perimus.
904 3845 1060 3913 Deus,
1093 3855 1146 3899 tu
1168 3846 1419 3916 prapitius
1440 3845 1579 3921 fuisti
1611 3846 1729 3905 illis,
1758 3857 1800 3895 ιῖΙ
1825 3845 1936 3894 vin-

355 3946 532 3997 dicans
561 3944 612 3995 in
634 3958 804 3995 omnes
831 3939 1116 4006 a/fcctiones
1147 3953 1338 3992 eorum.

432 4038 520 4090 14.
563 4033 712 4106 [νει-δ.
752 4031 834 4103 9.]
873 4031 1110 4086 Exaltate
1163 4028 1433 4083 Dominum
1479 4025 1639 4081 Deum
1692 4035 1938 4080 nostrum.

357 4129 557 4183 lterum
577 4126 872 4180 exaltemus
895 4123 1044 4176 illum
1075 4140 1088 4176 :
1123 4122 1210 4190 qui
1241 4120 1408 4174 bonus
1436 4129 1518 4174 est
1543 4128 1738 4173 etcum
1766 4115 1940 4181 ferit',

359 4216 634 4288 quonme
682 4199 975 4269 laudandus
1014 4223 1116 4277 est,
1156 4211 1425 4282 quomodo
1467 4210 1780 4264 exaltandus
1828 4209 1946 4262 est?

361 4311 444 4365 Tu
477 4319 626 4379 potes
657 4308 758 4361 hoc
789 4306 1043 4361 exhibere
1083 4305 1193 4358 filio
1221 4313 1331 4369 tuo,
1360 4311 1413 4357 et
1438 4302 1580 4357 Deus
1610 4317 1714 4356 non
1740 4299 1947 4370 potest?

362 4402 483 4457 Non
514 4400 656 4455 enim
683 4400 853 4453 bonus
881 4413 939 4451 es
967 4395 1178 4466 quando
1208 4393 1463 4449 blandiris
1495 4394 1602 4447 filio
1633 4403 1741 4459 tuo,
1765 4401 1818 4446 et
1847 4406 1951 4445 ma-

362 4496 454 4551 lus
493 4512 612 4548 cuin
641 4493 802 4548 credis
838 4489 1004 4545 ﬁlium
1034 4499 1199 4542 tuum.
1239 4489 1300 4542 Et
1338 4503 1458 4541 cuin
1497 4487 1769 4551 blandiris,
1803 4494 1952 4554 pater

363 4601 459 4647 es;
483 4594 679 4638 etcum
718 4580 898 4646 czedis,
939 4589 1088 4648 pater
1115 4596 1172 4633 es
1197 4596 1211 4630 :
1240 4579 1361 4632 ideo
1404 4577 1681 4640 blandiris,
1722 4591 1790 4630 ne
1818 4573 1952 4629 defi-

365 4665 510 4742 ciat;‘
532 4677 656 4730 ideo
685 4674 866 4735 ca‘dis,
900 4688 966 4725 ne
1001 4680 1202 4741 pereat.
1237 4669 1469 4722 Exaltate
1497 4667 1765 4720 Dominum
1797 4666 1956 4720 Deum

367 4776 621 4831 nostrum,
652 4777 696 4818 et
717 4765 926 4817 adorata
949 4763 998 4815 in
1020 4773 1185 4814 monte
1205 4770 1374 4812 sancto
1402 4761 1510 4828 ejus
1540 4771 1562 4812 :
1580 4757 1816 4826 quoniam
1840 4774 1958 4810 san-

368 4871 480 4912 ctus
521 4859 771 4912 Dominus
813 4855 947 4908 Deus
992 4865 1176 4906 uoster.
1217 4852 1494 4916 Quomodo
1524 4849 1767 4917 superius
1802 4847 1956 4920 dixit,
2025 4848 2031 4852 ’

374 4951 617 5004 Exaltate
645 4948 918 5001 Dominum
963 4945 1122 4997 Deum
1151 4953 1399 5004 nostrum,
1446 4950 1490 4993 et
1515 4940 1724 4992 adorata
1764 4937 1959 4991 scabel-

375 5045 484 5095 lum
509 5041 692 5105 pedum
724 5039 872 5106 ejus;
899 5035 1255 5088 intelleximus
1285 5042 1460 5084 autem
1490 5030 1614 5098 quid
1644 5031 1712 5082 sit
1739 5028 1963 5080 adorare

376 5135 672 5191 scabelluin
705 5130 900 5201 pedum
942 5128 1056 5197 ejus
1087 5145 1101 5179 :
1131 5129 1206 5180 sie
1249 5107 1305 5179 et
1344 5125 1501 5178 modo
1530 5131 1646 5190 post
1682 5118 1962 5174 exultatio-

381 5244 507 5284 nem
532 5225 740 5280 Domini
771 5223 860 5276 Dei
887 5219 1074 5284 nostri,
1103 5235 1169 5272 ne
1189 5217 1306 5286 quis
1338 5216 1482 5269 illum
1515 5222 1706 5282 praeter
1731 5220 1963 5263 montem

382 5319 501 5387 ejus
529 5316 746 5376 exultet,
802 5307 1193 5366 commendavit
1235 5316 1287 5360 et
1317 5315 1548 5358 montem
1591 5303 1774 5369 ipsius.
1816 5299 1966 5351 Mons

383 5408 553 5480 ipsius
579 5407 701 5476 quis
727 5406 847 5458 est?
878 5403 1124 5471 Legimus
1152 5399 1273 5451 alibi
1300 5398 1366 5450 de
1399 5396 1498 5448 lioc
1527 5404 1703 5447 tuente
1734 5391 1851 5459 quia
1890 5389 1966 5441 la-

385 5500 473 5569 pis
501 5498 594 5551 fuit
621 5495 875 5566 praecisus
900 5493 966 5546 de
989 5500 1166 5545 monte
1193 5487 1308 5542 sine
1338 5485 1603 5550 inanibus,
1631 5493 1683 5536 et
1707 5480 1972 5549 confregit

458 5696 471 5726 ¹
502 5703 602 5742 Am.
629 5700 680 5741 et
702 5697 796 5748 Er.,
839 5688 1000 5752 fuerit.
1025 5693 1155 5743 Lov.,
1184 5680 1406 5734 sicvierit.
1443 5679 1612 5752 uelitis
1647 5685 1756 5752 Mss...
1779 5675 1974 5752 ferit:-

389 5735 936 5805 miiii'éa'giE-iaitédi
951 5735 1027 5797 ΕΓ.
1050 5735 1167 5795 Veii.
1190 5753 1240 5794 et
1256 5752 1386 5793 bove
1433 5750 1609 5793 Iterum
1628 5735 1892 5792 exultamus
1915 5735 1975 5786 il-

394 5819 496 5867 tum
512 5813 626 5874 quia
649 5815 795 5866 bonus
808 5819 878 5864 cst
908 5816 985 5862 εει
1009 5821 1134 5868 cuni,
1161 5815 1254 5858 etc.
1353 5813 1408 5854 at.
1859 5830 1862 5832 -

2003 1576 2320 1644 pervenerit.
2353 1576 2490 1644 Quid
2533 1584 2616 1632 est
2654 1592 2808 1631 mons
2857 1577 2996 1632 unde
3037 1578 3291 1644 praecisus
3335 1587 3416 1631 est
3446 1577 3578 1645 lapis

2000 1668 2115 1721 sine
2133 1667 2414 1722 manibus?
2440 1667 2681 1738 Regnum
2703 1668 3006 1722 JUdtBOl‘Ulll
3039 1687 3052 1722 :
3083 1669 3254 1739 primo
3280 1670 3419 1737 quod
3441 1670 3580 1724 cole-

2002 1759 2126 1813 bant
2155 1775 2317 1812 unum
2358 1760 2546 1815 Deum.
2598 1760 2723 1814 lude
2761 1761 3014 1830 prmcisus
3041 1771 3124 1815 est
3149 1760 3282 1829 lapis
3325 1761 3580 1813 Dominus

2005 1860 2185 1904 noster
2211 1850 2364 1905 Jesus
2383 1851 2644 1905 Christus.
2668 1851 2785 1921 Ipse
2812 1852 2980 1906 dictus
3013 1861 3115 1914 est,
3148 1849 3304 1921 Lapis
3331 1868 3476 1920 quem
3499 1867 3583 1902 rc-

2006 1939 2336 2009 probaveruut
2361 1940 2690 2010 aediﬁcantes,
2722 1943 2804 1996 hic
2840 1947 3002 2014 factus
3031 1949 3102 1997 est
3129 1943 3180 1996 in
3222 1953 3375 2012 caput
3409 1951 3588 2012 angui:

2009 2029 2178 2100 (Psat.
2208 2045 2375 2096 cxvu,
2399 2030 2508 2095 22;
2540 2032 2651 2085 Act.
2675 2048 2751 2098 iv,
2785 2033 2896 2101 11).
2930 2031 3090 2102 Lapis
3117 2033 3218 2087 iste
3244 2032 3499 2103 praecisus
3519 2031 3590 2086 de

2009 2130 2188 2176 monte
2225 2123 2342 2176 sine
2381 2122 2662 2189 manibus,
2699 2123 2960 2192 confregit
3001 2124 3176 2179 omnia
3212 2139 3374 2191 regna
3417 2133 3588 2177 terra-

2009 2227 2125 2265 rum
2155 2227 2169 2264 :
2200 2211 2442 2267 videmus
2476 2212 2742 2268 confracta
2784 2213 2852 2268 ab
2889 2214 2980 2268 illo
3005 2214 3180 2282 lapide
3205 2214 3381 2268 omnia
3425 2230 3587 2281 regna

2013 2312 2188 2357 terr-.e.
2221 2301 2351 2369 Quae
2376 2311 2525 2358 erant
2553 2318 2715 2372 regna
2743 2304 2936 2358 terra}?
2959 2304 3140 2373 Regna
3183 2303 3466 2367 idolorum,
3499 2319 3593 2357 re-.

2011 2410 2113 2464 gna
2152 2393 2540 2448 dinmoniorum
2582 2392 2750 2449 fracta
2775 2402 2920 2448 sunt.
2950 2393 3224 2464 Regnabat
3247 2392 3508 2448 Saturnus
3537 2393 3593 2445 in

2017 2486 2196 2540 multis
2234 2485 2536 2540 hominibus
2571 2502 2584 2539 :
2617 2484 2705 2539 ubi
2751 2493 2833 2540 est
2870 2499 3088 2554 regnum
3134 2483 3287 2553 ejus?
3317 2484 3593 2554 Regnabat

2017 2579 2307 2633 Mercurius
2328 2578 2378 2632 in
2405 2578 2586 2632 multis
2611 2577 2916 2634 hominibus
2940 2595 2952 2631 :
2983 2577 3072 2633 ubi
3097 2585 3179 2632 est
3203 2592 3424 2646 regnum
3443 2576 3594 2646 ejus?

2019 2669 2264 2724 Fractum
2304 2678 2406 2734 est,
2441 2668 2642 2724 redacti
2671 2679 2796 2724 sunt
2834 2668 2911 2723 illi
2941 2668 2995 2722 in
3033 2683 3256 2737 regnum
3293 2667 3514 2730 Christi,
3541 2667 3594 2720 iu

2020 2762 2210 2832 quibus
2253 2760 2343 2814 ille
2378 2760 2650 2830 regnabat.
2684 2759 2925 2828 Regnum
2963 2757 3248 2813 Cinlestis‘
3291 2757 3446 2826 quale
3483 2768 3598 2810 erat

2021 2851 2358 2920 Carthagini!
2391 2852 2479 2906 ubi
2507 2865 2649 2913 nunc
2673 2859 2756 2904 est
2777 2865 2999 2920 regnum
3020 2849 3296 2906 leesiis?
3326 2849 3482 2918 Lapis
3504 2848 3594 2906 ille

2021 2944 2180 3013 fregit
2198 2945 2373 2998 omnia
2402 2958 2567 3013 regna
2594 2952 2879 3007 terrarum,
2900 2941 3032 3011 lapis
3054 2943 3308 3012 praecisus
3332 2939 3399 2994 de
3420 2949 3605 2994 monte

2025 3037 2139 3092 sine
2163 3036 2424 3091 manibus.
2452 3034 2588 3104 Quid
2616 3043 2720 3103 est,
2755 3035 3007 3104 praecisus
3045 3033 3113 3088 de
3142 3041 3318 3087 monte
3346 3033 3461 3086 sine
3492 3049 3606 3084 ina-

2029 3129 2223 3183 nibus?
2249 3127 2413 3182 Natus
2455 3127 2520 3182 de
2556 3135 2712 3197 gente
2745 3126 3054 3182 Judieorum
3101 3123 3215 3178 sine
3241 3138 3403 3193 opere
3431 3121 3602 3175 homi-

2030 3237 2174 3274 num.
2208 3218 2405 3275 Omnes
2434 3219 2574 3273 cnim
2614 3218 2703 3288 qui
2733 3225 3045 3282 nascuntur,
3081 3215 3148 3270 de
3173 3230 3334 3284 opere
3377 3214 3603 3267 maritali

2030 3318 2349 3374 nascuntur;
2379 3308 2468 3362 ille
2489 3307 2556 3362 de
2580 3306 2783 3376 virgine
2823 3314 2998 3370 natus,
3033 3304 3149 3360 sine
3173 3304 3420 3360 manibus
3448 3313 3608 3357 natus

2033 3409 2115 3456 est
2132 3417 2147 3466 ;
2170 3416 2262 3470 per
2282 3414 2470 3454 manus
2487 3399 2651 3464 enim,
2672 3412 2804 3467 opus
2819 3396 3114 3451 humanum
3131 3396 3452 3466 significatur
3470 3409 3606 3463 :quo

2036 3505 2225 3545 manus
2263 3489 2508 3544 humana:
2538 3504 2644 3542 non
2691 3495 3051 3550 accesserunt,
3081 3485 3170 3540 ubi
3212 3483 3469 3540 maritalis
3496 3500 3610 3535 aui.

2037 3583 2225 3652 plexus
2253 3597 2360 3634 non
2395 3579 2513 3642 fuit,
2545 3577 2684 3633 fetus
2721 3587 2895 3631 tamen
2928 3575 3042 3630 fuit.
3074 3573 3240 3628 Natus
3281 3582 3362 3628 est
3391 3589 3517 3641 ergo
3543 3573 3611 3626 de

2039 3685 2219 3730 monte
2246 3675 2361 3727 sine
2403 3672 2644 3726 manibus
2671 3669 2808 3739 lapis
2848 3669 2937 3721 ille
2964 3685 2977 3721 :
3008 3666 3194 3729 crevit,
3232 3676 3286 3718 et
3322 3663 3612 3718 uesci-nilo

2041 3765 2199 3834 fregit
2222 3764 2401 3818 omnia
2428 3776 2586 3830 regna
2616 3770 2896 3814 terrarum.
2925 3756 3118 3811 Factus
3143 3761 3227 3808 est
3249 3761 3426 3806 autem
3456 3768 3614 3804 mons

2042 3871 2283 3926 magnus,
2309 3865 2362 3910 et
2388 3853 2623 3922 implevit
2646 3853 2943 3906 universam
2965 3848 3154 3902 faciem
3177 3857 3352 3902 terrm.
3381 3845 3504 3900 lliec
3531 3853 3618 3899 est

1953 3945 1957 3948 ’
2046 3947 2282 4002 Ecclesia
2329 3944 2612 4010 catholica,
2658 3941 2744 3996 cui
2788 3955 2882 3994 vos
2928 3937 3329 3993 communicare
3363 3936 3613 4004 gaudete.

2047 4039 2128 4094 Illi
2171 4047 2347 4092 autem
2392 4036 2484 4106 qui
2534 4048 2639 4087 non
2691 4033 2742 4087 ei
2791 4029 3206 4094 communicant,
3257 4027 3377 4095 quia
3427 4035 3620 4094 praeter

2048 4131 2219 4199 ipsum
2247 4135 2481 4182 montem
2507 4125 2732 4178 adorant
2752 4132 2814 4195 et
2849 4119 3069 4175 laudant
3096 4119 3283 4182 Deum,
3315 4132 3422 4170 non
3453 4129 3618 4168 exau-

2049 4221 2266 4275 diuntur
2301 4217 2366 4271 ad
2391 4218 2553 4270 vitam
2598 4224 2884 4277 aeternam;
2925 4211 3024 4266 etsi
3051 4209 3116 4263 ad
3143 4208 3384 4278 quadam
3414 4216 3620 4274 tenipo-

2053 4313 2181 4367 ralia
2215 4309 2584 4366 exaudiantur.
2623 4305 2739 4360 Non
2789 4305 2887 4360 sibi
2925 4317 3052 4372 ergo
3090 4300 3446 4361 blandiantur,
3494 4297 3617 4366 quia

2054 4419 2146 4458 eos
2187 4403 2242 4456 in
2284 4399 2597 4470 quibusdam
2653 4395 2867 4452 exaudit
2913 4395 3052 4448 Deus
3084 4410 3096 4446 :
3129 4406 3249 4444 nam
3289 4399 3342 4444 et
3390 4389 3629 4456 Paganos

2055 4493 2270 4547 exaudit
2285 4491 2337 4545 in
2355 4487 2687 4560 quibusdam.
2706 4485 2892 4539 Nonne
2904 4483 3134 4538 clamant
3147 4478 3337 4549 l’agani
3352 4477 3417 4530 ad
3438 4477 3628 4540 Deum,

2058 4591 2113 4638 et
2149 4583 2314 4653 pluit?
2343 4579 2555 4648 Quare?
2589 4577 2721 4644 Quia
2762 4574 2887 4629 facit
2914 4573 3082 4628 solem
3124 4587 3276 4625 suum
3305 4570 3432 4624 oriri
3471 4583 3632 4635 super

2060 4675 2228 4727 bonos
2275 4681 2329 4726 et
2381 4670 2570 4735 malos,
2613 4678 2668 4721 et
2717 4665 2850 4736 pluit
2897 4679 3057 4733 super
3101 4661 3272 4732 justos
3314 4669 3368 4713 et
3407 4658 3633 4726 injustos

2063 4765 2272 4833 (Matth.
2305 4779 2358 4828 v,
2398 4762 2512 4831 45).
2557 4757 2672 4813 Noli
2716 4772 2842 4824 ergo
2885 4753 3123 4823 gloriari,
3171 4766 3388 4818 pagane,
3425 4747 3546 4816 quia
3584 4756 3635 4796 te

2063 4859 2324 4912 clamante
2351 4853 2418 4906 ad
2465 4853 2648 4915 Deum,
2695 4848 2825 4916 pluit
2853 4848 3012 4910 Deus,
3061 4843 3147 4913 qui
3197 4856 3354 4910 super
3372 4839 3544 4906 justos
3584 4845 3638 4888 et

2065 4948 2288 5016 injustos
2314 4944 2461 5014 pluit.
2491 4939 2704 5000 Audivit
2727 4947 2777 4992 te
2805 4937 2868 4989 ad
2907 4933 3245 5003 temporalia;
3277 4945 3378 4983 non
3417 4937 3466 4980 te
3491 4926 3641 4977 audit

2066 5039 2132 5092 ad
2157 5047 2375 5099 interna,
2409 5035 2506 5087 nisi
2535 5033 2586 5086 in
2618 5041 2796 5084 monte
2817 5039 3000 5084 sancto
3021 5029 3135 5095 ejus
3160 5021 3479 5076 adoraveris.
3513 5019 3642 5072 Ado-

2067 5141 2174 5183 rate
2205 5127 2474 5180 Dominum
2499 5125 2551 5178 in
2589 5134 2754 5177 monte
2798 5132 2970 5176 sancto
3000 5121 3137 5188 ejus,
3165 5115 3398 5186 quoniam
3441 5122 3646 5164 sumtus

2069 5220 2318 5272 Dominus
2349 5216 2480 5270 Deus
2506 5225 2688 5268 noster.

2143 5311 2230 5368 15.
2277 5310 2398 5362 llaec
2449 5308 2514 5360 de
2554 5307 2764 5360 Psaliuo
2809 5301 3071 5355 sufficiant
3117 5294 3370 5350 Cliaritati
3419 5304 3644 5348 vestrm;

2074 5413 2326 5473 quantmn
2361 5399 2611 5452 Dominus
2637 5394 2870 5457 donavit,
2894 5388 3051 5443 locuti
3077 5401 3279 5440 sumus.
3313 5384 3376 5436 Et
3399 5382 3647 5451 quidquid

2078 5493 2344 5563 loquimur
2380 5489 2433 5543 in
2471 5485 2687 5542 nomine
2719 5483 2830 5547 Dei,
2872 5479 3120 5548 quoniam
3154 5476 3244 5528 Dei
3282 5486 3363 5528 est
3389 5474 3652 5543 loquentis

2146 5669 2160 5699 ¹
2193 5665 2326 5728 t‘ild.,
2343 5675 2542 5728 rrgnunt
2562 5656 2752 5728 imiteris
2769 5664 2861 5728 ;_et
2884 5652 3022 5712 infra,
3043 5664 3238 5728 regnant
3255 5651 3460 5728 mirata.
3487 5659 3534 5699 at
3549 5657 3651 5719 uss.

2082 5740 2288 5790 iitroque
2309 5716 2430 5785 loeti,
2455 5721 2770 5790 autes_tis_._De
2794 5719 2884 5765 hoc
2900 5716 3652 5790 |laxantDIZUIII-{EEII'UIBBHIUI5:lltiil

2083 5776 2328 5850 idolo'jani
2351 5776 2512 5850 supra,
2536 5785 2626 5833 col.
2649 5781 2763 5843 352,
2787 5776 2921 5828 Ιὲιιίιιί
2948 5780 2993 5826 iu
3016 5776 3132 5826 l‘sal.
3160 5781 3282 5834 LXII,
3307 5789 3354 5821 ii.
3378 5776 3426 5822 “ῑ.
