3984 6204
411 435 546 493 £9.71

415 573 512 630 per
538 571 658 624 nos,
686 556 859 613 imber
888 554 983 610 Dei
1009 560 1140 608 est:
1176 550 1353 608 videte
1380 564 1476 606 vos
1497 551 1670 622 qualis
1692 558 1831 621 terra
1858 548 1997 604 sitis.

414 650 550 705 Nam
581 648 795 721 quando
818 647 993 719 pluvia
1013 645 1161 701 venit
1184 658 1346 716 super
1371 653 1590 709 terram,
1616 643 1662 698 si
1688 643 1826 698 bona
1854 651 2000 702 terra

409 751 516 808 est,
542 740 745 795 fructos
774 738 945 797 bonos
971 737 1139 807 parit;
1162 736 1207 791 si
1239 735 1376 791 mala
1403 744 1542 790 terra
1573 742 1675 797 est,
1702 732 1882 804 spinas
1908 746 2001 803 pa.

410 832 480 887 rit
508 849 522 886 :
546 829 726 901 pluvia
757 836 934 884 tamen
961 827 1132 884 dulcis
1158 835 1243 884 est
1269 837 1324 882 et
1348 841 1510 897 super
1536 824 1738 880 fructus
1759 833 1814 880 et
1839 838 2001 895 super

409 924 616 995 spinas.
641 921 742 991 Qui
778 922 898 979 istis
922 921 1101 978 verbis
1134 920 1328 976 auditis
1368 919 1516 990 pejor
1542 919 1707 975 laetus
1733 917 1908 984 fuerit,
1947 925 2004 972 et

407 1018 594 1087 spinas
630 1019 701 1072 de
728 1015 904 1086 pluvia
930 1014 1284 1086 generaverit,
1320 1013 1497 1083 ignem
1537 1017 1738 1080 Speret,
1766 1008 1999 1080 pluviam
2066 1074 2069 1079 ν

409 1124 516 1163 non
543 1115 763 1165 accuset
793 1122 808 1163 :
831 1106 920 1177 qui
939 1115 1117 1161 autem
1139 1105 1332 1161 melior
1351 1104 1519 1159 factus
1542 1102 1722 1168 fuerit,
1744 1112 1800 1157 et
1824 1101 2001 1171 fruges

409 1199 479 1255 de
501 1200 643 1256 bona
668 1207 807 1254 terra
840 1198 1103 1269 genuerit,
1132 1196 1384 1252 horreum
1408 1206 1606 1265 speret,
1635 1193 1868 1263 pluviam
1886 1190 2001 1247 laus

412 1290 526 1346 det.
557 1292 663 1346 Aut
702 1289 830 1360 quid
875 1297 1002 1344 sunt
1035 1288 1221 1352 nubes,
1268 1297 1359 1341 aut
1385 1286 1512 1356 quid
1550 1293 1634 1340 est
1673 1283 1868 1354 pluvia,
1900 1282 2002 1339 nisi

413 1382 507 1438 Dei
535 1380 920 1444 misericordia,
960 1379 1136 1434 omnia
1164 1377 1402 1433 facientis
1427 1377 1567 1432 circa
1590 1390 1686 1431 eos
1710 1389 1845 1446 quos
1876 1373 2002 1430 dili-

412 1474 511 1542 git,
535 1481 592 1529 et
610 1471 802 1543 quibus
827 1470 1040 1525 donavit
1066 1478 1126 1524 ut
1151 1469 1220 1524 ab
1247 1468 1328 1525 eis
1346 1466 1629 1538 diligatur?

820 1677 902 1739 IN
944 1675 1326 1739 PSALMUM
1356 1675 1561 1738 XCIX

997 1797 1412 1854 ENARRATIO.

936 1925 1116 1966 διὶΠο
1148 1927 1220 1966 AD
1244 1926 1470 1968 PLEBEI.

491 2024 543 2079 ὓ.
562 2022 855 2090 Psalmum,
875 2022 1086 2088 fratres,
1105 2039 1228 2080 cum
1247 2032 1573 2092 eantaretur,
1600 2026 1853 2095 audistis;
1879 2027 2003 2085 bre-

414 2115 497 2170 vis
521 2123 624 2180 est,
658 2128 759 2170 nec
783 2114 1043 2172 obscurus
1068 2134 1082 2170 :
1110 2117 1259 2186 quasi
1282 2117 1627 2173 securitatem
1641 2118 1899 2187 dederim,
1934 2137 2002 2176 ne

414 2208 653 2264 laborem
714 2206 962 2264 timentis.
1024 2208 1310 2265 Videamus
1370 2220 1548 2266 tamen
1608 2215 1900 2279 attentius,
1949 2223 2001 2270 et

411 2310 615 2372 quanto
641 2300 881 2367 liberius,
913 2309 1063 2357 tanto
1085 2301 1390 2372 diligentius
1410 2342 1427 2368 ,
1460 2302 1589 2372 quid
1619 2303 1718 2359 sibi
1750 2305 1914 2360 velint
1937 2320 1999 2360 ea

417 2391 530 2462 ipsa
554 2407 674 2463 quae
693 2401 879 2462 aperte
906 2400 1119 2458 sonant,
1143 2400 1202 2446 ut
1229 2402 1488 2462 quantum
1521 2392 1775 2449 Dominus
1796 2394 1999 2449 donare

411 2483 679 2553 dignatur,
708 2483 1058 2555 spiritualiter
1085 2482 1471 2553 intelligantur.
1500 2482 1619 2539 Vox
1645 2484 1738 2539 Dei
1763 2485 2003 2556 quolibet

411 2590 615 2648 organo
656 2591 874 2642 sonans,
912 2585 1090 2632 tamen
1135 2592 1237 2631 vox
1263 2576 1394 2640 Dei;
1437 2592 1610 2647 neque
1661 2577 1803 2632 enim
1850 2577 2001 2633 dele-

412 2676 703 2739 ctat.aures
736 2667 873 2737 ejus,
913 2668 1014 2722 nisi
1063 2682 1164 2722 vox
1191 2667 1308 2738 ejus
1339 2685 1353 2722 :
1395 2683 1516 2723 nam
1547 2676 1602 2723 et
1638 2684 1736 2724 nos
1774 2661 1898 2724 cuni
1926 2669 2002 2723 lo-

413 2758 648 2829 quimur,
680 2767 805 2815 tunc
832 2772 955 2814 eum
983 2757 1329 2827 delectamus,
1361 2774 1480 2815 cum
1512 2760 1625 2829 ipse
1645 2759 1711 2815 de
1735 2759 1888 2814 nobis
1913 2760 1996 2814 lo-

360 2888 371 2901 ι
414 2851 617 2922 quitur.

484 2942 539 2998 2.
574 2942 723 3016 [rem
747 2941 827 3016 l.]
854 2942 1094 2999 Psalmus
1119 2945 1172 2998 in
1192 2944 1504 3014 confessione
1527 2959 1546 2998 :
1568 2946 1646 2999 sic
1673 2944 1997 3011 inscribitur,

416 3035 505 3092 hic
533 3045 618 3091 est
641 3035 825 3092 titulus
848 3036 986 3106 ejus,
1017 3034 1256 3090 Psalmus
1271 3036 1325 3090 in
1340 3037 1670 3109 confessione.
1701 3037 1859 3092 Pauci
1883 3054 2001 3092 ver-

413 3141 507 3182 sus
545 3136 691 3192 sunt,
721 3141 1035 3199 magnarum
1062 3142 1240 3183 rerum
1280 3127 1483 3197 gravidi
1514 3146 1526 3181 :
1561 3131 1770 3198 pariant
1797 3129 1999 3184 semina

414 3221 471 3275 in
494 3220 748 3276 cordibus
774 3220 988 3286 vestris,
1020 3227 1078 3275 ttt
1107 3229 1323 3289 paretur
1349 3221 1598 3275 horreum
1638 3220 1797 3276 messi
1823 3220 1998 3276 domi-

412 3315 570 3368 nicae.
602 3313 845 3369 Psalmus
869 3313 970 3368 iste
994 3311 1409 3367 in'confessione
1430 3313 1532 3366 hoc
1559 3312 1712 3366 nobis
1736 3312 1908 3382 jubet,
1932 3313 1998 3368 ad

413 3403 520 3459 hoc
545 3418 645 3459 nos
669 3403 932 3470 hortatur,
962 3403 1321 3473 utjubilemus
1345 3403 1473 3458 Deo.
1499 3403 1608 3459 Nec
1640 3403 1887 3460 hortatur
1908 3421 2000 3461 ve-

413 3495 496 3550 lut
516 3496 746 3566 aliquem
771 3511 935 3551 unum
955 3495 1204 3566 angulum
1228 3503 1420 3559 terrae,
1452 3506 1543 3550 aut
1579 3510 1737 3550 unam
1767 3495 1997 3565 aliquam

412 3587 796 3644 habitationem
823 3588 1359 3659 congregationemve
1405 3586 1713 3652 hominum;
1744 3586 1838 3642 sed
1878 3587 1999 3656 quia

413 3680 609 3752 ubique
650 3679 882 3736 novitse
932 3678 1226 3735 seminasse
1270 3677 1720 3746 benedictionem,
1767 3677 2000 3749 undique

410 3772 575 3843 exigit
588 3772 981 3842 jubilationem.
1237 3833 1239 3835 ι

480 3864 534 3919 3.
558 3861 709 3936 [υεη.
745 3860 829 3929 2.]
869 3859 1095 3916 Jubilatc
1118 3875 1246 3932 ergo
1277 3858 1496 3914 Domino
1522 3860 1562 3926 ί,
1591 3860 1824 3914 universa
1844 3868 1996 3914 terra.

406 3953 672 4026 Numquid
696 3952 857 4009 modo
881 3967 1065 4009 vocem
1095 3966 1269 4008 meam
1294 3951 1441 4006 audit
1460 3950 1705 4015 universa
1736 3951 1915 4006 terra?
1937 3952 2002 4006 Et

409 4056 587 4105 tamen
618 4046 754 4100 hanc
784 4059 970 4101 vocem
996 4043 1196 4100 audivit
1225 4042 1472 4099 universa
1495 4052 1661 4099 terra.
1689 4042 1807 4099 Jam
1850 4043 1997 4115 jubi-

407 4138 484 4194 lat
506 4137 736 4194 Domino
765 4135 1013 4192 universa
1042 4144 1183 4192 terra
1205 4142 1294 4200 ;et
1312 4149 1432 4205 qua:
1459 4132 1634 4188 adhuc
1654 4149 1758 4188 nou
1781 4133 1995 4203 jubilat,

404 4228 674 4300 jubilabit.
704 4226 1036 4283 Pertendens
1064 4225 1206 4281 enim
1233 4222 1557 4290 benedictio,
1578 4224 1864 4294 incipiente
1890 4224 2000 4281 Ec-

406 4320 570 4374 clesia
615 4318 693 4389 ab.
725 4317 1020 4373 Jerusalem
1063 4330 1161 4387 per
1202 4328 1394 4372 omnes
1430 4323 1617 4386 gentes
1644 4315 1806 4385 (Luc.
1848 4331 1997 4384 xxiv,

404 4407 537 4481 47),
580 4407 904 4477 impietatem
933 4406 1132 4476 ubique
1167 4405 1483 4476 prosternit,
1515 4406 1762 4478 pietatem
1807 4407 2002 4478 ubique

404 4497 705 4554 construit:
732 4506 787 4552 et
822 4496 970 4551 mixti
1000 4504 1124 4550 sunt
1145 4495 1271 4551 boni
1300 4495 1475 4562 malis,
1521 4505 1577 4551 et
1604 4497 1728 4553 mali
1774 4513 1867 4569 per
1886 4515 2004 4552 om-

403 4605 527 4647 nem
560 4598 778 4652 terram,
806 4598 859 4642 et
897 4588 1021 4643 boui
1065 4603 1161 4659 per
1198 4602 1414 4643 omnem
1468 4596 1687 4644 terram.
1733 4589 1791 4645 In
1848 4590 2001 4646 malis

346 4712 365 4720 ε
400 4692 701 4741 murmurat
768 4683 944 4738 omnis
1013 4694 1151 4738 terra
1182 4724 1198 4750 ,
1254 4681 1307 4736 iu
1373 4681 1529 4737 bonis
1573 4682 1766 4752 jubilat
1826 4683 2002 4739 omnis

400 4787 565 4834 terra.
592 4775 731 4843 Quid
750 4785 828 4832 est
856 4790 986 4845 ergo
1003 4773 1268 4844 jubilare?
1293 4774 1512 4829 Multum
1536 4774 1678 4829 enim
1700 4788 1798 4828 nos
1823 4781 2001 4829 atten-

402 4879 487 4923 tos
517 4867 645 4922 facit
669 4866 738 4922 ad
772 4868 794 4899 ¹
819 4868 919 4921 hoc
949 4865 1169 4921 verbum
1200 4874 1255 4919 et
1274 4865 1552 4936 praesentis
1576 4864 1763 4935 psalmi
1794 4864 1998 4927 titulus,

398 4962 523 5033 quia
552 4959 891 5025 inscribitur,
922 4958 987 5012 In
1015 4957 1348 5030 confessione.
1374 4956 1509 5025 Quid
1554 4964 1657 5019 est,
1707 4955 1760 5010 in
1786 4953 2001 5010 confes-

399 5051 830 5123 sionejubilare?
857 5050 948 5105 Est
976 5049 1196 5104 alterius
1216 5047 1490 5117 cujusdam
1522 5046 1735 5117 psalmi
1780 5055 1999 5101 senten-

400 5145 470 5199 tia
497 5143 758 5206 dicentis,
793 5139 979 5194 Beatus
1001 5139 1220 5209 populus
1265 5139 1351 5206 qui
1380 5138 1614 5207 intelligit
1642 5136 2002 5209 jubilationem

401 5232 572 5307 (Psal.
602 5240 860 5297 Lxxxvm,‘
904 5228 1014 5301 l6)
1040 5247 1053 5282 :
1084 5227 1323 5299 profecto
1349 5242 1596 5298 magnum
1650 5227 1849 5299 aliquid
1896 5238 1999 5294 est,

400 5326 541 5397 quod
570 5324 901 5381 intellectum
938 5322 1122 5378 beatos
1176 5318 1322 5374 facit.
1368 5318 1626 5377 Dominus
1677 5334 1807 5391 ergo
1860 5320 2001 5374 Deus

401 5425 582 5471 uoster
601 5416 929 5471 beatiticator
953 5412 1249 5480 hominum,
1273 5411 1365 5466 det
1388 5410 1516 5464 mihi
1544 5411 1837 5483 intelligere
1862 5412 2004 5484 quod

400 5506 595 5570 dic’am,
622 5506 713 5560 det
734 5506 886 5560 vobis
908 5503 1204 5572 intelligere
1228 5502 1366 5572 quod
1383 5502 1576 5556 auditis
1599 5519 1612 5556 ε
1632 5501 1819 5557 Beatus
1843 5520 1979 5573 papu

401 5597 481 5653 lus
506 5597 593 5666 qui
643 5596 876 5667 intelligit
909 5594 1280 5667 jubilationem.
1306 5593 1593 5649 Curramus
1627 5610 1753 5666 ergo
1775 5593 1840 5649 ad
1870 5593 2007 5650 hanc

402 5689 785 5747 beatitudinem
810 5730 826 5758 ,
881 5690 1237 5760 intelligamus
1283 5688 1649 5759 jubilationem
1674 5729 1690 5755 ,
1738 5703 1842 5742 non
1885 5702 2002 5744 eam

472 5823 489 5856 ί
514 5822 649 5882 Edd.,
678 5830 792 5871 Deo.
814 5828 868 5870 At
889 5821 1112 5883 plerique
1136 5828 1237 5869 Mss.
1269 5823 1406 5882 juxta
1431 5828 1559 5877 LXX,
1589 5820 1800 5883 nomino.

472 5887 493 5921 ³
516 5886 590 5937 sic
608 5894 707 5934 Am.
728 5890 782 5933 et
801 5882 907 5933 Mss.
935 5890 989 5932 At
1012 5882 1084 5932 Fr.
1111 5888 1162 5931 et
1184 5886 1297 5971 Lo'v.‘
1310 5884 1554 5945 omittunt,
1578 5882 1661 5931 ad.

1647 432 1706 489 S.
1747 427 2113 488 AUGUSTINI
2151 431 2455 492 EPISCOPI

3558 462 3693 520 1272

2112 552 2229 609 sine
2255 553 2523 611 intellectu
2551 554 2852 617 fundamus.
2892 563 3036 632 Quid
3076 581 3212 638 opus
3236 581 3318 627 est
3337 572 3569 643 jubilare
3597 590 3652 635 et
3672 585 3689 614 ⁸

2108 645 2478 718 obtemperare
2505 649 2629 707 huic
2655 652 2859 722 psalmo
2903 655 3119 727 dicenti,
3168 660 3392 719 Jubi'late
3414 665 3547 736 Deo,
3578 687 3689 724 oni-

2107 737 2189 790 nis
2212 744 2364 804 terra,
2395 748 2449 793 et
2491 756 2596 796 non
2628 740 2926 816 intelligere
2944 745 3335 819 jubilationem,
3365 763 3423 809 ut
3459 773 3559 812 vox
3593 775 3693 813 no-

2107 835 2214 883 stra
2241 830 2352 886 sola
2372 831 2584 902 jubilet,
2613 843 2669 892 et
2695 850 2791 893 cor
2826 839 3181 912 nonjubilet?
3203 843 3377 903 Sonus
3399 848 3542 906 enim
3566 866 3692 907 cor-

2107 917 2211 985 dis,
2239 920 2540 980 intellectus
2564 933 2668 982 est.

2178 1010 2241 1065 4.‘
2261 1010 2412 1080 Quod
2434 1016 2601 1071 nostis
2618 1016 2856 1078 dicturus
2873 1034 3013 1078 sum.
3037 1022 3137 1093 Qui
3155 1024 3366 1097 jubilat,
3392 1044 3499 1086 non
3532 1033 3689 1089 verba

2107 1096 2255 1168 dicit,
2283 1102 2377 1158 sed
2397 1117 2561 1161 sonus
2587 1107 2803 1178 quidam
2831 1120 2914 1168 est
2946 1112 3143 1172 latitia:
3183 1118 3301 1174 sine
3334 1121 3510 1176 verbis
3542 1140 3557 1176 :
3590 1140 3690 1179 vox

2108 1199 2188 1246 est
2212 1191 2353 1247 enim
2382 1194 2545 1251 animi
2570 1196 2748 1255 diffusi
2776 1200 2980 1269 laetitia,
3009 1216 3266 1276 quantum
3290 1219 3484 1280 potest,
3511 1217 3692 1285 expri-

2108 1285 2303 1341 mentis
2328 1287 2594 1355 allectum,
2619 1307 2725 1348 non
2752 1309 2972 1352 sensum
2991 1304 3516 1372 comprehendentis.
3547 1307 3692 1364 Gau-

2108 1374 2241 1432 dens
2267 1376 2428 1437 homo
2452 1382 2508 1437 in
2547 1386 2906 1444 exsultatione
2933 1406 3050 1459 sua,
3083 1409 3148 1449 ex
3179 1396 3357 1452 verbis
3375 1399 3692 1468 quibusdam

2107 1483 2227 1538 quae
2254 1485 2358 1526 non
2381 1473 2402 1504 ’
2430 1484 2653 1544 possunt
2674 1477 2780 1535 dici
2805 1489 2860 1536 et
2892 1481 3138 1555 intelligi,
3169 1489 3400 1559 erumpit
3427 1492 3479 1547 in
3507 1508 3693 1550 vocem

2107 1561 2391 1629 quamdam
2429 1567 2800 1627 exsultationis
2840 1572 2956 1629 sine
2982 1577 3195 1644 verbis;
3225 1579 3297 1635 ita
3345 1590 3404 1637 ut
3439 1598 3695 1654 appareat

2107 1654 2368 1746 eumipsa
2396 1670 2529 1714 voce
2568 1660 2802 1729 gaudere
2837 1664 3050 1735 quidem
3072 1709 3087 1734 ,
3118 1669 3213 1725 sed
3238 1677 3390 1741 quasi
3428 1676 3690 1746 repletum

2108 1744 2274 1838 nimio
2296 1748 2511 1817 gaudio,
2552 1765 2657 1806 non
2687 1767 2845 1824 posse
2871 1757 3049 1814 verbis
3074 1761 3346 1832 explicare
3385 1744 3529 1837 quod
3554 1773 3693 1838 gau-

2107 1837 2218 1894 det.
2241 1838 2660 1901 Animadvertite
2686 1845 2790 1904 boc
2830 1848 2882 1904 in
2912 1850 2992 1905 eis
3019 1853 3108 1921 qui
3134 1863 3352 1912 cantant
3379 1860 3541 1915 etiam
3563 1837 3690 1917 inou

2108 1928 2350 2022 honeste.
2378 1932 2492 1990 Non
2517 1936 2658 1992 enim
2690 1939 2810 1996 talis
2831 1940 2933 1996 erit
2954 1941 3200 2011 jubilatio
3219 1951 3605 2022 nostra,qualis
3630 1954 3694 2008 il-

2108 2020 2278 2078 lorum
2305 2034 2419 2090 est;
2451 2041 2551 2083 nos
2574 2029 2715 2091 enim
2762 2029 2815 2085 in
2837 2032 3223 2102 justilicatione
3254 2020 3486 2109 jubilare
3514 2043 3687 2101 debe-

2108 2128 2245 2178 mus,
2278 2114 2350 2169 illi
2378 2124 2556 2172 autcm
2580 2118 2807 2189 jubilant
2847 2126 2899 2177 ln
2944 2123 3222 2197 iniquitate
3248 2146 3263 2183 :
3295 2129 3473 2201 itaque
3498 2149 3596 2192 nos
3634 2135 3688 2191 in

2106 2205 2440 2264 confessione
2464 2250 2478 2276 ,
2523 2210 2597 2265 illi
2634 2211 2687 2267 in
2714 2212 3043 2271 confusione.
3089 2216 3287 2274 Tamen
3326 2231 3384 2276 ut
3422 2222 3521 2279 hoc
3547 2227 3691 2296 quod

2106 2295 2227 2352 dico
2272 2297 2614 2371 intelligetis,
2670 2303 2777 2359 imo
2827 2307 3179 2364 recordemiui
3230 2327 3341 2367 rem
3397 2295 3686 2385 cognitam,

2108 2390 2337 2447 maxime
2364 2392 2589 2463 jubilant
2613 2396 2703 2466 qui
2728 2396 2924 2467 aliquid
2953 2400 3003 2457 in
3030 2402 3170 2472 agris
3194 2414 3516 2475 operantur;
3537 2412 3689 2480 copia

2109 2477 2372 2535 fructuum
2395 2482 2673 2551 jucundati
2700 2485 2785 2541 vel
2811 2502 3093 2556 messores,
3119 2492 3202 2547 vel
3242 2477 3688 2564 vendemiatores,

2106 2571 2189 2626 vel
2217 2572 2424 2643 aliquos
2452 2572 2653 2632 fructus
2678 2585 2981 2643 metentes,
3030 2589 3085 2637 et
3111 2582 3163 2638 in
3214 2584 3326 2655 ipsa
3369 2587 3691 2646 fecunditate

2108 2671 2263 2717 terrae
2290 2672 2344 2717 et
2370 2662 2640 2722 feracitate
2658 2668 2973 2738 gaudentes,
3005 2673 3319 2731 exsultando
3356 2688 3606 2746 cantant;
3636 2692 3690 2737 et

2108 2752 2243 2807 inter
2270 2755 2477 2809 cantica
2520 2771 2639 2824 quae
2685 2758 2864 2815 verbis
2900 2763 3200 2832 enuntiant,
3249 2765 3490 2824 inserunt
3530 2787 3690 2829 voces

2000 2891 2004 2894 .
2105 2846 2359 2916 quasdam
2386 2848 2501 2904 sine
2527 2849 2703 2905 verbis
2731 2851 2781 2906 iu
2819 2852 3052 2910 elatione
3076 2858 3388 2915 exsultantis
3421 2862 3606 2931 animi,
3635 2876 3691 2920 et
3786 2883 3795 2893 ο

2108 2936 2221 2994 haec
2250 2950 2466 2994 vocatur
2485 2940 2748 3010 jubilatio.
2779 2943 2837 3000 Si
2859 2946 2976 3015 quis
3001 2946 3138 3005 forte
3161 2946 3442 3022 propterea
3465 2970 3570 3009 non
3604 2973 3689 3011 re—

2104 3030 2398 3103 cognoscit,
2429 3035 2550 3105 quia
2595 3052 2865 3109 nunquam
2894 3039 3145 3109 advertit,
3190 3044 3431 3100 advertat
3476 3047 3542 3103 de
3580 3063 3687 3103 ea:-

2107 3135 2239 3182 tero.
2282 3129 2454 3196 Atque
2483 3129 2683 3183 utinam
2724 3146 2828 3185 non
2877 3131 3107 3188 inveniat
3142 3151 3277 3205 quos
3302 3137 3577 3208 advertat,
3620 3158 3690 3196 ne

2105 3217 2248 3273 Deus
2272 3219 2505 3274 inveniat
2532 3236 2664 3290 quos
2684 3230 2908 3278 evertat.
2941 3223 3042 3280 Sed
3069 3234 3242 3281 tamen
3260 3233 3383 3296 quia
3406 3245 3511 3285 non
3542 3233 3690 3300 quie-

2104 3316 2259 3362 scunt
2306 3309 2452 3364 nasci
2489 3311 2694 3380 spina),
2735 3313 2786 3366 iu
2831 3301 2969 3370 ma'le
3004 3318 3394 3375 exsultantibus
3438 3323 3687 3380 adverta-

2104 3414 2223 3455 mus
2271 3400 2640 3471 jubilationem
2684 3403 3086 3475 improbandam
3112 3448 3129 3476 ,
3156 3418 3210 3465 et
3254 3410 3543 3484 oﬂ‘eramus
3574 3416 3690 3471 Deo

2099 3491 2469 3561 jubilationem
2495 3495 2877 3553 coronandam.
3012 3494 3013 3497 “

2174 3583 2227 3638 5.
2266 3582 2490 3651 Quando
2516 3599 2645 3656 ergo
2683 3600 2781 3640 nos
2800 3586 3131 3656 jubilamus?
3158 3590 3382 3660 Quando
3410 3594 3692 3654 laudamus

2102 3672 2245 3743 quod
2282 3673 2385 3728 dici
2430 3688 2535 3730 non
2578 3684 2771 3746 potest.
2817 3679 3154 3735 Attendimus
3196 3683 3337 3738 enim
3386 3686 3687 3743 universam

2103 3776 2420 3830 creaturam,
2454 3775 2649 3820 terram
2677 3776 2733 3823 et
2753 3784 2921 3835 mare,
2950 3778 3006 3824 et
3044 3771 3261 3839 malum,
3289 3784 3343 3829 et
3364 3777 3541 3831 omnia
3567 3795 3689 3849 qum

2105 3855 2157 3909 in
2195 3854 2275 3911 eis
2303 3863 2429 3910 sunt
2474 3872 2489 3909 :
2526 3857 2850 3913 attendimus
2895 3859 3103 3932 singula
3145 3861 3344 3920 habere
3376 3866 3607 3944 origines
3635 3879 3691 3924 et

2103 3960 2291 4002 causas
2333 3960 2481 4014 suas,
2509 3947 2773 4003 seminum
2810 3947 2943 4017 vim,
2976 3951 3229 4009 nascendi
3270 3953 3535 4021 ordinem,
3564 3974 3693 4032 per-

2104 4037 2357 4095 manendi
2383 4039 2624 4108 modum,
2671 4041 2973 4099 intereundi
3001 4042 3280 4102 decessum
3305 4087 3321 4113 ,
3348 4063 3567 4106 currere
3595 4068 3693 4106 vo-

2105 4127 2306 4185 lumiua
2340 4131 2658 4187 saeculorum
2705 4133 2825 4189 sine
2872 4133 2979 4188 ulla
3026 4137 3462 4206 perturbatione,
3505 4142 3691 4198 stellas

2104 4220 2246 4276 volvi
2283 4221 2514 4292 quodam
2545 4222 2706 4277 modo
2732 4222 2801 4278 ab
2825 4224 3033 4281 oriente
3062 4227 3490 4297 in‘orcidentem,
3528 4249 3690 4304 pera-

2103 4327 2231 4384 gere
2275 4328 2467 4369 cursus
2497 4329 2759 4370 annorum
2791 4357 2808 4381 ,
2854 4316 3096 4372 videmus
3141 4319 3504 4380 dimensiones
3534 4341 3695 4382 men-

2105 4407 2278 4473 sium,
2319 4404 2670 4463 distentiones
2701 4407 2985 4475 horarum;
3019 4411 3177 4484 inque
3213 4413 3297 4470 his
3321 4417 3568 4474 omnibus
3595 4437 3692 4475 ue-

2106 4501 2219 4556 scio
2253 4499 2380 4571 quid
2414 4500 2700 4569 invisibile,
2733 4502 2875 4573 quod
2898 4504 3116 4575 spiritus
3142 4506 3429 4564 vel'anima
3467 4510 3691 4579 dicitur,

2107 4591 2285 4648 inesse
2312 4591 2562 4648 omnibus
2589 4591 2949 4650 animantibus
2974 4594 3041 4649 ad
3069 4592 3694 4673 appetendam’volupta-

2107 4689 2214 4738 tem
2242 4680 2651 4754 fugiendamque
2690 4682 2987 4740 molestiam
3012 4727 3030 4754 ,
3054 4686 3122 4742 ad
3147 4690 3561 4746 conservandam
3601 4694 3693 4749 in-

2105 4774 2468 4829 columitatem
2530 4787 2679 4827 suam
2746 4775 3025 4846 vestigium
3094 4777 3360 4846 quoddam
3433 4781 3694 4851 unitatis;

2107 4865 2284 4920 inesse
2307 4865 2466 4920 etiam
2495 4864 2696 4935 bomini
2723 4879 3004 4921 commune
3032 4868 3281 4937 quiddam
3323 4886 3443 4926 cum
3469 4874 3700 4946 Angelis

2107 4955 2376 5021 Dci;non
2410 4969 2530 5009 cum
2579 4955 2894 5023 pecoribus,
2922 4956 3060 5012 sicut
3105 4967 3189 5013 est
3239 4960 3438 5031 vivere,
3476 4966 3697 5038 audire,

2105 5048 2307 5114 videre,
2339 5056 2395 5102 et
2414 5056 2607 5103 caetera
2627 5089 2642 5113 ,
2674 5048 2766 5103 scd
2792 5048 2935 5118 quod
2959 5050 3215 5122 intelligat
3241 5053 3424 5120 Deum,
3456 5060 3598 5128 quod
3620 5064 3697 5118 ad

2105 5150 2337 5197 mentem
2366 5139 2578 5211 proprie
2608 5141 2871 5209 pertineat
2895 5141 2917 5173 ⁸
2936 5183 2954 5210 ,
2980 5142 3119 5213 quod
3148 5144 3489 5205 sicutoculus
3509 5151 3697 5208 album

2106 5242 2163 5290 et
2184 5233 2393 5303 nigrum
2419 5272 2435 5299 ,
2468 5231 2539 5284 ita
2579 5230 2883 5299 aequitatem
2932 5231 3370 5307 iniquitatemque
3398 5238 3693 5300 discernat.

2107 5325 2164 5380 ln
2206 5325 2305 5379 hac
2334 5332 2445 5379 tota
2468 5321 2898 5378 consideratione
2922 5334 3197 5392 creatum,
3229 5343 3388 5398 quam
3414 5333 3699 5392 nominare

2109 5428 2393 5487 utcumque
2454 5426 2507 5470 et
2561 5429 2876 5484 percurrere
2927 5418 3228 5486 potuimus,
3296 5420 3586 5494 interroget
3635 5444 3699 5485 sc

2108 5511 2283 5563 anima
2319 5527 2338 5567 :~
2356 5508 2484 5574 Quis
2503 5506 2629 5561 fecit
2647 5507 2762 5563 haec
2777 5508 2997 5563 omnia?
3020 5510 3138 5580 quis
3158 5514 3360 5568 creavit
3387 5514 3545 5572 haec?
3573 5521 3698 5589 quis

2112 5601 2163 5656 in
2197 5601 2278 5653 his
2303 5599 2567 5669 teipsam?
2606 5597 2741 5666 Quid
2768 5610 2893 5685 sunt
2921 5599 3019 5654 ista
3045 5615 3164 5671 qua:
3195 5604 3540 5663 consideras?
3562 5610 3696 5681 quid

2176 5757 2189 5788 ¹
2221 5764 2318 5802 Am.
2337 5761 2408 5801 Er.
2428 5760 2489 5815 Act
2513 5749 2735 5815 fierique
2758 5758 2886 5815 Mss,
2907 5758 2954 5804 et
2974 5765 3089 5805 non.

2177 5820 2196 5848 ι
2220 5818 2301 5862 Hic
2324 5816 2371 5863 in
2395 5813 2612 5876 pluribus
2631 5813 2737 5876 uss.
2771 5814 2936 5872 deest,
2960 5827 3069 5864 non.

2178 5880 2198 5910 ³
2219 5877 2330 5925 Edd.
2355 5872 2605 5940 pertineat.
2622 5875 2804 5941 Aliquot
2828 5889 2947 5927 vero
2970 5884 3479 5942 Mss.,pertmzl.l"erte
3498 5872 3718 5936 ηιςὶὶυέ
