4012 6202
290 363 443 420 1273

288 483 348 528 ιιι
377 490 502 542 qua:
537 475 884 532 consideras?
909 479 1038 548 Quis
1077 479 1164 536 ille
1204 482 1292 552 qui
1333 483 1459 540 fecit
1501 490 1886 548 consideranda

283 573 344 620 et
371 567 852 624 eonsiderantem?
889 572 1010 640 quis
1033 581 1116 627 est
1141 574 1281 630 iste?
1311 576 1402 632 Die
1435 579 1581 634 illum
1608 599 1622 647 ;
1649 592 1708 636 ut
1739 584 1888 640 dicas

283 654 468 722 illum,
515 656 692 726 cogita
735 657 904 712 illum.
935 660 1094 716 Potes
1134 665 1275 718 enim
1319 667 1516 737 aliquid
1543 672 1806 741 cogitare,
1833 684 1886 730 et

281 747 432 802 forte
461 761 569 802 non
595 758 748 818 potes
766 749 948 807 dicere
973 769 987 814 ;
1013 754 1158 810 nullo
1187 757 1346 814 modo
1368 771 1547 816 autem
1577 765 1778 832 poteris
1797 767 1884 821 di-

280 853 414 893 cere
444 838 588 908 quod
634 854 740 894 non
769 844 1006 910 potueris
1051 846 1306 916 cogitare.
1339 849 1480 919 Ergo
1524 859 1699 922 cogita
1731 854 1879 909 illum

282 929 606 999 priusquam
638 930 787 986 dicas
817 933 962 988 illum
985 975 999 998 ,
1038 944 1095 989 ut
1128 939 1330 1008 cogites
1365 941 1537 1008 illum,
1579 945 1774 1001 accede
1815 948 1882 1002 ad

278 1017 459 1072 illum.
485 1019 641 1087 Quod
669 1023 812 1077 enim
838 1024 919 1079 vis
945 1024 1082 1080 bene
1110 1027 1310 1096 videre,
1337 1039 1394 1086 ut
1419 1033 1614 1090 habeas
1644 1037 1784 1107 quod
1807 1039 1884 1091 lo-

287 1110 500 1177 quaris,
535 1111 750 1168 accedis
790 1123 847 1169 ut
887 1115 1158 1186 inspicias,
1192 1135 1260 1174 ne
1287 1121 1423 1179 forte
1467 1124 1622 1197 longe
1649 1127 1880 1184 videndo

279 1198 509 1258 fallaris.
561 1202 668 1260 Sed
705 1215 760 1260 ut
797 1208 965 1262 oculis
1003 1209 1101 1264 ista
1137 1227 1396 1283 corpora,
1441 1219 1520 1273 sic
1560 1219 1649 1276 ille
1698 1233 1879 1278 mente

280 1294 640 1363 conspicitur,
663 1297 824 1353 corde
849 1300 1139 1356 attenditur
1158 1313 1212 1358 et
1228 1305 1455 1362 videtur.
1481 1309 1546 1363 Et
1569 1311 1657 1366 ubi
1677 1322 1760 1368 est
1783 1327 1880 1369 eor

280 1383 429 1440 unde
457 1385 550 1441 ille
578 1387 858 1443 videatur?
885 1389 1050 1456 Beati,
1080 1394 1177 1459 ait,
1225 1396 1400 1449 mundi
1438 1400 1608 1466 corde,
1635 1405 1876 1471 quoniam

279 1475 382 1544 ipsi
433 1476 602 1531 Deum
641 1480 872 1535 videbunt
913 1481 1120 1550 (Matth.
1170 1501 1220 1547 ν,
1250 1486 1347 1558 8).
1381 1489 1573 1552 Audio,
1606 1493 1789 1558 credo,
1820 1504 1877 1550 ut

280 1581 505 1636 possum
535 1569 774 1642 intelligo
796 1613 811 1638 ,
844 1572 1005 1628 corde
1029 1575 1196 1630 videri
1228 1577 1418 1642 Deum,
1449 1595 1549 1635 nec
1589 1597 1744 1650 posse
1773 1585 1872 1640 nisi

278 1658 486 1713 mundo
505 1660 671 1715 corde
696 1662 969 1732 conspici;
1001 1665 1094 1720 sed
1127 1667 1284 1723 audio
1312 1669 1469 1724 aliam
1497 1670 1823 1742 Scripturam
1855 1695 1870 1730 :

280 1749 415 1815 Quis
434 1751 732 1820 gloriabitur
754 1765 948 1808 castum
985 1772 1040 1810 se
1067 1757 1247 1812 habere
1277 1777 1364 1814 cor
1381 1763 1406 1815 ξ)
1430 1772 1516 1816 aut
1542 1765 1652 1834 quis
1675 1767 1870 1838 gloria-

276 1840 422 1894 bitur
447 1843 694 1896 mundum
713 1861 767 1899 se
788 1862 942 1900 esse~a
967 1859 1168 1917 peccato
1196 1849 1371 1920 (Prov.
1415 1870 1501 1918 xx,
1533 1855 1626 1922 9)?
1655 1859 1867 1914 Attendi

269 1947 410 2004 ergo
424 1935 723 1990 universam
740 1947 1058 2005 creaturam,
1077 1949 1330 2010 quantum
1345 1947 1485 2014 potui
1504 1963 1518 2010 ;
1537 1950 1867 2017 corporalem

268 2025 634 2082 animadverti
655 2026 706 2082 in
735 2029 871 2086 caelo
892 2038 946 2086 et
971 2031 1023 2086 in
1053 2041 1216 2100 terra,
1247 2036 1575 2105 spiritualem
1601 2050 1777 2096 autem
1811 2044 1862 2098 in

269 2117 488 2187 meipso
519 2119 606 2188 qui
639 2119 827 2190 loquor
849 2162 864 2186 ,
907 2123 999 2192 qui
1046 2125 1288 2180 membra
1316 2139 1526 2199 vegeto,
1558 2133 1646 2202 qui
1679 2150 1861 2191 vocem

265 2208 535 2275 intendo,
576 2211 665 2281 qui
707 2211 942 2283 linguam
977 2231 1165 2272 moveo
1188 2260 1203 2287 ,
1233 2220 1323 2290 qui
1354 2223 1512 2278 verba
1540 2229 1852 2294 pronuntio,

262 2315 574 2371 sensusque
606 2301 874 2358 discerno.
922 2306 986 2360 Et
1016 2308 1229 2378 quando
1258 2313 1656 2382 comprehendo
1691 2333 1778 2373 me
1807 2319 1859 2374 in

263 2392 401 2448 me?
435 2391 592 2449 Unde
620 2409 748 2466 ergo
778 2411 991 2466 possum
1018 2399 1159 2469 quod
1185 2415 1342 2472 supra
1374 2405 1497 2459 me?
1522 2405 1858 2465 Promittitur

261 2491 453 2536 tamen
481 2483 628 2538 cordi
651 2484 883 2541 hmnano
911 2487 1050 2542 visio
1071 2489 1187 2556 Dei,
1215 2501 1269 2546 et
1295 2491 1543 2548 indicitur
1573 2497 1588 2527 ¹
1615 2500 1856 2568 qumdam

258 2574 521 2642 operatio
547 2575 832 2630 mandandi
855 2577 1067 2646 cordis;
1097 2578 1200 2636 hoc
1219 2581 1414 2646 dicitur
1435 2585 1501 2639 ab
1530 2585 1805 2657 Scriptura
1837 2607 1852 2646 :

258 2661 404 2717 Para
433 2665 574 2718 unde
602 2665 785 2722 videas
810 2667 950 2736 quod
976 2683 1123 2724 amas
1149 2711 1166 2737 ,
1199 2681 1482 2743 antequam
1508 2677 1710 2731 videas.
1745 2681 1856 2733 Au-

255 2755 375 2808 dito
407 2757 553 2810 enim
579 2756 688 2812 Deo
713 2767 762 2813 et
792 2761 1006 2816 nomine
1033 2761 1171 2831 ejus,
1197 2763 1280 2818 cui
1303 2779 1410 2819 non
1432 2767 1588 2822 dulce
1610 2773 1850 2841 estquod

253 2843 436 2909 audit,
468 2846 569 2900 nisi
615 2847 776 2917 impio
810 2850 1032 2904 multum
1063 2863 1291 2922 remoto,
1323 2857 1552 2912 multum
1578 2859 1734 2930 longe
1773 2860 1851 2917 fa-

251 2936 386 2990 cto?
416 2935 671 3002 Quoniam
693 2955 826 3009 ecce,
850 2942 1040 3010 inquit,
1073 2944 1160 3013 qui
1184 2944 1333 3018 longe
1361 2948 1557 3018 faciunt
1577 2967 1631 3003 se
1655 2951 1744 3005 abs
1774 2960 1846 3019 te,

251 3026 539 3094 peribunt;
580 3029 817 3099 sequitur
839 3073 855 3099 ,
909 3030 1190 3089 Perdidisti
1232 3053 1428 3104 munem
1455 3040 1540 3107 qui
1567 3043 1849 3111 fornicatur

247 3117 339 3170 obs
374 3128 422 3170 te
445 3119 466 3189 (
485 3116 625 3174 Psal.
656 3136 828 3184 Lxxn.
858 3121 928 3176 27
948 3123 990 3191 ).
1012 3123 1178 3181 Nobis
1211 3137 1388 3183 autem
1419 3131 1588 3199 quid?
1615 3132 1746 3198 Quia
1770 3133 1845 3190 illi

249 3206 455 3278 longe,
505 3219 555 3262 et
591 3209 709 3265 ideo
746 3212 798 3266 in
845 3213 1099 3282 tenebris,
1128 3226 1182 3270 et
1211 3217 1279 3272 ita
1309 3222 1558 3276 sauciatis
1585 3223 1759 3278 oculis
1791 3225 1843 3280 in

246 3300 532 3361 tenebris.
567 3310 622 3354 ut
657 3301 830 3358 lumen
877 3319 981 3359 non
1011 3307 1182 3361 solum
1233 3324 1338 3363 non
1387 3311 1709 3382 desiderent,
1749 3317 1842 3372 sed

245 3392 410 3445 etiam
430 3391 875 3461 perhorrescant;
905 3396 1056 3452 nobis
1075 3398 1126 3452 in
1152 3398 1439 3472 longinquo
1461 3403 1688 3461 inventis
1715 3408 1843 3478 quid

245 3480 449 3537 dicitur
464 3481 492 3534 ?
515 3483 744 3539 Accedite
755 3486 823 3538 ad
842 3503 975 3556 eum,
999 3497 1045 3541 et
1068 3488 1427 3546 illuminantini
1449 3493 1619 3566 (Psal.
1651 3514 1839 3565 χχχιιι,

245 3569 330 3643 6).
369 3571 443 3628 Ut
473 3581 649 3628 autem
685 3575 908 3630 accedas
932 3586 986 3631 et
1019 3578 1370 3646 illumineris,
1401 3583 1718 3654 displiceant
1744 3589 1838 3644 tibi

248 3665 494 3719 tenebrae
523 3675 658 3731 tua);
689 3665 879 3722 damna
908 3670 1049 3739 quod
1075 3686 1154 3738 es,
1187 3680 1244 3727 ut
1270 3677 1526 3732 merearis
1546 3694 1664 3734 esse
1687 3683 1828 3752 quod

248 3771 354 3810 non
389 3772 472 3810 es.
504 3756 574 3811 Es
604 3758 840 3828 iniquus,
869 3775 988 3816 esse
1011 3761 1175 3818 debes
1211 3765 1422 3834 justus:
1453 3785 1719 3841 nunquam
1746 3774 1837 3844 ju-

246 3848 448 3901 stitiam
480 3862 823 3920 percepturus
848 3867 926 3916 es,
958 3855 1000 3908 si
1029 3855 1202 3910 adhuc
1234 3857 1327 3911 tibi
1358 3858 1532 3928 placet
1557 3861 1826 3932 iniquitas.

245 3938 481 3994 Contere
506 3940 646 3994 illam
670 3941 722 3996 in
743 3941 904 3996 corde
944 3951 1054 4011 tuo,
1089 3955 1143 4000 ct
1181 3947 1412 4014 munda;
1440 3951 1648 4021 expelle
1691 3954 1834 4010 illam

243 4028 311 4084 de
337 4031 509 4086 corde
530 4041 640 4098 tuo,
665 4032 752 4087 ubi
780 4033 891 4088 vult
917 4034 1191 4102 habitare”
1218 4054 1373 4109 quem
1403 4041 1482 4096 vis
1506 4043 1706 4100 videre.
1732 4048 1835 4102 Ac-

241 4121 385 4175 cedit
430 4136 563 4192 ergo
591 4131 875 4195 utcumque
919 4126 1093 4180 anima
1127 4127 1350 4184 humana
1377 4173 1392 4197 ,
1422 4131 1642 4190 interior
1674 4135 1836 4194 homo

239 4222 518 4269 recreatus
545 4213 610 4269 ad
659 4216 940 4288 imaginem
972 4219 1104 4284 Dei,
1152 4221 1270 4288 quia
1300 4232 1509 4280 creatus
1535 4226 1600 4281 ad
1643 4227 1835 4300 imagi-

238 4321 367 4361 nem
390 4306 487 4361 Dei
511 4323 526 4368 ;
550 4308 638 4378 qui
672 4319 818 4365 tanto
844 4320 960 4366 erat
979 4310 1134 4382 longe
1165 4312 1332 4368 factus
1362 4315 1381 4346 ³
1409 4357 1423 4381 ,
1457 4328 1656 4388 quanto
1697 4321 1834 4378 ierat

238 4399 294 4454 in
323 4399 836 4458 dissimilitudinem.
865 4402 981 4458 Non
1002 4405 1142 4459 enim
1166 4405 1402 4462 locorum
1432 4409 1724 4468 intervallis
1744 4429 1834 4468 ac-

235 4492 454 4547 ceditur
480 4491 545 4547 ad
573 4493 759 4558 Deum,
785 4505 880 4550 aut
930 4495 1199 4551 receditur
1242 4513 1272 4552 a
1343 4500 1452 4555 Deo
1509 4520 1521 4556 :
1559 4501 1833 4564 dissimilis

235 4585 430 4649 factus,
463 4585 634 4657 longe
641 4588 906 4643 recessisti
931 4605 947 4654 ;
970 4589 1158 4644 similis
1190 4589 1378 4657 factus,
1412 4595 1651 4663 proxime
1672 4611 1830 4652 acce-

234 4675 340 4732 dis.
372 4676 510 4732 Vide
538 4677 805 4748 quomodo
835 4695 934 4734 nos
977 4680 1088 4734 vult
1115 4682 1373 4737 accedere
1419 4684 1671 4739 Dominus
1691 4727 1706 4751 ,
1754 4686 1831 4741 fa-

233 4769 383 4823 ciens
411 4769 586 4838 primo
609 4769 811 4826 similes
834 4811 849 4838 ,
881 4772 1297 4850 allacrzedamus.
1330 4773 1520 4840 Estote,
1548 4777 1623 4832 ait
1643 4821 1656 4838 .
1701 4780 1830 4833 sicut

235 4859 397 4914 Pater
437 4869 596 4912 vester
620 4862 775 4930 quiin
817 4862 955 4916 caelis
982 4872 1074 4928 est,
1099 4864 1186 4933 qui
1206 4865 1361 4918 solem
1389 4883 1538 4920 suum
1563 4869 1681 4922 oriri
1707 4871 1829 4940 facit

231 4965 387 5016 super
416 4947 575 5003 bonos
619 4958 666 5002 et
691 4951 850 5004 malos
870 4994 883 5014 ,
916 4960 963 5004 et
1002 4951 1129 5022 pluit
1155 4969 1307 5023 super
1320 4955 1490 5025 justas
1532 4967 1577 5024 et
1612 4958 1828 5027 injustas

230 5039 455 5104 (ﬂaua.
481 5055 535 5106 v,
566 5041 682 5110 45).
713 5041 866 5096 Disce
884 5042 1106 5112 diligere
1134 5043 1425 5113 inimicum,
1452 5046 1496 5100 si
1527 5048 1608 5102 vis
1630 5063 1823 5104 cavere

234 5128 512 5184 inimicum
544 5129 585 5184 ⁸.
620 5131 936 5200 lnquantum
967 5142 1142 5188 autem
1188 5134 1239 5187 in
1269 5143 1319 5190 te
1348 5135 1580 5190 charitas
1606 5139 1820 5205 crescit,

227 5220 471 5274 efliciens
493 5231 544 5275 te
560 5231 615 5276 et
627 5236 889 5278 revocans
907 5231 956 5277 te
974 5224 1036 5276 ad
1058 5225 1452 5282 similitudinem
1472 5227 1585 5296 Dei,
1611 5239 1823 5298 perten-

293 5414 311 5480 ξ
340 5413 476 5474 an,
496 5415 610 5465 inde
635 5413 834 5480 dicitur.
863 5425 918 5466 Αι
936 5425 1061 5480 Mss,
1079 5417 1328 5471 indicitur.

291 5475 313 5504 ι
341 5482 458 5538 tteg.
498 5483 612 5537 his,
638 5477 872 5541 con/itere
911 5475 1057 5530 illaut
1088 5481 1137 5531 iu
1160 5484 1304 5534 corde
1328 5493 1406 5534 tuo
1435 5486 1542 5537 :ibi
1574 5487 1671 5538 vult
1694 5488 1825 5540 [tabi-

563 5607 687 5649 Mss.:
711 5600 1386 5672 accedenteergoutcumqtte
1414 5608 1574 5672 anima
1591 5609 1819 5672 limitatio,

230 5659 432 5728 ulterior
457 5661 602 5731 [tanta
621 5670 869 5734 recreatur
886 5662 956 5734 ad
979 5659 1233 5734 imaginem
1259 5659 1349 5717 Ι)ὲί
1373 5683 1386 5719 :
1412 5671 1526 5734 quia
1548 5659 1743 5724 creatus
1756 5659 1821 5724 ad

229 5725 488 5781 minem
517 5725 620 5782 Dei,
636 5728 768 5793 tanta
788 5731 895 5775 erat
917 5725 1054 5792 longe
1071 5725 1246 5790 factus,
1273 5738 1366 5780 ctc.

294 5786 319 5814 ⁸
341 5783 471 5835 ωδ.
499 5792 602 5846 Μελ,
621 5797 850 5837 anticum.

1401 374 1800 436 ENARRATIO
1838 381 1904 438 IN
1943 383 2262 448 PSALMUM
2305 397 2490 455 XCIX.

3445 435 3580 492 1274

1997 498 2074 555 dit
2101 517 2270 574 usque
2296 508 2363 562 ad
2403 511 2680 583 inimicos;
2701 521 2849 576 utsis
2867 525 2914 579 ei
2935 526 3124 586 similis
3147 535 3234 603 qui
3264 535 3387 596 facit
3410 547 3580 601 solem

1991 605 2146 648 suum
2170 597 2321 664 oriri,
2346 615 2450 655 non
2473 618 2632 674 super
2661 607 2830 666 bonos
2851 623 3072 683 tantum,
3098 597 3194 678 sed
3219 639 3380 697 super
3407 633 3579 691 honos

1992 694 2046 740 et
2070 688 2275 756 malos;
2297 702 2350 747 et
2384 693 2536 784 pluit,
2562 713 2665 752 non
2697 716 2858 772 super
2877 709 3048 774 justus
3078 688 3321 784 tantmn',
3352 723 3445 776 sed
3488 688 3580 779 su;

1991 790 2086 845 per
2099 777 2274 862 justus
2302 791 2357 837 et
2382 770 2625 854 injustos.
2652 770 2914 858 Quantum
2939 805 3151 860 accedis
3179 808 3246 862 ad
3267 770 3576 870 -

1990 880 2146 930 nem,
2192 877 2394 926 tantum
2441 878 2656 943 proficis
2697 883 2748 936 in
2787 885 3080 955 charitate,
3114 905 3166 949 et
3210 906 3358 954 tanto
3385 903 3577 975 incipis

1988 958 2188 1014 sentire
2221 962 2403 1018 Deum.
2428 966 2494 1020 Et
2519 983 2677 1038 quem
2703 977 2908 1032 sentis?
2934 981 3020 1049 qui
3050 987 3276 1043 venitad
3306 1000 3377 1058 te,
3403 1009 3472 1049 an
3493 958 3572 1051 rad

1988 1061 2144 1116 quem
2176 1057 2228 1104 tu
2259 1052 2436 1116 redis?
2463 1057 2595 1113 Nam
2621 1061 2992 1136 illenunquam
3017 1071 3261 1132 discessit
3286 1095 3316 1134 a
3343 1052 3394 1138 te
3427 1102 3440 1136 :
3475 1102 3565 1139 re-

1985 1137 2128 1192 cedit
2149 1155 2178 1192 a
2208 1149 2258 1196 te
2287 1143 2445 1213 Deus,
2469 1162 2590 1203 cum
2621 1161 2671 1204 tu
2698 1156 2948 1212 recedisa
2972 1161 3100 1216 Deo.
3127 1137 3412 1226 Praisentia
3436 1185 3563 1230 sunt

1984 1231 2142 1285 czecis
2165 1235 2363 1298 omnia,
2401 1239 2540 1294 sicut
2562 1242 2862 1303 videntibus
2897 1268 2910 1304 :
2936 1267 3041 1305 uno
3073 1255 3190 1310 loco
3213 1268 3360 1316 stans
3389 1279 3564 1320 caecus

1983 1329 2038 1374 et
2065 1321 2266 1390 videns,
2293 1325 2481 1383 iisdem
2521 1330 2705 1388 formis
2729 1352 2908 1393 rerum
2938 1351 3162 1415 uterque
3188 1348 3568 1409 circumfundi-

1983 1418 2104 1476 tur;
2148 1415 2238 1469 ille
2271 1426 2355 1472 est
2383 1435 2617 1488 praesens
2665 1428 2858 1496 rebus,
2885 1433 2971 1488 ille
2998 1437 3193 1494 absens
3226 1460 3239 1494 :
3269 1459 3334 1498 ex
3360 1445 3567 1502 duolms

1980 1518 2088 1558 uno
2117 1505 2237 1560 loco
2261 1511 2522 1566 stantibus
2542 1555 2557 1578 ,
2593 1531 2727 1572 unus
2753 1530 2836 1574 est
2859 1539 3096 1591 praesens
3118 1570 3133 1595 ,
3166 1532 3302 1586 alius
3331 1536 3560 1606 absens;

1979 1608 2084 1648 non
2113 1596 2270 1651 rebus
2297 1599 2424 1670 ipsis
2449 1603 2516 1657 ad
2554 1607 2779 1664 alterum
2820 1615 3195 1675 accedentibus
3229 1633 3283 1676 et
3305 1625 3374 1678 ab
3395 1596 3566 1683 altero

1978 1686 2370 1756 recedentibus.
2395 1695 2488 1749 sed
2517 1711 2732 1766 propter
2769 1703 3250 1766 dissimilitudinem
3274 1718 3560 1774 ,oculorum

1975 1789 2212 1833 suorum.
2247 1779 2342 1838 Ille
2384 1786 2472 1852 qui
2519 1803 2694 1844 cmcus
2721 1792 2950 1863 dicitur,
2981 1801 3101 1867 quia
3130 1805 3448 1862 exstinctum
3481 1820 3566 1870 est

1976 1866 2046 1920 ibi
2087 1869 2227 1937 quod
2272 1882 2664 1947 eontemperari
2695 1884 2831 1938 solet
2857 1887 3003 1941 luci‘
3055 1905 3244 1948 cuncta
3291 1899 3558 1966 vestienti,

1972 1955 2168 2013 frustra
2199 1971 2282 2017 est
2312 1959 2550 2034 pracs‘ens
2572 1972 2730 2027 rebus
2750 1992 2882 2042 quas
2904 1995 3007 2032 non
3034 1982 3202 2045 videt;
3229 1986 3335 2040 imo
3364 1992 3561 2044 rectius

1970 2051 2166 2108 absens
2191 2069 2350 2125 quam
2379 2073 2614 2128 praesens
2633 2064 2826 2122 dicitur
2854 2087 2867 2122 :
2893 2070 2978 2125 ubi
3001 2074 3144 2128 enim
3177 2092 3282 2132 non
3313 2089 3397 2133 est
3423 2097 3551 2137 sen-

1967 2158 2060 2199 sus
2073 2145 2208 2216 ejus,
2232 2160 2378 2205 recte
2398 2151 2837 2229 diciturabsens;
2864 2161 2968 2217 hoc
2999 2175 3082 2220 est
3107 2168 3249 2222 enim
3271 2171 3550 2230 absentem

1966 2251 2106 2304 esse,
2136 2253 2295 2295 sensu
2337 2242 2545 2299 abesse.
2579 2248 2666 2302 Sic
2693 2259 2748 2304 et
2786 2251 2923 2307 Dens
2955 2254 3146 2326 ubique
3186 2273 3423 2327 przesens
3448 2273 3550 2326 est,

1966 2329 2160 2401 ubique
2190 2341 2351 2390 totus.
2381 2335 2649 2408 Sapientia
2681 2341 2799 2412 ejus
2834 2346 3044 2416 attingit
3080 2364 3110 2402 a
3156 2351 3261 2406 fine
3291 2369 3458 2423 usque
3481 2357 3547 2410 ad

1971 2420 2130 2478 finem
2153 2424 2378 2494 fortiter,
2406 2439 2461 2483 et
2486 2430 2722 2501 disrionit
2756 2438 3199 2495 omnia~suaviter
3227 2443 3246 2512 (
3271 2420 3400 2516 Sep.
3433 2464 3546 2512 vni,

1963 2513 1987 2566 1
2016 2513 2054 2584 ).
2088 2515 2239 2582 Quod
2261 2527 2437 2574 autem
2464 2521 2600 2575 Detts
2628 2524 2805 2589 Pater,
2833 2526 2933 2582 hoc
2964 2530 3184 2584 Verbum
3215 2533 3330 2600 ejus
3348 2513 3414 2590 iet
3442 2537 3543 2592 Sa-

1962 2603 2160 2672 pientia
2199 2607 2351 2676 ejus,
2396 2609 2480 2666 lux
2513 2611 2580 2666 de
2606 2613 2760 2680 luce,
2792 2617 2930 2672 Dens
2971 2618 3039 2673 de
3083 2622 3208 2676 Deo.
3258 2623 3391 2691 Quid
3421 2643 3548 2700 ergo

1960 2703 2112 2762 Optas
2155 2697 2374 2754 videre?
2417 2700 2531 2757 Non
2571 2713 2654 2759 est
2695 2721 2724 2758 a
2777 2716 2827 2761 te
2859 2708 3014 2779 longe
3053 2714 3192 2782 quod
3241 2717 3316 2769 vis
3345 2697 3541 2774 videre.

1959 2787 2244 2855 Apostolus
2279 2789 2406 2844 dicit
2433 2794 2676 2862 equidem
2709 2811 2813 2852 non
2851 2799 3006 2870 longe
3050 2805 3274 2872 pesitnm
3319 2809 3386 2865 ab
3409 2827 3543 2865 uno-

1956 2890 2166 2945 quoque
2195 2891 2435 2936 nostrum
2466 2900 2479 2936 :
2517 2886 2570 2937 in
2599 2886 2711 2954 ipso
2745 2890 2878 2943 enim
2905 2893 3110 2948 vivimus
3131 2907 3178 2949 et
3217 2915 3471 2955 moremur
3496 2916 3544 2959 et

1954 2979 2132 3020 sumus
2154 2967 2300 3038 (Act.
2335 2986 2460 3035 xvu,
2503 2973 2594 3037 27,
2625 2975 2695 3030 28
2715 2975 2757 3047 ).
2785 2977 2990 3046 Quanta
3025 2999 3153 3055 ergo
3183 2987 3394 3044 miseria
3425 3003 3540 3060 est;

1953 3056 2109 3128 longe
2137 3075 2256 3117 esse
2285 3063 2351 3117 ab
2375 3079 2439 3119 eo
2462 3067 2550 3136 qui
2577 3067 2770 3137 ubique
2795 3074 2915 3126 est?

2025 3150 2078 3204 6.
2109 3149 2239 3205 Esto
2263 3168 2392 3224 ergo
2415 3155 2605 3211 similis
2625 3159 2840 3227 pietate,
2869 3171 2923 3216 et
2943 3165 3166 3234 diligens
3182 3168 3498 3236 cogitatione
3521 3185 3534 3222 :

1951 3241 2201 3310 quoniam
2236 3245 2512 3300 invisibilia
2543 3247 2658 3315 ejus
2704 3265 2798 3319 per
2835 3267 2895 3306 ea
2923 3269 3040 3323 quae
3070 3255 3202 3310 facta
3225 3267 3349 3311 snnt
3373 3259 3529 3312 intel-

1953 3329 2088 3385 lecta
2114 3334 2515 3402 conspiciuntur
2542 3337 2720 3407 (Rom.
2747 3357 2786 3405 ι,
2814 3341 2908 3412 20)
2933 3359 2948 3408 ;
2995 3360 3055 3398 ea
3101 3362 3220 3415 qua:
3252 3347 3383 3402 facta
3413 3360 3536 3402 sunt

1953 3421 2181 3488 intuere,
2217 3425 2434 3492 mirare,
2464 3443 2646 3497 quaere
2674 3440 2968 3487 auctorem.
3019 3434 3072 3490 Si
3104 3436 3374 3494 dissimilis
3425 3441 3530 3506 sis,

1950 3513 2263 3581 rcpelleris;
2294 3516 2336 3568 si
2382 3517 2608 3584 similis,
2639 3523 2948 3577 exsultabis.
2995 3525 3064 3579 Et
3109 3543 3228 3582 cmn
3277 3531 3533 3585 accedere

1947 3604 2179 3673 caperis
2207 3605 2396 3662 similis
2420 3649 2436 3674 ,
2465 3618 2519 3663 et
2541 3614 2928 3679 persentiscere
2951 3617 3115 3670 Deum
3143 3661 3157 3686 ,
3187 3631 3438 3690 quantum
3479 3624 3530 3677 in

1950 3706 2001 3750 te
2029 3696 2262 3752 charitas
2287 3701 2514 3769 crescit,
2538 3704 2659 3773 quia
2687 3714 2741 3760 et
2765 3706 2998 3761 charitas
3027 3709 3167 3764 Deus
3188 3721 3269 3764 est
3296 3713 3340 3779 (Ι
3366 3714 3523 3767 Joan.

1946 3804 2014 3852 tv,
2042 3789 2120 3857 8),
2160 3792 2358 3846 senties
2381 3795 2629 3863 quiddam
2660 3797 2800 3866 quod
2829 3799 3062 3865 dicebas,
3082 3811 3135 3854 et
3164 3819 3265 3854 non
3291 3803 3524 3860 dicebas.

1945 3882 2083 3934 Ante
2121 3882 2261 3934 enim
2302 3899 2460 3951 quam
2491 3887 2738 3952 sentires,
2761 3887 2940 3943 dicere
2969 3899 3020 3944 te
3045 3891 3266 3959 putabas
3298 3893 3468 3947 Deum
3511 3913 3523 3950 :

1944 3970 2135 4040 incipis
2188 3975 2410 4041 sentire,
2443 3984 2498 4030 et
2541 3976 2611 4031 ibi
2669 3980 2834 4034 sentis
2883 3979 2987 4035 dici
3028 3997 3132 4036 non
3182 3997 3338 4053 posse
3384 3987 3523 4056 quod

1943 4061 2130 4116 sentis.
2155 4061 2287 4116 Cum
2314 4074 2498 4124 autem,
2537 4066 2608 4121 ibi
2631 4067 2880 4124 didiceris
2909 4069 3012 4126 dici
3042 4089 3147 4126 non
3179 4088 3338 4142 posse
3381 4076 3521 4144 quod

1941 4151 2110 4207 sentis
2131 4192 2148 4219 ,
2183 4154 2402 4219 tacebis,
2433 4170 2539 4210 non
2596 4157 2878 4215 laudabis?
2920 4159 3063 4232 Ergo
3092 4171 3269 4235 mutus
3324 4166 3432 4220 eris
3463 4165 3518 4220 in

1941 4243 2190 4301 laudibus
2216 4245 2349 4314 Dei,
2395 4256 2451 4303 et
2495 4250 2784 4319 gratiarum
2811 4253 3074 4309 actionem
3107 4271 3211 4310 non
3251 4256 3444 4313 reddes
3472 4262 3519 4314 ci

1939 4336 2030 4406 qui
2052 4337 2220 4393 voluit
2244 4353 2305 4394 se
2349 4351 2532 4395 notum
2557 4342 2647 4397 tibi
2681 4342 2888 4399 facere?
2917 4345 3214 4410 Laudabas.
3243 4363 3362 4404 cum
3385 4367 3524 4421 qna:-

1939 4443 2087 4485 reres
2112 4447 2127 4495 ;
2165 4430 2370 4497 silebis,
2398 4447 2516 4488 cum
2545 4433 2856 4491 inveneris?
2885 4437 3040 4493 Nullo
3069 4449 3254 4510 pacto:
3287 4459 3390 4497 non
3414 4445 3522 4500 eris

1938 4520 2196 4593 ingratus.
2230 4523 2462 4578 Debetur
2492 4523 2680 4588 honor.
2710 4526 2934 4583 debetur
2959 4533 3275 4599 reverentia,
3299 4533 3522 4590 debetur

1937 4628 2128 4683 magna
2161 4614 2412 4670 laudatio.
2445 4617 2674 4673 Attende
2723 4629 2773 4674 te
2833 4621 2920 4690 qui
2954 4621 3049 4687 sis,
3079 4632 3215 4678 terra
3243 4635 3295 4680 et
3339 4627 3470 4682 cinis
3505 4647 3518 4682 :

1938 4705 2057 4761 vide
2083 4706 2200 4775 quis
2239 4707 2514 4773 meruerit,
2571 4709 2696 4779 quid
2738 4710 2953 4779 videre;
3003 4714 3123 4769 vide
3174 4717 3326 4787 quis,
3369 4721 3517 4789 quid,
3615 4742 3618 4746 ί

1899 4797 2098 4852 homo
2129 4799 2319 4853 Deum.
2376 4801 2625 4869 Agnosco
2673 4817 2780 4856 non
2817 4806 3065 4859 meritum
3111 4807 3376 4874 hominis,
3425 4811 3518 4863 sed

1935 4890 2356 4946 misericordiam
2385 4891 2496 4946 Dei.
2526 4892 2703 4948 Lauda
2732 4910 2861 4964 ergo
2886 4897 3248 4954 miserantem.
3282 4902 3515 4967 Quomo-

1934 4979 2026 5045 do,
2057 4981 2234 5049 inquis
2262 5023 2277 5047 ,
2311 4981 2580 5036 laudabo?
2606 4983 2869 5038 Modicum
2918 4987 3088 5056 ipsum
3130 4989 3268 5059 quod
3319 4992 3519 5045 sentire

1934 5084 2148 5140 possum
2201 5087 2264 5126 ex
2310 5082 2460 5141 parte
2500 5074 2551 5128 in
2582 5076 2862 5146 aenigmate
2901 5095 2996 5147 per
3021 5082 3291 5152 speculum
3329 5081 3368 5152 (1
3396 5082 3513 5137 Cor.

1931 5175 2048 5227 xm,
2085 5160 2199 5226 ιε),
2224 5161 2334 5231 jam
2361 5165 2628 5232 explicare
2655 5183 2757 5221 non
2789 5184 3026 5238 possum.
3054 5173 3188 5226 Audi
3219 5190 3344 5244 ergo
3372 5175 3527 5230 PSal-

1931 5267 2112 5306 mum:
2146 5251 2371 5307 Jubilate
2393 5253 2634 5323 Domino,
2662 5261 2823 5314 omnis
2847 5271 3002 5316 terra.
3037 5263 3342 5320 Intellexisti
3369 5267 3524 5336 jnbi-

1930 5341 2179 5396 lationem
2225 5344 2397 5398 omnis
2435 5355 2621 5409 terrae,
2668 5349 2713 5404 si
2747 5350 2940 5420 jtthilas
3001 5353 3250 5408 Domino.
3287 5356 3518 5415 Domino

1925 5434 2090 5504 jnbila
2118 5436 2170 5499 ’ς
2219 5438 2324 5489 noli
2351 5437 2717 5504 jnbilationem
2751 5450 2893 5496 tuam
2939 5446 2986 5496 in
3022 5445 3152 5499 alias
3175 5456 3336 5516 atque
3376 5449 3514 5505 alias

1929 5539 2015 5578 res
2032 5524 2286 5578 dividere.
2317 5526 2594 5582 Postremo
2610 5540 2798 5584 caetera
2820 5531 2921 5586 dici
2952 5547 3173 5602 possunt
3191 5548 3507 5612 utcumque:

1993 5675 2007 5705 ¹
2033 5675 2105 5722 sic
2122 5681 2227 5724 Mss.
2258 5684 2310 5726 At
2334 5677 2473 5737 Edd,
2495 5678 2615 5729 tunc.

1992 5739 2012 5767 ³
2030 5737 2346 5848 filc’lmelioris
2364 5749 2489 5790 nove
2511 5747 2614 5792 Mss.
2644 5751 2698 5793 Al
2720 5744 2853 5806 Edd.,
2873 5754 3018 5800 terra:
3035 5748 3058 5800 ?
3075 5750 3330 5817 s’ijnbiltts,
3358 5754 3505 5805 nurni-

1932 5811 1992 5846 tto
2017 5811 2071 5849 tu
2092 5811 2121 5849 tt
2141 5812 2189 5848 a.

2011 5811 2189 5860 Juvua.
