  <div class='ocr_page' id='page_1' title='image "/cluster/home/n/w/nwhite01/storage/ocr_20150623/37/hvd.32044096580592/133.png"; bbox 0 0 3984 6204; ppageno 0'>
   <div class='ocr_carea' id='block_1_1' title="bbox 428 412 586 477">
    <p class='ocr_par' dir='ltr' id='par_1_1' title="bbox 428 412 586 477">
     <span class='ocr_line' id='line_1_1' title="bbox 428 412 586 477; baseline 0.013 -2"><span class='ocrx_word' id='word_1_1' title='bbox 428 412 586 477; x_wconf 59' lang='lat'><strong>~(275</strong></span> 
     </span>
    </p>
   </div>
   <div class='ocr_carea' id='block_1_2' title="bbox 452 524 2034 599">
    <p class='ocr_par' dir='ltr' id='par_1_2' title="bbox 452 524 2034 599">
     <span class='ocr_line' id='line_1_2' title="bbox 452 524 2034 599; baseline -0.01 -6"><span class='ocrx_word' id='word_1_2' title='bbox 452 539 542 593; x_wconf 89' lang='lat' dir='ltr'><strong>ille</strong></span> <span class='ocrx_word' id='word_1_3' title='bbox 589 537 744 592; x_wconf 88' lang='lat' dir='ltr'><strong>solus</strong></span> <span class='ocrx_word' id='word_1_4' title='bbox 770 542 853 590; x_wconf 86' lang='lat' dir='ltr'><strong>est</strong></span> <span class='ocrx_word' id='word_1_5' title='bbox 897 530 1213 594; x_wconf 79' lang='lat' dir='ltr'><strong>ineﬂ‘abitis,</strong></span> <span class='ocrx_word' id='word_1_6' title='bbox 1270 526 1363 599; x_wconf 85' lang='lat' dir='ltr'><strong>qui</strong></span> <span class='ocrx_word' id='word_1_7' title='bbox 1409 525 1582 591; x_wconf 88' lang='lat' dir='ltr'><strong>dixit,</strong></span> <span class='ocrx_word' id='word_1_8' title='bbox 1617 532 1674 581; x_wconf 91' lang='lat' dir='ltr'><strong>et</strong></span> <span class='ocrx_word' id='word_1_9' title='bbox 1721 524 1857 580; x_wconf 79' lang='lat' dir='ltr'><strong>facta</strong></span> <span class='ocrx_word' id='word_1_10' title='bbox 1908 531 2034 579; x_wconf 89' lang='lat' dir='ltr'><strong>sunt</strong></span> 
     </span>
    </p>
   </div>
   <div class='ocr_carea' id='block_1_3' title="bbox 451 616 2032 690">
    <p class='ocr_par' dir='ltr' id='par_1_3' title="bbox 451 616 2032 690">
     <span class='ocr_line' id='line_1_3' title="bbox 451 616 2032 690; baseline -0.008 -7"><span class='ocrx_word' id='word_1_11' title='bbox 451 630 651 683; x_wconf 83' lang='lat' dir='ltr'><strong>omnia.</strong></span> <span class='ocrx_word' id='word_1_12' title='bbox 689 627 855 690; x_wconf 81' lang='lat' dir='ltr'><strong>Dixit,</strong></span> <span class='ocrx_word' id='word_1_13' title='bbox 880 634 933 678; x_wconf 90' lang='lat' dir='ltr'><strong>et</strong></span> <span class='ocrx_word' id='word_1_14' title='bbox 983 621 1105 677; x_wconf 87' lang='lat' dir='ltr'><strong>facti</strong></span> <span class='ocrx_word' id='word_1_15' title='bbox 1152 635 1382 676; x_wconf 89' lang='lat' dir='ltr'><strong>sumus:</strong></span> <span class='ocrx_word' id='word_1_16' title='bbox 1415 619 1512 675; x_wconf 82' lang='lat' dir='ltr'><strong>sed</strong></span> <span class='ocrx_word' id='word_1_17' title='bbox 1557 632 1655 673; x_wconf 89' lang='lat' dir='ltr'><strong>nos</strong></span> <span class='ocrx_word' id='word_1_18' title='bbox 1683 631 1805 674; x_wconf 86' lang='lat' dir='ltr'><strong>eum</strong></span> <span class='ocrx_word' id='word_1_19' title='bbox 1854 616 2032 671; x_wconf 65' lang='lat' dir='ltr'><strong>dicere</strong></span> 
     </span>
    </p>
   </div>
   <div class='ocr_carea' id='block_1_4' title="bbox 451 711 2033 788">
    <p class='ocr_par' dir='ltr' id='par_1_4' title="bbox 451 711 2033 788">
     <span class='ocr_line' id='line_1_4' title="bbox 451 711 2033 788; baseline -0.006 -14"><span class='ocrx_word' id='word_1_20' title='bbox 451 736 557 775; x_wconf 76' lang='lat' dir='ltr'><strong>mm</strong></span> <span class='ocrx_word' id='word_1_21' title='bbox 592 732 878 788; x_wconf 74' lang='lat' dir='ltr'><strong>possumus</strong></span> <span class='ocrx_word' id='word_1_22' title='bbox 912 716 931 782; x_wconf 84' lang='lat'><strong>(</strong></span> <span class='ocrx_word' id='word_1_23' title='bbox 956 715 1104 769; x_wconf 85' lang='lat' dir='ltr'><strong>Psal.</strong></span> <span class='ocrx_word' id='word_1_24' title='bbox 1162 730 1347 779; x_wconf 77' lang='lat' dir='ltr'><strong>xxxtt,</strong></span> <span class='ocrx_word' id='word_1_25' title='bbox 1398 712 1493 783; x_wconf 88' lang='lat'><strong>9).</strong></span> <span class='ocrx_word' id='word_1_26' title='bbox 1524 712 1756 768; x_wconf 76' lang='lat' dir='ltr'><strong>Verbum</strong></span> <span class='ocrx_word' id='word_1_27' title='bbox 1787 711 1903 781; x_wconf 86' lang='lat' dir='ltr'><strong>ejus</strong></span> <span class='ocrx_word' id='word_1_28' title='bbox 1926 727 2033 781; x_wconf 86' lang='lat' dir='ltr'><strong>quo</strong></span> 
     </span>
    </p>
   </div>
   <div class='ocr_carea' id='block_1_5' title="bbox 453 804 2034 878">
    <p class='ocr_par' dir='ltr' id='par_1_5' title="bbox 453 804 2034 878">
     <span class='ocr_line' id='line_1_5' title="bbox 453 804 2034 878; baseline -0.006 -12"><span class='ocrx_word' id='word_1_29' title='bbox 453 812 580 867; x_wconf 88' lang='lat' dir='ltr'><strong>dicti</strong></span> <span class='ocrx_word' id='word_1_30' title='bbox 606 824 809 873; x_wconf 82' lang='lat' dir='ltr'><strong>smnus,</strong></span> <span class='ocrx_word' id='word_1_31' title='bbox 837 808 1005 863; x_wconf 86' lang='lat' dir='ltr'><strong>Filius</strong></span> <span class='ocrx_word' id='word_1_32' title='bbox 1026 809 1141 878; x_wconf 85' lang='lat' dir='ltr'><strong>ejus</strong></span> <span class='ocrx_word' id='word_1_33' title='bbox 1168 817 1250 863; x_wconf 88' lang='lat' dir='ltr'><strong>est</strong></span> <span class='ocrx_word' id='word_1_34' title='bbox 1281 824 1294 861; x_wconf 88' lang='lat'><strong>:</strong></span> <span class='ocrx_word' id='word_1_35' title='bbox 1324 815 1432 862; x_wconf 90' lang='lat' dir='ltr'><strong>uta</strong></span> <span class='ocrx_word' id='word_1_36' title='bbox 1458 806 1611 861; x_wconf 86' lang='lat' dir='ltr'><strong>nobis</strong></span> <span class='ocrx_word' id='word_1_37' title='bbox 1642 814 1926 874; x_wconf 86' lang='lat' dir='ltr'><strong>utcumque</strong></span> <span class='ocrx_word' id='word_1_38' title='bbox 1950 804 2034 859; x_wconf 89' lang='lat' dir='ltr'><strong>in-</strong></span> 
     </span>
    </p>
   </div>
   <div class='ocr_carea' id='block_1_6' title="bbox 457 898 2030 969">
    <p class='ocr_par' dir='ltr' id='par_1_6' title="bbox 457 898 2030 969">
     <span class='ocr_line' id='line_1_6' title="bbox 457 898 2030 969; baseline -0.006 -9"><span class='ocrx_word' id='word_1_39' title='bbox 457 905 626 960; x_wconf 85' lang='lat' dir='ltr'><strong>lirmis</strong></span> <span class='ocrx_word' id='word_1_40' title='bbox 653 904 921 958; x_wconf 82' lang='lat' dir='ltr'><strong>diceretur</strong></span> <span class='ocrx_word' id='word_1_41' title='bbox 950 940 966 969; x_wconf 89' lang='lat'><strong>,</strong></span> <span class='ocrx_word' id='word_1_42' title='bbox 1020 903 1188 957; x_wconf 85' lang='lat' dir='ltr'><strong>factus</strong></span> <span class='ocrx_word' id='word_1_43' title='bbox 1233 910 1319 956; x_wconf 87' lang='lat' dir='ltr'><strong>est</strong></span> <span class='ocrx_word' id='word_1_44' title='bbox 1362 900 1624 955; x_wconf 86' lang='lat' dir='ltr'><strong>inllrmus.</strong></span> <span class='ocrx_word' id='word_1_45' title='bbox 1653 898 2030 954; x_wconf 79' lang='lat' dir='ltr'><strong>Jubilationem</strong></span> 
     </span>
    </p>
   </div>
   <div class='ocr_carea' id='block_1_7' title="bbox 452 994 2031 1068">
    <p class='ocr_par' dir='ltr' id='par_1_7' title="bbox 452 994 2031 1068">
     <span class='ocr_line' id='line_1_7' title="bbox 452 994 2031 1068; baseline -0.003 -19"><span class='ocrx_word' id='word_1_46' title='bbox 452 1012 551 1068; x_wconf 90' lang='lat' dir='ltr'><strong>pro</strong></span> <span class='ocrx_word' id='word_1_47' title='bbox 575 997 739 1051; x_wconf 87' lang='lat' dir='ltr'><strong>verbo</strong></span> <span class='ocrx_word' id='word_1_48' title='bbox 790 1010 1072 1065; x_wconf 83' lang='lat' dir='ltr'><strong>possumus</strong></span> <span class='ocrx_word' id='word_1_49' title='bbox 1101 994 1279 1051; x_wconf 84' lang='lat' dir='ltr'><strong>dicere</strong></span> <span class='ocrx_word' id='word_1_50' title='bbox 1302 1037 1316 1058; x_wconf 94' lang='lat'><strong>,</strong></span> <span class='ocrx_word' id='word_1_51' title='bbox 1343 994 1565 1049; x_wconf 88' lang='lat' dir='ltr'><strong>verbum</strong></span> <span class='ocrx_word' id='word_1_52' title='bbox 1605 1009 1699 1062; x_wconf 79' lang='lat' dir='ltr'><strong>pro</strong></span> <span class='ocrx_word' id='word_1_53' title='bbox 1726 994 1890 1048; x_wconf 87' lang='lat' dir='ltr'><strong>verbo</strong></span> <span class='ocrx_word' id='word_1_54' title='bbox 1926 996 2031 1047; x_wconf 84' lang='lat' dir='ltr'><strong>non</strong></span> 
     </span>
    </p>
   </div>
   <div class='ocr_carea' id='block_1_8' title="bbox 451 1084 1791 1158">
    <p class='ocr_par' dir='ltr' id='par_1_8' title="bbox 451 1084 1791 1158">
     <span class='ocr_line' id='line_1_8' title="bbox 451 1084 1791 1158; baseline -0.007 -15"><span class='ocrx_word' id='word_1_55' title='bbox 451 1100 759 1158; x_wconf 81' lang='lat' dir='ltr'><strong>possumus.</strong></span> <span class='ocrx_word' id='word_1_56' title='bbox 782 1085 1006 1141; x_wconf 84' lang='lat' dir='ltr'><strong>anilate</strong></span> <span class='ocrx_word' id='word_1_57' title='bbox 1034 1102 1161 1156; x_wconf 83' lang='lat' dir='ltr'><strong>ergo</strong></span> <span class='ocrx_word' id='word_1_58' title='bbox 1183 1085 1423 1147; x_wconf 86' lang='lat' dir='ltr'><strong>Domino,</strong></span> <span class='ocrx_word' id='word_1_59' title='bbox 1459 1084 1621 1139; x_wconf 88' lang='lat' dir='ltr'><strong>omnis</strong></span> <span class='ocrx_word' id='word_1_60' title='bbox 1643 1094 1791 1138; x_wconf 79' lang='lat' dir='ltr'><strong>terra.</strong></span> 
     </span>
    </p>
   </div>
   <div class='ocr_carea' id='block_1_9' title="bbox 524 1174 2035 1249">
    <p class='ocr_par' dir='ltr' id='par_1_9' title="bbox 524 1174 2035 1249">
     <span class='ocr_line' id='line_1_9' title="bbox 524 1174 2035 1249; baseline -0.004 -16"><span class='ocrx_word' id='word_1_61' title='bbox 524 1179 578 1233; x_wconf 85' lang='lat'><strong>7.</strong></span> <span class='ocrx_word' id='word_1_62' title='bbox 625 1180 820 1233; x_wconf 78' lang='lat' dir='ltr'><strong>Seroite</strong></span> <span class='ocrx_word' id='word_1_63' title='bbox 861 1176 1078 1232; x_wconf 88' lang='lat' dir='ltr'><strong>Domino</strong></span> <span class='ocrx_word' id='word_1_64' title='bbox 1106 1179 1159 1231; x_wconf 87' lang='lat' dir='ltr'><strong>in</strong></span> <span class='ocrx_word' id='word_1_65' title='bbox 1196 1179 1532 1249; x_wconf 85' lang='lat' dir='ltr'><strong>jucunditate.</strong></span> <span class='ocrx_word' id='word_1_66' title='bbox 1570 1176 1754 1231; x_wconf 83' lang='lat' dir='ltr'><strong>Omnis</strong></span> <span class='ocrx_word' id='word_1_67' title='bbox 1804 1174 2035 1230; x_wconf 86' lang='lat' dir='ltr'><strong>servitus</strong></span> 
     </span>
    </p>
   </div>
   <div class='ocr_carea' id='block_1_10' title="bbox 455 1268 2031 1340">
    <p class='ocr_par' dir='ltr' id='par_1_10' title="bbox 455 1268 2031 1340">
     <span class='ocr_line' id='line_1_10' title="bbox 455 1268 2031 1340; baseline -0.002 -15"><span class='ocrx_word' id='word_1_68' title='bbox 455 1271 816 1325; x_wconf 79' lang='lat' dir='ltr'><strong>amaritudine</strong></span> <span class='ocrx_word' id='word_1_69' title='bbox 873 1273 1026 1340; x_wconf 80' lang='lat' dir='ltr'><strong>plena</strong></span> <span class='ocrx_word' id='word_1_70' title='bbox 1058 1278 1140 1325; x_wconf 86' lang='lat' dir='ltr'><strong>est</strong></span> <span class='ocrx_word' id='word_1_71' title='bbox 1170 1288 1185 1325; x_wconf 73' lang='grc' dir='ltr'><strong><em>τ</em></strong></span> <span class='ocrx_word' id='word_1_72' title='bbox 1213 1284 1401 1324; x_wconf 86' lang='lat' dir='ltr'><strong>omnes</strong></span> <span class='ocrx_word' id='word_1_73' title='bbox 1449 1270 1759 1325; x_wconf 84' lang='lat' dir='ltr'><strong>conditione</strong></span> <span class='ocrx_word' id='word_1_74' title='bbox 1796 1268 1977 1323; x_wconf 78' lang='lat' dir='ltr'><strong>servili</strong></span> <span class='ocrx_word' id='word_1_75' title='bbox 2011 1269 2031 1301; x_wconf 73' lang='grc' dir='ltr'><strong><em>ι</em></strong></span> 
     </span>
    </p>
   </div>
   <div class='ocr_carea' id='block_1_11' title="bbox 453 1358 2033 1432">
    <p class='ocr_par' dir='ltr' id='par_1_11' title="bbox 453 1358 2033 1432">
     <span class='ocr_line' id='line_1_11' title="bbox 453 1358 2033 1432; baseline -0.001 -16"><span class='ocrx_word' id='word_1_76' title='bbox 453 1362 671 1432; x_wconf 75' lang='lat' dir='ltr'><strong>obligati</strong></span> <span class='ocrx_word' id='word_1_77' title='bbox 700 1370 753 1417; x_wconf 88' lang='lat' dir='ltr'><strong>et</strong></span> <span class='ocrx_word' id='word_1_78' title='bbox 779 1363 1051 1429; x_wconf 87' lang='lat' dir='ltr'><strong>serviunt,</strong></span> <span class='ocrx_word' id='word_1_79' title='bbox 1073 1372 1124 1418; x_wconf 92' lang='lat' dir='ltr'><strong>et</strong></span> <span class='ocrx_word' id='word_1_80' title='bbox 1153 1371 1504 1418; x_wconf 74' lang='lat' dir='ltr'><strong>murmurant.</strong></span> <span class='ocrx_word' id='word_1_81' title='bbox 1534 1361 1708 1417; x_wconf 83' lang='lat' dir='ltr'><strong>Nolite</strong></span> <span class='ocrx_word' id='word_1_82' title='bbox 1753 1361 1939 1416; x_wconf 87' lang='lat' dir='ltr'><strong>timere</strong></span> <span class='ocrx_word' id='word_1_83' title='bbox 1967 1358 2033 1414; x_wconf 93' lang='lat' dir='ltr'><strong>il-</strong></span> 
     </span>
    </p>
   </div>
   <div class='ocr_carea' id='block_1_12' title="bbox 458 1454 2034 1524">
    <p class='ocr_par' dir='ltr' id='par_1_12' title="bbox 458 1454 2034 1524">
     <span class='ocr_line' id='line_1_12' title="bbox 458 1454 2034 1524; baseline -0.001 -16"><span class='ocrx_word' id='word_1_84' title='bbox 458 1455 562 1516; x_wconf 88' lang='lat' dir='ltr'><strong>lius</strong></span> <span class='ocrx_word' id='word_1_85' title='bbox 609 1456 816 1510; x_wconf 89' lang='lat' dir='ltr'><strong>Domini</strong></span> <span class='ocrx_word' id='word_1_86' title='bbox 857 1457 1334 1511; x_wconf 72' lang='lat' dir='ltr'><strong>servitutemmon</strong></span> <span class='ocrx_word' id='word_1_87' title='bbox 1387 1455 1492 1510; x_wconf 90' lang='lat' dir='ltr'><strong>erit</strong></span> <span class='ocrx_word' id='word_1_88' title='bbox 1535 1454 1604 1510; x_wconf 85' lang='lat' dir='ltr'><strong>ibi</strong></span> <span class='ocrx_word' id='word_1_89' title='bbox 1642 1455 1891 1524; x_wconf 80' lang='lat' dir='ltr'><strong>gemitus,</strong></span> <span class='ocrx_word' id='word_1_90' title='bbox 1929 1468 2034 1507; x_wconf 89' lang='lat' dir='ltr'><strong>non</strong></span> 
     </span>
    </p>
   </div>
   <div class='ocr_carea' id='block_1_13' title="bbox 453 1546 2039 1619">
    <p class='ocr_par' dir='ltr' id='par_1_13' title="bbox 453 1546 2039 1619">
     <span class='ocr_line' id='line_1_13' title="bbox 453 1546 2039 1619; baseline -0.003 -16"><span class='ocrx_word' id='word_1_91' title='bbox 453 1563 715 1611; x_wconf 86' lang='lat' dir='ltr'><strong>murmur,</strong></span> <span class='ocrx_word' id='word_1_92' title='bbox 748 1562 850 1604; x_wconf 91' lang='lat' dir='ltr'><strong>non</strong></span> <span class='ocrx_word' id='word_1_93' title='bbox 892 1549 1219 1619; x_wconf 78' lang='lat' dir='ltr'><strong>indignatio;</strong></span> <span class='ocrx_word' id='word_1_94' title='bbox 1249 1556 1406 1603; x_wconf 83' lang='lat' dir='ltr'><strong>nemo</strong></span> <span class='ocrx_word' id='word_1_95' title='bbox 1435 1563 1493 1602; x_wconf 87' lang='lat' dir='ltr'><strong>se</strong></span> <span class='ocrx_word' id='word_1_96' title='bbox 1530 1549 1659 1618; x_wconf 84' lang='lat' dir='ltr'><strong>petit</strong></span> <span class='ocrx_word' id='word_1_97' title='bbox 1682 1546 1705 1581; x_wconf 81' lang='grc'><strong>⁸</strong></span> <span class='ocrx_word' id='word_1_98' title='bbox 1731 1546 1852 1602; x_wconf 86' lang='lat' dir='ltr'><strong>inde</strong></span> <span class='ocrx_word' id='word_1_99' title='bbox 1874 1560 2039 1601; x_wconf 69' lang='lat' dir='ltr'><strong>vena.</strong></span> 
     </span>
    </p>
   </div>
   <div class='ocr_carea' id='block_1_14' title="bbox 454 1634 2037 1709">
    <p class='ocr_par' dir='ltr' id='par_1_14' title="bbox 454 1634 2037 1709">
     <span class='ocr_line' id='line_1_14' title="bbox 454 1634 2037 1709; baseline -0.004 -15"><span class='ocrx_word' id='word_1_100' title='bbox 454 1638 584 1704; x_wconf 88' lang='lat' dir='ltr'><strong>lem,</strong></span> <span class='ocrx_word' id='word_1_101' title='bbox 608 1640 729 1709; x_wconf 85' lang='lat' dir='ltr'><strong>quia</strong></span> <span class='ocrx_word' id='word_1_102' title='bbox 753 1639 907 1694; x_wconf 86' lang='lat' dir='ltr'><strong>dulce</strong></span> <span class='ocrx_word' id='word_1_103' title='bbox 931 1638 1169 1709; x_wconf 88' lang='lat' dir='ltr'><strong>estquod</strong></span> <span class='ocrx_word' id='word_1_104' title='bbox 1196 1638 1455 1707; x_wconf 87' lang='lat' dir='ltr'><strong>redempti</strong></span> <span class='ocrx_word' id='word_1_105' title='bbox 1483 1652 1671 1692; x_wconf 88' lang='lat' dir='ltr'><strong>omnes</strong></span> <span class='ocrx_word' id='word_1_106' title='bbox 1693 1652 1898 1691; x_wconf 86' lang='lat' dir='ltr'><strong>smnus.</strong></span> <span class='ocrx_word' id='word_1_107' title='bbox 1923 1634 2037 1690; x_wconf 81' lang='lat' dir='ltr'><strong>Ma-</strong></span> 
     </span>
    </p>
   </div>
   <div class='ocr_carea' id='block_1_15' title="bbox 454 1727 2039 1799">
    <p class='ocr_par' dir='ltr' id='par_1_15' title="bbox 454 1727 2039 1799">
     <span class='ocr_line' id='line_1_15' title="bbox 454 1727 2039 1799; baseline 0.001 -18"><span class='ocrx_word' id='word_1_108' title='bbox 454 1740 556 1799; x_wconf 88' lang='lat' dir='ltr'><strong>gna</strong></span> <span class='ocrx_word' id='word_1_109' title='bbox 587 1729 811 1783; x_wconf 77' lang='lat' dir='ltr'><strong>felicitas</strong></span> <span class='ocrx_word' id='word_1_110' title='bbox 835 1771 849 1795; x_wconf 94' lang='lat'><strong>,</strong></span> <span class='ocrx_word' id='word_1_111' title='bbox 880 1729 1095 1794; x_wconf 80' lang='lat' dir='ltr'><strong>fratres,</strong></span> <span class='ocrx_word' id='word_1_112' title='bbox 1124 1744 1243 1785; x_wconf 87' lang='lat' dir='ltr'><strong>esse</strong></span> <span class='ocrx_word' id='word_1_113' title='bbox 1286 1728 1338 1782; x_wconf 90' lang='lat' dir='ltr'><strong>in</strong></span> <span class='ocrx_word' id='word_1_114' title='bbox 1386 1728 1489 1783; x_wconf 89' lang='lat' dir='ltr'><strong>ista</strong></span> <span class='ocrx_word' id='word_1_115' title='bbox 1512 1727 1673 1784; x_wconf 91' lang='lat' dir='ltr'><strong>domo</strong></span> <span class='ocrx_word' id='word_1_116' title='bbox 1701 1743 1890 1797; x_wconf 80' lang='lat' dir='ltr'><strong>magna</strong></span> <span class='ocrx_word' id='word_1_117' title='bbox 1922 1740 2039 1782; x_wconf 58' lang='lat' dir='ltr'><strong>ser.</strong></span> 
     </span>
    </p>
   </div>
   <div class='ocr_carea' id='block_1_16' title="bbox 457 1818 2038 1889">
    <p class='ocr_par' dir='ltr' id='par_1_16' title="bbox 457 1818 2038 1889">
     <span class='ocr_line' id='line_1_16' title="bbox 457 1818 2038 1889; baseline 0.001 -19"><span class='ocrx_word' id='word_1_118' title='bbox 457 1833 604 1884; x_wconf 90' lang='lat' dir='ltr'><strong>vum,</strong></span> <span class='ocrx_word' id='word_1_119' title='bbox 638 1819 740 1874; x_wconf 88' lang='lat' dir='ltr'><strong>etsi</strong></span> <span class='ocrx_word' id='word_1_120' title='bbox 766 1834 886 1874; x_wconf 87' lang='lat' dir='ltr'><strong>cum</strong></span> <span class='ocrx_word' id='word_1_121' title='bbox 909 1819 1276 1889; x_wconf 79' lang='lat' dir='ltr'><strong>compedibus.</strong></span> <span class='ocrx_word' id='word_1_122' title='bbox 1312 1818 1434 1874; x_wconf 89' lang='lat' dir='ltr'><strong>Noli</strong></span> <span class='ocrx_word' id='word_1_123' title='bbox 1465 1819 1674 1882; x_wconf 85' lang='lat' dir='ltr'><strong>timere,</strong></span> <span class='ocrx_word' id='word_1_124' title='bbox 1703 1832 1862 1873; x_wconf 91' lang='lat' dir='ltr'><strong>serve</strong></span> <span class='ocrx_word' id='word_1_125' title='bbox 1889 1832 2038 1872; x_wconf 85' lang='lat' dir='ltr'><strong>com-</strong></span> 
     </span>
    </p>
   </div>
   <div class='ocr_carea' id='block_1_17' title="bbox 453 1908 2038 1978">
    <p class='ocr_par' dir='ltr' id='par_1_17' title="bbox 453 1908 2038 1978">
     <span class='ocr_line' id='line_1_17' title="bbox 453 1908 2038 1978; baseline 0 -14"><span class='ocrx_word' id='word_1_126' title='bbox 453 1909 672 1978; x_wconf 85' lang='lat' dir='ltr'><strong>pedite,</strong></span> <span class='ocrx_word' id='word_1_127' title='bbox 726 1911 984 1964; x_wconf 85' lang='lat' dir='ltr'><strong>confitere</strong></span> <span class='ocrx_word' id='word_1_128' title='bbox 1042 1911 1268 1966; x_wconf 90' lang='lat' dir='ltr'><strong>Domino</strong></span> <span class='ocrx_word' id='word_1_129' title='bbox 1324 1911 1573 1965; x_wconf 90' lang='lat' dir='ltr'><strong>:meritis</strong></span> <span class='ocrx_word' id='word_1_130' title='bbox 1637 1909 1741 1964; x_wconf 89' lang='lat' dir='ltr'><strong>tuis</strong></span> <span class='ocrx_word' id='word_1_131' title='bbox 1805 1908 2038 1964; x_wconf 87' lang='lat' dir='ltr'><strong>attribne</strong></span> 
     </span>
    </p>
   </div>
   <div class='ocr_carea' id='block_1_18' title="bbox 453 1998 2037 2071">
    <p class='ocr_par' dir='ltr' id='par_1_18' title="bbox 453 1998 2037 2071">
     <span class='ocr_line' id='line_1_18' title="bbox 453 1998 2037 2071; baseline -0.002 -15"><span class='ocrx_word' id='word_1_132' title='bbox 453 2001 741 2071; x_wconf 89' lang='lat' dir='ltr'><strong>compedes</strong></span> <span class='ocrx_word' id='word_1_133' title='bbox 773 2010 889 2056; x_wconf 88' lang='lat' dir='ltr'><strong>tuas</strong></span> <span class='ocrx_word' id='word_1_134' title='bbox 913 2018 927 2067; x_wconf 90' lang='lat'><strong>;</strong></span> <span class='ocrx_word' id='word_1_135' title='bbox 955 2002 1212 2057; x_wconf 79' lang='lat' dir='ltr'><strong>confitere</strong></span> <span class='ocrx_word' id='word_1_136' title='bbox 1249 2002 1301 2055; x_wconf 92' lang='lat' dir='ltr'><strong>in</strong></span> <span class='ocrx_word' id='word_1_137' title='bbox 1347 2000 1714 2071; x_wconf 85' lang='lat' dir='ltr'><strong>compedibus,</strong></span> <span class='ocrx_word' id='word_1_138' title='bbox 1738 1999 1782 2054; x_wconf 91' lang='lat' dir='ltr'><strong>si</strong></span> <span class='ocrx_word' id='word_1_139' title='bbox 1809 1999 1888 2053; x_wconf 90' lang='lat' dir='ltr'><strong>vis</strong></span> <span class='ocrx_word' id='word_1_140' title='bbox 1908 1998 2037 2054; x_wconf 91' lang='lat' dir='ltr'><strong>utin</strong></span> 
     </span>
    </p>
   </div>
   <div class='ocr_carea' id='block_1_19' title="bbox 454 2092 2040 2156">
    <p class='ocr_par' dir='ltr' id='par_1_19' title="bbox 454 2092 2040 2156">
     <span class='ocr_line' id='line_1_19' title="bbox 454 2092 2040 2156; baseline -0.001 -9"><span class='ocrx_word' id='word_1_141' title='bbox 454 2103 770 2147; x_wconf 84' lang='lat' dir='ltr'><strong>ornamenta</strong></span> <span class='ocrx_word' id='word_1_142' title='bbox 799 2102 1097 2148; x_wconf 75' lang='lat' dir='ltr'><strong>vertantur.</strong></span> <span class='ocrx_word' id='word_1_143' title='bbox 1125 2092 1242 2148; x_wconf 91' lang='lat' dir='ltr'><strong>Non</strong></span> <span class='ocrx_word' id='word_1_144' title='bbox 1295 2092 1513 2156; x_wconf 79' lang='lat' dir='ltr'><strong>frustm,</strong></span> <span class='ocrx_word' id='word_1_145' title='bbox 1561 2107 1661 2148; x_wconf 89' lang='lat' dir='ltr'><strong>nec</strong></span> <span class='ocrx_word' id='word_1_146' title='bbox 1686 2093 1801 2147; x_wconf 89' lang='lat' dir='ltr'><strong>sine</strong></span> <span class='ocrx_word' id='word_1_147' title='bbox 1827 2092 2040 2147; x_wconf 86' lang='lat' dir='ltr'><strong>exaudi-</strong></span> 
     </span>
    </p>
   </div>
   <div class='ocr_carea' id='block_1_20' title="bbox 459 2183 2038 2253">
    <p class='ocr_par' dir='ltr' id='par_1_20' title="bbox 459 2183 2038 2253">
     <span class='ocr_line' id='line_1_20' title="bbox 459 2183 2038 2253; baseline -0.001 -16"><span class='ocrx_word' id='word_1_148' title='bbox 459 2185 605 2237; x_wconf 86' lang='lat' dir='ltr'><strong>tione</strong></span> <span class='ocrx_word' id='word_1_149' title='bbox 624 2184 823 2237; x_wconf 88' lang='lat' dir='ltr'><strong>dictum</strong></span> <span class='ocrx_word' id='word_1_150' title='bbox 864 2192 975 2247; x_wconf 90' lang='lat' dir='ltr'><strong>est,</strong></span> <span class='ocrx_word' id='word_1_151' title='bbox 1007 2183 1168 2237; x_wconf 86' lang='lat' dir='ltr'><strong>Intret</strong></span> <span class='ocrx_word' id='word_1_152' title='bbox 1195 2184 1250 2237; x_wconf 89' lang='lat' dir='ltr'><strong>in</strong></span> <span class='ocrx_word' id='word_1_153' title='bbox 1297 2192 1618 2252; x_wconf 81' lang='lat' dir='ltr'><strong>conspectum</strong></span> <span class='ocrx_word' id='word_1_154' title='bbox 1661 2191 1801 2236; x_wconf 91' lang='lat' dir='ltr'><strong>tuum</strong></span> <span class='ocrx_word' id='word_1_155' title='bbox 1825 2184 2038 2253; x_wconf 76' lang='lat' dir='ltr'><strong>gemitus</strong></span> 
     </span>
    </p>
   </div>
   <div class='ocr_carea' id='block_1_21' title="bbox 452 2272 2037 2345">
    <p class='ocr_par' dir='ltr' id='par_1_21' title="bbox 452 2272 2037 2345">
     <span class='ocr_line' id='line_1_21' title="bbox 452 2272 2037 2345; baseline -0.001 -17"><span class='ocrx_word' id='word_1_156' title='bbox 452 2274 852 2343; x_wconf 79' lang='lat' dir='ltr'><strong>compeditorum</strong></span> <span class='ocrx_word' id='word_1_157' title='bbox 882 2274 1051 2345; x_wconf 88' lang='lat' dir='ltr'><strong>(Psal.</strong></span> <span class='ocrx_word' id='word_1_158' title='bbox 1107 2289 1325 2341; x_wconf 79' lang='lat' dir='ltr'><strong>Lxxvut,</strong></span> <span class='ocrx_word' id='word_1_159' title='bbox 1373 2274 1483 2344; x_wconf 89' lang='grc'><strong>11).</strong></span> <span class='ocrx_word' id='word_1_160' title='bbox 1514 2273 1706 2328; x_wconf 73' lang='lat' dir='ltr'><strong>Set-vite</strong></span> <span class='ocrx_word' id='word_1_161' title='bbox 1731 2272 1949 2326; x_wconf 88' lang='lat' dir='ltr'><strong>Domino</strong></span> <span class='ocrx_word' id='word_1_162' title='bbox 1985 2275 2037 2327; x_wconf 82' lang='lat' dir='ltr'><strong>in</strong></span> 
     </span>
    </p>
   </div>
   <div class='ocr_carea' id='block_1_22' title="bbox 447 2365 2038 2438">
    <p class='ocr_par' dir='ltr' id='par_1_22' title="bbox 447 2365 2038 2438">
     <span class='ocr_line' id='line_1_22' title="bbox 447 2365 2038 2438; baseline 0.001 -19"><span class='ocrx_word' id='word_1_163' title='bbox 447 2366 786 2438; x_wconf 82' lang='lat' dir='ltr'><strong>jucunditate.</strong></span> <span class='ocrx_word' id='word_1_164' title='bbox 811 2366 1003 2421; x_wconf 86' lang='lat' dir='ltr'><strong>Libera</strong></span> <span class='ocrx_word' id='word_1_165' title='bbox 1029 2366 1257 2422; x_wconf 87' lang='lat' dir='ltr'><strong>servitus</strong></span> <span class='ocrx_word' id='word_1_166' title='bbox 1280 2375 1366 2423; x_wconf 87' lang='lat' dir='ltr'><strong>est</strong></span> <span class='ocrx_word' id='word_1_167' title='bbox 1388 2366 1527 2435; x_wconf 89' lang='lat' dir='ltr'><strong>apud</strong></span> <span class='ocrx_word' id='word_1_168' title='bbox 1551 2366 1832 2420; x_wconf 82' lang='lat' dir='ltr'><strong>Dominum</strong></span> <span class='ocrx_word' id='word_1_169' title='bbox 1860 2381 1874 2427; x_wconf 91' lang='lat'><strong>;</strong></span> <span class='ocrx_word' id='word_1_170' title='bbox 1904 2365 2038 2420; x_wconf 50' lang='lat' dir='ltr'><strong>lihec</strong></span> 
     </span>
    </p>
   </div>
   <div class='ocr_carea' id='block_1_23' title="bbox 451 2457 2033 2527">
    <p class='ocr_par' dir='ltr' id='par_1_23' title="bbox 451 2457 2033 2527">
     <span class='ocr_line' id='line_1_23' title="bbox 451 2457 2033 2527; baseline -0.002 -15"><span class='ocrx_word' id='word_1_171' title='bbox 451 2473 511 2512; x_wconf 87' lang='lat' dir='ltr'><strong>ra</strong></span> <span class='ocrx_word' id='word_1_172' title='bbox 538 2459 772 2513; x_wconf 88' lang='lat' dir='ltr'><strong>servitus</strong></span> <span class='ocrx_word' id='word_1_173' title='bbox 794 2499 810 2527; x_wconf 90' lang='lat'><strong>,</strong></span> <span class='ocrx_word' id='word_1_174' title='bbox 856 2459 947 2513; x_wconf 94' lang='lat' dir='ltr'><strong>ubi</strong></span> <span class='ocrx_word' id='word_1_175' title='bbox 977 2473 1081 2513; x_wconf 90' lang='lat' dir='ltr'><strong>non</strong></span> <span class='ocrx_word' id='word_1_176' title='bbox 1125 2460 1438 2525; x_wconf 74' lang='lat' dir='ltr'><strong>necessitas,</strong></span> <span class='ocrx_word' id='word_1_177' title='bbox 1467 2457 1560 2512; x_wconf 90' lang='lat' dir='ltr'><strong>sed</strong></span> <span class='ocrx_word' id='word_1_178' title='bbox 1587 2457 1824 2513; x_wconf 77' lang='lat' dir='ltr'><strong>charitas</strong></span> <span class='ocrx_word' id='word_1_179' title='bbox 1850 2458 2033 2512; x_wconf 77' lang='lat' dir='ltr'><strong>servit.</strong></span> 
     </span>
    </p>
   </div>
   <div class='ocr_carea' id='block_1_24' title="bbox 463 2546 2037 2619">
    <p class='ocr_par' dir='ltr' id='par_1_24' title="bbox 463 2546 2037 2619">
     <span class='ocr_line' id='line_1_24' title="bbox 463 2546 2037 2619; baseline 0.003 -22"><span class='ocrx_word' id='word_1_180' title='bbox 463 2546 586 2615; x_wconf 82' lang='lat' dir='ltr'><strong>Vos,</strong></span> <span class='ocrx_word' id='word_1_181' title='bbox 618 2549 807 2618; x_wconf 88' lang='lat' dir='ltr'><strong>inquit,</strong></span> <span class='ocrx_word' id='word_1_182' title='bbox 832 2550 884 2603; x_wconf 85' lang='lat' dir='ltr'><strong>in</strong></span> <span class='ocrx_word' id='word_1_183' title='bbox 909 2549 1187 2603; x_wconf 75' lang='lat' dir='ltr'><strong>libertatm</strong></span> <span class='ocrx_word' id='word_1_184' title='bbox 1214 2549 1377 2603; x_wconf 79' lang='lat' dir='ltr'><strong>vocati</strong></span> <span class='ocrx_word' id='word_1_185' title='bbox 1418 2549 1556 2614; x_wconf 83' lang='lat' dir='ltr'><strong>estis,</strong></span> <span class='ocrx_word' id='word_1_186' title='bbox 1589 2552 1812 2619; x_wconf 76' lang='lat' dir='ltr'><strong>fratres:</strong></span> <span class='ocrx_word' id='word_1_187' title='bbox 1843 2557 2037 2602; x_wconf 86' lang='lat' dir='ltr'><strong>tantum</strong></span> 
     </span>
    </p>
   </div>
   <div class='ocr_carea' id='block_1_25' title="bbox 454 2638 2037 2717">
    <p class='ocr_par' dir='ltr' id='par_1_25' title="bbox 454 2638 2037 2717">
     <span class='ocr_line' id='line_1_25' title="bbox 454 2638 2037 2717; baseline -0.001 -24"><span class='ocrx_word' id='word_1_188' title='bbox 454 2654 527 2717; x_wconf 76' lang='grc' dir='ltr'><strong>ηε¹</strong></span> <span class='ocrx_word' id='word_1_189' title='bbox 541 2638 818 2694; x_wconf 87' lang='lat' dir='ltr'><strong>libertatem</strong></span> <span class='ocrx_word' id='word_1_190' title='bbox 855 2641 911 2693; x_wconf 87' lang='lat' dir='ltr'><strong>in</strong></span> <span class='ocrx_word' id='word_1_191' title='bbox 937 2640 1248 2694; x_wconf 83' lang='lat' dir='ltr'><strong>occasionem</strong></span> <span class='ocrx_word' id='word_1_192' title='bbox 1275 2640 1443 2693; x_wconf 90' lang='lat' dir='ltr'><strong>carnis</strong></span> <span class='ocrx_word' id='word_1_193' title='bbox 1468 2640 1599 2692; x_wconf 86' lang='lat' dir='ltr'><strong>detis</strong></span> <span class='ocrx_word' id='word_1_194' title='bbox 1621 2654 1639 2703; x_wconf 88' lang='lat'><strong>;</strong></span> <span class='ocrx_word' id='word_1_195' title='bbox 1689 2640 1776 2693; x_wconf 83' lang='lat' dir='ltr'><strong>sed</strong></span> <span class='ocrx_word' id='word_1_196' title='bbox 1799 2654 1887 2707; x_wconf 78' lang='lat' dir='ltr'><strong>per</strong></span> <span class='ocrx_word' id='word_1_197' title='bbox 1916 2640 2037 2692; x_wconf 83' lang='lat' dir='ltr'><strong>clm-</strong></span> 
     </span>
    </p>
   </div>
   <div class='ocr_carea' id='block_1_26' title="bbox 450 2729 2035 2800">
    <p class='ocr_par' dir='ltr' id='par_1_26' title="bbox 450 2729 2035 2800">
     <span class='ocr_line' id='line_1_26' title="bbox 450 2729 2035 2800; baseline 0.002 -19"><span class='ocrx_word' id='word_1_198' title='bbox 450 2729 653 2784; x_wconf 84' lang='lat' dir='ltr'><strong>ritatem</strong></span> <span class='ocrx_word' id='word_1_199' title='bbox 690 2730 902 2793; x_wconf 76' lang='lat' dir='ltr'><strong>spiritus</strong></span> <span class='ocrx_word' id='word_1_200' title='bbox 920 2730 1100 2783; x_wconf 81' lang='lat' dir='ltr'><strong>servite</strong></span> <span class='ocrx_word' id='word_1_201' title='bbox 1124 2729 1332 2783; x_wconf 80' lang='lat' dir='ltr'><strong>invicem</strong></span> <span class='ocrx_word' id='word_1_202' title='bbox 1353 2729 1551 2798; x_wconf 77' lang='lat' dir='ltr'><strong>(Colat.</strong></span> <span class='ocrx_word' id='word_1_203' title='bbox 1585 2746 1638 2796; x_wconf 88' lang='lat' dir='ltr'><strong>v,</strong></span> <span class='ocrx_word' id='word_1_204' title='bbox 1670 2729 1782 2800; x_wconf 93' lang='grc'><strong>15).</strong></span> <span class='ocrx_word' id='word_1_205' title='bbox 1812 2730 2035 2785; x_wconf 78' lang='lat' dir='ltr'><strong>Servum</strong></span> 
     </span>
    </p>
   </div>
   <div class='ocr_carea' id='block_1_27' title="bbox 452 2820 2039 2893">
    <p class='ocr_par' dir='ltr' id='par_1_27' title="bbox 452 2820 2039 2893">
     <span class='ocr_line' id='line_1_27' title="bbox 452 2820 2039 2893; baseline -0.001 -17"><span class='ocrx_word' id='word_1_206' title='bbox 452 2832 506 2877; x_wconf 86' lang='lat' dir='ltr'><strong>te</strong></span> <span class='ocrx_word' id='word_1_207' title='bbox 529 2821 764 2877; x_wconf 84' lang='lat' dir='ltr'><strong>charitas</strong></span> <span class='ocrx_word' id='word_1_208' title='bbox 809 2820 968 2878; x_wconf 77' lang='lat' dir='ltr'><strong>iaciat</strong></span> <span class='ocrx_word' id='word_1_209' title='bbox 992 2822 1013 2853; x_wconf 85' lang='grc'>⁸</span> <span class='ocrx_word' id='word_1_210' title='bbox 1044 2823 1164 2893; x_wconf 89' lang='lat' dir='ltr'><strong>quia</strong></span> <span class='ocrx_word' id='word_1_211' title='bbox 1204 2822 1431 2878; x_wconf 88' lang='lat' dir='ltr'><strong>libermn</strong></span> <span class='ocrx_word' id='word_1_212' title='bbox 1482 2831 1535 2877; x_wconf 90' lang='lat' dir='ltr'><strong>te</strong></span> <span class='ocrx_word' id='word_1_213' title='bbox 1554 2822 1753 2877; x_wconf 88' lang='lat' dir='ltr'><strong>veritas</strong></span> <span class='ocrx_word' id='word_1_214' title='bbox 1782 2820 1931 2876; x_wconf 91' lang='lat' dir='ltr'><strong>fecit.</strong></span> <span class='ocrx_word' id='word_1_215' title='bbox 1974 2822 2039 2877; x_wconf 90' lang='lat' dir='ltr'><strong>Si</strong></span> 
     </span>
    </p>
   </div>
   <div class='ocr_carea' id='block_1_28' title="bbox 390 2914 2038 2989">
    <p class='ocr_par' dir='ltr' id='par_1_28' title="bbox 390 2914 2038 2989">
     <span class='ocr_line' id='line_1_28' title="bbox 390 2914 2038 2989; baseline 0 -20"><span class='ocrx_word' id='word_1_216' title='bbox 390 2988 393 2989; x_wconf 15' lang='grc' dir='ltr'><em>ν</em></span> <span class='ocrx_word' id='word_1_217' title='bbox 450 2916 759 2982; x_wconf 83' lang='lat' dir='ltr'><strong>ntanseritis,</strong></span> <span class='ocrx_word' id='word_1_218' title='bbox 790 2915 979 2986; x_wconf 88' lang='lat' dir='ltr'><strong>inquit,</strong></span> <span class='ocrx_word' id='word_1_219' title='bbox 1030 2918 1084 2971; x_wconf 88' lang='lat' dir='ltr'><strong>in</strong></span> <span class='ocrx_word' id='word_1_220' title='bbox 1125 2916 1273 2970; x_wconf 76' lang='lat' dir='ltr'><strong>verba</strong></span> <span class='ocrx_word' id='word_1_221' title='bbox 1322 2932 1453 2983; x_wconf 88' lang='lat' dir='ltr'><strong>meo,</strong></span> <span class='ocrx_word' id='word_1_222' title='bbox 1500 2932 1611 2971; x_wconf 85' lang='lat' dir='ltr'><strong>vere</strong></span> <span class='ocrx_word' id='word_1_223' title='bbox 1659 2914 1899 2987; x_wconf 74' lang='lat' dir='ltr'><strong>discipuli</strong></span> <span class='ocrx_word' id='word_1_224' title='bbox 1941 2916 2038 2969; x_wconf 77' lang='lat' dir='ltr'><strong>mei</strong></span> 
     </span>
    </p>
   </div>
   <div class='ocr_carea' id='block_1_29' title="bbox 447 3009 2036 3080">
    <p class='ocr_par' dir='ltr' id='par_1_29' title="bbox 447 3009 2036 3080">
     <span class='ocr_line' id='line_1_29' title="bbox 447 3009 2036 3080; baseline 0.001 -18"><span class='ocrx_word' id='word_1_225' title='bbox 447 3009 568 3064; x_wconf 88' lang='lat' dir='ltr'><strong>estis</strong></span> <span class='ocrx_word' id='word_1_226' title='bbox 590 3022 610 3073; x_wconf 69' lang='grc' dir='ltr'><em>ς</em></span> <span class='ocrx_word' id='word_1_227' title='bbox 636 3018 683 3064; x_wconf 79' lang='lat' dir='ltr'><strong>et</strong></span> <span class='ocrx_word' id='word_1_228' title='bbox 719 3010 1027 3080; x_wconf 79' lang='lat' dir='ltr'><strong>cognoscetis</strong></span> <span class='ocrx_word' id='word_1_229' title='bbox 1052 3011 1306 3066; x_wconf 87' lang='lat' dir='ltr'><strong>veritatem</strong></span> <span class='ocrx_word' id='word_1_230' title='bbox 1337 3053 1352 3078; x_wconf 90' lang='lat'><strong>,</strong></span> <span class='ocrx_word' id='word_1_231' title='bbox 1391 3019 1439 3064; x_wconf 84' lang='lat' dir='ltr'><strong>rt</strong></span> <span class='ocrx_word' id='word_1_232' title='bbox 1464 3011 1648 3065; x_wconf 79' lang='lat' dir='ltr'><strong>veritas</strong></span> <span class='ocrx_word' id='word_1_233' title='bbox 1678 3009 1906 3064; x_wconf 82' lang='lat' dir='ltr'><strong>liberabit</strong></span> <span class='ocrx_word' id='word_1_234' title='bbox 1949 3022 2036 3063; x_wconf 85' lang='lat' dir='ltr'><strong>vos</strong></span> 
     </span>
    </p>
   </div>
   <div class='ocr_carea' id='block_1_30' title="bbox 451 3098 2036 3173">
    <p class='ocr_par' dir='ltr' id='par_1_30' title="bbox 451 3098 2036 3173">
     <span class='ocr_line' id='line_1_30' title="bbox 451 3098 2036 3173; baseline 0.001 -20"><span class='ocrx_word' id='word_1_235' title='bbox 451 3098 632 3169; x_wconf 82' lang='lat' dir='ltr'><strong>(Joan.</strong></span> <span class='ocrx_word' id='word_1_236' title='bbox 662 3116 772 3164; x_wconf 79' lang='lat' dir='ltr'><strong>vin,</strong></span> <span class='ocrx_word' id='word_1_237' title='bbox 805 3103 895 3168; x_wconf 88' lang='grc'><strong>51,</strong></span> <span class='ocrx_word' id='word_1_238' title='bbox 920 3102 1034 3173; x_wconf 68' lang='lat'><strong>32).</strong></span> <span class='ocrx_word' id='word_1_239' title='bbox 1068 3101 1236 3157; x_wconf 89' lang='lat' dir='ltr'><strong>Simul</strong></span> <span class='ocrx_word' id='word_1_240' title='bbox 1271 3116 1329 3157; x_wconf 87' lang='lat' dir='ltr'><strong>es</strong></span> <span class='ocrx_word' id='word_1_241' title='bbox 1355 3112 1409 3157; x_wconf 91' lang='lat' dir='ltr'><strong>et</strong></span> <span class='ocrx_word' id='word_1_242' title='bbox 1429 3117 1617 3156; x_wconf 82' lang='lat' dir='ltr'><strong>servus</strong></span> <span class='ocrx_word' id='word_1_243' title='bbox 1643 3110 1697 3157; x_wconf 90' lang='lat' dir='ltr'><strong>et</strong></span> <span class='ocrx_word' id='word_1_244' title='bbox 1722 3100 1893 3155; x_wconf 90' lang='lat' dir='ltr'><strong>liber:</strong></span> <span class='ocrx_word' id='word_1_245' title='bbox 1920 3116 2036 3155; x_wconf 87' lang='lat' dir='ltr'><strong>ser-</strong></span> 
     </span>
    </p>
   </div>
   <div class='ocr_carea' id='block_1_31' title="bbox 449 3192 2035 3263">
    <p class='ocr_par' dir='ltr' id='par_1_31' title="bbox 449 3192 2035 3263">
     <span class='ocr_line' id='line_1_31' title="bbox 449 3192 2035 3263; baseline 0.001 -20"><span class='ocrx_word' id='word_1_246' title='bbox 449 3205 565 3255; x_wconf 85' lang='lat' dir='ltr'><strong>vus,</strong></span> <span class='ocrx_word' id='word_1_247' title='bbox 601 3192 723 3261; x_wconf 87' lang='lat' dir='ltr'><strong>quia</strong></span> <span class='ocrx_word' id='word_1_248' title='bbox 751 3192 922 3248; x_wconf 85' lang='lat' dir='ltr'><strong>factus</strong></span> <span class='ocrx_word' id='word_1_249' title='bbox 951 3208 1049 3259; x_wconf 90' lang='lat' dir='ltr'><strong>es;</strong></span> <span class='ocrx_word' id='word_1_250' title='bbox 1081 3194 1233 3253; x_wconf 85' lang='lat' dir='ltr'><strong>liber,</strong></span> <span class='ocrx_word' id='word_1_251' title='bbox 1261 3195 1381 3263; x_wconf 86' lang='lat' dir='ltr'><strong>quia</strong></span> <span class='ocrx_word' id='word_1_252' title='bbox 1410 3193 1607 3246; x_wconf 83' lang='lat' dir='ltr'><strong>amaris</strong></span> <span class='ocrx_word' id='word_1_253' title='bbox 1649 3207 1677 3246; x_wconf 88' lang='lat' dir='ltr'><strong>a</strong></span> <span class='ocrx_word' id='word_1_254' title='bbox 1713 3192 1820 3245; x_wconf 81' lang='lat' dir='ltr'><strong>Deo</strong></span> <span class='ocrx_word' id='word_1_255' title='bbox 1863 3207 1890 3245; x_wconf 86' lang='lat' dir='ltr'><strong>a</strong></span> <span class='ocrx_word' id='word_1_256' title='bbox 1930 3207 2035 3261; x_wconf 91' lang='lat' dir='ltr'><strong>quo</strong></span> 
     </span>
    </p>
   </div>
   <div class='ocr_carea' id='block_1_32' title="bbox 448 3281 2034 3352">
    <p class='ocr_par' dir='ltr' id='par_1_32' title="bbox 448 3281 2034 3352">
     <span class='ocr_line' id='line_1_32' title="bbox 448 3281 2034 3352; baseline 0.001 -17"><span class='ocrx_word' id='word_1_257' title='bbox 448 3282 618 3336; x_wconf 86' lang='lat' dir='ltr'><strong>factus</strong></span> <span class='ocrx_word' id='word_1_258' title='bbox 643 3296 702 3337; x_wconf 90' lang='lat' dir='ltr'><strong>es</strong></span> <span class='ocrx_word' id='word_1_259' title='bbox 732 3299 746 3338; x_wconf 88' lang='lat'><strong>:</strong></span> <span class='ocrx_word' id='word_1_260' title='bbox 772 3284 879 3336; x_wconf 88' lang='lat' dir='ltr'><strong>imo</strong></span> <span class='ocrx_word' id='word_1_261' title='bbox 906 3283 1065 3337; x_wconf 87' lang='lat' dir='ltr'><strong>etiam</strong></span> <span class='ocrx_word' id='word_1_262' title='bbox 1092 3281 1214 3338; x_wconf 89' lang='lat' dir='ltr'><strong>inde</strong></span> <span class='ocrx_word' id='word_1_263' title='bbox 1239 3283 1391 3344; x_wconf 84' lang='lat' dir='ltr'><strong>liber,</strong></span> <span class='ocrx_word' id='word_1_264' title='bbox 1418 3284 1536 3351; x_wconf 78' lang='lat' dir='ltr'><strong>quia</strong></span> <span class='ocrx_word' id='word_1_265' title='bbox 1566 3298 1712 3336; x_wconf 84' lang='lat' dir='ltr'><strong>amas</strong></span> <span class='ocrx_word' id='word_1_266' title='bbox 1737 3298 1856 3337; x_wconf 88' lang='lat' dir='ltr'><strong>cum</strong></span> <span class='ocrx_word' id='word_1_267' title='bbox 1879 3299 1907 3335; x_wconf 90' lang='lat' dir='ltr'><strong>a</strong></span> <span class='ocrx_word' id='word_1_268' title='bbox 1929 3297 2034 3352; x_wconf 84' lang='lat' dir='ltr'><strong>quo</strong></span> 
     </span>
    </p>
   </div>
   <div class='ocr_carea' id='block_1_33' title="bbox 447 3371 2033 3437">
    <p class='ocr_par' dir='ltr' id='par_1_33' title="bbox 447 3371 2033 3437">
     <span class='ocr_line' id='line_1_33' title="bbox 447 3371 2033 3437; baseline 0.001 -12"><span class='ocrx_word' id='word_1_269' title='bbox 447 3374 619 3428; x_wconf 82' lang='lat' dir='ltr'><strong>factus</strong></span> <span class='ocrx_word' id='word_1_270' title='bbox 648 3387 725 3427; x_wconf 90' lang='lat' dir='ltr'><strong>es.</strong></span> <span class='ocrx_word' id='word_1_271' title='bbox 753 3372 871 3427; x_wconf 88' lang='lat' dir='ltr'><strong>Noli</strong></span> <span class='ocrx_word' id='word_1_272' title='bbox 908 3373 1112 3428; x_wconf 85' lang='lat' dir='ltr'><strong>servire</strong></span> <span class='ocrx_word' id='word_1_273' title='bbox 1144 3388 1263 3429; x_wconf 90' lang='lat' dir='ltr'><strong>cum</strong></span> <span class='ocrx_word' id='word_1_274' title='bbox 1317 3388 1629 3437; x_wconf 89' lang='lat' dir='ltr'><strong>murmure;</strong></span> <span class='ocrx_word' id='word_1_275' title='bbox 1664 3387 1767 3426; x_wconf 94' lang='lat' dir='ltr'><strong>non</strong></span> <span class='ocrx_word' id='word_1_276' title='bbox 1796 3373 1936 3427; x_wconf 89' lang='lat' dir='ltr'><strong>enim</strong></span> <span class='ocrx_word' id='word_1_277' title='bbox 1980 3371 2033 3427; x_wconf 93' lang='lat' dir='ltr'><strong>id</strong></span> 
     </span>
    </p>
   </div>
   <div class='ocr_carea' id='block_1_34' title="bbox 447 3462 2037 3531">
    <p class='ocr_par' dir='ltr' id='par_1_34' title="bbox 447 3462 2037 3531">
     <span class='ocr_line' id='line_1_34' title="bbox 447 3462 2037 3531; baseline 0.001 -16"><span class='ocrx_word' id='word_1_278' title='bbox 447 3471 612 3531; x_wconf 89' lang='lat' dir='ltr'><strong>agunt</strong></span> <span class='ocrx_word' id='word_1_279' title='bbox 640 3477 906 3517; x_wconf 89' lang='lat' dir='ltr'><strong>murmura</strong></span> <span class='ocrx_word' id='word_1_280' title='bbox 933 3473 1017 3517; x_wconf 88' lang='lat' dir='ltr'><strong>tua</strong></span> <span class='ocrx_word' id='word_1_281' title='bbox 1035 3505 1051 3530; x_wconf 93' lang='lat'><strong>,</strong></span> <span class='ocrx_word' id='word_1_282' title='bbox 1075 3471 1131 3517; x_wconf 92' lang='lat' dir='ltr'><strong>ut</strong></span> <span class='ocrx_word' id='word_1_283' title='bbox 1154 3479 1257 3517; x_wconf 87' lang='lat' dir='ltr'><strong>non</strong></span> <span class='ocrx_word' id='word_1_284' title='bbox 1284 3464 1505 3528; x_wconf 79' lang='lat' dir='ltr'><strong>servias,</strong></span> <span class='ocrx_word' id='word_1_285' title='bbox 1529 3462 1621 3518; x_wconf 86' lang='lat' dir='ltr'><strong>sed</strong></span> <span class='ocrx_word' id='word_1_286' title='bbox 1652 3473 1707 3517; x_wconf 88' lang='lat' dir='ltr'><strong>ut</strong></span> <span class='ocrx_word' id='word_1_287' title='bbox 1728 3463 1897 3518; x_wconf 89' lang='lat' dir='ltr'><strong>malus</strong></span> <span class='ocrx_word' id='word_1_288' title='bbox 1921 3477 2037 3518; x_wconf 88' lang='lat' dir='ltr'><strong>ser-.-</strong></span> 
     </span>
    </p>
   </div>
   <div class='ocr_carea' id='block_1_35' title="bbox 448 3552 2030 3621">
    <p class='ocr_par' dir='ltr' id='par_1_35' title="bbox 448 3552 2030 3621">
     <span class='ocr_line' id='line_1_35' title="bbox 448 3552 2030 3621; baseline 0.003 -17"><span class='ocrx_word' id='word_1_289' title='bbox 448 3567 547 3607; x_wconf 83' lang='lat' dir='ltr'><strong>vus</strong></span> <span class='ocrx_word' id='word_1_290' title='bbox 589 3554 808 3608; x_wconf 79' lang='lat' dir='ltr'><strong>servias.</strong></span> <span class='ocrx_word' id='word_1_291' title='bbox 858 3553 1056 3609; x_wconf 89' lang='lat' dir='ltr'><strong>Servus</strong></span> <span class='ocrx_word' id='word_1_292' title='bbox 1099 3568 1158 3609; x_wconf 88' lang='lat' dir='ltr'><strong>es</strong></span> <span class='ocrx_word' id='word_1_293' title='bbox 1184 3553 1412 3621; x_wconf 87' lang='lat' dir='ltr'><strong>Domini,</strong></span> <span class='ocrx_word' id='word_1_294' title='bbox 1443 3552 1665 3608; x_wconf 87' lang='lat' dir='ltr'><strong>libertus</strong></span> <span class='ocrx_word' id='word_1_295' title='bbox 1688 3568 1748 3608; x_wconf 87' lang='lat' dir='ltr'><strong>es</strong></span> <span class='ocrx_word' id='word_1_296' title='bbox 1781 3552 1987 3608; x_wconf 90' lang='lat' dir='ltr'><strong>Domini</strong></span> <span class='ocrx_word' id='word_1_297' title='bbox 2014 3569 2030 3619; x_wconf 93' lang='lat'><strong>;</strong></span> 
     </span>
    </p>
   </div>
   <div class='ocr_carea' id='block_1_36' title="bbox 446 3643 2032 3716">
    <p class='ocr_par' dir='ltr' id='par_1_36' title="bbox 446 3643 2032 3716">
     <span class='ocr_line' id='line_1_36' title="bbox 446 3643 2032 3716; baseline 0 -17"><span class='ocrx_word' id='word_1_298' title='bbox 446 3660 552 3700; x_wconf 91' lang='lat' dir='ltr'><strong>non</strong></span> <span class='ocrx_word' id='word_1_299' title='bbox 583 3654 636 3702; x_wconf 90' lang='lat' dir='ltr'><strong>te</strong></span> <span class='ocrx_word' id='word_1_300' title='bbox 663 3646 741 3701; x_wconf 87' lang='lat' dir='ltr'><strong>sic</strong></span> <span class='ocrx_word' id='word_1_301' title='bbox 768 3659 978 3716; x_wconf 70' lang='lat' dir='ltr'><strong>qttmras</strong></span> <span class='ocrx_word' id='word_1_302' title='bbox 1006 3644 1306 3700; x_wconf 89' lang='lat' dir='ltr'><strong>manumitti</strong></span> <span class='ocrx_word' id='word_1_303' title='bbox 1329 3686 1343 3710; x_wconf 91' lang='lat'><strong>,</strong></span> <span class='ocrx_word' id='word_1_304' title='bbox 1398 3653 1457 3699; x_wconf 92' lang='lat' dir='ltr'><strong>ut</strong></span> <span class='ocrx_word' id='word_1_305' title='bbox 1483 3643 1704 3700; x_wconf 88' lang='lat' dir='ltr'><strong>recedas</strong></span> <span class='ocrx_word' id='word_1_306' title='bbox 1747 3643 1816 3699; x_wconf 87' lang='lat' dir='ltr'><strong>de</strong></span> <span class='ocrx_word' id='word_1_307' title='bbox 1871 3644 2032 3699; x_wconf 90' lang='lat' dir='ltr'><strong>domo</strong></span> 
     </span>
    </p>
   </div>
   <div class='ocr_carea' id='block_1_37' title="bbox 446 3736 1347 3813">
    <p class='ocr_par' dir='ltr' id='par_1_37' title="bbox 446 3736 1347 3813">
     <span class='ocr_line' id='line_1_37' title="bbox 446 3736 1347 3813; baseline 0.004 -22"><span class='ocrx_word' id='word_1_308' title='bbox 446 3737 852 3793; x_wconf 76' lang='lat' dir='ltr'><strong>manumissoris</strong></span> <span class='ocrx_word' id='word_1_309' title='bbox 883 3736 979 3813; x_wconf 88' lang='lat' dir='ltr'><strong>tui.</strong></span> <span class='ocrx_word' id='word_1_310' title='bbox 1339 3742 1347 3749; x_wconf 87' lang='grc'><em>’</em></span> 
     </span>
    </p>
   </div>
   <div class='ocr_carea' id='block_1_38' title="bbox 515 3828 2031 3903">
    <p class='ocr_par' dir='ltr' id='par_1_38' title="bbox 515 3828 2031 3903">
     <span class='ocr_line' id='line_1_38' title="bbox 515 3828 2031 3903; baseline -0.003 -16"><span class='ocrx_word' id='word_1_311' title='bbox 515 3830 570 3887; x_wconf 86' lang='grc'><strong>8.</strong></span> <span class='ocrx_word' id='word_1_312' title='bbox 604 3831 799 3887; x_wconf 84' lang='lat' dir='ltr'><strong>Servite</strong></span> <span class='ocrx_word' id='word_1_313' title='bbox 821 3833 1038 3886; x_wconf 87' lang='lat' dir='ltr'><strong>Domino</strong></span> <span class='ocrx_word' id='word_1_314' title='bbox 1076 3832 1128 3885; x_wconf 90' lang='lat' dir='ltr'><strong>in</strong></span> <span class='ocrx_word' id='word_1_315' title='bbox 1156 3828 1497 3903; x_wconf 82' lang='lat' dir='ltr'><strong>jncnnditate.</strong></span> <span class='ocrx_word' id='word_1_316' title='bbox 1522 3829 1684 3885; x_wconf 77' lang='lat' dir='ltr'><strong>Plena</strong></span> <span class='ocrx_word' id='word_1_317' title='bbox 1707 3833 1810 3885; x_wconf 82' lang='lat' dir='ltr'><strong>erit</strong></span> <span class='ocrx_word' id='word_1_318' title='bbox 1840 3830 1931 3885; x_wconf 86' lang='lat' dir='ltr'><strong>illa</strong></span> <span class='ocrx_word' id='word_1_319' title='bbox 1975 3837 2031 3884; x_wconf 86' lang='lat' dir='ltr'><strong>et</strong></span> 
     </span>
    </p>
   </div>
   <div class='ocr_carea' id='block_1_39' title="bbox 446 3921 2031 3993">
    <p class='ocr_par' dir='ltr' id='par_1_39' title="bbox 446 3921 2031 3993">
     <span class='ocr_line' id='line_1_39' title="bbox 446 3921 2031 3993; baseline 0.001 -18"><span class='ocrx_word' id='word_1_320' title='bbox 446 3925 678 3993; x_wconf 83' lang='lat' dir='ltr'><strong>perfecta</strong></span> <span class='ocrx_word' id='word_1_321' title='bbox 719 3925 1046 3993; x_wconf 84' lang='lat' dir='ltr'><strong>jucunditas,</strong></span> <span class='ocrx_word' id='word_1_322' title='bbox 1103 3938 1223 3979; x_wconf 91' lang='lat' dir='ltr'><strong>cum</strong></span> <span class='ocrx_word' id='word_1_323' title='bbox 1268 3922 1619 3991; x_wconf 86' lang='lat' dir='ltr'><strong>corruptibile</strong></span> <span class='ocrx_word' id='word_1_324' title='bbox 1659 3922 1763 3978; x_wconf 91' lang='lat' dir='ltr'><strong>hoc</strong></span> <span class='ocrx_word' id='word_1_325' title='bbox 1797 3921 2031 3977; x_wconf 87' lang='lat' dir='ltr'><strong>induerit</strong></span> 
     </span>
    </p>
   </div>
   <div class='ocr_carea' id='block_1_40' title="bbox 444 4015 2031 4088">
    <p class='ocr_par' dir='ltr' id='par_1_40' title="bbox 444 4015 2031 4088">
     <span class='ocr_line' id='line_1_40' title="bbox 444 4015 2031 4088; baseline -0.003 -15"><span class='ocrx_word' id='word_1_326' title='bbox 444 4018 919 4088; x_wconf 87' lang='lat' dir='ltr'><strong>lneorrnptionem,</strong></span> <span class='ocrx_word' id='word_1_327' title='bbox 951 4029 1004 4072; x_wconf 91' lang='lat' dir='ltr'><strong>et</strong></span> <span class='ocrx_word' id='word_1_328' title='bbox 1027 4017 1247 4073; x_wconf 84' lang='lat' dir='ltr'><strong>mortale</strong></span> <span class='ocrx_word' id='word_1_329' title='bbox 1278 4017 1377 4070; x_wconf 89' lang='lat' dir='ltr'><strong>hoc</strong></span> <span class='ocrx_word' id='word_1_330' title='bbox 1404 4015 1634 4071; x_wconf 89' lang='lat' dir='ltr'><strong>induerit</strong></span> <span class='ocrx_word' id='word_1_331' title='bbox 1661 4015 2031 4070; x_wconf 84' lang='lat' dir='ltr'><strong>immortalita-</strong></span> 
     </span>
    </p>
   </div>
   <div class='ocr_carea' id='block_1_41' title="bbox 445 4107 2024 4183">
    <p class='ocr_par' dir='ltr' id='par_1_41' title="bbox 445 4107 2024 4183">
     <span class='ocr_line' id='line_1_41' title="bbox 445 4107 2024 4183; baseline -0.004 -16"><span class='ocrx_word' id='word_1_332' title='bbox 445 4123 551 4168; x_wconf 88' lang='lat' dir='ltr'><strong>tem</strong></span> <span class='ocrx_word' id='word_1_333' title='bbox 578 4114 596 4183; x_wconf 88' lang='lat'><strong>(</strong></span> <span class='ocrx_word' id='word_1_334' title='bbox 623 4112 638 4164; x_wconf 91' lang='lat' dir='ltr'><strong>l</strong></span> <span class='ocrx_word' id='word_1_335' title='bbox 684 4110 803 4169; x_wconf 85' lang='lat' dir='ltr'><strong>Cor.</strong></span> <span class='ocrx_word' id='word_1_336' title='bbox 836 4127 921 4175; x_wconf 84' lang='lat' dir='ltr'><strong>xv,</strong></span> <span class='ocrx_word' id='word_1_337' title='bbox 951 4110 1041 4180; x_wconf 66' lang='grc'><strong>54)</strong></span> <span class='ocrx_word' id='word_1_338' title='bbox 1081 4130 1093 4166; x_wconf 90' lang='lat'><strong>:</strong></span> <span class='ocrx_word' id='word_1_339' title='bbox 1120 4120 1245 4165; x_wconf 91' lang='lat' dir='ltr'><strong>tunc</strong></span> <span class='ocrx_word' id='word_1_340' title='bbox 1275 4111 1375 4163; x_wconf 91' lang='lat' dir='ltr'><strong>erit</strong></span> <span class='ocrx_word' id='word_1_341' title='bbox 1401 4108 1634 4178; x_wconf 84' lang='lat' dir='ltr'><strong>perfecta</strong></span> <span class='ocrx_word' id='word_1_342' title='bbox 1684 4107 1989 4177; x_wconf 74' lang='lat' dir='ltr'><strong>iucunditas</strong></span> <span class='ocrx_word' id='word_1_343' title='bbox 2009 4148 2024 4174; x_wconf 95' lang='lat'><strong>,</strong></span> 
     </span>
    </p>
   </div>
   <div class='ocr_carea' id='block_1_42' title="bbox 445 4197 2022 4274">
    <p class='ocr_par' dir='ltr' id='par_1_42' title="bbox 445 4197 2022 4274">
     <span class='ocr_line' id='line_1_42' title="bbox 445 4197 2022 4274; baseline -0.004 -16"><span class='ocrx_word' id='word_1_344' title='bbox 445 4214 570 4258; x_wconf 88' lang='lat' dir='ltr'><strong>tunc</strong></span> <span class='ocrx_word' id='word_1_345' title='bbox 599 4203 684 4257; x_wconf 88' lang='lat' dir='ltr'><strong>illa</strong></span> <span class='ocrx_word' id='word_1_346' title='bbox 727 4201 964 4274; x_wconf 86' lang='lat' dir='ltr'><strong>perfecta</strong></span> <span class='ocrx_word' id='word_1_347' title='bbox 988 4202 1255 4272; x_wconf 84' lang='lat' dir='ltr'><strong>jubilatio,</strong></span> <span class='ocrx_word' id='word_1_348' title='bbox 1299 4210 1425 4255; x_wconf 88' lang='lat' dir='ltr'><strong>tunc</strong></span> <span class='ocrx_word' id='word_1_349' title='bbox 1477 4201 1592 4253; x_wconf 90' lang='lat' dir='ltr'><strong>laus</strong></span> <span class='ocrx_word' id='word_1_350' title='bbox 1618 4200 1733 4253; x_wconf 88' lang='lat' dir='ltr'><strong>sine</strong></span> <span class='ocrx_word' id='word_1_351' title='bbox 1762 4197 1974 4253; x_wconf 83' lang='lat' dir='ltr'><strong>defectu</strong></span> <span class='ocrx_word' id='word_1_352' title='bbox 2006 4241 2022 4265; x_wconf 93' lang='lat'><strong>,</strong></span> 
     </span>
    </p>
   </div>
   <div class='ocr_carea' id='block_1_43' title="bbox 444 4288 2021 4355">
    <p class='ocr_par' dir='ltr' id='par_1_43' title="bbox 444 4288 2021 4355">
     <span class='ocr_line' id='line_1_43' title="bbox 444 4288 2021 4355; baseline -0.004 -6"><span class='ocrx_word' id='word_1_353' title='bbox 444 4306 572 4350; x_wconf 90' lang='lat' dir='ltr'><strong>tunc</strong></span> <span class='ocrx_word' id='word_1_354' title='bbox 594 4308 745 4348; x_wconf 84' lang='lat' dir='ltr'><strong>amor</strong></span> <span class='ocrx_word' id='word_1_355' title='bbox 770 4296 883 4347; x_wconf 89' lang='lat' dir='ltr'><strong>sine</strong></span> <span class='ocrx_word' id='word_1_356' title='bbox 914 4292 1162 4345; x_wconf 73' lang='lat' dir='ltr'><strong>seandalo</strong></span> <span class='ocrx_word' id='word_1_357' title='bbox 1182 4333 1195 4353; x_wconf 88' lang='lat'><strong>,</strong></span> <span class='ocrx_word' id='word_1_358' title='bbox 1224 4302 1351 4345; x_wconf 84' lang='lat' dir='ltr'><strong>tunc</strong></span> <span class='ocrx_word' id='word_1_359' title='bbox 1402 4290 1605 4345; x_wconf 86' lang='lat' dir='ltr'><strong>fructus</strong></span> <span class='ocrx_word' id='word_1_360' title='bbox 1635 4290 1751 4344; x_wconf 84' lang='lat' dir='ltr'><strong>sine</strong></span> <span class='ocrx_word' id='word_1_361' title='bbox 1796 4288 2021 4355; x_wconf 88' lang='lat' dir='ltr'><strong>timore,</strong></span> 
     </span>
    </p>
   </div>
   <div class='ocr_carea' id='block_1_44' title="bbox 446 4378 2025 4449">
    <p class='ocr_par' dir='ltr' id='par_1_44' title="bbox 446 4378 2025 4449">
     <span class='ocr_line' id='line_1_44' title="bbox 446 4378 2025 4449; baseline -0.005 -10"><span class='ocrx_word' id='word_1_362' title='bbox 446 4396 569 4439; x_wconf 91' lang='lat' dir='ltr'><strong>tunc</strong></span> <span class='ocrx_word' id='word_1_363' title='bbox 600 4384 703 4438; x_wconf 74' lang='lat' dir='ltr'><strong>vita</strong></span> <span class='ocrx_word' id='word_1_364' title='bbox 731 4385 847 4435; x_wconf 88' lang='lat' dir='ltr'><strong>sine</strong></span> <span class='ocrx_word' id='word_1_365' title='bbox 883 4392 1073 4437; x_wconf 89' lang='lat' dir='ltr'><strong>morte.</strong></span> <span class='ocrx_word' id='word_1_366' title='bbox 1102 4379 1238 4449; x_wconf 87' lang='lat' dir='ltr'><strong>Quid</strong></span> <span class='ocrx_word' id='word_1_367' title='bbox 1268 4378 1395 4435; x_wconf 81' lang='lat' dir='ltr'><strong>hic?</strong></span> <span class='ocrx_word' id='word_1_368' title='bbox 1428 4380 1696 4434; x_wconf 85' lang='lat' dir='ltr'><strong>nullumne</strong></span> <span class='ocrx_word' id='word_1_369' title='bbox 1725 4379 1973 4449; x_wconf 80' lang='lat' dir='ltr'><strong>gaudium</strong></span> <span class='ocrx_word' id='word_1_370' title='bbox 1999 4379 2025 4432; x_wconf 71' lang='lat'><strong>2</strong></span> 
     </span>
    </p>
   </div>
   <div class='ocr_carea' id='block_1_45' title="bbox 441 4467 2027 4544">
    <p class='ocr_par' dir='ltr' id='par_1_45' title="bbox 441 4467 2027 4544">
     <span class='ocr_line' id='line_1_45' title="bbox 441 4467 2027 4544; baseline -0.006 -13"><span class='ocrx_word' id='word_1_371' title='bbox 441 4477 497 4531; x_wconf 87' lang='lat' dir='ltr'><strong>Si</strong></span> <span class='ocrx_word' id='word_1_372' title='bbox 532 4475 732 4530; x_wconf 88' lang='lat' dir='ltr'><strong>nullum</strong></span> <span class='ocrx_word' id='word_1_373' title='bbox 762 4473 1031 4544; x_wconf 77' lang='lat' dir='ltr'><strong>gaudium,</strong></span> <span class='ocrx_word' id='word_1_374' title='bbox 1061 4471 1200 4525; x_wconf 86' lang='lat' dir='ltr'><strong>nulla</strong></span> <span class='ocrx_word' id='word_1_375' title='bbox 1246 4469 1488 4539; x_wconf 86' lang='lat' dir='ltr'><strong>jubilalio</strong></span> <span class='ocrx_word' id='word_1_376' title='bbox 1516 4487 1528 4522; x_wconf 89' lang='lat'><strong>:</strong></span> <span class='ocrx_word' id='word_1_377' title='bbox 1556 4469 1848 4535; x_wconf 79' lang='lat' dir='ltr'><strong>quomodo,</strong></span> <span class='ocrx_word' id='word_1_378' title='bbox 1877 4467 2027 4523; x_wconf 79' lang='lat' dir='ltr'><strong>lubi-</strong></span> 
     </span>
    </p>
   </div>
   <div class='ocr_carea' id='block_1_46' title="bbox 444 4557 2020 4629">
    <p class='ocr_par' dir='ltr' id='par_1_46' title="bbox 444 4557 2020 4629">
     <span class='ocr_line' id='line_1_46' title="bbox 444 4557 2020 4629; baseline -0.006 -7"><span class='ocrx_word' id='word_1_379' title='bbox 444 4567 543 4623; x_wconf 88' lang='lat' dir='ltr'><strong>lute</strong></span> <span class='ocrx_word' id='word_1_380' title='bbox 568 4564 806 4629; x_wconf 88' lang='lat' dir='ltr'><strong>Domino,</strong></span> <span class='ocrx_word' id='word_1_381' title='bbox 830 4564 1060 4618; x_wconf 74' lang='lat' dir='ltr'><strong>mziversa</strong></span> <span class='ocrx_word' id='word_1_382' title='bbox 1081 4561 1250 4615; x_wconf 85' lang='lat' dir='ltr'><strong>terra?</strong></span> <span class='ocrx_word' id='word_1_383' title='bbox 1276 4559 1368 4614; x_wconf 85' lang='lat' dir='ltr'><strong>Est</strong></span> <span class='ocrx_word' id='word_1_384' title='bbox 1393 4560 1546 4626; x_wconf 84' lang='lat' dir='ltr'><strong>plane</strong></span> <span class='ocrx_word' id='word_1_385' title='bbox 1570 4569 1620 4613; x_wconf 88' lang='lat' dir='ltr'><strong>et</strong></span> <span class='ocrx_word' id='word_1_386' title='bbox 1635 4557 1721 4612; x_wconf 90' lang='lat' dir='ltr'><strong>hic</strong></span> <span class='ocrx_word' id='word_1_387' title='bbox 1740 4557 2020 4627; x_wconf 80' lang='lat' dir='ltr'><strong>gaudium;</strong></span> 
     </span>
    </p>
   </div>
   <div class='ocr_carea' id='block_1_47' title="bbox 441 4651 2019 4729">
    <p class='ocr_par' dir='ltr' id='par_1_47' title="bbox 441 4651 2019 4729">
     <span class='ocr_line' id='line_1_47' title="bbox 441 4651 2019 4729; baseline -0.008 -14"><span class='ocrx_word' id='word_1_388' title='bbox 441 4661 509 4715; x_wconf 89' lang='lat' dir='ltr'><strong>de</strong></span> <span class='ocrx_word' id='word_1_389' title='bbox 535 4675 629 4729; x_wconf 84' lang='lat' dir='ltr'><strong>Spe</strong></span> <span class='ocrx_word' id='word_1_390' title='bbox 660 4656 848 4712; x_wconf 69' lang='lat' dir='ltr'><strong>futurae</strong></span> <span class='ocrx_word' id='word_1_391' title='bbox 894 4658 1014 4709; x_wconf 77' lang='lat' dir='ltr'><strong>\‘itzl:</strong></span> <span class='ocrx_word' id='word_1_392' title='bbox 1064 4662 1307 4726; x_wconf 87' lang='lat' dir='ltr'><strong>gustatnr</strong></span> <span class='ocrx_word' id='word_1_393' title='bbox 1346 4651 1433 4707; x_wconf 90' lang='lat' dir='ltr'><strong>hic</strong></span> <span class='ocrx_word' id='word_1_394' title='bbox 1461 4651 1601 4707; x_wconf 79' lang='lat' dir='ltr'><strong>unde</strong></span> <span class='ocrx_word' id='word_1_395' title='bbox 1648 4651 1718 4704; x_wconf 86' lang='lat' dir='ltr'><strong>ibi</strong></span> <span class='ocrx_word' id='word_1_396' title='bbox 1744 4651 2019 4705; x_wconf 89' lang='lat' dir='ltr'><strong>satiemur.</strong></span> 
     </span>
    </p>
   </div>
   <div class='ocr_carea' id='block_1_48' title="bbox 439 4740 2020 4815">
    <p class='ocr_par' dir='ltr' id='par_1_48' title="bbox 439 4740 2020 4815">
     <span class='ocr_line' id='line_1_48' title="bbox 439 4740 2020 4815; baseline -0.009 -7"><span class='ocrx_word' id='word_1_397' title='bbox 439 4753 543 4808; x_wconf 90' lang='lat' dir='ltr'><strong>Sed</strong></span> <span class='ocrx_word' id='word_1_398' title='bbox 581 4765 799 4805; x_wconf 83' lang='lat' dir='ltr'><strong>necesse</strong></span> <span class='ocrx_word' id='word_1_399' title='bbox 820 4759 901 4802; x_wconf 69' lang='grc' dir='ltr'><strong>ρει</strong></span> <span class='ocrx_word' id='word_1_400' title='bbox 928 4757 983 4800; x_wconf 83' lang='grc' dir='ltr'>ιιι.</span> <span class='ocrx_word' id='word_1_401' title='bbox 1007 4748 1170 4802; x_wconf 91' lang='lat' dir='ltr'><strong>multa</strong></span> <span class='ocrx_word' id='word_1_402' title='bbox 1193 4744 1461 4815; x_wconf 82' lang='lat' dir='ltr'><strong>perierant</strong></span> <span class='ocrx_word' id='word_1_403' title='bbox 1491 4742 1752 4797; x_wconf 85' lang='lat' dir='ltr'><strong>frumenta</strong></span> <span class='ocrx_word' id='word_1_404' title='bbox 1779 4742 1916 4795; x_wconf 88' lang='lat' dir='ltr'><strong>inter</strong></span> <span class='ocrx_word' id='word_1_405' title='bbox 1941 4740 2020 4795; x_wconf 85' lang='lat' dir='ltr'><strong>zi-</strong></span> 
     </span>
    </p>
   </div>
   <div class='ocr_carea' id='block_1_49' title="bbox 437 4830 2022 4907">
    <p class='ocr_par' dir='ltr' id='par_1_49' title="bbox 437 4830 2022 4907">
     <span class='ocr_line' id='line_1_49' title="bbox 437 4830 2022 4907; baseline -0.011 -6"><span class='ocrx_word' id='word_1_406' title='bbox 437 4844 588 4901; x_wconf 74' lang='lat' dir='ltr'><strong>Zztnia</strong></span> <span class='ocrx_word' id='word_1_407' title='bbox 624 4860 636 4896; x_wconf 93' lang='lat'><strong>:</strong></span> <span class='ocrx_word' id='word_1_408' title='bbox 668 4850 789 4895; x_wconf 90' lang='lat' dir='ltr'><strong>sunt</strong></span> <span class='ocrx_word' id='word_1_409' title='bbox 836 4854 997 4907; x_wconf 84' lang='lat' dir='ltr'><strong>grana</strong></span> <span class='ocrx_word' id='word_1_410' title='bbox 1054 4839 1193 4892; x_wconf 89' lang='lat' dir='ltr'><strong>inter</strong></span> <span class='ocrx_word' id='word_1_411' title='bbox 1232 4836 1435 4905; x_wconf 84' lang='lat' dir='ltr'><strong>paleam</strong></span> <span class='ocrx_word' id='word_1_412' title='bbox 1486 4832 1695 4903; x_wconf 72' lang='lat' dir='ltr'><strong>(Matth.</strong></span> <span class='ocrx_word' id='word_1_413' title='bbox 1722 4846 1798 4897; x_wconf 89' lang='grc' dir='ltr'>ιιι,</span> <span class='ocrx_word' id='word_1_414' title='bbox 1832 4830 1937 4896; x_wconf 79' lang='lat' dir='ltr'><strong>l2;</strong></span> <span class='ocrx_word' id='word_1_415' title='bbox 1975 4838 2022 4885; x_wconf 88' lang='lat' dir='ltr'><strong>et</strong></span> 
     </span>
    </p>
   </div>
   <div class='ocr_carea' id='block_1_50' title="bbox 436 4921 2013 4999">
    <p class='ocr_par' dir='ltr' id='par_1_50' title="bbox 436 4921 2013 4999">
     <span class='ocr_line' id='line_1_50' title="bbox 436 4921 2013 4999; baseline -0.008 -9"><span class='ocrx_word' id='word_1_416' title='bbox 436 4953 547 4999; x_wconf 71' lang='lat' dir='ltr'><strong>sui,</strong></span> <span class='ocrx_word' id='word_1_417' title='bbox 577 4934 690 4993; x_wconf 79' lang='lat'><strong>50).</strong></span> <span class='ocrx_word' id='word_1_418' title='bbox 719 4941 801 4987; x_wconf 87' lang='lat' dir='ltr'><strong>est</strong></span> <span class='ocrx_word' id='word_1_419' title='bbox 820 4932 986 4986; x_wconf 91' lang='lat' dir='ltr'><strong>lilium</strong></span> <span class='ocrx_word' id='word_1_420' title='bbox 1017 4930 1153 4984; x_wconf 86' lang='lat' dir='ltr'><strong>inter</strong></span> <span class='ocrx_word' id='word_1_421' title='bbox 1182 4929 1381 4999; x_wconf 87' lang='lat' dir='ltr'><strong>spinas.</strong></span> <span class='ocrx_word' id='word_1_422' title='bbox 1417 4924 1552 4992; x_wconf 85' lang='lat' dir='ltr'><strong>Quid</strong></span> <span class='ocrx_word' id='word_1_423' title='bbox 1576 4924 1717 4978; x_wconf 89' lang='lat' dir='ltr'><strong>enim</strong></span> <span class='ocrx_word' id='word_1_424' title='bbox 1739 4922 1884 4977; x_wconf 86' lang='lat' dir='ltr'><strong>audit</strong></span> <span class='ocrx_word' id='word_1_425' title='bbox 1913 4921 2013 4977; x_wconf 79' lang='lat' dir='ltr'><strong>Ec-</strong></span> 
     </span>
    </p>
   </div>
   <div class='ocr_carea' id='block_1_51' title="bbox 435 5013 2019 5088">
    <p class='ocr_par' dir='ltr' id='par_1_51' title="bbox 435 5013 2019 5088">
     <span class='ocr_line' id='line_1_51' title="bbox 435 5013 2019 5088; baseline -0.01 -7"><span class='ocrx_word' id='word_1_426' title='bbox 435 5014 639 5082; x_wconf 72' lang='lat' dir='ltr'><strong>elesia?</strong></span> <span class='ocrx_word' id='word_1_427' title='bbox 667 5023 812 5078; x_wconf 84' lang='lat' dir='ltr'><strong>Sicut</strong></span> <span class='ocrx_word' id='word_1_428' title='bbox 857 5021 1017 5075; x_wconf 86' lang='lat' dir='ltr'><strong>lilium</strong></span> <span class='ocrx_word' id='word_1_429' title='bbox 1061 5021 1111 5073; x_wconf 89' lang='lat' dir='ltr'><strong>in</strong></span> <span class='ocrx_word' id='word_1_430' title='bbox 1157 5018 1320 5072; x_wconf 87' lang='lat' dir='ltr'><strong>medio</strong></span> <span class='ocrx_word' id='word_1_431' title='bbox 1355 5016 1616 5088; x_wconf 74' lang='lat' dir='ltr'><strong>spinarum</strong></span> <span class='ocrx_word' id='word_1_432' title='bbox 1641 5056 1657 5080; x_wconf 92' lang='lat'><strong>,</strong></span> <span class='ocrx_word' id='word_1_433' title='bbox 1682 5014 1758 5067; x_wconf 87' lang='lat' dir='ltr'><strong>ita</strong></span> <span class='ocrx_word' id='word_1_434' title='bbox 1786 5013 2019 5083; x_wconf 74' lang='lat' dir='ltr'><strong>proxima</strong></span> 
     </span>
    </p>
   </div>
   <div class='ocr_carea' id='block_1_52' title="bbox 438 5105 2015 5184">
    <p class='ocr_par' dir='ltr' id='par_1_52' title="bbox 438 5105 2015 5184">
     <span class='ocr_line' id='line_1_52' title="bbox 438 5105 2015 5184; baseline -0.01 -10"><span class='ocrx_word' id='word_1_435' title='bbox 438 5135 547 5176; x_wconf 79' lang='lat' dir='ltr'><strong>mea</strong></span> <span class='ocrx_word' id='word_1_436' title='bbox 587 5120 637 5171; x_wconf 84' lang='lat' dir='ltr'><strong>in</strong></span> <span class='ocrx_word' id='word_1_437' title='bbox 666 5116 830 5169; x_wconf 82' lang='lat' dir='ltr'><strong>medio</strong></span> <span class='ocrx_word' id='word_1_438' title='bbox 872 5115 1095 5181; x_wconf 77' lang='lat' dir='ltr'><strong>ﬁliarum</strong></span> <span class='ocrx_word' id='word_1_439' title='bbox 1123 5109 1308 5184; x_wconf 84' lang='lat' dir='ltr'><strong>(Cant.</strong></span> <span class='ocrx_word' id='word_1_440' title='bbox 1346 5126 1405 5175; x_wconf 89' lang='grc' dir='ltr'>ιι,</span> <span class='ocrx_word' id='word_1_441' title='bbox 1434 5109 1516 5177; x_wconf 70' lang='grc' dir='ltr'><strong>Ξ).</strong></span> <span class='ocrx_word' id='word_1_442' title='bbox 1536 5107 1655 5161; x_wconf 87' lang='lat' dir='ltr'><strong>Non</strong></span> <span class='ocrx_word' id='word_1_443' title='bbox 1685 5105 1884 5160; x_wconf 88' lang='lat' dir='ltr'><strong>dictum</strong></span> <span class='ocrx_word' id='word_1_444' title='bbox 1912 5113 2015 5172; x_wconf 85' lang='lat' dir='ltr'><strong>est,</strong></span> 
     </span>
    </p>
   </div>
   <div class='ocr_carea' id='block_1_53' title="bbox 436 5196 2049 5279">
    <p class='ocr_par' dir='ltr' id='par_1_53' title="bbox 436 5196 2049 5279">
     <span class='ocr_line' id='line_1_53' title="bbox 436 5196 2049 5279; baseline -0.007 -15"><span class='ocrx_word' id='word_1_445' title='bbox 436 5209 497 5264; x_wconf 83' lang='lat' dir='ltr'><strong>in</strong></span> <span class='ocrx_word' id='word_1_446' title='bbox 545 5208 723 5264; x_wconf 89' lang='lat' dir='ltr'><strong>medio</strong></span> <span class='ocrx_word' id='word_1_447' title='bbox 772 5206 1070 5261; x_wconf 86' lang='lat' dir='ltr'><strong>alienarum</strong></span> <span class='ocrx_word' id='word_1_448' title='bbox 1096 5220 1111 5266; x_wconf 90' lang='lat'><strong>;</strong></span> <span class='ocrx_word' id='word_1_449' title='bbox 1149 5201 1265 5266; x_wconf 71' lang='lat' dir='ltr'><strong>Sed,</strong></span> <span class='ocrx_word' id='word_1_450' title='bbox 1301 5203 1353 5255; x_wconf 87' lang='lat' dir='ltr'><strong>in</strong></span> <span class='ocrx_word' id='word_1_451' title='bbox 1372 5201 1536 5255; x_wconf 87' lang='lat' dir='ltr'><strong>medio</strong></span> <span class='ocrx_word' id='word_1_452' title='bbox 1564 5199 1806 5267; x_wconf 78' lang='lat' dir='ltr'><strong>ﬁliarum.</strong></span> <span class='ocrx_word' id='word_1_453' title='bbox 1837 5196 1882 5253; x_wconf 89' lang='grc' dir='ltr'>Ο</span> <span class='ocrx_word' id='word_1_454' title='bbox 1904 5199 2016 5252; x_wconf 85' lang='lat' dir='ltr'><strong>Do-</strong></span> <span class='ocrx_word' id='word_1_455' title='bbox 2044 5276 2049 5279; x_wconf 82' lang='lat'>_</span> 
     </span>
    </p>
   </div>
   <div class='ocr_carea' id='block_1_54' title="bbox 434 5290 2016 5370">
    <p class='ocr_par' dir='ltr' id='par_1_54' title="bbox 434 5290 2016 5370">
     <span class='ocr_line' id='line_1_54' title="bbox 434 5290 2016 5370; baseline -0.006 -16"><span class='ocrx_word' id='word_1_456' title='bbox 434 5303 597 5365; x_wconf 87' lang='lat' dir='ltr'><strong>mine,</strong></span> <span class='ocrx_word' id='word_1_457' title='bbox 628 5296 896 5370; x_wconf 88' lang='lat' dir='ltr'><strong>quomodo</strong></span> <span class='ocrx_word' id='word_1_458' title='bbox 922 5294 1235 5358; x_wconf 86' lang='lat' dir='ltr'><strong>consolaris,</strong></span> <span class='ocrx_word' id='word_1_459' title='bbox 1266 5291 1532 5362; x_wconf 89' lang='lat' dir='ltr'><strong>quomodo</strong></span> <span class='ocrx_word' id='word_1_460' title='bbox 1556 5290 1847 5355; x_wconf 72' lang='lat' dir='ltr'><strong>confertas,</strong></span> <span class='ocrx_word' id='word_1_461' title='bbox 1877 5304 2016 5361; x_wconf 85' lang='lat' dir='ltr'><strong>quo-</strong></span> 
     </span>
    </p>
   </div>
   <div class='ocr_carea' id='block_1_55' title="bbox 434 5384 2017 5459">
    <p class='ocr_par' dir='ltr' id='par_1_55' title="bbox 434 5384 2017 5459">
     <span class='ocr_line' id='line_1_55' title="bbox 434 5384 2017 5459; baseline -0.009 -8"><span class='ocrx_word' id='word_1_462' title='bbox 434 5394 598 5451; x_wconf 82' lang='lat' dir='ltr'><strong>modo</strong></span> <span class='ocrx_word' id='word_1_463' title='bbox 641 5392 850 5449; x_wconf 86' lang='lat' dir='ltr'><strong>terres?</strong></span> <span class='ocrx_word' id='word_1_464' title='bbox 877 5389 1015 5459; x_wconf 84' lang='lat' dir='ltr'><strong>Quid</strong></span> <span class='ocrx_word' id='word_1_465' title='bbox 1060 5397 1142 5443; x_wconf 90' lang='lat' dir='ltr'><strong>est</strong></span> <span class='ocrx_word' id='word_1_466' title='bbox 1191 5386 1331 5457; x_wconf 90' lang='lat' dir='ltr'><strong>quod</strong></span> <span class='ocrx_word' id='word_1_467' title='bbox 1375 5385 1544 5454; x_wconf 74' lang='lat' dir='ltr'><strong>dicis?</strong></span> <span class='ocrx_word' id='word_1_468' title='bbox 1584 5384 1729 5439; x_wconf 85' lang='lat' dir='ltr'><strong>Sirut</strong></span> <span class='ocrx_word' id='word_1_469' title='bbox 1774 5384 1935 5438; x_wconf 87' lang='lat' dir='ltr'><strong>lilium</strong></span> <span class='ocrx_word' id='word_1_470' title='bbox 1962 5384 2017 5437; x_wconf 89' lang='lat' dir='ltr'><strong>in</strong></span> 
     </span>
    </p>
   </div>
   <div class='ocr_carea' id='block_1_56' title="bbox 494 5539 1983 5612">
    <p class='ocr_par' dir='ltr' id='par_1_56' title="bbox 494 5539 1983 5612">
     <span class='ocr_line' id='line_1_56' title="bbox 494 5539 1983 5612; baseline -0.004 -17"><span class='ocrx_word' id='word_1_471' title='bbox 494 5549 513 5612; x_wconf 60' lang='grc' dir='ltr'><strong>ξ</strong></span> <span class='ocrx_word' id='word_1_472' title='bbox 536 5556 652 5608; x_wconf 80' lang='lat' dir='ltr'><strong>vox,</strong></span> <span class='ocrx_word' id='word_1_473' title='bbox 676 5546 856 5612; x_wconf 72' lang='lat' dir='ltr'><strong>seruili,</strong></span> <span class='ocrx_word' id='word_1_474' title='bbox 881 5548 1022 5596; x_wconf 79' lang='lat' dir='ltr'><strong>abest</strong></span> <span class='ocrx_word' id='word_1_475' title='bbox 1041 5557 1072 5594; x_wconf 69' lang='grc' dir='ltr'>ι</span> <span class='ocrx_word' id='word_1_476' title='bbox 1090 5551 1195 5593; x_wconf 70' lang='lat' dir='ltr'><strong>Mss.</strong></span> <span class='ocrx_word' id='word_1_477' title='bbox 1224 5539 1492 5612; x_wconf 68' lang='lat' dir='ltr'><strong>plerisque.</strong></span> <span class='ocrx_word' id='word_1_478' title='bbox 1520 5601 1547 5612; x_wconf 50' lang='grc' dir='ltr'>η</span> <span class='ocrx_word' id='word_1_479' title='bbox 1710 5600 1721 5612; x_wconf 40' lang='grc' dir='ltr'><strong><em>ο</em></strong></span> <span class='ocrx_word' id='word_1_480' title='bbox 1790 5611 1811 5612; x_wconf 16' lang='grc' dir='ltr'>η</span> <span class='ocrx_word' id='word_1_481' title='bbox 1944 5598 1983 5612; x_wconf 41' lang='lat'><strong>_.</strong></span> 
     </span>
    </p>
   </div>
   <div class='ocr_carea' id='block_1_57' title="bbox 494 5598 2016 5670">
    <p class='ocr_par' dir='ltr' id='par_1_57' title="bbox 494 5598 2016 5670">
     <span class='ocr_line' id='line_1_57' title="bbox 494 5598 2016 5670; baseline -0.006 -13"><span class='ocrx_word' id='word_1_482' title='bbox 494 5610 517 5641; x_wconf 78' lang='grc'><strong>¹</strong></span> <span class='ocrx_word' id='word_1_483' title='bbox 541 5616 615 5656; x_wconf 75' lang='lat' dir='ltr'><strong>Er.</strong></span> <span class='ocrx_word' id='word_1_484' title='bbox 641 5598 693 5657; x_wconf 68' lang='lat' dir='ltr'><strong>et</strong></span> <span class='ocrx_word' id='word_1_485' title='bbox 715 5598 855 5656; x_wconf 52' lang='lat' dir='ltr'><strong>Colb:</strong></span> <span class='ocrx_word' id='word_1_486' title='bbox 872 5616 975 5665; x_wconf 62' lang='lat'><strong>1515.,</strong></span> <span class='ocrx_word' id='word_1_487' title='bbox 1000 5611 1147 5670; x_wconf 82' lang='lat' dir='ltr'><strong>putet.</strong></span> <span class='ocrx_word' id='word_1_488' title='bbox 1173 5598 1265 5670; x_wconf 62' lang='lat' dir='ltr'><strong>Se&#39;d</strong></span> <span class='ocrx_word' id='word_1_489' title='bbox 1288 5598 1465 5670; x_wconf 76' lang='lat' dir='ltr'><strong>melius</strong></span> <span class='ocrx_word' id='word_1_490' title='bbox 1487 5601 1565 5649; x_wconf 76' lang='lat' dir='ltr'><strong>alii</strong></span> <span class='ocrx_word' id='word_1_491' title='bbox 1615 5598 1766 5670; x_wconf 29' lang='lat' dir='ltr'><strong>librit</strong></span> <span class='ocrx_word' id='word_1_492' title='bbox 1784 5598 1917 5660; x_wconf 79' lang='lat' dir='ltr'><strong>petit.</strong></span> <span class='ocrx_word' id='word_1_493' title='bbox 1942 5598 2016 5648; x_wconf 84' lang='lat' dir='ltr'><strong>sic</strong></span> 
     </span>
    </p>
   </div>
   <div class='ocr_carea' id='block_1_58' title="bbox 432 5662 2015 5729">
    <p class='ocr_par' dir='ltr' id='par_1_58' title="bbox 432 5662 2015 5729">
     <span class='ocr_line' id='line_1_58' title="bbox 432 5662 2015 5729; baseline -0.008 -9"><span class='ocrx_word' id='word_1_494' title='bbox 432 5670 481 5720; x_wconf 89' lang='lat' dir='ltr'><strong>iu</strong></span> <span class='ocrx_word' id='word_1_495' title='bbox 504 5678 659 5720; x_wconf 80' lang='lat' dir='ltr'><strong>&#39;t‘mct.</strong></span> <span class='ocrx_word' id='word_1_496' title='bbox 694 5670 745 5717; x_wconf 77' lang='grc'><strong>41</strong></span> <span class='ocrx_word' id='word_1_497' title='bbox 777 5683 925 5729; x_wconf 73' lang='lat' dir='ltr'><strong>super</strong></span> <span class='ocrx_word' id='word_1_498' title='bbox 952 5662 1109 5725; x_wconf 77' lang='lat' dir='ltr'><strong>.ioan.,</strong></span> <span class='ocrx_word' id='word_1_499' title='bbox 1133 5680 1184 5714; x_wconf 87' lang='grc' dir='ltr'><strong>η.</strong></span> <span class='ocrx_word' id='word_1_500' title='bbox 1210 5666 1257 5714; x_wconf 76' lang='grc'><strong>4.</strong></span> <span class='ocrx_word' id='word_1_501' title='bbox 1292 5664 1619 5729; x_wconf 46' lang='lat' dir='ltr'><strong>{Plerumque</strong></span> <span class='ocrx_word' id='word_1_502' title='bbox 1643 5662 1880 5719; x_wconf 78' lang='lat' dir='ltr'><strong>homines,</strong></span> <span class='ocrx_word' id='word_1_503' title='bbox 1905 5672 2015 5707; x_wconf 86' lang='lat' dir='ltr'><strong>cum</strong></span> 
     </span>
    </p>
   </div>
   <div class='ocr_carea' id='block_1_59' title="bbox 438 5725 2013 5791">
    <p class='ocr_par' dir='ltr' id='par_1_59' title="bbox 438 5725 2013 5791">
     <span class='ocr_line' id='line_1_59' title="bbox 438 5725 2013 5791; baseline -0.008 -9"><span class='ocrx_word' id='word_1_504' title='bbox 438 5751 462 5781; x_wconf 74' lang='grc' dir='ltr'><strong>α</strong></span> <span class='ocrx_word' id='word_1_505' title='bbox 481 5732 705 5782; x_wconf 80' lang='lat' dir='ltr'><strong>dominos</strong></span> <span class='ocrx_word' id='word_1_506' title='bbox 725 5725 876 5778; x_wconf 81' lang='lat' dir='ltr'><strong>malos</strong></span> <span class='ocrx_word' id='word_1_507' title='bbox 900 5734 1161 5791; x_wconf 71' lang='lat' dir='ltr'><strong>patiuntur,</strong></span> <span class='ocrx_word' id='word_1_508' title='bbox 1186 5725 1390 5791; x_wconf 74' lang='lat' dir='ltr'><strong>venales</strong></span> <span class='ocrx_word' id='word_1_509' title='bbox 1424 5737 1480 5791; x_wconf 75' lang='lat' dir='ltr'><strong>se</strong></span> <span class='ocrx_word' id='word_1_510' title='bbox 1518 5730 1719 5785; x_wconf 80' lang='lat' dir='ltr'><strong>petunt;</strong></span> <span class='ocrx_word' id='word_1_511' title='bbox 1760 5734 1853 5769; x_wconf 90' lang='lat' dir='ltr'><strong>non</strong></span> <span class='ocrx_word' id='word_1_512' title='bbox 1877 5733 2013 5784; x_wconf 69' lang='lat' dir='ltr'><strong>qua:-</strong></span> 
     </span>
    </p>
   </div>
   <div class='ocr_carea' id='block_1_60' title="bbox 440 5784 1851 5843">
    <p class='ocr_par' dir='ltr' id='par_1_60' title="bbox 440 5784 1851 5843">
     <span class='ocr_line' id='line_1_60' title="bbox 440 5784 1851 5843; baseline -0.011 -2"><span class='ocrx_word' id='word_1_513' title='bbox 440 5794 462 5841; x_wconf 60' lang='grc' dir='ltr'><strong>ᾖ</strong></span> <span class='ocrx_word' id='word_1_514' title='bbox 483 5802 654 5843; x_wconf 71' lang='lat' dir='ltr'><strong>rentes</strong></span> <span class='ocrx_word' id='word_1_515' title='bbox 674 5784 918 5839; x_wconf 56' lang='lat' dir='ltr'><strong>domitum)</strong></span> <span class='ocrx_word' id='word_1_516' title='bbox 941 5804 1034 5836; x_wconf 70' lang='lat' dir='ltr'><strong>nun</strong></span> <span class='ocrx_word' id='word_1_517' title='bbox 1060 5788 1263 5841; x_wconf 81' lang='lat' dir='ltr'><strong>habere,</strong></span> <span class='ocrx_word' id='word_1_518' title='bbox 1286 5788 1375 5835; x_wconf 88' lang='lat' dir='ltr'><strong>sed</strong></span> <span class='ocrx_word' id='word_1_519' title='bbox 1397 5784 1576 5833; x_wconf 62' lang='lat' dir='ltr'><strong>saltem</strong></span> <span class='ocrx_word' id='word_1_520' title='bbox 1594 5792 1803 5831; x_wconf 82' lang='lat' dir='ltr'><strong>mutare.</strong></span> <span class='ocrx_word' id='word_1_521' title='bbox 1828 5797 1851 5825; x_wconf 78' lang='grc' dir='ltr'><strong>ιι</strong></span> 
     </span>
    </p>
   </div>
   <div class='ocr_carea' id='block_1_61' title="bbox 498 5843 1670 5912">
    <p class='ocr_par' dir='ltr' id='par_1_61' title="bbox 498 5843 1670 5912">
     <span class='ocr_line' id='line_1_61' title="bbox 498 5843 1670 5912; baseline -0.009 -10"><span class='ocrx_word' id='word_1_522' title='bbox 498 5856 519 5888; x_wconf 79' lang='grc'>³</span> <span class='ocrx_word' id='word_1_523' title='bbox 542 5858 614 5907; x_wconf 73' lang='lat' dir='ltr'><strong>sic</strong></span> <span class='ocrx_word' id='word_1_524' title='bbox 638 5865 735 5901; x_wconf 67' lang='lat' dir='ltr'><strong>sm.</strong></span> <span class='ocrx_word' id='word_1_525' title='bbox 758 5860 829 5899; x_wconf 71' lang='lat' dir='ltr'><strong>l-Lt&#39;.</strong></span> <span class='ocrx_word' id='word_1_526' title='bbox 858 5859 903 5898; x_wconf 74' lang='lat' dir='ltr'><strong>et</strong></span> <span class='ocrx_word' id='word_1_527' title='bbox 929 5850 1153 5912; x_wconf 57' lang='lat' dir='ltr'><strong>plerique</strong></span> <span class='ocrx_word' id='word_1_528' title='bbox 1312 5855 1367 5897; x_wconf 80' lang='lat' dir='ltr'><strong>Al</strong></span> <span class='ocrx_word' id='word_1_529' title='bbox 1384 5853 1515 5904; x_wconf 84' lang='lat' dir='ltr'><strong>Lov.,</strong></span> <span class='ocrx_word' id='word_1_530' title='bbox 1537 5843 1670 5905; x_wconf 76' lang='lat' dir='ltr'><strong>facit.</strong></span> 
     </span>
    </p>
   </div>
   <div class='ocr_carea' id='block_1_62' title="bbox 1680 404 2490 468">
    <p class='ocr_par' dir='ltr' id='par_1_62' title="bbox 1680 404 2490 468">
     <span class='ocr_line' id='line_1_62' title="bbox 1680 404 2490 468; baseline 0 -3"><span class='ocrx_word' id='word_1_531' title='bbox 1680 409 1740 466; x_wconf 87' lang='lat' dir='ltr'><strong>S.</strong></span> <span class='ocrx_word' id='word_1_532' title='bbox 1780 404 2149 465; x_wconf 77' lang='lat' dir='ltr'><strong>AUGUSTINI</strong></span> <span class='ocrx_word' id='word_1_533' title='bbox 2187 406 2490 468; x_wconf 79' lang='lat' dir='ltr'><strong>EPISCOPI</strong></span> 
     </span>
    </p>
   </div>
   <div class='ocr_carea' id='block_1_63' title="bbox 3583 424 3724 482">
    <p class='ocr_par' dir='ltr' id='par_1_63' title="bbox 3583 424 3724 482">
     <span class='ocr_line' id='line_1_63' title="bbox 3583 424 3724 482; baseline 0 0"><span class='ocrx_word' id='word_1_534' title='bbox 3583 424 3724 482; x_wconf 66' lang='lat'><strong>12376</strong></span> 
     </span>
    </p>
   </div>
   <div class='ocr_carea' id='block_1_64' title="bbox 2138 523 3722 606">
    <p class='ocr_par' dir='ltr' id='par_1_64' title="bbox 2138 523 3722 606">
     <span class='ocr_line' id='line_1_64' title="bbox 2138 523 3722 606; baseline 0.013 -30"><span class='ocrx_word' id='word_1_535' title='bbox 2138 523 2322 589; x_wconf 85' lang='lat' dir='ltr'><strong>medio,</strong></span> <span class='ocrx_word' id='word_1_536' title='bbox 2351 539 2576 594; x_wconf 88' lang='lat' dir='ltr'><strong>quarum</strong></span> <span class='ocrx_word' id='word_1_537' title='bbox 2605 527 2904 598; x_wconf 73' lang='lat' dir='ltr'><strong>spinarum?</strong></span> <span class='ocrx_word' id='word_1_538' title='bbox 2928 531 3014 586; x_wconf 76' lang='lat' dir='ltr'><strong>Ita</strong></span> <span class='ocrx_word' id='word_1_539' title='bbox 3059 532 3293 603; x_wconf 72' lang='lat' dir='ltr'><strong>proxima</strong></span> <span class='ocrx_word' id='word_1_540' title='bbox 3321 551 3432 590; x_wconf 80' lang='lat' dir='ltr'><strong>mea</strong></span> <span class='ocrx_word' id='word_1_541' title='bbox 3453 537 3505 591; x_wconf 88' lang='lat' dir='ltr'><strong>in</strong></span> <span class='ocrx_word' id='word_1_542' title='bbox 3535 542 3722 606; x_wconf 74' lang='lat' dir='ltr'><strong>medio.</strong></span> 
     </span>
    </p>
   </div>
   <div class='ocr_carea' id='block_1_65' title="bbox 2137 618 3724 698">
    <p class='ocr_par' dir='ltr' id='par_1_65' title="bbox 2137 618 3724 698">
     <span class='ocr_line' id='line_1_65' title="bbox 2137 618 3724 698; baseline 0.013 -31"><span class='ocrx_word' id='word_1_543' title='bbox 2137 630 2362 684; x_wconf 87' lang='lat' dir='ltr'><strong>quarum</strong></span> <span class='ocrx_word' id='word_1_544' title='bbox 2393 618 2811 691; x_wconf 68' lang='lat' dir='ltr'><strong>ﬁliarumlquas</strong></span> <span class='ocrx_word' id='word_1_545' title='bbox 2849 622 2985 679; x_wconf 88' lang='lat' dir='ltr'><strong>dicis</strong></span> <span class='ocrx_word' id='word_1_546' title='bbox 3014 626 3215 695; x_wconf 88' lang='lat' dir='ltr'><strong>spinas,</strong></span> <span class='ocrx_word' id='word_1_547' title='bbox 3247 628 3389 698; x_wconf 87' lang='lat' dir='ltr'><strong>ipsas</strong></span> <span class='ocrx_word' id='word_1_548' title='bbox 3417 630 3590 686; x_wconf 79' lang='lat' dir='ltr'><strong>filias?</strong></span> <span class='ocrx_word' id='word_1_549' title='bbox 3617 635 3724 688; x_wconf 83' lang='lat' dir='ltr'><strong>lto-</strong></span> 
     </span>
    </p>
   </div>
   <div class='ocr_carea' id='block_1_66' title="bbox 2138 706 3726 790">
    <p class='ocr_par' dir='ltr' id='par_1_66' title="bbox 2138 706 3726 790">
     <span class='ocr_line' id='line_1_66' title="bbox 2138 706 3726 790; baseline 0.013 -32"><span class='ocrx_word' id='word_1_550' title='bbox 2138 706 2369 774; x_wconf 89' lang='lat' dir='ltr'><strong>spondet</strong></span> <span class='ocrx_word' id='word_1_551' title='bbox 2397 725 2410 761; x_wconf 89' lang='lat'><strong>:</strong></span> <span class='ocrx_word' id='word_1_552' title='bbox 2436 708 2617 778; x_wconf 64' lang='lat' dir='ltr'><strong>Spinaa</strong></span> <span class='ocrx_word' id='word_1_553' title='bbox 2642 721 2768 767; x_wconf 87' lang='lat' dir='ltr'><strong>sunt</strong></span> <span class='ocrx_word' id='word_1_554' title='bbox 2792 725 3007 783; x_wconf 87' lang='lat' dir='ltr'><strong>propter</strong></span> <span class='ocrx_word' id='word_1_555' title='bbox 3033 732 3210 773; x_wconf 90' lang='lat' dir='ltr'><strong>mores</strong></span> <span class='ocrx_word' id='word_1_556' title='bbox 3239 733 3401 785; x_wconf 89' lang='lat' dir='ltr'><strong>suos;</strong></span> <span class='ocrx_word' id='word_1_557' title='bbox 3434 722 3577 784; x_wconf 73' lang='lat' dir='ltr'><strong>tllize,</strong></span> <span class='ocrx_word' id='word_1_558' title='bbox 3609 739 3726 790; x_wconf 83' lang='lat' dir='ltr'><strong>pro-</strong></span> 
     </span>
    </p>
   </div>
   <div class='ocr_carea' id='block_1_67' title="bbox 2141 804 3724 884">
    <p class='ocr_par' dir='ltr' id='par_1_67' title="bbox 2141 804 3724 884">
     <span class='ocr_line' id='line_1_67' title="bbox 2141 804 3724 884; baseline 0.015 -35"><span class='ocrx_word' id='word_1_559' title='bbox 2141 807 2259 865; x_wconf 81' lang='lat' dir='ltr'><strong>pter</strong></span> <span class='ocrx_word' id='word_1_560' title='bbox 2313 811 2651 856; x_wconf 86' lang='lat' dir='ltr'><strong>sacramenta</strong></span> <span class='ocrx_word' id='word_1_561' title='bbox 2707 819 2844 858; x_wconf 85' lang='lat' dir='ltr'><strong>mea.</strong></span> <span class='ocrx_word' id='word_1_562' title='bbox 2896 804 3110 861; x_wconf 87' lang='lat' dir='ltr'><strong>Utinam</strong></span> <span class='ocrx_word' id='word_1_563' title='bbox 3142 824 3270 878; x_wconf 82' lang='lat' dir='ltr'><strong>ergo</strong></span> <span class='ocrx_word' id='word_1_564' title='bbox 3318 810 3463 866; x_wconf 88' lang='lat' dir='ltr'><strong>inter</strong></span> <span class='ocrx_word' id='word_1_565' title='bbox 3489 816 3724 884; x_wconf 76' lang='lat' dir='ltr'><strong>gemitus</strong></span> 
     </span>
    </p>
   </div>
   <div class='ocr_carea' id='block_1_68' title="bbox 2139 891 3719 969">
    <p class='ocr_par' dir='ltr' id='par_1_68' title="bbox 2139 891 3719 969">
     <span class='ocr_line' id='line_1_68' title="bbox 2139 891 3719 969; baseline 0.011 -27"><span class='ocrx_word' id='word_1_566' title='bbox 2139 891 2437 947; x_wconf 87' lang='lat' dir='ltr'><strong>alienorum</strong></span> <span class='ocrx_word' id='word_1_567' title='bbox 2463 904 2772 965; x_wconf 86' lang='lat' dir='ltr'><strong>gemeretur</strong></span> <span class='ocrx_word' id='word_1_568' title='bbox 2795 913 2810 962; x_wconf 92' lang='lat'><strong>;</strong></span> <span class='ocrx_word' id='word_1_569' title='bbox 2842 900 3018 954; x_wconf 91' lang='lat' dir='ltr'><strong>minus</strong></span> <span class='ocrx_word' id='word_1_570' title='bbox 3040 912 3367 969; x_wconf 84' lang='lat' dir='ltr'><strong>gemeretur.</strong></span> <span class='ocrx_word' id='word_1_571' title='bbox 3391 902 3482 959; x_wconf 89' lang='lat' dir='ltr'><strong>Ille</strong></span> <span class='ocrx_word' id='word_1_572' title='bbox 3497 914 3581 959; x_wconf 89' lang='lat' dir='ltr'><strong>est</strong></span> <span class='ocrx_word' id='word_1_573' title='bbox 3601 921 3719 960; x_wconf 86' lang='lat' dir='ltr'><strong>ma-</strong></span> 
     </span>
    </p>
   </div>
   <div class='ocr_carea' id='block_1_69' title="bbox 2138 981 3723 1063">
    <p class='ocr_par' dir='ltr' id='par_1_69' title="bbox 2138 981 3723 1063">
     <span class='ocr_line' id='line_1_69' title="bbox 2138 981 3723 1063; baseline 0.009 -26"><span class='ocrx_word' id='word_1_574' title='bbox 2138 981 2223 1052; x_wconf 76' lang='lat' dir='ltr'><strong>jor</strong></span> <span class='ocrx_word' id='word_1_575' title='bbox 2249 985 2476 1054; x_wconf 88' lang='lat' dir='ltr'><strong>gemitus</strong></span> <span class='ocrx_word' id='word_1_576' title='bbox 2496 1024 2511 1051; x_wconf 91' lang='lat'><strong>,</strong></span> <span class='ocrx_word' id='word_1_577' title='bbox 2542 986 2799 1051; x_wconf 86' lang='lat' dir='ltr'><strong>Quoniam</strong></span> <span class='ocrx_word' id='word_1_578' title='bbox 2846 990 2890 1043; x_wconf 85' lang='lat' dir='ltr'><strong>si</strong></span> <span class='ocrx_word' id='word_1_579' title='bbox 2916 990 3149 1047; x_wconf 87' lang='lat' dir='ltr'><strong>inimicus</strong></span> <span class='ocrx_word' id='word_1_580' title='bbox 3179 995 3526 1063; x_wconf 77' lang='lat' dir='ltr'><strong>erprobrasset</strong></span> <span class='ocrx_word' id='word_1_581' title='bbox 3552 999 3679 1051; x_wconf 87' lang='lat' dir='ltr'><strong>mihi</strong></span> <span class='ocrx_word' id='word_1_582' title='bbox 3707 1041 3723 1063; x_wconf 91' lang='lat'><strong>,</strong></span> 
     </span>
    </p>
   </div>
   <div class='ocr_carea' id='block_1_70' title="bbox 2139 1076 3727 1158">
    <p class='ocr_par' dir='ltr' id='par_1_70' title="bbox 2139 1076 3727 1158">
     <span class='ocr_line' id='line_1_70' title="bbox 2139 1076 3727 1158; baseline 0.01 -29"><span class='ocrx_word' id='word_1_583' title='bbox 2139 1076 2485 1132; x_wconf 79' lang='lat' dir='ltr'><strong>sustinuissent</strong></span> <span class='ocrx_word' id='word_1_584' title='bbox 2522 1080 2733 1149; x_wconf 79' lang='lat' dir='ltr'><strong>utique;</strong></span> <span class='ocrx_word' id='word_1_585' title='bbox 2773 1090 2819 1135; x_wconf 85' lang='lat' dir='ltr'><strong>et</strong></span> <span class='ocrx_word' id='word_1_586' title='bbox 2856 1083 2900 1136; x_wconf 87' lang='lat' dir='ltr'><strong>si</strong></span> <span class='ocrx_word' id='word_1_587' title='bbox 2938 1083 2981 1137; x_wconf 92' lang='lat' dir='ltr'><strong>is</strong></span> <span class='ocrx_word' id='word_1_588' title='bbox 3009 1085 3095 1152; x_wconf 86' lang='lat' dir='ltr'><strong>qui</strong></span> <span class='ocrx_word' id='word_1_589' title='bbox 3131 1082 3310 1140; x_wconf 80' lang='lat' dir='ltr'><strong>oderat</strong></span> <span class='ocrx_word' id='word_1_590' title='bbox 3338 1103 3435 1150; x_wconf 89' lang='lat' dir='ltr'><strong>me,</strong></span> <span class='ocrx_word' id='word_1_591' title='bbox 3469 1104 3621 1158; x_wconf 79' lang='lat' dir='ltr'><strong>super</strong></span> <span class='ocrx_word' id='word_1_592' title='bbox 3646 1106 3727 1145; x_wconf 85' lang='lat' dir='ltr'><strong>me</strong></span> 
     </span>
    </p>
   </div>
   <div class='ocr_carea' id='block_1_71' title="bbox 2141 1171 3721 1249">
    <p class='ocr_par' dir='ltr' id='par_1_71' title="bbox 2141 1171 3721 1249">
     <span class='ocr_line' id='line_1_71' title="bbox 2141 1171 3721 1249; baseline 0.011 -30"><span class='ocrx_word' id='word_1_593' title='bbox 2141 1184 2325 1239; x_wconf 89' lang='lat' dir='ltr'><strong>magna</strong></span> <span class='ocrx_word' id='word_1_594' title='bbox 2356 1171 2553 1225; x_wconf 86' lang='lat' dir='ltr'><strong>locutus</strong></span> <span class='ocrx_word' id='word_1_595' title='bbox 2580 1172 2756 1241; x_wconf 82' lang='lat' dir='ltr'><strong>fuisset</strong></span> <span class='ocrx_word' id='word_1_596' title='bbox 2781 1214 2797 1240; x_wconf 90' lang='lat'><strong>,</strong></span> <span class='ocrx_word' id='word_1_597' title='bbox 2845 1174 3203 1231; x_wconf 83' lang='lat' dir='ltr'><strong>absconderem</strong></span> <span class='ocrx_word' id='word_1_598' title='bbox 3223 1173 3323 1232; x_wconf 72' lang='lat' dir='ltr'><strong>&#39;me</strong></span> <span class='ocrx_word' id='word_1_599' title='bbox 3351 1180 3522 1249; x_wconf 81' lang='lat' dir='ltr'><strong>utique</strong></span> <span class='ocrx_word' id='word_1_600' title='bbox 3548 1181 3611 1234; x_wconf 82' lang='lat' dir='ltr'><strong>ab</strong></span> <span class='ocrx_word' id='word_1_601' title='bbox 3641 1198 3721 1236; x_wconf 81' lang='lat' dir='ltr'><strong>eo.</strong></span> 
     </span>
    </p>
   </div>
   <div class='ocr_carea' id='block_1_72' title="bbox 2141 1258 3727 1336">
    <p class='ocr_par' dir='ltr' id='par_1_72' title="bbox 2141 1258 3727 1336">
     <span class='ocr_line' id='line_1_72' title="bbox 2141 1258 3727 1336; baseline 0.009 -24"><span class='ocrx_word' id='word_1_602' title='bbox 2141 1258 2336 1313; x_wconf 85' lang='lat' dir='ltr'><strong>Psalmi</strong></span> <span class='ocrx_word' id='word_1_603' title='bbox 2373 1275 2531 1316; x_wconf 90' lang='lat' dir='ltr'><strong>voces</strong></span> <span class='ocrx_word' id='word_1_604' title='bbox 2562 1272 2689 1317; x_wconf 92' lang='lat' dir='ltr'><strong>sunt</strong></span> <span class='ocrx_word' id='word_1_605' title='bbox 2720 1280 2734 1317; x_wconf 90' lang='lat'><strong>:</strong></span> <span class='ocrx_word' id='word_1_606' title='bbox 2760 1265 2852 1335; x_wconf 88' lang='lat' dir='ltr'><strong>qui</strong></span> <span class='ocrx_word' id='word_1_607' title='bbox 2891 1264 3123 1321; x_wconf 88' lang='lat' dir='ltr'><strong>Litteras</strong></span> <span class='ocrx_word' id='word_1_608' title='bbox 3156 1278 3370 1324; x_wconf 88' lang='lat' dir='ltr'><strong>nostras</strong></span> <span class='ocrx_word' id='word_1_609' title='bbox 3411 1273 3589 1336; x_wconf 89' lang='lat' dir='ltr'><strong>novit,</strong></span> <span class='ocrx_word' id='word_1_610' title='bbox 3631 1290 3727 1328; x_wconf 87' lang='lat' dir='ltr'><strong>se-</strong></span> 
     </span>
    </p>
   </div>
   <div class='ocr_carea' id='block_1_73' title="bbox 2139 1351 3724 1429">
    <p class='ocr_par' dir='ltr' id='par_1_73' title="bbox 2139 1351 3724 1429">
     <span class='ocr_line' id='line_1_73' title="bbox 2139 1351 3724 1429; baseline 0.006 -26"><span class='ocrx_word' id='word_1_611' title='bbox 2139 1351 2359 1419; x_wconf 88' lang='lat' dir='ltr'><strong>quitur;</strong></span> <span class='ocrx_word' id='word_1_612' title='bbox 2400 1354 2488 1422; x_wconf 89' lang='lat' dir='ltr'><strong>qui</strong></span> <span class='ocrx_word' id='word_1_613' title='bbox 2519 1369 2623 1408; x_wconf 91' lang='lat' dir='ltr'><strong>non</strong></span> <span class='ocrx_word' id='word_1_614' title='bbox 2651 1356 2838 1423; x_wconf 89' lang='lat' dir='ltr'><strong>novit,</strong></span> <span class='ocrx_word' id='word_1_615' title='bbox 2870 1357 3059 1423; x_wconf 83' lang='lat' dir='ltr'><strong>discat,</strong></span> <span class='ocrx_word' id='word_1_616' title='bbox 3084 1367 3139 1413; x_wconf 91' lang='lat' dir='ltr'><strong>ut</strong></span> <span class='ocrx_word' id='word_1_617' title='bbox 3169 1370 3442 1429; x_wconf 88' lang='lat' dir='ltr'><strong>sequatur.</strong></span> <span class='ocrx_word' id='word_1_618' title='bbox 3473 1362 3535 1415; x_wconf 87' lang='lat' dir='ltr'><strong>Si</strong></span> <span class='ocrx_word' id='word_1_619' title='bbox 3559 1362 3601 1415; x_wconf 90' lang='lat' dir='ltr'><strong>is</strong></span> <span class='ocrx_word' id='word_1_620' title='bbox 3637 1363 3724 1429; x_wconf 80' lang='lat' dir='ltr'><strong>qui</strong></span> 
     </span>
    </p>
   </div>
   <div class='ocr_carea' id='block_1_74' title="bbox 2140 1441 3727 1519">
    <p class='ocr_par' dir='ltr' id='par_1_74' title="bbox 2140 1441 3727 1519">
     <span class='ocr_line' id='line_1_74' title="bbox 2140 1441 3727 1519; baseline 0.008 -25"><span class='ocrx_word' id='word_1_621' title='bbox 2140 1441 2314 1495; x_wconf 82' lang='lat' dir='ltr'><strong>oderat</strong></span> <span class='ocrx_word' id='word_1_622' title='bbox 2341 1458 2422 1497; x_wconf 83' lang='lat' dir='ltr'><strong>me</strong></span> <span class='ocrx_word' id='word_1_623' title='bbox 2440 1484 2457 1511; x_wconf 89' lang='lat'><strong>,</strong></span> <span class='ocrx_word' id='word_1_624' title='bbox 2479 1460 2634 1515; x_wconf 84' lang='lat' dir='ltr'><strong>super</strong></span> <span class='ocrx_word' id='word_1_625' title='bbox 2665 1460 2743 1500; x_wconf 85' lang='lat' dir='ltr'><strong>me</strong></span> <span class='ocrx_word' id='word_1_626' title='bbox 2771 1464 2957 1519; x_wconf 85' lang='lat' dir='ltr'><strong>magna</strong></span> <span class='ocrx_word' id='word_1_627' title='bbox 2984 1448 3182 1505; x_wconf 84' lang='lat' dir='ltr'><strong>locutus</strong></span> <span class='ocrx_word' id='word_1_628' title='bbox 3224 1451 3418 1519; x_wconf 80' lang='lat' dir='ltr'><strong>fuisset,</strong></span> <span class='ocrx_word' id='word_1_629' title='bbox 3444 1452 3727 1506; x_wconf 86' lang='lat' dir='ltr'><strong>absconde-</strong></span> 
     </span>
    </p>
   </div>
   <div class='ocr_carea' id='block_1_75' title="bbox 2140 1534 3727 1603">
    <p class='ocr_par' dir='ltr' id='par_1_75' title="bbox 2140 1534 3727 1603">
     <span class='ocr_line' id='line_1_75' title="bbox 2140 1534 3727 1603; baseline 0.008 -19"><span class='ocrx_word' id='word_1_630' title='bbox 2140 1547 2246 1585; x_wconf 94' lang='lat' dir='ltr'><strong>rem</strong></span> <span class='ocrx_word' id='word_1_631' title='bbox 2274 1548 2354 1587; x_wconf 88' lang='lat' dir='ltr'><strong>me</strong></span> <span class='ocrx_word' id='word_1_632' title='bbox 2379 1534 2549 1603; x_wconf 84' lang='lat' dir='ltr'><strong>utique</strong></span> <span class='ocrx_word' id='word_1_633' title='bbox 2597 1534 2660 1590; x_wconf 87' lang='lat' dir='ltr'><strong>ab</strong></span> <span class='ocrx_word' id='word_1_634' title='bbox 2688 1552 2784 1591; x_wconf 89' lang='lat' dir='ltr'><strong>eo:</strong></span> <span class='ocrx_word' id='word_1_635' title='bbox 2804 1546 2861 1590; x_wconf 81' lang='lat' dir='ltr'><strong>tu</strong></span> <span class='ocrx_word' id='word_1_636' title='bbox 2911 1553 3027 1592; x_wconf 79' lang='lat' dir='ltr'><strong>vero</strong></span> <span class='ocrx_word' id='word_1_637' title='bbox 3059 1540 3336 1603; x_wconf 83' lang='lat' dir='ltr'><strong>unanimis,</strong></span> <span class='ocrx_word' id='word_1_638' title='bbox 3370 1541 3482 1594; x_wconf 75' lang='lat' dir='ltr'><strong>dua:</strong></span> <span class='ocrx_word' id='word_1_639' title='bbox 3507 1559 3645 1595; x_wconf 85' lang='lat' dir='ltr'><strong>mens</strong></span> <span class='ocrx_word' id='word_1_640' title='bbox 3677 1551 3727 1597; x_wconf 83' lang='lat' dir='ltr'><strong>et</strong></span> 
     </span>
    </p>
   </div>
   <div class='ocr_carea' id='block_1_76' title="bbox 2142 1626 3723 1701">
    <p class='ocr_par' dir='ltr' id='par_1_76' title="bbox 2142 1626 3723 1701">
     <span class='ocr_line' id='line_1_76' title="bbox 2142 1626 3723 1701; baseline 0.007 -25"><span class='ocrx_word' id='word_1_641' title='bbox 2142 1633 2292 1677; x_wconf 89' lang='lat' dir='ltr'><strong>notus</strong></span> <span class='ocrx_word' id='word_1_642' title='bbox 2328 1627 2497 1691; x_wconf 65' lang='lat' dir='ltr'><strong>meus,</strong></span> <span class='ocrx_word' id='word_1_643' title='bbox 2542 1626 2632 1696; x_wconf 85' lang='lat' dir='ltr'><strong>qui</strong></span> <span class='ocrx_word' id='word_1_644' title='bbox 2670 1626 2822 1681; x_wconf 85' lang='lat' dir='ltr'><strong>simul</strong></span> <span class='ocrx_word' id='word_1_645' title='bbox 2858 1643 3051 1681; x_wconf 85' lang='lat' dir='ltr'><strong>mecum</strong></span> <span class='ocrx_word' id='word_1_646' title='bbox 3095 1628 3267 1683; x_wconf 82' lang='lat' dir='ltr'><strong>dulces</strong></span> <span class='ocrx_word' id='word_1_647' title='bbox 3316 1630 3546 1701; x_wconf 80' lang='lat' dir='ltr'><strong>cupiebas</strong></span> <span class='ocrx_word' id='word_1_648' title='bbox 3587 1631 3723 1687; x_wconf 84' lang='lat' dir='ltr'><strong>cibos</strong></span> 
     </span>
    </p>
   </div>
   <div class='ocr_carea' id='block_1_77' title="bbox 2143 1716 3725 1788">
    <p class='ocr_par' dir='ltr' id='par_1_77' title="bbox 2143 1716 3725 1788">
     <span class='ocr_line' id='line_1_77' title="bbox 2143 1716 3725 1788; baseline 0.006 -20"><span class='ocrx_word' id='word_1_649' title='bbox 2143 1716 2313 1785; x_wconf 84' lang='lat' dir='ltr'><strong>(Psal.</strong></span> <span class='ocrx_word' id='word_1_650' title='bbox 2362 1731 2473 1781; x_wconf 79' lang='lat' dir='ltr'><strong>uv,</strong></span> <span class='ocrx_word' id='word_1_651' title='bbox 2502 1716 2712 1788; x_wconf 82' lang='grc'><strong>15-15).</strong></span> <span class='ocrx_word' id='word_1_652' title='bbox 2739 1719 2889 1785; x_wconf 80' lang='lat' dir='ltr'><strong>Quos</strong></span> <span class='ocrx_word' id='word_1_653' title='bbox 2916 1719 3101 1775; x_wconf 86' lang='lat' dir='ltr'><strong>dulces</strong></span> <span class='ocrx_word' id='word_1_654' title='bbox 3125 1720 3277 1776; x_wconf 83' lang='lat' dir='ltr'><strong>cibos</strong></span> <span class='ocrx_word' id='word_1_655' title='bbox 3308 1716 3587 1777; x_wconf 88' lang='lat' dir='ltr'><strong>nobiscum</strong></span> <span class='ocrx_word' id='word_1_656' title='bbox 3626 1740 3725 1778; x_wconf 83' lang='lat' dir='ltr'><strong>ca-</strong></span> 
     </span>
    </p>
   </div>
   <div class='ocr_carea' id='block_1_78' title="bbox 2143 1807 3730 1885">
    <p class='ocr_par' dir='ltr' id='par_1_78' title="bbox 2143 1807 3730 1885">
     <span class='ocr_line' id='line_1_78' title="bbox 2143 1807 3730 1885; baseline 0.005 -24"><span class='ocrx_word' id='word_1_657' title='bbox 2143 1807 2315 1876; x_wconf 89' lang='lat' dir='ltr'><strong>piunt,</strong></span> <span class='ocrx_word' id='word_1_658' title='bbox 2362 1808 2453 1877; x_wconf 88' lang='lat' dir='ltr'><strong>qui</strong></span> <span class='ocrx_word' id='word_1_659' title='bbox 2505 1809 2780 1864; x_wconf 88' lang='lat' dir='ltr'><strong>nobiscum</strong></span> <span class='ocrx_word' id='word_1_660' title='bbox 2811 1825 3025 1882; x_wconf 89' lang='lat' dir='ltr'><strong>semper</strong></span> <span class='ocrx_word' id='word_1_661' title='bbox 3069 1812 3229 1867; x_wconf 89' lang='lat' dir='ltr'><strong>futuri</strong></span> <span class='ocrx_word' id='word_1_662' title='bbox 3258 1828 3362 1869; x_wconf 92' lang='lat' dir='ltr'><strong>non</strong></span> <span class='ocrx_word' id='word_1_663' title='bbox 3406 1816 3730 1885; x_wconf 74' lang='lat' dir='ltr'><strong>suntiqnos</strong></span> 
     </span>
    </p>
   </div>
   <div class='ocr_carea' id='block_1_79' title="bbox 2141 1898 3728 1977">
    <p class='ocr_par' dir='ltr' id='par_1_79' title="bbox 2141 1898 3728 1977">
     <span class='ocr_line' id='line_1_79' title="bbox 2141 1898 3728 1977; baseline 0.006 -24"><span class='ocrx_word' id='word_1_664' title='bbox 2141 1898 2325 1955; x_wconf 91' lang='lat' dir='ltr'><strong>dulces</strong></span> <span class='ocrx_word' id='word_1_665' title='bbox 2364 1902 2533 1967; x_wconf 90' lang='lat' dir='ltr'><strong>cibos,</strong></span> <span class='ocrx_word' id='word_1_666' title='bbox 2578 1902 2702 1968; x_wconf 82' lang='lat' dir='ltr'><strong>nisi,</strong></span> <span class='ocrx_word' id='word_1_667' title='bbox 2732 1901 2941 1957; x_wconf 78' lang='lat' dir='ltr'><strong>Gustate</strong></span> <span class='ocrx_word' id='word_1_668' title='bbox 2980 1912 3028 1958; x_wconf 88' lang='lat' dir='ltr'><strong>et</strong></span> <span class='ocrx_word' id='word_1_669' title='bbox 3061 1905 3224 1959; x_wconf 74' lang='lat' dir='ltr'><strong>uidete</strong></span> <span class='ocrx_word' id='word_1_670' title='bbox 3266 1919 3421 1977; x_wconf 81' lang='lat' dir='ltr'><strong>quam</strong></span> <span class='ocrx_word' id='word_1_671' title='bbox 3449 1909 3612 1961; x_wconf 79' lang='lat' dir='ltr'><strong>dulcis</strong></span> <span class='ocrx_word' id='word_1_672' title='bbox 3653 1916 3728 1962; x_wconf 78' lang='lat' dir='ltr'><strong>est</strong></span> 
     </span>
    </p>
   </div>
   <div class='ocr_carea' id='block_1_80' title="bbox 2085 1988 3726 2069">
    <p class='ocr_par' dir='ltr' id='par_1_80' title="bbox 2085 1988 3726 2069">
     <span class='ocr_line' id='line_1_80' title="bbox 2085 1988 3726 2069; baseline 0.006 -25"><span class='ocrx_word' id='word_1_673' title='bbox 2085 2002 2091 2009; x_wconf 83' lang='lat'>&#39;</span> <span class='ocrx_word' id='word_1_674' title='bbox 2144 1991 2394 2047; x_wconf 86' lang='lat' dir='ltr'><strong>Dominus</strong></span> <span class='ocrx_word' id='word_1_675' title='bbox 2421 1991 2596 2063; x_wconf 84' lang='lat' dir='ltr'><strong>(Psal.</strong></span> <span class='ocrx_word' id='word_1_676' title='bbox 2625 2008 2812 2061; x_wconf 67' lang='grc' dir='ltr'>χχχιιι,</span> <span class='ocrx_word' id='word_1_677' title='bbox 2839 1994 2936 2067; x_wconf 76' lang='lat'><strong>8)?</strong></span> <span class='ocrx_word' id='word_1_678' title='bbox 2962 1995 3104 2052; x_wconf 84' lang='lat' dir='ltr'><strong>Inter</strong></span> <span class='ocrx_word' id='word_1_679' title='bbox 3132 1996 3255 2052; x_wconf 83' lang='lat' dir='ltr'><strong>illos</strong></span> <span class='ocrx_word' id='word_1_680' title='bbox 3278 2011 3500 2054; x_wconf 87' lang='lat' dir='ltr'><strong>necesse</strong></span> <span class='ocrx_word' id='word_1_681' title='bbox 3523 1995 3608 2054; x_wconf 86' lang='lat' dir='ltr'><strong>est</strong></span> <span class='ocrx_word' id='word_1_682' title='bbox 3626 1988 3726 2069; x_wconf 77' lang='lat' dir='ltr'><strong>ge-</strong></span> 
     </span>
    </p>
   </div>
   <div class='ocr_carea' id='block_1_81' title="bbox 2141 2097 2371 2140">
    <p class='ocr_par' dir='ltr' id='par_1_81' title="bbox 2141 2097 2371 2140">
     <span class='ocr_line' id='line_1_81' title="bbox 2141 2097 2371 2140; baseline 0.009 -2"><span class='ocrx_word' id='word_1_683' title='bbox 2141 2097 2371 2140; x_wconf 85' lang='lat' dir='ltr'><strong>mamus.</strong></span> 
     </span>
    </p>
   </div>
   <div class='ocr_carea' id='block_1_82' title="bbox 2140 2176 3727 2250">
    <p class='ocr_par' dir='ltr' id='par_1_82' title="bbox 2140 2176 3727 2250">
     <span class='ocr_line' id='line_1_82' title="bbox 2140 2176 3727 2250; baseline 0.004 -17"><span class='ocrx_word' id='word_1_684' title='bbox 2140 2186 2147 2191; x_wconf 71' lang='lat'>‘</span> <span class='ocrx_word' id='word_1_685' title='bbox 2213 2177 2265 2233; x_wconf 91' lang='lat'><strong>9.</strong></span> <span class='ocrx_word' id='word_1_686' title='bbox 2291 2176 2400 2234; x_wconf 87' lang='lat' dir='ltr'><strong>Sed</strong></span> <span class='ocrx_word' id='word_1_687' title='bbox 2422 2193 2529 2249; x_wconf 90' lang='lat' dir='ltr'><strong>quo</strong></span> <span class='ocrx_word' id='word_1_688' title='bbox 2568 2193 2627 2235; x_wconf 86' lang='lat' dir='ltr'><strong>se</strong></span> <span class='ocrx_word' id='word_1_689' title='bbox 2662 2189 3003 2250; x_wconf 87' lang='lat' dir='ltr'><strong>separaturus</strong></span> <span class='ocrx_word' id='word_1_690' title='bbox 3038 2189 3123 2237; x_wconf 91' lang='lat' dir='ltr'><strong>est</strong></span> <span class='ocrx_word' id='word_1_691' title='bbox 3145 2181 3491 2249; x_wconf 78' lang='lat' dir='ltr'><strong>christianos,</strong></span> <span class='ocrx_word' id='word_1_692' title='bbox 3526 2195 3580 2238; x_wconf 90' lang='lat' dir='ltr'><strong>ut</strong></span> <span class='ocrx_word' id='word_1_693' title='bbox 3619 2201 3727 2240; x_wconf 87' lang='lat' dir='ltr'><strong>non</strong></span> 
     </span>
    </p>
   </div>
   <div class='ocr_carea' id='block_1_83' title="bbox 2139 2274 3730 2347">
    <p class='ocr_par' dir='ltr' id='par_1_83' title="bbox 2139 2274 3730 2347">
     <span class='ocr_line' id='line_1_83' title="bbox 2139 2274 3730 2347; baseline 0.003 -20"><span class='ocrx_word' id='word_1_694' title='bbox 2139 2281 2318 2342; x_wconf 86' lang='lat' dir='ltr'><strong>gemat</strong></span> <span class='ocrx_word' id='word_1_695' title='bbox 2345 2274 2484 2328; x_wconf 91' lang='lat' dir='ltr'><strong>inter</strong></span> <span class='ocrx_word' id='word_1_696' title='bbox 2501 2274 2662 2328; x_wconf 87' lang='lat' dir='ltr'><strong>falsos</strong></span> <span class='ocrx_word' id='word_1_697' title='bbox 2690 2274 2920 2329; x_wconf 79' lang='lat' dir='ltr'><strong>fratres?</strong></span> <span class='ocrx_word' id='word_1_698' title='bbox 2941 2274 3241 2342; x_wconf 72' lang='lat' dir='ltr'><strong>Quoitucus</strong></span> <span class='ocrx_word' id='word_1_699' title='bbox 3261 2278 3382 2331; x_wconf 76' lang='lat' dir='ltr'><strong>est?</strong></span> <span class='ocrx_word' id='word_1_700' title='bbox 3404 2278 3529 2347; x_wconf 90' lang='lat' dir='ltr'><strong>quid</strong></span> <span class='ocrx_word' id='word_1_701' title='bbox 3560 2282 3730 2332; x_wconf 81' lang='lat' dir='ltr'><strong>facto-</strong></span> 
     </span>
    </p>
   </div>
   <div class='ocr_carea' id='block_1_84' title="bbox 2142 2363 3729 2436">
    <p class='ocr_par' dir='ltr' id='par_1_84' title="bbox 2142 2363 3729 2436">
     <span class='ocr_line' id='line_1_84' title="bbox 2142 2363 3729 2436; baseline 0.003 -19"><span class='ocrx_word' id='word_1_702' title='bbox 2142 2366 2274 2418; x_wconf 86' lang='lat' dir='ltr'><strong>rus?</strong></span> <span class='ocrx_word' id='word_1_703' title='bbox 2302 2363 2629 2419; x_wconf 86' lang='lat' dir='ltr'><strong>Solitudines</strong></span> <span class='ocrx_word' id='word_1_704' title='bbox 2660 2365 2847 2434; x_wconf 82' lang='lat' dir='ltr'><strong>petat?</strong></span> <span class='ocrx_word' id='word_1_705' title='bbox 2872 2365 3179 2436; x_wconf 86' lang='lat' dir='ltr'><strong>Sequuntur</strong></span> <span class='ocrx_word' id='word_1_706' title='bbox 3197 2367 3467 2421; x_wconf 84' lang='lat' dir='ltr'><strong>scandala.</strong></span> <span class='ocrx_word' id='word_1_707' title='bbox 3498 2368 3729 2436; x_wconf 79' lang='lat' dir='ltr'><strong>Separa-</strong></span> 
     </span>
    </p>
   </div>
   <div class='ocr_carea' id='block_1_85' title="bbox 2142 2456 3728 2527">
    <p class='ocr_par' dir='ltr' id='par_1_85' title="bbox 2142 2456 3728 2527">
     <span class='ocr_line' id='line_1_85' title="bbox 2142 2456 3728 2527; baseline 0.004 -19"><span class='ocrx_word' id='word_1_708' title='bbox 2142 2462 2292 2510; x_wconf 88' lang='lat' dir='ltr'><strong>turus</strong></span> <span class='ocrx_word' id='word_1_709' title='bbox 2343 2467 2424 2510; x_wconf 87' lang='lat' dir='ltr'><strong>est</strong></span> <span class='ocrx_word' id='word_1_710' title='bbox 2462 2471 2521 2511; x_wconf 85' lang='lat' dir='ltr'><strong>se</strong></span> <span class='ocrx_word' id='word_1_711' title='bbox 2563 2456 2653 2526; x_wconf 89' lang='lat' dir='ltr'><strong>qui</strong></span> <span class='ocrx_word' id='word_1_712' title='bbox 2709 2456 2847 2511; x_wconf 86' lang='lat' dir='ltr'><strong>bene</strong></span> <span class='ocrx_word' id='word_1_713' title='bbox 2885 2456 3116 2527; x_wconf 87' lang='lat' dir='ltr'><strong>prolicit,</strong></span> <span class='ocrx_word' id='word_1_714' title='bbox 3158 2466 3217 2511; x_wconf 91' lang='lat' dir='ltr'><strong>ut</strong></span> <span class='ocrx_word' id='word_1_715' title='bbox 3258 2458 3462 2511; x_wconf 90' lang='lat' dir='ltr'><strong>nullum</strong></span> <span class='ocrx_word' id='word_1_716' title='bbox 3505 2459 3728 2514; x_wconf 89' lang='lat' dir='ltr'><strong>omnino</strong></span> 
     </span>
    </p>
   </div>
   <div class='ocr_carea' id='block_1_86' title="bbox 2144 2547 3725 2621">
    <p class='ocr_par' dir='ltr' id='par_1_86' title="bbox 2144 2547 3725 2621">
     <span class='ocr_line' id='line_1_86' title="bbox 2144 2547 3725 2621; baseline 0.004 -20"><span class='ocrx_word' id='word_1_717' title='bbox 2144 2547 2412 2603; x_wconf 89' lang='lat' dir='ltr'><strong>hominem</strong></span> <span class='ocrx_word' id='word_1_718' title='bbox 2472 2548 2737 2619; x_wconf 85' lang='lat' dir='ltr'><strong>patiatur?</strong></span> <span class='ocrx_word' id='word_1_719' title='bbox 2801 2549 2937 2621; x_wconf 81' lang='lat' dir='ltr'><strong>Quid</strong></span> <span class='ocrx_word' id='word_1_720' title='bbox 3003 2550 3048 2604; x_wconf 89' lang='lat' dir='ltr'><strong>si</strong></span> <span class='ocrx_word' id='word_1_721' title='bbox 3078 2557 3133 2605; x_wconf 92' lang='lat' dir='ltr'><strong>et</strong></span> <span class='ocrx_word' id='word_1_722' title='bbox 3177 2550 3346 2620; x_wconf 84' lang='lat' dir='ltr'><strong>ipsum</strong></span> <span class='ocrx_word' id='word_1_723' title='bbox 3375 2592 3388 2615; x_wconf 89' lang='lat'><strong>,</strong></span> <span class='ocrx_word' id='word_1_724' title='bbox 3437 2559 3725 2621; x_wconf 82' lang='lat' dir='ltr'><strong>antequam</strong></span> 
     </span>
    </p>
   </div>
   <div class='ocr_carea' id='block_1_87' title="bbox 2147 2640 3724 2714">
    <p class='ocr_par' dir='ltr' id='par_1_87' title="bbox 2147 2640 3724 2714">
     <span class='ocr_line' id='line_1_87' title="bbox 2147 2640 3724 2714; baseline 0.003 -21"><span class='ocrx_word' id='word_1_725' title='bbox 2147 2642 2453 2711; x_wconf 85' lang='lat' dir='ltr'><strong>proficeret,</strong></span> <span class='ocrx_word' id='word_1_726' title='bbox 2503 2656 2663 2697; x_wconf 90' lang='lat' dir='ltr'><strong>nemo</strong></span> <span class='ocrx_word' id='word_1_727' title='bbox 2714 2642 2875 2698; x_wconf 81' lang='lat' dir='ltr'><strong>vellet</strong></span> <span class='ocrx_word' id='word_1_728' title='bbox 2924 2640 3078 2712; x_wconf 83' lang='lat' dir='ltr'><strong>pati?</strong></span> <span class='ocrx_word' id='word_1_729' title='bbox 3118 2641 3171 2698; x_wconf 92' lang='lat' dir='ltr'><strong>Si</strong></span> <span class='ocrx_word' id='word_1_730' title='bbox 3220 2658 3371 2713; x_wconf 76' lang='lat' dir='ltr'><strong>ergo,</strong></span> <span class='ocrx_word' id='word_1_731' title='bbox 3416 2644 3538 2713; x_wconf 88' lang='lat' dir='ltr'><strong>quia</strong></span> <span class='ocrx_word' id='word_1_732' title='bbox 3595 2659 3724 2714; x_wconf 83' lang='lat' dir='ltr'><strong>pro—</strong></span> 
     </span>
    </p>
   </div>
   <div class='ocr_carea' id='block_1_88' title="bbox 2144 2731 3779 2804">
    <p class='ocr_par' dir='ltr' id='par_1_88' title="bbox 2144 2731 3779 2804">
     <span class='ocr_line' id='line_1_88' title="bbox 2144 2731 3779 2804; baseline 0.002 -19"><span class='ocrx_word' id='word_1_733' title='bbox 2144 2733 2287 2798; x_wconf 88' lang='lat' dir='ltr'><strong>licit,</strong></span> <span class='ocrx_word' id='word_1_734' title='bbox 2318 2733 2517 2787; x_wconf 89' lang='lat' dir='ltr'><strong>nullum</strong></span> <span class='ocrx_word' id='word_1_735' title='bbox 2561 2732 2833 2789; x_wconf 86' lang='lat' dir='ltr'><strong>hominem</strong></span> <span class='ocrx_word' id='word_1_736' title='bbox 2880 2733 2993 2788; x_wconf 84' lang='lat' dir='ltr'><strong>vult</strong></span> <span class='ocrx_word' id='word_1_737' title='bbox 3030 2733 3170 2803; x_wconf 86' lang='lat' dir='ltr'><strong>pati,</strong></span> <span class='ocrx_word' id='word_1_738' title='bbox 3212 2746 3278 2788; x_wconf 87' lang='lat' dir='ltr'><strong>eo</strong></span> <span class='ocrx_word' id='word_1_739' title='bbox 3328 2735 3445 2803; x_wconf 86' lang='lat' dir='ltr'><strong>ipso</strong></span> <span class='ocrx_word' id='word_1_740' title='bbox 3470 2750 3576 2804; x_wconf 89' lang='lat' dir='ltr'><strong>quo</strong></span> <span class='ocrx_word' id='word_1_741' title='bbox 3615 2750 3724 2789; x_wconf 88' lang='lat' dir='ltr'><strong>non</strong></span> <span class='ocrx_word' id='word_1_742' title='bbox 3767 2731 3779 2743; x_wconf 82' lang='grc'><em>’</em></span> 
     </span>
    </p>
   </div>
   <div class='ocr_carea' id='block_1_89' title="bbox 2141 2823 3723 2895">
    <p class='ocr_par' dir='ltr' id='par_1_89' title="bbox 2141 2823 3723 2895">
     <span class='ocr_line' id='line_1_89' title="bbox 2141 2823 3723 2895; baseline 0.001 -18"><span class='ocrx_word' id='word_1_743' title='bbox 2141 2823 2255 2878; x_wconf 85' lang='lat' dir='ltr'><strong>vult</strong></span> <span class='ocrx_word' id='word_1_744' title='bbox 2291 2825 2523 2894; x_wconf 89' lang='lat' dir='ltr'><strong>aliquem</strong></span> <span class='ocrx_word' id='word_1_745' title='bbox 2571 2824 2842 2879; x_wconf 88' lang='lat' dir='ltr'><strong>hominem</strong></span> <span class='ocrx_word' id='word_1_746' title='bbox 2888 2825 3018 2894; x_wconf 87' lang='lat' dir='ltr'><strong>pati,</strong></span> <span class='ocrx_word' id='word_1_747' title='bbox 3071 2825 3408 2879; x_wconf 83' lang='lat' dir='ltr'><strong>convincitur</strong></span> <span class='ocrx_word' id='word_1_748' title='bbox 3431 2824 3573 2895; x_wconf 89' lang='lat' dir='ltr'><strong>quod</strong></span> <span class='ocrx_word' id='word_1_749' title='bbox 3616 2842 3723 2880; x_wconf 88' lang='lat' dir='ltr'><strong>non</strong></span> 
     </span>
    </p>
   </div>
   <div class='ocr_carea' id='block_1_90' title="bbox 2096 2914 3724 2994">
    <p class='ocr_par' dir='ltr' id='par_1_90' title="bbox 2096 2914 3724 2994">
     <span class='ocr_line' id='line_1_90' title="bbox 2096 2914 3724 2994; baseline 0.002 -26"><span class='ocrx_word' id='word_1_750' title='bbox 2096 2982 2107 2994; x_wconf 40' lang='lat'><strong>.</strong></span> <span class='ocrx_word' id='word_1_751' title='bbox 2142 2915 2448 2984; x_wconf 87' lang='lat' dir='ltr'><strong>profecerit.</strong></span> <span class='ocrx_word' id='word_1_752' title='bbox 2475 2914 2719 2971; x_wconf 86' lang='lat' dir='ltr'><strong>lntendat</strong></span> <span class='ocrx_word' id='word_1_753' title='bbox 2761 2915 3008 2970; x_wconf 81' lang='lat' dir='ltr'><strong>Charitas</strong></span> <span class='ocrx_word' id='word_1_754' title='bbox 3034 2925 3212 2971; x_wconf 85' lang='lat' dir='ltr'><strong>vestra</strong></span> <span class='ocrx_word' id='word_1_755' title='bbox 3243 2933 3257 2969; x_wconf 88' lang='lat'><strong>:</strong></span> <span class='ocrx_word' id='word_1_756' title='bbox 3293 2915 3608 2971; x_wconf 86' lang='lat' dir='ltr'><strong>Sustinentes</strong></span> <span class='ocrx_word' id='word_1_757' title='bbox 3636 2919 3724 2971; x_wconf 88' lang='lat' dir='ltr'><strong>in-</strong></span> 
     </span>
    </p>
   </div>
   <div class='ocr_carea' id='block_1_91' title="bbox 2142 3005 3725 3078">
    <p class='ocr_par' dir='ltr' id='par_1_91' title="bbox 2142 3005 3725 3078">
     <span class='ocr_line' id='line_1_91' title="bbox 2142 3005 3725 3078; baseline 0 -17"><span class='ocrx_word' id='word_1_758' title='bbox 2142 3009 2317 3070; x_wconf 74' lang='lat' dir='ltr'><strong>vicem,</strong></span> <span class='ocrx_word' id='word_1_759' title='bbox 2349 3007 2423 3060; x_wconf 87' lang='lat' dir='ltr'><strong>ait</strong></span> <span class='ocrx_word' id='word_1_760' title='bbox 2452 3005 2758 3076; x_wconf 80' lang='lat' dir='ltr'><strong>Apostolus,</strong></span> <span class='ocrx_word' id='word_1_761' title='bbox 2789 3006 2841 3060; x_wconf 90' lang='lat' dir='ltr'><strong>in</strong></span> <span class='ocrx_word' id='word_1_762' title='bbox 2874 3005 3141 3061; x_wconf 81' lang='lat' dir='ltr'><strong>dilectione</strong></span> <span class='ocrx_word' id='word_1_763' title='bbox 3160 3049 3175 3073; x_wconf 90' lang='lat'><strong>,</strong></span> <span class='ocrx_word' id='word_1_764' title='bbox 3207 3015 3487 3078; x_wconf 82' lang='lat' dir='ltr'><strong>sutagentes</strong></span> <span class='ocrx_word' id='word_1_765' title='bbox 3526 3025 3725 3062; x_wconf 64' lang='grc' dir='ltr'><strong>θεῖναι-ε</strong></span> 
     </span>
    </p>
   </div>
   <div class='ocr_carea' id='block_1_92' title="bbox 2141 3098 3721 3169">
    <p class='ocr_par' dir='ltr' id='par_1_92' title="bbox 2141 3098 3721 3169">
     <span class='ocr_line' id='line_1_92' title="bbox 2141 3098 3721 3169; baseline 0.001 -18"><span class='ocrx_word' id='word_1_766' title='bbox 2141 3099 2381 3151; x_wconf 86' lang='lat' dir='ltr'><strong>unitatem</strong></span> <span class='ocrx_word' id='word_1_767' title='bbox 2424 3098 2632 3167; x_wconf 80' lang='lat' dir='ltr'><strong>spiritus</strong></span> <span class='ocrx_word' id='word_1_768' title='bbox 2671 3098 2725 3151; x_wconf 89' lang='lat' dir='ltr'><strong>in</strong></span> <span class='ocrx_word' id='word_1_769' title='bbox 2763 3098 2962 3152; x_wconf 88' lang='lat' dir='ltr'><strong>vinculo</strong></span> <span class='ocrx_word' id='word_1_770' title='bbox 2992 3099 3132 3169; x_wconf 85' lang='lat' dir='ltr'><strong>pacis</strong></span> <span class='ocrx_word' id='word_1_771' title='bbox 3167 3098 3387 3169; x_wconf 76' lang='lat' dir='ltr'><strong>(Epltes.</strong></span> <span class='ocrx_word' id='word_1_772' title='bbox 3438 3115 3488 3152; x_wconf 81' lang='lat' dir='ltr'><strong>tv</strong></span> <span class='ocrx_word' id='word_1_773' title='bbox 3512 3139 3527 3165; x_wconf 90' lang='lat'><strong>,</strong></span> <span class='ocrx_word' id='word_1_774' title='bbox 3555 3098 3610 3161; x_wconf 66' lang='lat'><strong>2,</strong></span> <span class='ocrx_word' id='word_1_775' title='bbox 3641 3102 3721 3169; x_wconf 84' lang='grc'><strong>5).</strong></span> 
     </span>
    </p>
   </div>
   <div class='ocr_carea' id='block_1_93' title="bbox 2143 3187 3722 3259">
    <p class='ocr_par' dir='ltr' id='par_1_93' title="bbox 2143 3187 3722 3259">
     <span class='ocr_line' id='line_1_93' title="bbox 2143 3187 3722 3259; baseline -0.001 -14"><span class='ocrx_word' id='word_1_776' title='bbox 2143 3188 2457 3245; x_wconf 85' lang='lat' dir='ltr'><strong>Sustincntes</strong></span> <span class='ocrx_word' id='word_1_777' title='bbox 2479 3190 2723 3244; x_wconf 82' lang='lat' dir='ltr'><strong>invicem:</strong></span> <span class='ocrx_word' id='word_1_778' title='bbox 2746 3203 2850 3242; x_wconf 91' lang='lat' dir='ltr'><strong>non</strong></span> <span class='ocrx_word' id='word_1_779' title='bbox 2878 3188 3041 3245; x_wconf 86' lang='lat' dir='ltr'><strong>habes</strong></span> <span class='ocrx_word' id='word_1_780' title='bbox 3066 3187 3205 3259; x_wconf 81' lang='lat' dir='ltr'><strong>quod</strong></span> <span class='ocrx_word' id='word_1_781' title='bbox 3236 3190 3287 3244; x_wconf 91' lang='lat' dir='ltr'><strong>in</strong></span> <span class='ocrx_word' id='word_1_782' title='bbox 3317 3197 3368 3243; x_wconf 86' lang='lat' dir='ltr'><strong>te</strong></span> <span class='ocrx_word' id='word_1_783' title='bbox 3388 3190 3524 3243; x_wconf 85' lang='lat' dir='ltr'><strong>alius</strong></span> <span class='ocrx_word' id='word_1_784' title='bbox 3556 3190 3722 3244; x_wconf 65' lang='lat' dir='ltr'><strong>Sthli-</strong></span> 
     </span>
    </p>
   </div>
   <div class='ocr_carea' id='block_1_94' title="bbox 2143 3277 3721 3343">
    <p class='ocr_par' dir='ltr' id='par_1_94' title="bbox 2143 3277 3721 3343">
     <span class='ocr_line' id='line_1_94' title="bbox 2143 3277 3721 3343; baseline -0.001 -9"><span class='ocrx_word' id='word_1_785' title='bbox 2143 3280 2309 3334; x_wconf 81' lang='lat' dir='ltr'><strong>ncnl?</strong></span> <span class='ocrx_word' id='word_1_786' title='bbox 2335 3279 2496 3333; x_wconf 78' lang='lat' dir='ltr'><strong>Miror</strong></span> <span class='ocrx_word' id='word_1_787' title='bbox 2523 3280 2565 3333; x_wconf 89' lang='lat' dir='ltr'><strong>si</strong></span> <span class='ocrx_word' id='word_1_788' title='bbox 2592 3294 2695 3333; x_wconf 90' lang='lat' dir='ltr'><strong>non</strong></span> <span class='ocrx_word' id='word_1_789' title='bbox 2725 3289 2807 3333; x_wconf 87' lang='lat' dir='ltr'><strong>est</strong></span> <span class='ocrx_word' id='word_1_790' title='bbox 2835 3297 2849 3333; x_wconf 89' lang='lat'><strong>:</strong></span> <span class='ocrx_word' id='word_1_791' title='bbox 2879 3277 2971 3334; x_wconf 82' lang='lat' dir='ltr'><strong>sed</strong></span> <span class='ocrx_word' id='word_1_792' title='bbox 3010 3293 3139 3334; x_wconf 83' lang='lat' dir='ltr'><strong>ecce</strong></span> <span class='ocrx_word' id='word_1_793' title='bbox 3179 3294 3283 3333; x_wconf 81' lang='lat' dir='ltr'><strong>non</strong></span> <span class='ocrx_word' id='word_1_794' title='bbox 3331 3281 3431 3343; x_wconf 88' lang='lat' dir='ltr'><strong>sit;</strong></span> <span class='ocrx_word' id='word_1_795' title='bbox 3463 3295 3529 3333; x_wconf 86' lang='lat' dir='ltr'><strong>eo</strong></span> <span class='ocrx_word' id='word_1_796' title='bbox 3557 3280 3721 3335; x_wconf 82' lang='lat' dir='ltr'><strong>robu—</strong></span> 
     </span>
    </p>
   </div>
   <div class='ocr_carea' id='block_1_95' title="bbox 2141 3370 3722 3441">
    <p class='ocr_par' dir='ltr' id='par_1_95' title="bbox 2141 3370 3722 3441">
     <span class='ocr_line' id='line_1_95' title="bbox 2141 3370 3722 3441; baseline -0.001 -14"><span class='ocrx_word' id='word_1_797' title='bbox 2141 3372 2272 3427; x_wconf 80' lang='lat' dir='ltr'><strong>Stior</strong></span> <span class='ocrx_word' id='word_1_798' title='bbox 2294 3386 2355 3427; x_wconf 85' lang='lat' dir='ltr'><strong>es</strong></span> <span class='ocrx_word' id='word_1_799' title='bbox 2382 3371 2448 3427; x_wconf 89' lang='lat' dir='ltr'><strong>ad</strong></span> <span class='ocrx_word' id='word_1_800' title='bbox 2479 3382 2704 3427; x_wconf 64' lang='lat' dir='ltr'><strong>caeteros</strong></span> <span class='ocrx_word' id='word_1_801' title='bbox 2747 3370 3108 3435; x_wconf 87' lang='lat' dir='ltr'><strong>sustinendos,</strong></span> <span class='ocrx_word' id='word_1_802' title='bbox 3135 3387 3238 3439; x_wconf 87' lang='lat' dir='ltr'><strong>quo</strong></span> <span class='ocrx_word' id='word_1_803' title='bbox 3264 3371 3372 3441; x_wconf 85' lang='lat' dir='ltr'><strong>jam</strong></span> <span class='ocrx_word' id='word_1_804' title='bbox 3401 3388 3505 3425; x_wconf 87' lang='lat' dir='ltr'><strong>non</strong></span> <span class='ocrx_word' id='word_1_805' title='bbox 3556 3371 3722 3426; x_wconf 83' lang='lat' dir='ltr'><strong>babes</strong></span> 
     </span>
    </p>
   </div>
   <div class='ocr_carea' id='block_1_96' title="bbox 2139 3462 3721 3534">
    <p class='ocr_par' dir='ltr' id='par_1_96' title="bbox 2139 3462 3721 3534">
     <span class='ocr_line' id='line_1_96' title="bbox 2139 3462 3721 3534; baseline 0.003 -20"><span class='ocrx_word' id='word_1_806' title='bbox 2139 3464 2279 3534; x_wconf 88' lang='lat' dir='ltr'><strong>quod</strong></span> <span class='ocrx_word' id='word_1_807' title='bbox 2317 3464 2369 3518; x_wconf 92' lang='lat' dir='ltr'><strong>in</strong></span> <span class='ocrx_word' id='word_1_808' title='bbox 2419 3470 2469 3519; x_wconf 88' lang='lat' dir='ltr'><strong>te</strong></span> <span class='ocrx_word' id='word_1_809' title='bbox 2512 3463 2602 3518; x_wconf 90' lang='lat' dir='ltr'><strong>alii</strong></span> <span class='ocrx_word' id='word_1_810' title='bbox 2654 3464 2972 3519; x_wconf 89' lang='lat' dir='ltr'><strong>sustineant.</strong></span> <span class='ocrx_word' id='word_1_811' title='bbox 3005 3462 3121 3517; x_wconf 88' lang='lat' dir='ltr'><strong>Non</strong></span> <span class='ocrx_word' id='word_1_812' title='bbox 3172 3464 3483 3529; x_wconf 75' lang='lat' dir='ltr'><strong>sustinet-is,</strong></span> <span class='ocrx_word' id='word_1_813' title='bbox 3516 3467 3721 3519; x_wconf 83' lang='lat' dir='ltr'><strong>sustine</strong></span> 
     </span>
    </p>
   </div>
   <div class='ocr_carea' id='block_1_97' title="bbox 2140 3554 3719 3626">
    <p class='ocr_par' dir='ltr' id='par_1_97' title="bbox 2140 3554 3719 3626">
     <span class='ocr_line' id='line_1_97' title="bbox 2140 3554 3719 3626; baseline 0.003 -18"><span class='ocrx_word' id='word_1_814' title='bbox 2140 3567 2385 3610; x_wconf 67' lang='lat' dir='ltr'><strong>(umeros.</strong></span> <span class='ocrx_word' id='word_1_815' title='bbox 2416 3554 2530 3610; x_wconf 88' lang='lat' dir='ltr'><strong>Non</strong></span> <span class='ocrx_word' id='word_1_816' title='bbox 2560 3568 2798 3625; x_wconf 88' lang='lat' dir='ltr'><strong>possum,</strong></span> <span class='ocrx_word' id='word_1_817' title='bbox 2834 3554 3026 3626; x_wconf 89' lang='lat' dir='ltr'><strong>inquis.</strong></span> <span class='ocrx_word' id='word_1_818' title='bbox 3053 3556 3193 3626; x_wconf 85' lang='lat' dir='ltr'><strong>Ergo</strong></span> <span class='ocrx_word' id='word_1_819' title='bbox 3220 3555 3384 3610; x_wconf 82' lang='lat' dir='ltr'><strong>habes</strong></span> <span class='ocrx_word' id='word_1_820' title='bbox 3414 3555 3554 3624; x_wconf 85' lang='lat' dir='ltr'><strong>quod</strong></span> <span class='ocrx_word' id='word_1_821' title='bbox 3581 3568 3633 3610; x_wconf 88' lang='lat' dir='ltr'><strong>et</strong></span> <span class='ocrx_word' id='word_1_822' title='bbox 3660 3559 3719 3612; x_wconf 87' lang='lat' dir='ltr'><strong>in</strong></span> 
     </span>
    </p>
   </div>
   <div class='ocr_carea' id='block_1_98' title="bbox 2140 3645 3716 3702">
    <p class='ocr_par' dir='ltr' id='par_1_98' title="bbox 2140 3645 3716 3702">
     <span class='ocr_line' id='line_1_98' title="bbox 2140 3645 3716 3702; baseline 0 -1"><span class='ocrx_word' id='word_1_823' title='bbox 2140 3656 2191 3701; x_wconf 85' lang='lat' dir='ltr'><strong>te</strong></span> <span class='ocrx_word' id='word_1_824' title='bbox 2227 3647 2314 3701; x_wconf 83' lang='lat' dir='ltr'><strong>alii</strong></span> <span class='ocrx_word' id='word_1_825' title='bbox 2364 3647 2681 3702; x_wconf 83' lang='lat' dir='ltr'><strong>sustineant.</strong></span> <span class='ocrx_word' id='word_1_826' title='bbox 2738 3645 3052 3701; x_wconf 81' lang='lat' dir='ltr'><strong>Sustinentes</strong></span> <span class='ocrx_word' id='word_1_827' title='bbox 3086 3646 3373 3700; x_wconf 82' lang='lat' dir='ltr'><strong>invicemin</strong></span> <span class='ocrx_word' id='word_1_828' title='bbox 3422 3645 3716 3701; x_wconf 74' lang='lat' dir='ltr'><strong>dilectione.</strong></span> 
     </span>
    </p>
   </div>
   <div class='ocr_carea' id='block_1_99' title="bbox 2138 3738 3722 3809">
    <p class='ocr_par' dir='ltr' id='par_1_99' title="bbox 2138 3738 3722 3809">
     <span class='ocr_line' id='line_1_99' title="bbox 2138 3738 3722 3809; baseline 0.001 -15"><span class='ocrx_word' id='word_1_829' title='bbox 2138 3740 2215 3795; x_wconf 89' lang='lat' dir='ltr'><strong>Tu</strong></span> <span class='ocrx_word' id='word_1_830' title='bbox 2247 3738 2449 3796; x_wconf 91' lang='lat' dir='ltr'><strong>deseris</strong></span> <span class='ocrx_word' id='word_1_831' title='bbox 2484 3753 2572 3794; x_wconf 89' lang='lat' dir='ltr'><strong>res</strong></span> <span class='ocrx_word' id='word_1_832' title='bbox 2609 3738 2892 3805; x_wconf 81' lang='lat' dir='ltr'><strong>humanas,</strong></span> <span class='ocrx_word' id='word_1_833' title='bbox 2921 3749 2975 3793; x_wconf 86' lang='lat' dir='ltr'><strong>et</strong></span> <span class='ocrx_word' id='word_1_834' title='bbox 2996 3752 3248 3809; x_wconf 75' lang='lat' dir='ltr'><strong>segregas</strong></span> <span class='ocrx_word' id='word_1_835' title='bbox 3276 3744 3349 3805; x_wconf 91' lang='lat' dir='ltr'><strong>te,</strong></span> <span class='ocrx_word' id='word_1_836' title='bbox 3384 3747 3439 3792; x_wconf 89' lang='lat' dir='ltr'><strong>ut</strong></span> <span class='ocrx_word' id='word_1_837' title='bbox 3481 3756 3638 3793; x_wconf 74' lang='lat' dir='ltr'><strong>neruo</strong></span> <span class='ocrx_word' id='word_1_838' title='bbox 3667 3748 3722 3796; x_wconf 89' lang='lat' dir='ltr'><strong>te</strong></span> 
     </span>
    </p>
   </div>
   <div class='ocr_carea' id='block_1_100' title="bbox 2136 3829 3720 3903">
    <p class='ocr_par' dir='ltr' id='par_1_100' title="bbox 2136 3829 3720 3903">
     <span class='ocr_line' id='line_1_100' title="bbox 2136 3829 3720 3903; baseline -0.003 -15"><span class='ocrx_word' id='word_1_839' title='bbox 2136 3832 2352 3903; x_wconf 79' lang='lat' dir='ltr'><strong>videat;</strong></span> <span class='ocrx_word' id='word_1_840' title='bbox 2383 3831 2469 3888; x_wconf 88' lang='lat' dir='ltr'><strong>cui</strong></span> <span class='ocrx_word' id='word_1_841' title='bbox 2499 3831 2784 3900; x_wconf 87' lang='lat' dir='ltr'><strong>proderis?</strong></span> <span class='ocrx_word' id='word_1_842' title='bbox 2807 3830 2887 3885; x_wconf 88' lang='lat' dir='ltr'><strong>Tu</strong></span> <span class='ocrx_word' id='word_1_843' title='bbox 2913 3830 2978 3886; x_wconf 88' lang='lat' dir='ltr'><strong>ad</strong></span> <span class='ocrx_word' id='word_1_844' title='bbox 3008 3830 3110 3885; x_wconf 88' lang='lat' dir='ltr'><strong>hoc</strong></span> <span class='ocrx_word' id='word_1_845' title='bbox 3141 3829 3496 3901; x_wconf 79' lang='lat' dir='ltr'><strong>pervenisses,</strong></span> <span class='ocrx_word' id='word_1_846' title='bbox 3529 3833 3573 3885; x_wconf 91' lang='lat' dir='ltr'><strong>si</strong></span> <span class='ocrx_word' id='word_1_847' title='bbox 3603 3831 3720 3884; x_wconf 88' lang='lat' dir='ltr'><strong>nul-</strong></span> 
     </span>
    </p>
   </div>
   <div class='ocr_carea' id='block_1_101' title="bbox 2136 3920 3719 3996">
    <p class='ocr_par' dir='ltr' id='par_1_101' title="bbox 2136 3920 3719 3996">
     <span class='ocr_line' id='line_1_101' title="bbox 2136 3920 3719 3996; baseline -0.002 -16"><span class='ocrx_word' id='word_1_848' title='bbox 2136 3926 2220 3980; x_wconf 90' lang='lat' dir='ltr'><strong>lus</strong></span> <span class='ocrx_word' id='word_1_849' title='bbox 2249 3925 2340 3981; x_wconf 89' lang='lat' dir='ltr'><strong>tibi</strong></span> <span class='ocrx_word' id='word_1_850' title='bbox 2370 3923 2697 3996; x_wconf 82' lang='lat' dir='ltr'><strong>profuisset?</strong></span> <span class='ocrx_word' id='word_1_851' title='bbox 2721 3921 2804 3977; x_wconf 85' lang='lat' dir='ltr'><strong>An</strong></span> <span class='ocrx_word' id='word_1_852' title='bbox 2825 3922 2946 3993; x_wconf 84' lang='lat' dir='ltr'><strong>quia</strong></span> <span class='ocrx_word' id='word_1_853' title='bbox 2976 3922 3187 3976; x_wconf 80' lang='lat' dir='ltr'><strong>veloces</strong></span> <span class='ocrx_word' id='word_1_854' title='bbox 3211 3922 3373 3991; x_wconf 86' lang='lat' dir='ltr'><strong>pedes</strong></span> <span class='ocrx_word' id='word_1_855' title='bbox 3400 3921 3491 3974; x_wconf 89' lang='lat' dir='ltr'><strong>tibi</strong></span> <span class='ocrx_word' id='word_1_856' title='bbox 3522 3920 3719 3977; x_wconf 76' lang='lat' dir='ltr'><strong>videris</strong></span> 
     </span>
    </p>
   </div>
   <div class='ocr_carea' id='block_1_102' title="bbox 2137 4014 3719 4084">
    <p class='ocr_par' dir='ltr' id='par_1_102' title="bbox 2137 4014 3719 4084">
     <span class='ocr_line' id='line_1_102' title="bbox 2137 4014 3719 4084; baseline -0.003 -12"><span class='ocrx_word' id='word_1_857' title='bbox 2137 4018 2386 4074; x_wconf 90' lang='lat' dir='ltr'><strong>habuisse</strong></span> <span class='ocrx_word' id='word_1_858' title='bbox 2426 4018 2490 4073; x_wconf 86' lang='lat' dir='ltr'><strong>ad</strong></span> <span class='ocrx_word' id='word_1_859' title='bbox 2521 4017 2941 4081; x_wconf 85' lang='lat' dir='ltr'><strong>transeundum,</strong></span> <span class='ocrx_word' id='word_1_860' title='bbox 2992 4014 3311 4084; x_wconf 75' lang='lat' dir='ltr'><strong>przecisurus</strong></span> <span class='ocrx_word' id='word_1_861' title='bbox 3355 4028 3415 4068; x_wconf 90' lang='lat' dir='ltr'><strong>es</strong></span> <span class='ocrx_word' id='word_1_862' title='bbox 3458 4014 3719 4083; x_wconf 77' lang='lat' dir='ltr'><strong>pontem?</strong></span> 
     </span>
    </p>
   </div>
   <div class='ocr_carea' id='block_1_103' title="bbox 2134 4102 3717 4171">
    <p class='ocr_par' dir='ltr' id='par_1_103' title="bbox 2134 4102 3717 4171">
     <span class='ocr_line' id='line_1_103' title="bbox 2134 4102 3717 4171; baseline -0.005 -6"><span class='ocrx_word' id='word_1_863' title='bbox 2134 4109 2403 4165; x_wconf 77' lang='lat' dir='ltr'><strong>Exhortor</strong></span> <span class='ocrx_word' id='word_1_864' title='bbox 2420 4122 2608 4163; x_wconf 90' lang='lat' dir='ltr'><strong>omnes</strong></span> <span class='ocrx_word' id='word_1_865' title='bbox 2628 4150 2643 4171; x_wconf 90' lang='lat'><strong>,</strong></span> <span class='ocrx_word' id='word_1_866' title='bbox 2666 4123 2770 4161; x_wconf 89' lang='lat' dir='ltr'><strong>vox</strong></span> <span class='ocrx_word' id='word_1_867' title='bbox 2800 4106 2892 4162; x_wconf 88' lang='lat' dir='ltr'><strong>Dei</strong></span> <span class='ocrx_word' id='word_1_868' title='bbox 2921 4116 3111 4160; x_wconf 74' lang='lat' dir='ltr'><strong>clunes</strong></span> <span class='ocrx_word' id='word_1_869' title='bbox 3141 4102 3381 4158; x_wconf 81' lang='lat' dir='ltr'><strong>hortatur</strong></span> <span class='ocrx_word' id='word_1_870' title='bbox 3404 4120 3418 4158; x_wconf 91' lang='lat'><strong>:</strong></span> <span class='ocrx_word' id='word_1_871' title='bbox 3445 4102 3717 4160; x_wconf 79' lang='lat' dir='ltr'><strong>Sustinea-</strong></span> 
     </span>
    </p>
   </div>
   <div class='ocr_carea' id='block_1_104' title="bbox 2135 4201 2822 4258">
    <p class='ocr_par' dir='ltr' id='par_1_104' title="bbox 2135 4201 2822 4258">
     <span class='ocr_line' id='line_1_104' title="bbox 2135 4201 2822 4258; baseline -0.001 -3"><span class='ocrx_word' id='word_1_872' title='bbox 2135 4212 2206 4258; x_wconf 87' lang='lat' dir='ltr'><strong>tes</strong></span> <span class='ocrx_word' id='word_1_873' title='bbox 2225 4202 2435 4256; x_wconf 84' lang='lat' dir='ltr'><strong>invicem</strong></span> <span class='ocrx_word' id='word_1_874' title='bbox 2460 4201 2512 4254; x_wconf 89' lang='lat' dir='ltr'><strong>in</strong></span> <span class='ocrx_word' id='word_1_875' title='bbox 2533 4201 2822 4254; x_wconf 85' lang='lat' dir='ltr'><strong>dilectione.</strong></span> 
     </span>
    </p>
   </div>
   <div class='ocr_carea' id='block_1_105' title="bbox 2205 4282 3713 4362">
    <p class='ocr_par' dir='ltr' id='par_1_105' title="bbox 2205 4282 3713 4362">
     <span class='ocr_line' id='line_1_105' title="bbox 2205 4282 3713 4362; baseline -0.006 -14"><span class='ocrx_word' id='word_1_876' title='bbox 2205 4293 2293 4349; x_wconf 89' lang='grc'><strong>10.</strong></span> <span class='ocrx_word' id='word_1_877' title='bbox 2315 4291 2589 4362; x_wconf 85' lang='lat' dir='ltr'><strong>Separabo</strong></span> <span class='ocrx_word' id='word_1_878' title='bbox 2612 4304 2719 4357; x_wconf 89' lang='lat' dir='ltr'><strong>me,</strong></span> <span class='ocrx_word' id='word_1_879' title='bbox 2750 4289 2922 4359; x_wconf 92' lang='lat' dir='ltr'><strong>inquit</strong></span> <span class='ocrx_word' id='word_1_880' title='bbox 2944 4286 3156 4357; x_wconf 84' lang='lat' dir='ltr'><strong>aliquis,</strong></span> <span class='ocrx_word' id='word_1_881' title='bbox 3174 4301 3295 4341; x_wconf 88' lang='lat' dir='ltr'><strong>cum</strong></span> <span class='ocrx_word' id='word_1_882' title='bbox 3321 4286 3501 4355; x_wconf 84' lang='lat' dir='ltr'><strong>paucis</strong></span> <span class='ocrx_word' id='word_1_883' title='bbox 3523 4282 3713 4350; x_wconf 81' lang='lat' dir='ltr'><strong>bonis;</strong></span> 
     </span>
    </p>
   </div>
   <div class='ocr_carea' id='block_1_106' title="bbox 2131 4376 3712 4447">
    <p class='ocr_par' dir='ltr' id='par_1_106' title="bbox 2131 4376 3712 4447">
     <span class='ocr_line' id='line_1_106' title="bbox 2131 4376 3712 4447; baseline -0.007 -6"><span class='ocrx_word' id='word_1_884' title='bbox 2131 4400 2251 4441; x_wconf 92' lang='lat' dir='ltr'><strong>cum</strong></span> <span class='ocrx_word' id='word_1_885' title='bbox 2282 4385 2386 4439; x_wconf 92' lang='lat' dir='ltr'><strong>illis</strong></span> <span class='ocrx_word' id='word_1_886' title='bbox 2415 4383 2541 4437; x_wconf 90' lang='lat' dir='ltr'><strong>mihi</strong></span> <span class='ocrx_word' id='word_1_887' title='bbox 2571 4383 2705 4438; x_wconf 89' lang='lat' dir='ltr'><strong>bene</strong></span> <span class='ocrx_word' id='word_1_888' title='bbox 2732 4381 2855 4436; x_wconf 91' lang='lat' dir='ltr'><strong>erit.</strong></span> <span class='ocrx_word' id='word_1_889' title='bbox 2883 4378 3015 4434; x_wconf 90' lang='lat' dir='ltr'><strong>Nam</strong></span> <span class='ocrx_word' id='word_1_890' title='bbox 3038 4376 3170 4432; x_wconf 86' lang='lat' dir='ltr'><strong>nulli</strong></span> <span class='ocrx_word' id='word_1_891' title='bbox 3205 4376 3463 4447; x_wconf 81' lang='lat' dir='ltr'><strong>prodesse</strong></span> <span class='ocrx_word' id='word_1_892' title='bbox 3494 4377 3712 4447; x_wconf 80' lang='lat' dir='ltr'><strong>impium</strong></span> 
     </span>
    </p>
   </div>
   <div class='ocr_carea' id='block_1_107' title="bbox 2130 4469 3714 4531">
    <p class='ocr_par' dir='ltr' id='par_1_107' title="bbox 2130 4469 3714 4531">
     <span class='ocr_line' id='line_1_107' title="bbox 2130 4469 3714 4531; baseline -0.004 -1"><span class='ocrx_word' id='word_1_893' title='bbox 2130 4488 2183 4530; x_wconf 88' lang='lat' dir='ltr'><strong>et</strong></span> <span class='ocrx_word' id='word_1_894' title='bbox 2207 4475 2422 4531; x_wconf 88' lang='lat' dir='ltr'><strong>crudele</strong></span> <span class='ocrx_word' id='word_1_895' title='bbox 2444 4483 2545 4531; x_wconf 87' lang='lat' dir='ltr'><strong>est.</strong></span> <span class='ocrx_word' id='word_1_896' title='bbox 2566 4473 2683 4528; x_wconf 92' lang='lat' dir='ltr'><strong>Non</strong></span> <span class='ocrx_word' id='word_1_897' title='bbox 2722 4488 2807 4527; x_wconf 90' lang='lat' dir='ltr'><strong>me</strong></span> <span class='ocrx_word' id='word_1_898' title='bbox 2843 4471 2946 4526; x_wconf 87' lang='lat' dir='ltr'><strong>hoc</strong></span> <span class='ocrx_word' id='word_1_899' title='bbox 2970 4469 3151 4526; x_wconf 87' lang='lat' dir='ltr'><strong>docuit</strong></span> <span class='ocrx_word' id='word_1_900' title='bbox 3176 4471 3195 4502; x_wconf 75' lang='grc' dir='ltr'>ί</span> <span class='ocrx_word' id='word_1_901' title='bbox 3237 4469 3495 4525; x_wconf 86' lang='lat' dir='ltr'><strong>Dominus</strong></span> <span class='ocrx_word' id='word_1_902' title='bbox 3538 4484 3714 4525; x_wconf 87' lang='lat' dir='ltr'><strong>meus.</strong></span> 
     </span>
    </p>
   </div>
   <div class='ocr_carea' id='block_1_108' title="bbox 2130 4548 3714 4632">
    <p class='ocr_par' dir='ltr' id='par_1_108' title="bbox 2130 4548 3714 4632">
     <span class='ocr_line' id='line_1_108' title="bbox 2130 4548 3714 4632; baseline -0.005 -9"><span class='ocrx_word' id='word_1_903' title='bbox 2130 4567 2245 4623; x_wconf 90' lang='lat' dir='ltr'><strong>Non</strong></span> <span class='ocrx_word' id='word_1_904' title='bbox 2275 4548 2419 4623; x_wconf 84' lang='lat' dir='ltr'><strong>enim</strong></span> <span class='ocrx_word' id='word_1_905' title='bbox 2449 4565 2721 4622; x_wconf 87' lang='lat' dir='ltr'><strong>damnavit</strong></span> <span class='ocrx_word' id='word_1_906' title='bbox 2744 4578 2960 4618; x_wconf 90' lang='lat' dir='ltr'><strong>servum</strong></span> <span class='ocrx_word' id='word_1_907' title='bbox 2990 4563 3078 4632; x_wconf 85' lang='lat' dir='ltr'><strong>qui</strong></span> <span class='ocrx_word' id='word_1_908' title='bbox 3113 4560 3419 4615; x_wconf 86' lang='lat' dir='ltr'><strong>intervertit</strong></span> <span class='ocrx_word' id='word_1_909' title='bbox 3446 4560 3590 4630; x_wconf 89' lang='lat' dir='ltr'><strong>quod</strong></span> <span class='ocrx_word' id='word_1_910' title='bbox 3619 4574 3714 4615; x_wconf 82' lang='lat' dir='ltr'><strong>ac-</strong></span> 
     </span>
    </p>
   </div>
   <div class='ocr_carea' id='block_1_109' title="bbox 2130 4632 3716 4730">
    <p class='ocr_par' dir='ltr' id='par_1_109' title="bbox 2130 4632 3716 4730">
     <span class='ocr_line' id='line_1_109' title="bbox 2130 4632 3716 4730; baseline -0.006 -16"><span class='ocrx_word' id='word_1_911' title='bbox 2130 4661 2291 4730; x_wconf 86' lang='lat' dir='ltr'><strong>cepit,</strong></span> <span class='ocrx_word' id='word_1_912' title='bbox 2330 4659 2426 4713; x_wconf 89' lang='lat' dir='ltr'><strong>sed</strong></span> <span class='ocrx_word' id='word_1_913' title='bbox 2455 4658 2544 4728; x_wconf 91' lang='lat' dir='ltr'><strong>qui</strong></span> <span class='ocrx_word' id='word_1_914' title='bbox 2568 4671 2673 4711; x_wconf 92' lang='lat' dir='ltr'><strong>non</strong></span> <span class='ocrx_word' id='word_1_915' title='bbox 2702 4654 2959 4725; x_wconf 85' lang='lat' dir='ltr'><strong>erogavit.</strong></span> <span class='ocrx_word' id='word_1_916' title='bbox 2993 4632 3509 4723; x_wconf 58' lang='lat' dir='ltr'><strong>lntelligatur‘poans</strong></span> <span class='ocrx_word' id='word_1_917' title='bbox 3543 4652 3716 4707; x_wconf 66' lang='lat' dir='ltr'><strong>inter-</strong></span> 
     </span>
    </p>
   </div>
   <div class='ocr_carea' id='block_1_110' title="bbox 2128 4745 3715 4822">
    <p class='ocr_par' dir='ltr' id='par_1_110' title="bbox 2128 4745 3715 4822">
     <span class='ocr_line' id='line_1_110' title="bbox 2128 4745 3715 4822; baseline -0.006 -14"><span class='ocrx_word' id='word_1_918' title='bbox 2128 4751 2361 4808; x_wconf 85' lang='lat' dir='ltr'><strong>versoris</strong></span> <span class='ocrx_word' id='word_1_919' title='bbox 2386 4768 2448 4807; x_wconf 80' lang='lat' dir='ltr'><strong>ex</strong></span> <span class='ocrx_word' id='word_1_920' title='bbox 2475 4764 2631 4822; x_wconf 72' lang='lat' dir='ltr'><strong>pwua</strong></span> <span class='ocrx_word' id='word_1_921' title='bbox 2653 4748 2804 4818; x_wconf 82' lang='lat' dir='ltr'><strong>pigri.</strong></span> <span class='ocrx_word' id='word_1_922' title='bbox 2832 4747 2994 4809; x_wconf 84' lang='lat' dir='ltr'><strong>Serve</strong></span> <span class='ocrx_word' id='word_1_923' title='bbox 3013 4753 3295 4815; x_wconf 73' lang='lat' dir='ltr'><strong>nequamst</strong></span> <span class='ocrx_word' id='word_1_924' title='bbox 3316 4746 3478 4816; x_wconf 86' lang='lat' dir='ltr'><strong>piger,</strong></span> <span class='ocrx_word' id='word_1_925' title='bbox 3507 4747 3583 4800; x_wconf 82' lang='lat' dir='ltr'><strong>ait</strong></span> <span class='ocrx_word' id='word_1_926' title='bbox 3606 4745 3715 4799; x_wconf 59' lang='lat' dir='ltr'><strong>Do.</strong></span> 
     </span>
    </p>
   </div>
   <div class='ocr_carea' id='block_1_111' title="bbox 2128 4836 3716 4905">
    <p class='ocr_par' dir='ltr' id='par_1_111' title="bbox 2128 4836 3716 4905">
     <span class='ocr_line' id='line_1_111' title="bbox 2128 4836 3716 4905; baseline -0.008 -4"><span class='ocrx_word' id='word_1_927' title='bbox 2128 4849 2301 4902; x_wconf 90' lang='lat' dir='ltr'><strong>minus</strong></span> <span class='ocrx_word' id='word_1_928' title='bbox 2318 4846 2577 4901; x_wconf 84' lang='lat' dir='ltr'><strong>danmans</strong></span> <span class='ocrx_word' id='word_1_929' title='bbox 2592 4857 2607 4891; x_wconf 70' lang='grc' dir='ltr'><strong><em>τ</em></strong></span> <span class='ocrx_word' id='word_1_930' title='bbox 2624 4855 2729 4894; x_wconf 89' lang='lat' dir='ltr'><strong>non</strong></span> <span class='ocrx_word' id='word_1_931' title='bbox 2748 4840 2839 4900; x_wconf 85' lang='lat' dir='ltr'><strong>ait,</strong></span> <span class='ocrx_word' id='word_1_932' title='bbox 2857 4836 3204 4893; x_wconf 81' lang='lat' dir='ltr'><strong>lutervertisti</strong></span> <span class='ocrx_word' id='word_1_933' title='bbox 3220 4836 3497 4905; x_wconf 85' lang='lat' dir='ltr'><strong>pecuniam</strong></span> <span class='ocrx_word' id='word_1_934' title='bbox 3513 4850 3716 4903; x_wconf 87' lang='lat' dir='ltr'><strong>meam;</strong></span> 
     </span>
    </p>
   </div>
   <div class='ocr_carea' id='block_1_112' title="bbox 2129 4926 3715 5003">
    <p class='ocr_par' dir='ltr' id='par_1_112' title="bbox 2129 4926 3715 5003">
     <span class='ocr_line' id='line_1_112' title="bbox 2129 4926 3715 5003; baseline -0.008 -9"><span class='ocrx_word' id='word_1_935' title='bbox 2129 4957 2232 4994; x_wconf 90' lang='lat' dir='ltr'><strong>non</strong></span> <span class='ocrx_word' id='word_1_936' title='bbox 2262 4940 2355 5003; x_wconf 90' lang='lat' dir='ltr'><strong>ait,</strong></span> <span class='ocrx_word' id='word_1_937' title='bbox 2384 4935 2513 4991; x_wconf 90' lang='lat' dir='ltr'><strong>Dedi</strong></span> <span class='ocrx_word' id='word_1_938' title='bbox 2569 4933 2683 4999; x_wconf 91' lang='lat' dir='ltr'><strong>tibi,</strong></span> <span class='ocrx_word' id='word_1_939' title='bbox 2732 4943 2785 4988; x_wconf 91' lang='lat' dir='ltr'><strong>et</strong></span> <span class='ocrx_word' id='word_1_940' title='bbox 2812 4947 2916 4985; x_wconf 89' lang='lat' dir='ltr'><strong>non</strong></span> <span class='ocrx_word' id='word_1_941' title='bbox 2964 4928 3095 4984; x_wconf 89' lang='lat' dir='ltr'><strong>mihi</strong></span> <span class='ocrx_word' id='word_1_942' title='bbox 3123 4927 3265 4999; x_wconf 91' lang='lat' dir='ltr'><strong>quod</strong></span> <span class='ocrx_word' id='word_1_943' title='bbox 3293 4926 3415 4982; x_wconf 87' lang='lat' dir='ltr'><strong>dedi</strong></span> <span class='ocrx_word' id='word_1_944' title='bbox 3447 4927 3715 4997; x_wconf 85' lang='lat' dir='ltr'><strong>integrum</strong></span> 
     </span>
    </p>
   </div>
   <div class='ocr_carea' id='block_1_113' title="bbox 2126 5019 3713 5097">
    <p class='ocr_par' dir='ltr' id='par_1_113' title="bbox 2126 5019 3713 5097">
     <span class='ocr_line' id='line_1_113' title="bbox 2126 5019 3713 5097; baseline -0.009 -9"><span class='ocrx_word' id='word_1_945' title='bbox 2126 5029 2400 5088; x_wconf 78' lang='lat' dir='ltr'><strong>reddidiSti</strong></span> <span class='ocrx_word' id='word_1_946' title='bbox 2423 5047 2436 5083; x_wconf 90' lang='lat'>:</span> <span class='ocrx_word' id='word_1_947' title='bbox 2463 5027 2596 5097; x_wconf 83' lang='lat' dir='ltr'><strong>Quia</strong></span> <span class='ocrx_word' id='word_1_948' title='bbox 2626 5041 2731 5081; x_wconf 90' lang='lat' dir='ltr'><strong>non</strong></span> <span class='ocrx_word' id='word_1_949' title='bbox 2754 5022 2922 5080; x_wconf 87' lang='lat' dir='ltr'><strong>crevit</strong></span> <span class='ocrx_word' id='word_1_950' title='bbox 2941 5064 2956 5088; x_wconf 92' lang='lat'><strong>,</strong></span> <span class='ocrx_word' id='word_1_951' title='bbox 2992 5022 3113 5091; x_wconf 83' lang='lat' dir='ltr'><strong>quia</strong></span> <span class='ocrx_word' id='word_1_952' title='bbox 3143 5036 3248 5074; x_wconf 91' lang='lat' dir='ltr'><strong>non</strong></span> <span class='ocrx_word' id='word_1_953' title='bbox 3276 5019 3529 5090; x_wconf 84' lang='lat' dir='ltr'><strong>erogasti,</strong></span> <span class='ocrx_word' id='word_1_954' title='bbox 3564 5019 3713 5086; x_wconf 86' lang='lat' dir='ltr'><strong>inde,</strong></span> 
     </span>
    </p>
   </div>
   <div class='ocr_carea' id='block_1_114' title="bbox 2125 5109 3718 5194">
    <p class='ocr_par' dir='ltr' id='par_1_114' title="bbox 2125 5109 3718 5194">
     <span class='ocr_line' id='line_1_114' title="bbox 2125 5109 3718 5194; baseline -0.009 -14"><span class='ocrx_word' id='word_1_955' title='bbox 2125 5123 2316 5194; x_wconf 85' lang='lat' dir='ltr'><strong>inquit,</strong></span> <span class='ocrx_word' id='word_1_956' title='bbox 2346 5132 2397 5177; x_wconf 89' lang='lat' dir='ltr'><strong>te</strong></span> <span class='ocrx_word' id='word_1_957' title='bbox 2418 5118 2631 5191; x_wconf 86' lang='lat' dir='ltr'><strong>puniam</strong></span> <span class='ocrx_word' id='word_1_958' title='bbox 2654 5115 2828 5190; x_wconf 79' lang='lat' dir='ltr'><strong>(Matt.</strong></span> <span class='ocrx_word' id='word_1_959' title='bbox 2857 5130 2977 5178; x_wconf 86' lang='lat' dir='ltr'><strong>xxv,</strong></span> <span class='ocrx_word' id='word_1_960' title='bbox 3001 5109 3213 5182; x_wconf 74' lang='grc'><strong>14-56).</strong></span> <span class='ocrx_word' id='word_1_961' title='bbox 3244 5112 3451 5165; x_wconf 81' lang='lat' dir='ltr'><strong>Avarus</strong></span> <span class='ocrx_word' id='word_1_962' title='bbox 3472 5120 3555 5165; x_wconf 91' lang='lat' dir='ltr'><strong>est</strong></span> <span class='ocrx_word' id='word_1_963' title='bbox 3574 5111 3718 5165; x_wconf 81' lang='lat' dir='ltr'><strong>Dens</strong></span> 
     </span>
    </p>
   </div>
   <div class='ocr_carea' id='block_1_115' title="bbox 2123 5202 3717 5280">
    <p class='ocr_par' dir='ltr' id='par_1_115' title="bbox 2123 5202 3717 5280">
     <span class='ocr_line' id='line_1_115' title="bbox 2123 5202 3717 5280; baseline -0.009 -8"><span class='ocrx_word' id='word_1_964' title='bbox 2123 5219 2309 5272; x_wconf 86' lang='lat' dir='ltr'><strong>salutis</strong></span> <span class='ocrx_word' id='word_1_965' title='bbox 2336 5223 2551 5269; x_wconf 64' lang='lat' dir='ltr'><strong>nostrae.</strong></span> <span class='ocrx_word' id='word_1_966' title='bbox 2576 5210 2718 5280; x_wconf 86' lang='lat' dir='ltr'><strong>Ergo</strong></span> <span class='ocrx_word' id='word_1_967' title='bbox 2746 5205 3006 5278; x_wconf 84' lang='lat' dir='ltr'><strong>separabo</strong></span> <span class='ocrx_word' id='word_1_968' title='bbox 3029 5218 3135 5270; x_wconf 91' lang='lat' dir='ltr'><strong>me,</strong></span> <span class='ocrx_word' id='word_1_969' title='bbox 3162 5202 3351 5273; x_wconf 81' lang='lat' dir='ltr'><strong>inquit,</strong></span> <span class='ocrx_word' id='word_1_970' title='bbox 3380 5218 3500 5256; x_wconf 86' lang='lat' dir='ltr'><strong>eum</strong></span> <span class='ocrx_word' id='word_1_971' title='bbox 3528 5205 3717 5272; x_wconf 77' lang='lat' dir='ltr'><strong>paucis</strong></span> 
     </span>
    </p>
   </div>
   <div class='ocr_carea' id='block_1_116' title="bbox 2122 5292 3717 5375">
    <p class='ocr_par' dir='ltr' id='par_1_116' title="bbox 2122 5292 3717 5375">
     <span class='ocr_line' id='line_1_116' title="bbox 2122 5292 3717 5375; baseline -0.013 -9"><span class='ocrx_word' id='word_1_972' title='bbox 2122 5310 2277 5365; x_wconf 88' lang='lat' dir='ltr'><strong>bonis</strong></span> <span class='ocrx_word' id='word_1_973' title='bbox 2302 5326 2314 5362; x_wconf 95' lang='lat'>:</span> <span class='ocrx_word' id='word_1_974' title='bbox 2338 5304 2462 5375; x_wconf 90' lang='lat' dir='ltr'><strong>quid</strong></span> <span class='ocrx_word' id='word_1_975' title='bbox 2486 5302 2613 5357; x_wconf 92' lang='lat' dir='ltr'><strong>mihi</strong></span> <span class='ocrx_word' id='word_1_976' title='bbox 2637 5310 2721 5356; x_wconf 87' lang='lat' dir='ltr'><strong>est</strong></span> <span class='ocrx_word' id='word_1_977' title='bbox 2747 5299 3004 5354; x_wconf 83' lang='lat' dir='ltr'><strong>rationem</strong></span> <span class='ocrx_word' id='word_1_978' title='bbox 3027 5294 3225 5349; x_wconf 84' lang='lat' dir='ltr'><strong>habere</strong></span> <span class='ocrx_word' id='word_1_979' title='bbox 3247 5308 3365 5347; x_wconf 87' lang='lat' dir='ltr'><strong>eum</strong></span> <span class='ocrx_word' id='word_1_980' title='bbox 3391 5292 3559 5346; x_wconf 85' lang='lat' dir='ltr'><strong>turbis</strong></span> <span class='ocrx_word' id='word_1_981' title='bbox 3576 5292 3601 5345; x_wconf 79' lang='lat' dir='ltr'><strong>‘l</strong></span> <span class='ocrx_word' id='word_1_982' title='bbox 3621 5292 3717 5347; x_wconf 85' lang='lat' dir='ltr'><strong>Be-</strong></span> 
     </span>
    </p>
   </div>
   <div class='ocr_carea' id='block_1_117' title="bbox 2126 5380 3716 5468">
    <p class='ocr_par' dir='ltr' id='par_1_117' title="bbox 2126 5380 3716 5468">
     <span class='ocr_line' id='line_1_117' title="bbox 2126 5380 3716 5468; baseline -0.013 -12"><span class='ocrx_word' id='word_1_983' title='bbox 2126 5420 2189 5456; x_wconf 84' lang='lat' dir='ltr'><strong>ne</strong></span> <span class='ocrx_word' id='word_1_984' title='bbox 2211 5418 2225 5455; x_wconf 90' lang='lat'><strong>:</strong></span> <span class='ocrx_word' id='word_1_985' title='bbox 2249 5398 2399 5468; x_wconf 87' lang='lat' dir='ltr'><strong>pauci</strong></span> <span class='ocrx_word' id='word_1_986' title='bbox 2428 5396 2525 5465; x_wconf 85' lang='lat' dir='ltr'><strong>ipsi</strong></span> <span class='ocrx_word' id='word_1_987' title='bbox 2555 5393 2702 5458; x_wconf 93' lang='lat' dir='ltr'><strong>boni,</strong></span> <span class='ocrx_word' id='word_1_988' title='bbox 2726 5390 2793 5445; x_wconf 81' lang='lat' dir='ltr'><strong>de</strong></span> <span class='ocrx_word' id='word_1_989' title='bbox 2820 5388 3015 5458; x_wconf 88' lang='lat' dir='ltr'><strong>quibus</strong></span> <span class='ocrx_word' id='word_1_990' title='bbox 3041 5384 3209 5439; x_wconf 81' lang='lat' dir='ltr'><strong>turbis</strong></span> <span class='ocrx_word' id='word_1_991' title='bbox 3231 5392 3347 5437; x_wconf 88' lang='lat' dir='ltr'><strong>sunt</strong></span> <span class='ocrx_word' id='word_1_992' title='bbox 3377 5382 3594 5450; x_wconf 84' lang='lat' dir='ltr'><strong>eliquati</strong></span> <span class='ocrx_word' id='word_1_993' title='bbox 3611 5382 3636 5434; x_wconf 68' lang='grc' dir='ltr'><strong><em>Ἰ</em></strong></span> <span class='ocrx_word' id='word_1_994' title='bbox 3657 5380 3716 5435; x_wconf 88' lang='lat' dir='ltr'><strong>Si</strong></span> 
     </span>
    </p>
   </div>
   <div class='ocr_carea' id='block_1_118' title="bbox 2126 5473 3712 5560">
    <p class='ocr_par' dir='ltr' id='par_1_118' title="bbox 2126 5473 3712 5560">
     <span class='ocr_line' id='line_1_118' title="bbox 2126 5473 3712 5560; baseline -0.015 -12"><span class='ocrx_word' id='word_1_995' title='bbox 2126 5503 2302 5548; x_wconf 87' lang='lat' dir='ltr'><strong>tamen</strong></span> <span class='ocrx_word' id='word_1_996' title='bbox 2325 5490 2434 5560; x_wconf 83' lang='lat' dir='ltr'><strong>jam</strong></span> <span class='ocrx_word' id='word_1_997' title='bbox 2464 5488 2564 5557; x_wconf 80' lang='lat' dir='ltr'><strong>ipsi</strong></span> <span class='ocrx_word' id='word_1_998' title='bbox 2584 5484 2773 5554; x_wconf 77' lang='lat' dir='ltr'><strong>pauci,</strong></span> <span class='ocrx_word' id='word_1_999' title='bbox 2811 5495 2999 5535; x_wconf 89' lang='lat' dir='ltr'><strong>omnes</strong></span> <span class='ocrx_word' id='word_1_1000' title='bbox 3028 5476 3155 5531; x_wconf 89' lang='lat' dir='ltr'><strong>boni</strong></span> <span class='ocrx_word' id='word_1_1001' title='bbox 3186 5493 3198 5528; x_wconf 95' lang='lat'>:</span> <span class='ocrx_word' id='word_1_1002' title='bbox 3232 5485 3410 5529; x_wconf 79' lang='lat' dir='ltr'><strong>tamen</strong></span> <span class='ocrx_word' id='word_1_1003' title='bbox 3444 5473 3581 5527; x_wconf 87' lang='lat' dir='ltr'><strong>bona</strong></span> <span class='ocrx_word' id='word_1_1004' title='bbox 3615 5488 3712 5525; x_wconf 77' lang='lat' dir='ltr'><strong>co-</strong></span> 
     </span>
    </p>
   </div>
   <div class='ocr_carea' id='block_1_119' title="bbox 2121 5560 3720 5655">
    <p class='ocr_par' dir='ltr' id='par_1_119' title="bbox 2121 5560 3720 5655">
     <span class='ocr_line' id='line_1_119' title="bbox 2121 5560 3720 5655; baseline -0.014 -17"><span class='ocrx_word' id='word_1_1005' title='bbox 2121 5584 2307 5655; x_wconf 83' lang='lat' dir='ltr'><strong>gitatio</strong></span> <span class='ocrx_word' id='word_1_1006' title='bbox 2334 5580 2597 5643; x_wconf 88' lang='lat' dir='ltr'><strong>humana,</strong></span> <span class='ocrx_word' id='word_1_1007' title='bbox 2651 5571 2956 5634; x_wconf 83' lang='lat' dir='ltr'><strong>laudabilis,</strong></span> <span class='ocrx_word' id='word_1_1008' title='bbox 2990 5583 3112 5623; x_wconf 90' lang='lat' dir='ltr'><strong>esse</strong></span> <span class='ocrx_word' id='word_1_1009' title='bbox 3133 5581 3252 5621; x_wconf 86' lang='lat' dir='ltr'><strong>cum</strong></span> <span class='ocrx_word' id='word_1_1010' title='bbox 3284 5562 3475 5618; x_wconf 90' lang='lat' dir='ltr'><strong>talibus</strong></span> <span class='ocrx_word' id='word_1_1011' title='bbox 3496 5560 3589 5631; x_wconf 91' lang='lat' dir='ltr'><strong>qui</strong></span> <span class='ocrx_word' id='word_1_1012' title='bbox 3612 5562 3720 5616; x_wconf 75' lang='lat' dir='ltr'><strong>ele~</strong></span> 
     </span>
    </p>
   </div>
   <div class='ocr_carea' id='block_1_120' title="bbox 2123 5653 3713 5746">
    <p class='ocr_par' dir='ltr' id='par_1_120' title="bbox 2123 5653 3713 5746">
     <span class='ocr_line' id='line_1_120' title="bbox 2123 5653 3713 5746; baseline -0.012 -21"><span class='ocrx_word' id='word_1_1013' title='bbox 2123 5653 2319 5746; x_wconf 71' lang='lat' dir='ltr'><strong>gerunt</strong></span> <span class='ocrx_word' id='word_1_1014' title='bbox 2342 5673 2502 5727; x_wconf 84' lang='lat' dir='ltr'><strong>vitam</strong></span> <span class='ocrx_word' id='word_1_1015' title='bbox 2533 5666 2801 5738; x_wconf 87' lang='lat' dir='ltr'><strong>quietam;</strong></span> <span class='ocrx_word' id='word_1_1016' title='bbox 2840 5661 3033 5716; x_wconf 89' lang='lat' dir='ltr'><strong>remoti</strong></span> <span class='ocrx_word' id='word_1_1017' title='bbox 3075 5674 3105 5714; x_wconf 89' lang='lat' dir='ltr'><strong>a</strong></span> <span class='ocrx_word' id='word_1_1018' title='bbox 3135 5657 3359 5726; x_wconf 87' lang='lat' dir='ltr'><strong>strepitu</strong></span> <span class='ocrx_word' id='word_1_1019' title='bbox 3391 5653 3656 5729; x_wconf 82' lang='lat' dir='ltr'><strong>populari,</strong></span> <span class='ocrx_word' id='word_1_1020' title='bbox 3680 5669 3713 5707; x_wconf 84' lang='lat' dir='ltr'><strong>a</strong></span> 
     </span>
    </p>
   </div>
   <div class='ocr_carea' id='block_1_121' title="bbox 2188 5815 3146 5883">
    <p class='ocr_par' dir='ltr' id='par_1_121' title="bbox 2188 5815 3146 5883">
     <span class='ocr_line' id='line_1_121' title="bbox 2188 5815 3146 5883; baseline -0.021 1"><span class='ocrx_word' id='word_1_1021' title='bbox 2188 5838 2202 5867; x_wconf 83' lang='grc'>¹</span> <span class='ocrx_word' id='word_1_1022' title='bbox 2226 5835 2295 5883; x_wconf 77' lang='lat' dir='ltr'><strong>sic</strong></span> <span class='ocrx_word' id='word_1_1023' title='bbox 2312 5839 2413 5880; x_wconf 69' lang='lat' dir='ltr'><strong>uss.</strong></span> <span class='ocrx_word' id='word_1_1024' title='bbox 2445 5825 2641 5879; x_wconf 52' lang='lat' dir='ltr'><strong>All-liti;</strong></span> <span class='ocrx_word' id='word_1_1025' title='bbox 2670 5831 2830 5875; x_wconf 71' lang='lat' dir='ltr'><strong>Nonne</strong></span> <span class='ocrx_word' id='word_1_1026' title='bbox 2852 5818 2940 5869; x_wconf 82' lang='lat' dir='ltr'><strong>hoc</strong></span> <span class='ocrx_word' id='word_1_1027' title='bbox 2964 5815 3146 5867; x_wconf 83' lang='lat' dir='ltr'><strong>docuit.</strong></span> 
     </span>
    </p>
   </div>
  </div>
