3984 6204
265 443 407 499 1277

266 555 443 613 turbis
466 549 747 624 inquietis,
777 561 805 601 a
837 544 1046 616 magnis
1067 539 1316 599 fluctibus
1346 539 1551 606 steculi,
1595 545 1849 609 tanquam

268 653 324 707 in
375 658 531 719 portu
559 652 705 702 sunt.
747 641 865 698 Jam
894 654 1024 709 ergo
1053 637 1123 692 ibi
1160 634 1409 707 gaudium
1442 631 1739 699 illudijam
1779 628 1852 683 ibi

263 741 518 817 jubilatio
547 738 634 793 illa
665 751 784 807 quae
812 729 1174 803 promittitur?
1223 725 1506 791 Nondum;
1559 722 1653 777 sed
1682 720 1856 775 adhuc

268 812 527 909 gemitus,
559 829 734 885 adhuc
761 822 1067 882 sollicitudo
1092 820 1466 877 tentationum.
1498 816 1671 870 Habet
1709 812 1855 867 enim

269 901 525 981 alicunde
559 931 618 976 et
645 929 834 991 portus
859 914 1097 970 aditum:
1120 912 1166 966 si
1192 918 1375 981 portus
1395 906 1597 961 aditum
1625 919 1690 957 ex
1712 901 1857 956 nulla

271 1025 431 1088 parte
462 1014 721 1075 haberet,
754 1006 903 1063 nulla
951 1005 1004 1059 in
1028 1017 1151 1059 eum
1175 1000 1325 1055 navis
1355 998 1614 1058 intraret;
1647 999 1861 1063 oportet

272 1120 408 1178 ergo
436 1113 501 1159 ut
520 1118 588 1157 ex
613 1101 789 1170 aliqua
812 1106 963 1169 parte
984 1102 1166 1165 pateat
1195 1111 1208 1152 ;
1238 1088 1523 1160 aliquando
1549 1095 1726 1141 autem
1766 1098 1862 1154 per

272 1174 396 1255 eain
420 1205 627 1266 partem
659 1205 763 1263 qua
802 1197 968 1260 patet,
991 1194 1185 1241 ventus
1218 1182 1414 1247 irruit;
1463 1190 1516 1234 et
1543 1178 1632 1233 ubi
1655 1174 1861 1245 scopuli

276 1304 389 1344 non
415 1295 566 1351 sunt,
593 1296 757 1339 naves
802 1295 862 1336 se
891 1277 1119 1333 invicem
1144 1274 1347 1331 collisae
1371 1269 1732 1340 confringunt.
1761 1266 1865 1324 Ubi

278 1392 413 1450 ergo
437 1375 726 1441 securitas,
752 1372 797 1427 si
838 1384 954 1438 nec,
982 1371 1035 1423 in
1058 1366 1254 1437 portu?
1279 1364 1346 1419 Et
1373 1352 1549 1417 tamen
1577 1358 1866 1427 utcumque

277 1469 558 1527 feliciores
585 1468 602 1498 ί
638 1466 690 1519 in
719 1474 880 1535 portu
920 1475 1079 1530 quam
1124 1458 1176 1511 in
1211 1457 1416 1527 pelago,
1444 1451 1715 1507 fatendum
1743 1459 1865 1515 est,

281 1556 691 1615 concedendum
718 1562 821 1617 est,
852 1565 1034 1607 verum
1072 1555 1176 1603 est.
1220 1543 1414 1600 Ament
1437 1557 1496 1598 se
1519 1543 1541 1573 ¹
1566 1581 1580 1602 .
1610 1554 1773 1595 naves
1815 1540 1867 1592 in

281 1663 447 1727 portu
478 1651 615 1706 bene
644 1646 767 1727 sibi
791 1645 1128 1716 applicentur
1151 1682 1165 1707 ,
1212 1653 1319 1693 non
1351 1635 1451 1691 sibi
1497 1632 1820 1687 collidantur
1851 1647 1866 1684 :

283 1720 535 1802 servetur
582 1741 654 1797 ibi
684 1720 923 1811 parilitas
950 1731 1345 1805 atquabilitatis,
1373 1726 1672 1784 constantia
1696 1722 1873 1779 chari-

288 1840 454 1901 tatis;
483 1844 540 1891 et
562 1831 778 1905 quando
806 1832 943 1885 forte
970 1836 1163 1883 ventus
1190 1837 1257 1880 cx
1280 1822 1370 1877 illa
1395 1828 1549 1892 parte
1574 1833 1675 1889 qua
1703 1824 1868 1888 patet,

287 1927 511 1986 irruerit
529 1968 545 1993 ,
576 1925 645 1980 sit
674 1922 744 1979 ibi
771 1932 927 1977 cauta
953 1915 1289 1990 gubernatio.

362 2019 452 2073 tl.
478 2015 615 2071 Nam
666 2013 790 2083 quid
839 2011 1081 2066 dicturus
1107 2014 1190 2062 est
1240 2003 1370 2059 mihi
1398 2000 1642 2072 quisquis
1682 1997 1874 2051 talibus

194 2096 199 2101 ’
287 2110 425 2167 locis
446 2107 584 2163 forte
608 2113 807 2176 pra-est
828 2143 844 2170 ,
878 2102 987 2155 imo
1028 2098 1193 2154 servit
1220 2094 1503 2154 fratribus,
1554 2093 1604 2144 in
1635 2089 1719 2143 his
1756 2102 1876 2158 qme

290 2195 621 2255 monasteria
643 2190 930 2248 dicuntur?
953 2187 1082 2259 quid
1116 2186 1361 2241 dicturus
1387 2180 1513 2237 est?
1537 2180 1738 2234 Cautus
1757 2191 1873 2241 ero,

290 2289 502 2345 nullum
559 2285 757 2340 malum
797 2280 1092 2337 admittam.
1119 2273 1398 2346 Quomodo
1441 2272 1643 2327 nullum
1681 2271 1874 2322 malum

290 2376 587 2434 admittes?
612 2374 823 2430 Nullum
850 2370 1124 2426 hominem
1155 2367 1353 2422 malum
1378 2404 1395 2431 ,
1426 2363 1628 2416 nullum
1659 2360 1880 2413 fratrem

294 2474 493 2528 malum
523 2470 813 2525 intrantem
837 2462 1168 2518 admissurus
1194 2471 1343 2523 sum;
1366 2469 1489 2510 cum
1509 2452 1694 2523 paucis
1721 2449 1881 2505 bonis

290 2565 436 2620 bene
466 2560 598 2617 mihi
626 2559 747 2616 erit.
779 2555 881 2612 Ubi
910 2552 1187 2624 cognoscis
1212 2562 1373 2619 quem
1428 2544 1563 2599 forte
1589 2543 1671 2598 vis
1695 2541 1881 2597 exclu-

294 2655 469 2734 dere?
497 2652 568 2710 Ut
613 2657 966 2721 cognoscatur
995 2645 1166 2699 malus
1185 2685 1200 2708 ,
1230 2641 1372 2695 intus
1419 2634 1724 2707 probandus
1751 2641 1835 2687 est
1865 2650 1881 2686 :

295 2728 570 2819 quomodo
592 2757 720 2815 ergo
768 2737 1010 2795 excludis
1036 2737 1354 2790 intraturum
1376 2770 1392 2795 ,
1418 2728 1509 2800 qui
1551 2735 1733 2798 postea
1761 2737 1912 2795 pro-'

297 2841 512 2898 bandus
556 2848 657 2906 est,
712 2845 765 2893 et
796 2833 1010 2906 probari
1045 2831 1148 2887 nisi
1200 2827 1480 2885 intraverit
1511 2841 1616 2880 non
1669 2823 1885 2894 potest?

299 2931 551 3003 Repelles
575 2944 762 2986 omnes
791 2927 997 2983 malos?
1026 2923 1164 2980 Dicis
1193 2922 1334 2977 enim
1354 2962 1369 2985 ,
1395 2928 1451 2975 et
1482 2919 1622 2974 nosti
1650 2915 1884 2987 inSpice-

298 3040 381 3082 re.
410 3023 611 3080 Omnes
639 3022 795 3077 nudis
821 3019 1072 3076 cordibus
1117 3015 1185 3071 ad
1211 3023 1263 3070 te
1288 3013 1550 3068 veniunt?
1575 3011 1673 3077 Qui
1722 3009 1887 3063 intra-

301 3116 407 3172 ιιιτί
434 3124 579 3181 sunt,
630 3112 730 3183 ipsi
778 3125 837 3166 se
880 3124 985 3165 non
1011 3114 1311 3171 noverunt;
1340 3110 1540 3174 quanto
1591 3098 1887 3156 minustu?

302 3206 452 3261 Multi
482 3203 625 3260 enim
671 3200 772 3257 sibi
803 3199 1164 3270 promiserunt
1210 3193 1352 3266 quod
1405 3191 1672 3262 impleturi
1705 3196 1890 3243 essent

302 3296 455 3352 illam
475 3294 639 3350 vitam
662 3299 901 3347 sanctam
927 3331 944 3357 ,
973 3288 1025 3344 iu
1053 3299 1337 3343 commune
1368 3284 1651 3339 habentem
1682 3281 1885 3345 omnia,

309 3385 400 3446 ubi
432 3401 591 3444 nemo
606 3385 735 3442 dicit
757 3382 953 3455 aliquid
993 3394 1146 3436 suum
1167 3421 1182 3447 ,
1236 3377 1426 3448 quibus
1469 3385 1551 3431 est
1576 3390 1678 3428 una
1708 3373 1889 3428 anima

308 3493 364 3540 et
390 3497 486 3539 cor
510 3495 671 3535 unum
701 3479 753 3533 in
785 3477 951 3532 Deum
982 3473 1002 3545 (
1032 3472 1143 3528 Act.
1190 3487 1262 3537 tv,
1291 3469 1381 3537 52,
1409 3468 1513 3539 '55)
1548 3485 1561 3521 :
1595 3465 1740 3521 missi
1770 3472 1893 3519 sunt

308 3577 363 3630 in
388 3573 682 3636 fornacem,
710 3579 765 3625 et
787 3573 1127 3638 crepuerunt.
1154 3561 1435 3631 Quomodo
1461 3575 1587 3631 ergo
1613 3557 1893 3630 cognoscis

309 3680 435 3723 eum
460 3664 551 3736 qui
586 3661 687 3718 sibi
714 3660 831 3732 ipse
850 3658 1026 3714 adhuc
1053 3657 1262 3728 ignotus
1288 3652 1407 3708 est?
1430 3649 1695 3707 Excluch
1724 3649 1895 3703 malos

311 3759 503 3815 fratres
529 3772 561 3812 a
588 3762 854 3812 conventu
881 3749 1180 3807 bonorum?
1206 3747 1283 3802 De
1302 3744 1465 3807 corde
1494 3752 1615 3806 tuo,
1645 3739 1884 3811 quisquis

315 3851 411 3905 ista
439 3846 595 3913 dicis,
619 3856 809 3901 omnes
833 3841 1002 3897 malas
1028 3837 1398 3910 cogitationes,
1430 3834 1472 3888 si
1506 3841 1682 3901 potes,
1710 3828 1895 3884 exclu-

318 3938 384 3995 de
407 3957 423 3994 :
449 3953 557 3993 non
583 3936 749 3991 intret
776 3934 827 3989 in
859 3945 954 3988 eor
979 3939 1127 3986 tuum
1152 3928 1238 3983 vel
1267 3924 1537 3995 suggestio
1563 3922 1723 3976 mala.
1774 3919 1889 3975 Non

315 4029 611 4093 consentio,
631 4026 826 4096 inquis.
854 4021 961 4079 Sed
987 4019 1203 4076 intravit
1224 4027 1421 4079 tamen,
1445 4023 1503 4069 ut
1519 4019 1826 4083 suggereret
1851 4009 1890 4061 ³.

324 4121 451 4176 Nam
480 4131 670 4176 omnes
717 4115 922 4171 munita
958 4110 1119 4168 corda
1167 4108 1366 4165 habere
1392 4105 1655 4168 volumus,
1679 4112 1736 4157 ut
1765 4100 1899 4157 nihil

318 4212 480 4267 intret
507 4208 647 4280 quod
674 4208 813 4263 male
841 4210 1173 4276 suggeratur.
1197 4198 1349 4256 Unde
1370 4206 1546 4252 autem
1580 4196 1763 4260 intret,
1783 4193 1901 4264 quis

322 4302 503 4358 novit?
533 4301 596 4355 Et
644 4311 942 4370 pugnamus
970 4293 1209 4366 quotidie
1256 4289 1309 4346 in
1357 4304 1464 4344 uno
1495 4286 1655 4343 corde
1684 4296 1899 4349 nostro;

322 4409 456 4450 unus
505 4392 666 4448 homo
701 4392 755 4447 in
796 4388 960 4446 corde
987 4400 1085 4443 suo
1122 4398 1243 4442 cum
1296 4382 1450 4438 turba
1495 4382 1743 4436 luctatur.
1768 4378 1903 4449 Sug—

322 4488 456 4560 gerit
484 4486 726 4550 avaritia,
756 4483 990 4555 suggerit
1011 4479 1196 4544 libido,
1215 4477 1450 4547 suggerit
1470 4471 1754 4538 voracitas,
1780 4485 1905 4540 sug-

324 4580 459 4650 gerit
482 4579 665 4649 laetitia
719 4576 820 4631 ista
872 4571 1180 4650 p0pularis;
1228 4567 1408 4624 omnia
1468 4569 1761 4635 suggerunt
1794 4580 1806 4614 :
1837 4562 1905 4617 ab

325 4672 571 4728 omnibus
591 4686 651 4725 se
674 4669 931 4733 continet,
971 4649 1219 4719 omnibus
1249 4654 1574 4732 respondet,
1604 4664 1659 4711 et
1686 4656 1752 4710 ab
1780 4669 1906 4711 om-

326 4764 477 4819 nibus
496 4771 807 4825 aversatur;
833 4756 1049 4813 diflicile
1074 4763 1157 4810 est
1183 4763 1240 4809 ut
1284 4764 1389 4809 non
1433 4749 1500 4806 ab
1548 4749 1723 4819 aliqua
1750 4746 1908 4803 feriae

327 4864 409 4910 tur
430 4854 473 4909 ⁸.
501 4852 602 4911 Ubi
628 4866 760 4923 ergo
789 4847 1078 4906 securitas?
1102 4844 1199 4900 liic
1225 4854 1485 4914 nusquam
1510 4857 1545 4914 ;’
1575 4839 1628 4893 in
1675 4840 1775 4894 ista
1798 4836 1908 4893 vita

330 4961 607 5018 nusquam,
639 4944 742 4999 nisi
769 4944 819 4997 in
847 4939 961 4997 sola
990 4952 1085 5009 Spe
1119 4934 1502 5007 promissorum
1543 4930 1658 4986 Dei.
1691 4928 1763 4985 lbi
1808 4944 1909 4984 au-

333 5048 432 5095 tem
458 5081 474 5103 ,
502 5053 624 5094 cum
677 5031 806 5090 illuc
833 5029 1238 5105 pervenerimus
1262 5067 1277 5092 ,
1327 5023 1562 5095 perfecta
1611 5021 1873 5079 securitas
1890 5061 1905 5085 ,

334 5148 446 5188 cum
474 5130 792 5187 clauduntur
815 5133 1003 5197 portae,
1034 5131 1088 5177 et
1115 5120 1497 5176 confirmantur
1522 5123 1703 5169 vectes
1733 5121 1911 5183 porta-

334 5237 445 5277 rum
465 5219 759 5277 Jerusalem
792 5214 977 5289 (Paci.
1007 5209 1201 5276 ceru,
1235 5207 1326 5278 i5)
1357 5225 1369 5261 :
1400 5206 1468 5261 ibi
1494 5219 1619 5260 vere
1642 5204 1795 5274 plena
1819 5200 1908 5272 ju-

332 5311 508 5366 hilatio
534 5319 590 5366 et
616 5288 862 5378 magnum
893 5288 1164 5376 gaudium.
1196 5297 1351 5355 Modo
1375 5305 1552 5353 autem
1601 5310 1666 5349 ne
1693 5307 1911 5348 securus

320 5403 516 5458 .laudes
565 5397 857 5471 quamlibet
906 5395 1104 5457 vitam;
1155 5401 1279 5446 ante
1336 5397 1564 5444 mortem
1623 5400 1689 5442 ne
1724 5385 1911 5440 laudes

331 5494 599 5550 hominem
628 5504 944 5562 quemquam
976 5483 1161 5558 (Eccli.
1192 5498 1266 5550 xl,
1290 5481 1402 5552 '50).

396 5593 623 5668 {semis
650 5589 1051 5668 ”§'!.[euc.i9{.§§'

395 5658 415 5718 ?
438 5642 515 5718 sic
529 5642 716 5718 aliquot
738 5642 841 5702 it'ss.
871 5648 1080 5718 att-Idi;
1094 5655 1268 5718 frangat
1349 5648 1599 5718 quiesset
1620 5646 1790 5718 postea
1806 5651 1911 5718 pro,

337 5699 1019 5776 eamdem—tuadi}.cticatian.
1068 5716 1151 5758 us.
1192 5706 1395 5764 habent,
1434 5699 1727 5753 colliduntur
1753 5712 1770 5750 :
1793 5699 1916 5749 alius

336 5786 432 5837 tts.,
457 5777 761 5829 collidentur.

393 5833 506 5888 "Er.
536 5846 707 5888 Venet.
732 5844 864 5897 t.ov.,
889 5838 1243 5897 suggereretur.
1339 5833 1400 5878 Μ.

388 5914 409 5934 ο
432 5884 774 5953 audeo-nisis.
800 5884 864 5947 ob,
883 5884 1040 5961 «1:71:10
1074 5895 1298 5951 ﬁniatur.
1338 5899 1473 5950 Reg,
1502 5887 1665 5949 aliqua
1687 5884 1888 5948 feriata:-

1371 422 1765 482 ENARRATIO
1801 419 1869 477 IN
1907 421 2226 482 PSALMUM
2267 425 2451 483 XClX.

3402 425 3538 483 1278

2034 540 2118 593 12.
2156 543 2287 597 uiue
2312 554 2486 600 autem
2513 543 2765 603 fallantur
2789 547 3056 611 homines,
3087 554 3146 601 ut
3184 544 3268 599 vel
3295 558 3402 598 non
3446 559 3543 595 su-

1959 632 2184 703 scipiant
2214 637 2485 711 meliorem
2530 640 2715 707 vitam,
2744 642 2829 696 vel
2883 649 3087 695 temere
3136 636 3543 707 aggrediantur;

1962 725 2083 793 quia
2113 736 2307 782 etcum
2337 730 2551 785 laudare
2580 732 2783 793 volunt,
2807 733 2885 787 sic
2908 731 3144 795 laudant,
3205 736 3264 782 ut
3318 742 3425 782 non
3472 724 3543 778 ibi

1963 816 2146 873 dicant
2169 820 2304 875 mala
2330 836 2448 891 quae
2478 822 2637 877 mixta
2683 833 2839 889 sunt;
2877 832 2932 879 et
2977 824 3065 893 qui
3114 823 3415 891 vituperare
3453 832 3545 868 vo-

1965 908 2100 977 lunt,
2123 919 2228 966 tam
2278 913 2461 968 invido
2503 916 2682 969 animo
2731 925 2785 969 et
2830 928 3083 984 perverso
3119 915 3441 980 vituperant,
3495 915 3551 959 ut

1965 1001 2215 1059 claudant
2240 1006 2422 1061 oculos
2446 1006 2700 1062 adversus
2723 1008 2884 1072 bona,
2912 1015 2967 1061 et
3016 1005 3128 1060 sola
3158 1004 3291 1057 mala
3333 1016 3453 1070 quae
3479 998 3551 1052 ibi

1967 1093 2050 1148 vel
2081 1105 2201 1149 sunt
2219 1096 2299 1150 vel
2320 1105 2588 1165 putantur,
2616 1106 2956 1167 exaggerent.
2982 1094 3107 1148 lude
3133 1096 3187 1146 lit
3214 1105 3266 1146 ut
3298 1104 3553 1159 unaquae-

1968 1202 2071 1256 que
2101 1188 2364 1256 professio
2388 1191 2527 1246 male
2556 1191 2784 1253 laudata,
2811 1190 2863 1244 id
2893 1196 2976 1245 est
3005 1202 3109 1242 non
3136 1194 3288 1241 caute
3313 1182 3548 1244 laudata,

1969 1292 2091 1333 cum
2120 1279 2421 1335 invitaverit
2446 1281 2691 1337 homines
2717 1280 2873 1336 laude
2898 1294 3015 1344 sua,
3039 1276 3313 1333 inveniant
3352 1273 3426 1327 illi
3460 1272 3553 1341 qui

1972 1370 2097 1425 illuc
2130 1372 2370 1436 veniunt,
2403 1374 2604 1443 aliquos
2632 1374 2816 1444 quales
2847 1374 2919 1428 ibi
2946 1387 3067 1428 esse
3090 1385 3197 1425 non
3227 1366 3551 1429 credebant;

1972 1472 2027 1518 et
2048 1463 2237 1518 offensi
2267 1480 2294 1516 a
2344 1464 2517 1528 malis,
2564 1466 2803 1521 resiliant
2848 1463 3083 1520 abonis.
3131 1460 3368 1525 Fratres,
3398 1454 3558 1511 disci—

1973 1554 2171 1624 plinam
2200 1556 2354 1609 istam
2378 1554 2446 1609 ad
2471 1556 2629 1610 vitam
2658 1568 2888 1611 vestram
2915 1553 3174 1618 conferte,
3203 1559 3256 1606 et
3275 1549 3351 1604 sic
3378 1546 3560 1602 audite

1975 1655 2031 1701 ut
2062 1647 2268 1701 vivatis.
2316 1647 2601 1716 Laudatur,
2632 1658 2687 1703 ut
2722 1648 3038 1719 generaliter
3075 1646 3271 1707 dicam,
3322 1639 3560 1697 Ecclesia

1978 1738 2070 1792 Dei
2106 1738 2319 1808 :magni
2353 1738 2596 1794 homines
2621 1738 2930 1804 Christiani,
2967 1735 3065 1791 soli
3092 1732 3401 1796 Christiani,
3448 1745 3561 1785 ma-

1976 1845 2077 1901 gna
2107 1830 2377 1885 Catholica
2404 1834 2457 1897 ¹;
2489 1831 2716 1901 diligunt
2741 1844 2800 1884 se
2833 1843 3044 1891 omnes,
3098 1823 3412 1894 impendunt
3459 1820 3561 1876 sibi

1978 1923 2201 1992 quisque
2230 1922 2368 1991 quod
2402 1932 2657 1992 possunt,
2686 1920 3034 1981 orationibus,
3065 1917 3302 1987 jejuniis,
3348 1912 3563 1986 hymnis

1983 2022 2197 2084 vacatur
2223 2028 2317 2083 per
2342 2022 2505 2067 totum
2537 2013 2720 2066 orbem
2755 2021 3037 2075 terrarum,
3081 2025 3179 2062 una
3210 2005 3564 2061 consensione

1982 2106 2123 2175 pacis
2152 2105 2397 2159 laudatur
2428 2106 2586 2160 Dens.
2618 2104 2778 2158 Audit
2816 2103 2951 2157 forte
2993 2103 3079 2172 qui
3130 2098 3300 2154 nescit
3346 2082 3562 2152 tacitum

1981 2211 2101 2251 esse
2128 2196 2194 2251 de
2215 2198 2518 2253 commixtis
2547 2198 2718 2261 ntalis,
2754 2197 2895 2251 venit
2937 2194 3091 2249 laude
3120 2194 3390 2256 invitatus,
3421 2191 3567 2244 inve-

1983 2290 2061 2343 nit
2082 2290 2398 2343 commixtos
2425 2290 2614 2351 malos,
2640 2289 2728 2358 qui
2756 2303 2858 2341 non
2890 2287 2960 2340 illi
2992 2285 3226 2352 praedicti
3257 2291 3380 2336 sunt
3405 2280 3561 2335 autc-

1982 2395 2141 2451 quam
2166 2380 2408 2445 veniret;
2438 2379 2722 2432 offenditur
2748 2395 2776 2429 a
2805 2377 2947 2431 falsis
2966 2374 3302 2435 Christianis,
3328 2373 3517 2441 refugit
3537 2387 3567 2424 a

1983 2469 2479 2528 verisChristianis.
2515 2470 2716 2523 Rursus
2761 2466 3240 2532 odiosi,maledici,
3268 2466 3473 2518 irruunt
3517 2463 3566 2514 in

1985 2561 2424 2632 vituperationem
2452 2562 2680 2631 :Quales
2746 2559 3070 2616 Christiani?
3120 2557 3207 2629 qui
3246 2556 3570 2612 Christiani?

1990 2656 2169 2720 Avari,
2222 2654 2570 2710 feneratores.
2626 2652 2813 2707 Nonne
2845 2652 2943 2721 ipsi
2986 2659 3110 2705 sunt
3140 2649 3230 2720 qui
3285 2648 3486 2703 theatra
3518 2655 3572 2700 et

1986 2748 2378 2818 amphitheatra
2426 2747 2650 2816 implent
2700 2761 2793 2815 per
2822 2743 2977 2798 ludos
3006 2753 3057 2797 et
3088 2757 3182 2811 per
3220 2741 3323 2793 alia
3361 2748 3571 2808 specta-

1988 2841 2127 2908 cula,
2153 2840 2242 2910 qui
2272 2839 2494 2908 implent
2522 2838 2777 2891 ecclesias
2809 2851 2902 2905 per
2944 2834 3060 2888 dies
3092 2832 3293 2888 festos?
3333 2830 3567 2895 Ebriosi,

1989 2946 2230 2998 voraces,
2279 2930 2464 2996 invidi,
2497 2930 2845 2982 insectatores
2886 2925 3219 2978 allerutrum.
3252 2922 3389 2976 Sunt
3418 2921 3571 2983 tales,

1990 3020 2081 3078 sed
2107 3036 2210 3076 non
2233 3020 2331 3075 soli
2359 3019 2511 3074 tales.
2536 3019 2601 3073 Et
2621 3017 2720 3071 ἰδιο
2749 3016 3075 3084 vituperatur
3100 3027 3244 3066 cteoo
3287 3011 3465 3065 animo
3497 3018 3574 3062 ta-

1990 3123 2077 3168 cet
2106 3113 2310 3177 bonos;
2337 3119 2392 3165 et
2416 3110 2508 3164 ille
2536 3105 2777 3162 laudator
2818 3107 3030 3159 incauto
3062 3104 3240 3157 animo
3282 3110 3419 3156 tacet
3464 3116 3578 3153 ma-

1992 3206 2093 3259 los.
2124 3204 2180 3260 Si
2226 3211 2402 3258 autem
2432 3203 2510 3257 sic
2548 3192 2815 3255 laudatur‘
2846 3198 2896 3250 in
2930 3197 3028 3250 hoc
3062 3206 3300 3264 tempore
3342 3191 3577 3248 Ecclesia

1993 3296 2111 3362 Dei,
2140 3293 2411 3366 quomodo
2434 3291 2652 3347 laudant
2677 3291 2963 3357 Scriptum
2988 3286 3107 3353 Dei,
3139 3301 3265 3340 ecce
3309 3282 3575 3354 quomodo

1994 3404 2133 3443 nunc
2161 3387 2295 3453 dixi,
2338 3385 2484 3441 Sicut
2514 3383 2676 3439 litium
2721 3382 2773 3435 iu
2818 3380 2978 3434 medio
3030 3379 3316 3448 spinarum,
3347 3376 3419 3429 sic
3464 3390 3582 3444 pro-

1993 3481 2133 3537 xima
2163 3497 2272 3533 mea
2302 3478 2355 3532 in
2380 3477 2542 3531 medio
2570 3476 2791 3545 ﬁliarum
2823 3488 2840 3526 :
2868 3470 3014 3525 audit
3045 3469 3227 3535 Immo,
3250 3463 3578 3530 considerat,

1998 3575 2171 3646 placet
2194 3573 2268 3628 illi
2301 3571 2491 3631 lilium,
2512 3570 2697 3628 intrat,
2727 3565 2966 3618 adbmret
2987 3560 3120 3626 lilio,
3150 3560 3340 3613 tolerat
3364 3557 3581 3626 spinas;

1998 3665 2290 3720 merebitur
2324 3676 2444 3717 esse
2494 3660 2545 3713 iu
2580 3656 2733 3712 laude
2777 3663 2831 3709 et
2878 3656 2928 3707 in
2975 3648 3212 3705 osculis’
3244 3647 3445 3717 sponsi,
3493 3645 3582 3715 qui

1997 3755 2147 3821 dicit,
2180 3752 2328 3807 Sicut
2359 3752 2519 3805 lilium
2544 3750 2596 3801 in
2618 3745 2780 3800 medio
2805 3743 3087 3814 spinarum.
3115 3740 3187 3794 sic
3218 3737 3449 3807 proxima
3473 3750 3585 3790 mea

1997 3846 2051 3898 in
2078 3845 2241 3897 medio
2271 3840 2520 3909 ﬁliarum.
2552 3838 2621 3891 lta
2653 3845 2706 3888 et
2726 3836 2780 3886 in
2810 3832 3039 3887 clericis.
3074 3828 3400 3883 Laudatores
3423 3825 3583 3880 cleri-

2000 3952 2181 3991 corum
2213 3929 2579 3988 intemluntibi
2611 3929 2778 3982 bonos
2809 3923 3103 3988 ministros,
3139 3920 3323 3975 fideles
3362 3918 3585 3985 dispen-

2002 4034 2230 4092 satores,
2258 4024 2495 4078 omnium
2520 4019 2853 4081 toleratorcs,
2886 4014 3091 4069 viscera
3139 4028 3233 4065 sua
3270 4007 3588 4078 impendenc

2003 4128 2083 4175 tes
2116 4119 2196 4172 his
2235 4129 2371 4186 quos
2396 4114 2583 4170 volunt
2632 4110 2908 4180 prolicere,
2964 4121 3067 4161 non
3118 4113 3420 4174 quaerentes
3470 4118 3590 4170 qmo

2003 4224 2100 4264 sua
2128 4216 2274 4274 sunt,
2300 4205 2392 4261 sed
2420 4221 2536 4275 qua:
2566 4202 2693 4257 .lesu
2731 4198 2953 4253 Christi.
2987 4196 3228 4251 Laudant
3269 4193 3402 4257 lucc,
3446 4192 3587 4269 obli-

2003 4300 2276 4354 viscuntur
2296 4295 2419 4365 quia
2444 4292 2594 4349 mixti
2644 4300 2768 4345 sunt
2808 4289 2979 4342 malis.
3036 4286 3240 4340 Rursus
3286 4282 3377 4352 qui
3411 4266 3594 4350 repre-

2007 4388 2247 4444 hendnnt
2277 4386 2553 4439 avaritiam
2601 4380 2941 4443 clericorum,
2981 4374 3346 4445 improbitates
3370 4371 3595 4426 clerico-

2006 4495 2148 4545 rum,
2180 4478 2298 4532 lites
2320 4476 2657 4535 οιθιίοςιγιιιιι,
2680 4477 2990 4540 appetentes
3021 4481 3107 4520 res
3148 4465 3373 4527 alienas,
3415 4460 3594 4515 ebrio-

2007 4584 2118 4638 sos,
2146 4582 2386 4631 voraces,
2416 4561 2673 4634 jactant‘.
2705 4560 2765 4614 Et
2800 4570 2853 4613 tu
2896 4556 3079 4611 invide
3128 4556 3417 4625 vituperas,
3450 4542 3593 4608 ct'tu

2009 4661 2221 4716 incaute
2248 4656 2470 4712 laudas:
2507 4666 2559 4709 tu
2582 4653 2669 4724 qui
2706 4650 2910 4716 laudas,
2938 4647 3024 4702 dic
3080 4646 3276 4700 mixtos
3314 4643 3505 4708 malos;
3538 4651 3597 4696 lu

2008 4754 2096 4824 qni
2126 4754 2417 4821 vituperas,
2448 4748 2569 4801 vide
2598 4743 2671 4799 ibi
2698 4754 2753 4799 et
2792 4743 2982 4797 bonos.
3022 4739 3113 4795 Sic
3164 4745 3220 4793 et
3258 4739 3311 4791 in
3349 4736 3438 4790 illa
3486 4734 3592 4789 vita

2008 4843 2278 4901 communi
2327 4840 2572 4900 fratrum,
2620 4853 2739 4907 qua:
2800 4833 2970 4889 estin
3023 4830 3350 4889 monasterio
3381 4848 3393 4881 :
3422 4828 3594 4898 magni

2009 4936 2132 4997 viri,
2160 4934 2352 5000 sancti,
2404 4928 2640 5002 quotidie
2691 4927 2743 4981 in
2785 4920 3024 4997 hymnis,
3078 4923 3130 4977 in
3157 4919 3507 4982 orationibus,
3542 4917 3593 4970 in

2010 5027 2254 5083 laudibus
2280 5025 2395 5089 Dei,
2430 5021 2551 5076 inde
2576 5020 2783 5086 vivunt,
2811 5033 2932 5071 cum
2976 5015 3203 5071 lectione
3230 5012 3333 5067 illis
3358 5023 3445 5063 res
3480 5016 3596 5072 est;

2011 5120 2260 5176 laborant
2287 5114 2529 5170 manibus
2554 5112 2688 5177 suis,
2722 5110 2844 5166 inde
2871 5107 3276 5177 Selransigunt;
3307 5117 3411 5157 non
3440 5114 3603 5155 avare

2013 5205 2213 5280 aliquid
2243 5215 2448 5277 petunt,
2481 5201 2742 5275 quidquid
2780 5202 2859 5257 eis
2891 5198 3164 5255 infertura
3190 5196 3291 5267 piis
3312 5192 3562 5248 fratribus
3584 5234 3598 5258 ,

2014 5318 2135 5359 cum
2165 5298 2484 5355 sufficientia
2508 5308 2562 5352 et
2582 5312 2703 5351 cum
2732 5294 2994 5349 charitate
3029 5300 3285 5355 utuntur;
3313 5302 3471 5341 nemo
3501 5285 3603 5339 sibi

2015 5401 2236 5464 usurpat
2258 5389 2461 5461 aliquid
2488 5387 2626 5458 quod
2649 5387 2786 5442 alter
2810 5401 2914 5441 non
2960 5380 3180 5447 habeat;
3213 5393 3401 5434 omnes
3430 5392 3488 5431 se
3523 5375 3605 5431 di.

2079 5551 2097 5583 ί
2126 5556 2199 5598 Fr.
2223 5554 2275 5597 et
2293 5553 2428 5605 Lov.,
2451 5540 2665 5595 Ecclesia
2687 5536 2938 5590 catholica.
2965 5543 3084 5594 Vox,
3124 5531 3352 5591 Ecclesia,
3376 5532 3517 5581 abest
3543 5528 3606 5577 ab

2017 5619 2199 5722 WE?
2215 5616 2419 5727 iam?“
2437 5665 2489 5719 in
2503 5661 2670 5727 oculis.
2691 5671 2810 5727 Am.,
2830 5659 2883 5711 in
2903 5657 3077 5711 osculis
3098 5670 3116 5709 :
3134 5665 3187 5709 et
3211 5659 3277 5707 ita
3301 5663 3391 5706 Mss
3427 5659 3607 5716 preter

2018 5748 2216 5799 paucos,
2241 5732 2324 5796 qui
2342 5723 2541 5799 habent,
2561 5724 2609 5776 in
2627 5723 2806 5799 osculo.

2084 5780 2319 5847 ἶἔᾷἰιιῖιι.
2345 5800 2399 5843 et
2420 5780 2647 5855 plerique
2686 5794 2791 5837 Mss.
2827 5793 2878 5837 At
2901 5792 2974 5835 Er.
3017 5791 3068 5836 et
3089 5782 3490 5845 Lov.,jtu‘tames.
3514 5780 3606 5821 lte-

2022 5864 2132 5923 gius
2158 5869 2254 5909 ita.
2273 5858 2513 5919 juclanlcs
2535 5866 2601 5902 se.
