4012 6202
387 425 522 482 H79
1488 485 1494 490 ,

384 541 571 610 l‘gnnt,
599 552 785 592 omnes
830 517 1055 590 invicem
1097 546 1157 587 se
1194 531 1478 588 sustinent.
1524 534 1790 609 Laudasti,
1835 535 1947 589 lau-

384 632 522 686 dasti
553 632 569 662 ‘
600 648 615 685 :
643 629 731 700 qui
777 626 946 680 nescit
972 622 1099 693 quid
1138 624 1361 679 interius
1402 634 1609 694 agatur,
1655 627 1743 695 qui
1789 628 1957 682 nescit

379 722 647 795 quomodo
669 721 757 775 illo
784 727 941 773 vento
972 718 1206 772 intrante
1234 717 1394 773 etiam
1426 732 1594 772 naves
1613 732 1672 773 se
1704 718 1755 772 in
1800 729 1954 788 portu

385 814 662 878 collidunt,
694 812 859 865 intrat
904 810 1054 887 quasi
1104 809 1444 865 securitatem
1488 825 1728 879 sperans,
1781 813 1953 866 nemi-

318 930 323 937 -
378 923 499 962 nem
517 920 674 975 quem
699 903 890 958 toleret
915 901 1226 966 habiturus;
1275 901 1474 956 invenit
1517 902 1584 956 ibi
1617 901 1809 957 fratres
1838 919 1951 958 nta-

376 1000 474 1061 los,
504 996 592 1066 qui
623 995 747 1049 mali
778 994 1002 1048 inveniri
1042 1008 1145 1046 non
1176 1001 1412 1062 possent,
1456 993 1555 1046 nisi
1604 992 1954 1049 admitteren-

376 1099 460 1141 tur
486 1088 560 1158 (et
587 1099 806 1140 necesse
833 1093 915 1139 est
941 1091 997 1137 ut
1025 1083 1198 1151 primo
1225 1083 1538 1146 tolerentur,
1568 1098 1635 1138 ne
1663 1082 1798 1138 forte
1826 1099 1950 1139 cor-

374 1181 648 1249 rigantur;
703 1192 800 1231 nec
870 1176 1078 1231 excludi
1138 1174 1293 1229 facile
1362 1184 1597 1243 possunt,
1655 1168 1753 1230 nisi
1804 1177 1951 1245 prius

372 1270 792 1326 fuerinttolerati
814 1267 891 1339 ’):
914 1276 969 1324 et
998 1267 1054 1321 fit
1079 1267 1191 1335 ipse
1221 1267 1562 1321 intoleranda:
1591 1266 1949 1335 impatientize.

372 1363 503 1432 Quis
524 1376 610 1416 nte
650 1360 754 1415 lntc
789 1358 1099 1430 qumrebat?
1136 1358 1248 1427 Ego
1288 1357 1531 1426 putabam
1570 1357 1689 1426 quia
1720 1357 1951 1411 Charitas

370 1463 452 1508 est
473 1452 579 1506 hic.
606 1450 670 1504 Et
690 1464 976 1518 paucorum
993 1448 1262 1503 hominum
1281 1447 1519 1503 molestia
1546 1447 1800 1513 irritatus,
1822 1446 1948 1501 dum

372 1560 475 1598 non
506 1542 926 1613 perseveraverit
961 1541 1184 1609 implere
1208 1540 1368 1610 'quod
1410 1541 1583 1604 vovit,
1613 1540 1671 1594 lit
1708 1541 1951 1596 desertor

372 1646 476 1688 tam
503 1633 670 1688 sancti
723 1631 1075 1702 propositi,et
1116 1646 1239 1685 reus
1268 1633 1375 1685 voti
1412 1646 1516 1685 non
1548 1630 1761 1686 redditi.
1801 1632 1947 1686 Jam-

369 1738 496 1779 vero
516 1738 637 1777 cum
668 1722 790 1777 inde
817 1722 1027 1785 exierit,
1063 1722 1119 1775 lit
1139 1730 1194 1776 et
1241 1721 1353 1790 ipse
1381 1722 1709 1790 vituperatur
1756 1732 1809 1777 et
1839 1738 1952 1777 ma-

369 1814 567 1869 ledicus
597 1831 610 1866 :
639 1823 693 1868 et
730 1813 858 1867 dicit
888 1828 948 1866 ea
1002 1812 1115 1867 sola
1141 1828 1258 1881 qum
1291 1812 1440 1883 quasi
1471 1826 1529 1867 se
1557 1813 1660 1881 pati
1702 1828 1806 1866 non
1855 1827 1949 1882 po-

369 1888 533 1960 tuisse
553 1914 854 1968 asseverat;
889 1913 942 1958 et
966 1902 1252 1972 aliquando
1291 1917 1435 1958 vera.
1469 1902 1576 1957 Sed
1620 1918 1745 1958 vera
1783 1904 1949 1958 malo-

368 2011 486 2050 rum
539 1993 812 2049 toleranda
857 2003 980 2048 sunt
1041 2001 1258 2061 propter
1295 1993 1605 2047 societatem
1663 1992 1944 2049 bonorum.

369 2085 503 2139 Dicit
532 2084 603 2138 illi
633 2084 906 2153 Scriptura
948 2099 960 2135 :

368 2175 492 2227 tiam
518 2172 704 2242 (Et-cli.
734 2189 792 2238 ιι,
825 2171 936 2240 16).
973 2173 1036 2225 Et
1070 2171 1208 2242 quod
1241 2180 1324 2226 est
1353 2170 1600 2241 amplius,
1658 2179 1828 2224 rut-tat
1869 2172 1947 2224 in-

364 2264 688 2334 dignationis
717 2263 914 2318 malum
941 2261 1159 2316 odorem
1188 2261 1230 2327 ⁸,
1263 2261 1401 2316 unde
1440 2261 1737 2316 absterreat
1779 2263 1943 2315 intra-

366 2367 544 2421 turos;
604 2356 727 2426 quia
802 2355 916 2423 ipse
986 2368 1105 2407 cum
1153 2353 1420 2418 intrasset,
1496 2351 1782 2422 perdurare
1838 2368 1942 2406 non

363 2444 557 2516 potuit.
581 2446 775 2514 Quales
814 2445 925 2500 illi?
968 2444 1153 2508 Invidi,
1198 2444 1505 2512 litigatores,
1533 2443 1796 2497 neminem
1823 2459 1942 2497 sus-

364 2538 628 2599 tinentes,
661 2536 834 2601 avari;
887 2535 974 2589 ille
1019 2534 1089 2589 ibi
1137 2533 1263 2587 illud
1309 2532 1448 2596 fecit,
1476 2540 1529 2586 et
1577 2532 1663 2586 ille
1694 2531 1765 2585 ibi
1818 2532 1941 2587 illud

363 2625 504 2680 fecit.
527 2625 571 2679 Ο
598 2626 756 2688 male,
780 2640 944 2694 quare
985 2632 1128 2677 taces
1165 2622 1363 2676 bonos?
1400 2622 1544 2689 Quos
1585 2621 1810 2675 tolerare
1836 2636 1939 2676 non

364 2716 598 2787 potuisti,
627 2716 797 2785 jactas
822 2732 835 2768 :
866 2714 953 2784 qui
987 2724 1039 2768 te
1068 2714 1262 2767 malum
1292 2713 1670 2773 toleraverunt,
1703 2721 1865 2767 taces.

432 2809 519 2862 15.
551 2807 736 2861 Merito
766 2805 912 2867 illud,
946 2806 1135 2859 fratres
1163 2802 1481 2868 eharissimi,
1522 2803 1855 2873 magnilicum
1886 2804 1940 2859 in

276 2945 281 2951 .
364 2898 569 2955 Domini
591 2897 897 2967 Evangelia,
926 2912 988 2951 ex
1008 2911 1103 2950 ore
1129 2895 1332 2949 Domini
1359 2912 1372 2947 :
1401 2894 1517 2948 Duo
1546 2894 1598 2948 in
1623 2911 1783 2966 agro;
1812 2911 1941 2950 unus

360 2998 657 3067 assumatur,
689 2999 736 3042 at
757 3005 884 3041 unus
913 2988 1219 3057 relinquetur
1242 3002 1255 3040 :
1283 2986 1396 3039 dua:
1418 2986 1471 3040 in
1491 2987 1777 3041 molendino
1792 3004 1812 3053 ;
1839 3004 1941 3041 una

359 3090 656 3145 assumatur,
686 3091 735 3134 at
764 3096 865 3133 una
893 3080 1196 3149 relinquetur
1223 3095 1241 3131 :
1269 3078 1369 3130 duo
1406 3078 1459 3130 in
1485 3076 1641 3140 Iacto;
1682 3094 1811 3131 unus
1857 3094 1941 3131 as-

358 3180 597 3237 sumetur,
624 3181 672 3225 et
699 3187 829 3224 unus
870 3170 1176 3238 relinquetur
1198 3168 1409 3235 (Matth.
1447 3182 1587 3229 xxiv,
1633 3168 1720 3228 40,
1769 3169 1858 3231 41,
1892 3177 1939 3222 et

365 3258 488 3313 Luc.
521 3276 645 3322 nn,
673 3261 760 3324 54,
794 3260 906 3327 55).
929 3258 1026 3326 Qui
1078 3270 1201 3312 sunt
1238 3258 1338 3310 duo
1359 3258 1411 3309 in
1443 3257 1606 3324 agro?
1628 3255 1779 3323 Quod
1810 3256 1939 3311 dicit

362 3350 684 3419 Apostolus:
719 3349 825 3418 Ego
856 3350 1098 3418 plantavi,
1129 3347 1311 3414 Apollo
1339 3346 1554 3416 rigavit;
1584 3346 1672 3399 sed
1696 3345 1834 3399 Deus
1857 3348 1938 3400 in-

360 3452 665 3498 crementum
690 3440 846 3493 dedit.
880 3438 969 3491 Dei
995 3438 1302 3508 agricultura
1330 3437 1446 3490 estis
1464 3432 1506 3507 (l
1530 3432 1647 3488 Cor.
1678 3452 1755 3500 Ill,
1780 3437 1829 3500 ϐ,
1856 3435 1934 3508 9).

364 3536 417 3590 lu
448 3548 577 3605 agro
607 3532 928 3586 laboramus.
956 3527 1074 3581 Duo
1116 3527 1334 3597 inagro,
1384 3525 1562 3580 clerici
1606 3535 1731 3579 sunt
1759 3542 1773 3579 :
1807 3543 1937 3578 unus

360 3634 659 3686 assumatur,
683 3631 730 3677 et
750 3637 879 3674 unus
908 3619 1253 3689 relinquetur;
1288 3627 1586 3671 assumetur
1617 3615 1806 3678 bonus,
1853 3633 1936 3671 re-

362 3717 628 3787 linquetur
653 3712 840 3768 malns.
860 3709 927 3764 In
944 3698 1229 3763 molendino
1249 3708 1383 3771 dum,
1411 3705 1476 3759 ad
1496 3706 1674 3775 plebes
1693 3705 1932 3760 retulit".

300 3838 301 3841 η
360 3811 536 3878 Quare
563 3809 617 3862 in
640 3802 969 3860 molendino?
991 3801 1123 3870 Quia
1163 3800 1420 3855 devincta:
1449 3798 1667 3861 szecnlo,
1713 3797 1933 3851 circuitu

360 3916 539 3958 rerum
583 3896 975 3968 temporalium,
1019 3903 1265 3963 tanquam
1317 3890 1456 3945 mola
1496 3890 1821 3944 detinentur.
1872 3890 1937 3944 Et

360 3993 484 4050 inde
511 4008 613 4046 una
635 3998 934 4055 assumatur,
957 3996 1004 4041 et
1029 4002 1130 4040 una
1151 3986 1473 4054 relinquetur.
1506 3982 1634 4050 Qua:
1679 3981 1804 4036 inde
1844 3996 1937 4035 as-

358 4083 636 4139 sumetur?
663 4080 882 4136 Faeicns
904 4094 1064 4147 opera
1090 4076 1246 4142 bona,
1288 4075 1567 4130 attendens
1593 4071 1934 4143 indigentiam

357 4188 633 4229 servorum
663 4170 778 4231 Dei.
803 4168 1145 4238 indigentiam
1186 4179 1494 4233 pauperum.
1522 4164 1573 4216 in
1598 4161 1935 4217 confessione

362 4263 552 4327 fidelis,
580 4263 632 4316 in
659 4261 838 4314 lmtitia
862 4258 974 4326 spei
1005 4265 1170 4319 certa,
1197 4256 1416 4324 vigilans
1458 4251 1525 4305 ad
1577 4253 1764 4317 Deum,
1806 4252 1957 4306 uulli‘

362 4355 662 4424 impreeans
687 4350 846 4410 mala,
875 4348 1099 4415 diligens
1125 4352 1379 4414 quantum
1408 4350 1601 4411 potest,
1626 4356 1731 4396 non
1758 4340 1933 4394 solum

363 4447 586 4509 amicos,
618 4442 711 4496 sed
757 4441 915 4495 etiam
964 4437 1224 4499 inimicos,
1274 4442 1468 4505 pnetcr
1512 4448 1731 4488 uxorem
1782 4448 1932 4486 suam

360 4552 466 4591 non
518 4535 691 4588 sciens
770 4531 1018 4599 aliquam,
1073 4536 1264 4596 prmter
1319 4524 1565 4579 maritum
1625 4539 1780 4581 suum
1830 4539 1937 4579 non

357 4629 536 4683 sciens
558 4624 822 4694 aliquem;
854 4628 1153 4675 assumetur
1176 4616 1317 4671 etde
1337 4614 1641 4670 molendino
1664 4633 1677 4668 :
1699 4630 1816 4684 qua:
1843 4631 1936 4668 au-

358 4730 467 4775 tem
519 4717 674 4772 aliter
712 4714 895 4777 fuerit,
943 4712 1290 4782 relinquetur.
1338 4708 1441 4763 Alii
1495 4716 1671 4762 autem
1711 4706 1932 4761 dicunt:

357 4812 599 4880 Quietem
649 4808 913 4872 volumus,
955 4806 1218 4860 neminem
1246 4801 1494 4857 volumus
1533 4801 1659 4871 pati,
1689 4814 1934 4855 remove-

360 4922 478 4959 ntus
506 4918 605 4958 nos
635 4918 663 4956 a
696 4901 900 4964 turbis;
929 4899 1065 4954 bene
1090 4882 1368 4952 erit‘nobis
1393 4894 1444 4947 in
1475 4893 1703 4963 quadam
1732 4891 1936 4946 securi-

359 5007 485 5052 tate.
514 4995 571 5051 Si
619 4994 852 5064 quietem
897 4989 1114 5061 qua'ris,
1164 4987 1315 5058 quasi
1373 4987 1567 5041 lectum
1612 4984 1828 5055 qumris,
1878 4992 1937 5039 ut

355 5095 472 5148 sine
501 5090 676 5161 aliqua
699 5084 1056 5141 sollicitudine
1082 5081 1403 5151 requiescas.
1434 5078 1505 5134 Et
1524 5077 1646 5133 inde
1684 5094 1817 5131 unus
1854 5093 1938 5132 as-

357 5193 603 5248 sumetur,
636 5190 685 5236 et
717 5195 847 5233 unus
878 5177 1201 5245 relinquatur.
1244 5170 1412 5225 Nemo
1457 5183 1554 5223 vos
1610 5167 1773 5235 fallat,
1835 5167 1938 5221 fra-

357 5284 506 5330 tres:
537 5274 582 5327 si
625 5287 731 5327 non
761 5269 919 5324 vultis
945 5265 1073 5327 falli,
1100 5272 1156 5318 et
1194 5262 1352 5316 vultis
1382 5275 1563 5314 amare
1594 5260 1805 5323 fratres,
1834 5257 1938 5312 sci-

358 5375 470 5419 tote
498 5380 710 5421 omnem
741 5360 1129 5434 professionem
1157 5357 1206 5410 in
1238 5354 1477 5408 Ecclesia
1516 5353 1712 5414 habere
1760 5353 1930 5406 fictos.

421 5478 437 5507 ι
464 5477 537 5524 sic
558 5484 662 5524 uss.
689 5480 743 5523 Αῑ
759 5472 888 5535 Fdd.:
910 5468 1089 5535 Laudat
1111 5464 1194 5530 qui
1215 5463 1383 5535 neseit.
1411 5470 1504 5514 elc-
1548 5533 1555 5535 Α
1683 5522 1695 5535 ,
1735 5530 1745 5535 _
1782 5521 1793 5535 ,

426 5521 560 5600 {nuo
583 5521 710 5593 sise...
728 5521 1023 5584 iiinolerandi
1041 5543 1072 5600 _:
1098 5521 1151 5579 e't
1184 5527 1377 5600 quidam
1405 5539 1513 5600 cum
1538 5521 1936 5600 am,

358 5598 503 5649 Paulo
520 5606 626 5659 post
642 5585 709 5646 εἰ
730 5604 848 5659 ὶξιεδ.⁸
861 5594 1182 5656 reposuimus,
1206 5585 1539 5653 impatientitc;
1583 5587 1724 5648 cujus
1754 5585 1856 5634 loco
1889 5588 1938 5632 in

361 5660 472 5710 md.
500 5655 620 5718 erat,
652 5655 931 5718 patitvttiw.’
1057 5713 1101 5718 __
1175 5711 1186 5718 _
1244 5713 1272 5718 __
1379 5708 1404 5718 ί,

430 5705 551 5766 Tac
567 5705 790 5776 plerique
815 5724 918 5779 Mss.
942 5722 994 5779 at
1010 5713 1141 5779 Fdd.,
1168 5708 1546 5779 indignationem.
1556 5705 1803 5779 malorum
1819 5705 1937 5755 odo-

364 5793 481 5833 rem.
500 5769 697 5839 Quidam
712 5769 847 5839 ne...
865 5773 1218 5839 antiquatum”
1237 5769 1468 5839 titulorum
1484 5769 1720 5819 odiorum.

427 5846 449 5875 ³
473 5829 606 5897 ὧν..
631 5835 789 5887 retuli.
818 5835 927 5882 ΗΜ.
954 5829 1030 5882 alii
1056 5842 1107 5882 Cl.
1124 5840 1252 5890 MSS,
1278 5829 1451 5880 t'clttlil.

1613 421 1668 478 S.
1712 422 2076 482 AUGUSTINI
2114 425 2417 485 EPlSCOPl

1006 2081 1092 2136 Va:
1119 2083 1196 2137 his
1228 2082 1314 2151 qui
1346 2082 1671 2151 perdiderunt
1698 2082 1955 2135 sustinen-'

3505 448 3526 501 1
3539 447 3641 503 280

2065 538 2179 594 Non
2209 541 2315 596 dixi
2347 559 2559 599 omnem
2588 543 2855 603 hominem
2901 564 3020 606 esse
3069 549 3269 617 lictmn,
3301 555 3394 610 sed
3422 572 3638 614 onmem

2059 631 2437 700 professionem
2478 634 2674 692 habere
2696 637 2844 692 [ictas
2872 655 3125 709 personas
3153 658 3173 696 :
3194 653 3321 698 sunt
3350 648 3639 705 Christiani

2058 724 2201 790 mali,
2232 726 2325 780 sed
2354 736 2479 781 sunt
2516 736 2569 782 et
2619 729 2967 809 boni._.Quasi
3015 734 3195 803 plures
3243 737 3410 793 malos
3457 741 3636 810 vides,

2055 813 2175 881 quia
2204 815 2350 883 palea
2376 827 2519 882 sunt,
2548 829 2601 873 et
2648 830 2699 874 te
2727 821 2792 874 ad
2827 838 2988 891 grana
3032 826 3308 893 pervenire
3364 844 3466 882 non
3509 812 3635 900 per.

2057 903 2271 958 mittunt
2299 923 2311 957 :
2339 917 2462 961 sunt
2489 908 2559 963 ibi
2605 920 2655 962 et
2695 926 2879 980 grana,
2920 914 3135 980 accede,
3195 924 3360 981 tenta,
3421 931 3639 980 excute.

2054 992 2248 1050 adhibe
2295 996 2404 1051 oris
2438 996 2715 1065 judicium.
2771 999 2976 1056 Iuvenis
3015 1004 3447 1062 sanctimonialcs
3505 1010 3638 1065 indi-

2054 1085 2394 1154 sciplinatas;
2426 1091 2679 1160 numquid
2712 1091 2831 1147 ideo
2874 1095 3285 1152 sanctimonium
3330 1102 3631 1170 reprehen-

2053 1173 2281 1230 dendum
2310 1179 2425 1233 est?
2450 1179 2624 1235 Μυῐιω
2669 1198 2773 1236 non
2798 1191 2941 1238 stant
2980 1185 3033 1239 in
3078 1185 3324 1242 domibus
3365 1190 3495 1254 suis,
3525 1193 3634 1247 cir-

2052 1278 2300 1323 cumeunt
2324 1269 2512 1325 domos
2548 1272 2769 1340 alienas,
2799 1274 3009 1330 curiose
3056 1287 3297 1348 agentes,
3353 1280 3636 1350 loquentes

2052 1377 2170 1429 qua:
2207 1377 2312 1417 non
2344 1373 2572 1431 oportet,
2626 1366 2891 1435 superbm,
2930 1368 3174 1439 linguaue
3205 1369 3249 1440 (Ι
3279 1369 3411 1424 Tim.
3439 1388 3490 1432 v.
3517 1375 3629 1441 l3),

2051 1449 2273 1506 ebriosa:
2305 1470 2319 1505 :
2348 1454 2446 1507 etsi
2495 1454 2722 1525 virgines
2781 1465 2925 1516 sunt.
2976 1458 3099 1527 quid
3146 1459 3359 1527 prodest
3412 1461 3630 1534 integra

2050 1556 2194 1608 caro,
2224 1552 2400 1598 mente
2440 1546 2726 1614 corrupta?
2760 1546 2944 1601 Melius
2965 1557 3047 1602 est
3073 1547 3271 1603 humile
3300 1551 3628 1620 eonjnginm,

2051 1649 2206 1702 quam
2231 1635 2457 1704 superba
2498 1636 2795 1707 virginitas.
2830 1638 2885 1692 Si
2923 1640 3065 1693 enim
3098 1640 3342 1705 nuberet,
3384 1658 3489 1695 non
3533 1645 3632 1697 ha-

2052 1722 2202 1777 berct
2222 1738 2414 1779 nomen
2465 1725 2604 1780 unde
2645 1726 3014 1792 extolleretur,
3048 1738 3104 1782 et
3146 1729 3366 1786 haberet
3420 1731 3632 1787 frenum

2050 1827 2156 1882 quo
2182 1822 2475 1884 regeretur.
2509 1815 2616 1870 Sed
2655 1816 2911 1887 numquid
2935 1829 3151 1888 propter
3177 1820 3412 1890 virgines
3437 1823 3628 1890 malas,

2049 1902 2351 1979 damnaturi
2381 1920 2565 1960 sumus
2586 1915 2798 1961 sanctas
2822 1916 2876 1961 et
2898 1923 3123 1977 corpore
3143 1919 3198 1964 et
3222 1911 3408 1979 spiritu
3434 1913 3475 1978 (Ι
3505 1912 3627 1968 Cor.

2050 2007 2141 2058 vn,
2168 1993 2287 2063 54)?
2311 2004 2403 2048 aut
2427 2004 2641 2066 propter
2670 1996 2799 2050 istas
2826 1997 3135 2063 laudabiles,
3178 1999 3336 2055 etiam
3372 2002 3488 2056 illas
3527 2004 3631 2057 im-

2049 2083 2349 2151 probandas
2380 2085 2594 2140 laudare
2619 2088 2907 2156 cogemur?
2944 2086 3189 2160 Undique
3218 2104 3354 2145 unus
3383 2107 3628 2148 assume-

2050 2182 2152 2237 tur,
2180 2184 2232 2228 et
2260 2189 2393 2228 unus
2418 2176 2764 2244 relinquetur.

2120 2265 2210 2322 Η.
2237 2262 2385 2336 [νοτε.
2414 2264 2494 2338 2.]
2539 2266 2700 2336 Ergo,
2756 2267 2964 2327 fratres.
3027 2269 3271 2326 ﬁniamus
3314 2271 3622 2339 Psahnum,

2046 2355 2166 2425 quia
2191 2359 2377 2425 planus
2392 2369 2491 2411 est.
2520 2356 2712 2412 Servite
2726 2358 2944 2433 Domino
2963 2361 3015 2413 in
3032 2361 3353 2432 jucunditata
3380 2378 3400 2416 :
3428 2380 3522 2418 vos
3544 2365 3628 2419 al-

2047 2447 2298 2517 loquitur,
2343 2447 2661 2520 quicumque
2701 2451 2752 2505 in
2795 2452 3054 2508 charitate
3078 2456 3255 2507 omnia
3281 2443 3539 2522 toleratis,
3567 2469 3625 2512 et

2045 2553 2139 2606 spe
2183 2539 2442 2607 gaudetis.
2495 2539 2691 2595 Servita
2731 2540 2970 2608 Domino,
3027 2560 3133 2598 non
3180 2545 3232 2597 in
3262 2547 3625 2601 amaritudine

2046 2630 2499 2695 murmurationis,
2527 2630 2620 2685 sed
2652 2631 2703 2684 in
2723 2632 3047 2703 jucunditate
3074 2633 3394 2689 dilectionis.
3426 2635 3625 2690 Intrate

2043 2720 2095 2771 in
2118 2730 2385 2787 conspectu
2412 2722 2541 2790 ejus,
2566 2722 2619 2775 in
2643 2724 2996 2777 exsultatione.
3030 2724 3209 2780 Facile
3229 2734 3311 2779 est
3345 2726 3623 2782 exsultare

2045 2807 2209 2873 foris;
2262 2811 2315 2864 in
2340 2820 2633 2880 conspectu
2686 2813 2780 2867 Dei
2825 2814 3053 2868 cxsulta.
3093 2814 3212 2870 Non
3265 2817 3419 2872 valde
3443 2818 3651 2887 lingua-

2042 2903 2305 2969 exsultet;
2354 2905 2680 2960 conscientia
2724 2908 2973 2961 casultet.
3014 2906 3211 2962 Intrate
3262 2910 3314 2963 in
3350 2923 3623 2980 conspectu

2042 2994 2169 3063 ejus,
2191 2994 2244 3047 in
2267 2996 2616 3049 exsultatione.
2830 2984 2836 2991 ’

2114 3085 2199 3139 15.
2241 3082 2406 3156 [vers.
2455 3084 2551 3158 5.]
2591 3086 2782 3142 Scitote
2825 3089 3061 3156 quoniam
3097 3088 3345 3143 Dominus
3392 3091 3499 3160 ipsa
3545 3102 3622 3146 est

2043 3174 2198 3229 Deus.
2222 3176 2351 3244 Quis
2376 3177 2541 3231 nescit
2563 3178 2683 3246 quia
2711 3178 2961 3233 Dominus
2988 3181 3099 3249 ipse
3123 3188 3205 3235 est
3228 3181 3404 3237 Deus?
3426 3183 3529 3237 Sed
3550 3182 3623 3238 de

2044 3264 2267 3318 Domino
2292 3265 2437 3325 dicit.
2482 3280 2640 3335 quem
2681 3282 2783 3319 non
2828 3269 3080 3337 putabant
3121 3268 3362 3325 homines
3410 3271 3571 3326 Deum
3604 3290 3619 3325 :

2042 3357 2230 3412 Scitote
2256 3358 2492 3426 quoniam
2526 3356 2772 3412 Dominus
2809 3359 2917 3427 ipsa
2938 3369 3013 3413 est
3038 3362 3180 3415 Deus
3202 3401 3216 3424 ,
3248 3361 3500 3417 Dominus
3528 3363 3625 3418 ille

2043 3461 2147 3500 non
2206 3447 2355 3501 vobis
2404 3447 2664 3501 vilescat:
2700 3449 3067 3514 crucilixistis,
3095 3450 3421 3519 ﬂagellastis,
3450 3454 3624 3522 sputis

2041 3539 2288 3602 illinistis,
2307 3537 2475 3608 spinis
2494 3540 2806 3605 coronastis,
2826 3550 2970 3595 veste
2994 3542 3339 3611 ignominiosa
3365 3544 3622 3609 vestistis,

2041 3629 2090 3682 in
2134 3629 2275 3698 ligno
2302 3629 2650 3697 suspendistis
2673 3671 2686 3693 ,
2718 3631 2880 3686 efavis
2908 3632 3200 3687 cotilixistis
3221 3673 3238 3699 ,
3269 3632 3451 3688 lancea
3500 3650 3627 3704 per-

2036 3719 2294 3782 cussisxis,
2333 3718 2583 3774 custodes
2610 3719 2677 3774 ad
2712 3722 3013 3789 sepulcrum
3062 3722 3353 3790 posuistis;
3397 3724 3509 3792 ipse
3537 3732 3626 3779 est.

2039 3807 2198 3863 Dens.
2226 3809 2418 3864 Scitote
2439 3811 2676 3880 quoniam
2702 3809 2951 3864 Dominus
2977 3813 3083 3879 ipse
3109 3822 3178 3867 ast
3206 3812 3364 3868 Deus.
3400 3813 3518 3884 Ipsa
3544 3815 3626 3883 fa—

2038 3899 2103 3952 cit
2129 3916 2218 3952 uos
2238 3938 2251 3962 ,
2284 3909 2329 3951 at
2355 3916 2454 3953 nou
2482 3916 2571 3954 nos
2600 3900 2636 3954 ί.
2672 3898 2694 3952 1
2701 3916 2788 3968 pse
2815 3901 2932 3970 fecit
2962 3916 3087 3954 nos:
3115 3902 3294 3956 omnia
3323 3918 3419 3972 per
3442 3904 3621 3972 ipsum

2038 3988 2172 4043 facta
2202 3996 2331 4059 sunt
2351 4031 2365 4051 ,
2398 3998 2452 4043 et
2476 3990 2591 4044 sine
2623 3990 2737 4057 ipso
2764 3989 2957 4045 factum
2982 3999 3064 4045 est
3089 3990 3222 4045 nihil
3244 3990 3403 4063 (Jean
3453 4008 3506 4057 ι,
3538 3993 3619 4063 3).

2038 4079 2172 4146 Quid
2195 4088 2279 4136 est
2321 4079 2461 4150 quod
2486 4080 2799 4137 exsultatis?
2842 4081 2967 4149 quid
2994 4089 3077 4135 est
3126 4081 3264 4149 quod
3295 4082 3622 4152 superbius?

2000 4222 2005 4239 ,
2038 4172 2189 4225 Alius
2214 4186 2306 4225 vos
2333 4169 2493 4234 fecit;
2522 4179 2576 4224 et
2603 4170 2692 4240 qui
2724 4185 2818 4223 vos
2847 4170 2988 4234 fecit,
3024 4170 3135 4240 ipse
3160 4186 3190 4224 a
3213 4170 3362 4231 vobis
3390 4172 3610 4241 patitur.

2038 4261 2142 4317 Sed
2165 4276 2259 4316 vos
2284 4261 2361 4315 sic
2389 4276 2483 4314 vos
2510 4259 2722 4329 jactatis
2751 4270 2805 4315 et
2857 4261 3181 4331 gloriamini,
3236 4270 3292 4316 et
3338 4262 3619 4327 extollitis,

2039 4353 2190 4423 quasi
2210 4368 2241 4407 a
2270 4352 2420 4407 vobis
2448 4352 2578 4422 ipsis
2609 4352 2729 4405 facti
2761 4354 2899 4409 sitis.
2928 4353 3132 4411 Battum
3162 4362 3246 4407 est
3265 4353 3417 4408 vobis
3448 4354 3621 4424 utqui

2040 4445 2166 4501 fecit
2214 4458 2328 4510 vos,
2376 4445 2655 4515 perliciat‘
2688 4458 2801 4498 vos.
2851 4442 2972 4513 Ipsa
3015 4445 3129 4515 fecit
3155 4460 3264 4506 nos.
3299 4457 3345 4498 et
3377 4460 3476 4497 non
3503 4460 3619 4499 nos.

2038 4536 2155 4592 Non
2183 4536 2441 4591 debemus
2470 4535 2744 4605 superbire
2773 4554 2786 4590 :
2817 4545 2983 4590 totum
3010 4530 3225 4590 bonum
3271 4535 3410 4604 quod
3453 4534 3622 4591 habe-

2042 4646 2179 4694 mus,
2210 4628 2278 4683 ab
2297 4628 2502 4683 artifice
2536 4639 2720 4699 nostro
2749 4627 3037 4693 habennts;
3070 4627 3211 4698 quod
3237 4627 3290 4681 in
3320 4628 3476 4683 nobis
3520 4642 3622 4681 nos

2043 4722 2282 4787 fecimus,
2316 4721 2439 4777 inde
2466 4720 2816 4787 damnamur;
2863 4720 3004 4790 quod
3059 4720 3110 4774 in
3140 4720 3295 4775 nobis
3343 4719 3429 4773 ille
3466 4717 3620 4783 fecit,

2042 4813 2164 4867 inde
2198 4827 2540 4867 coronamur.
2585 4810 2615 4865 Ι
2622 4828 2709 4882 pse
2747 4811 2864 4881 fecit
2892 4828 3001 4873 nos,
3026 4820 3071 4864 at
3109 4827 3211 4863 non
3243 4826 3354 4863 nos.
3387 4806 3497 4862 Nos
3519 4825 3613 4862 au-

2040 4913 2135 4958 tem
2162 4902 2378 4975 papulas
2403 4905 2534 4975 ejus,
2574 4913 2621 4957 et
2660 4918 2772 4956 oves
2817 4916 3016 4972 pascua:
3044 4900 3174 4971 ejus.
3214 4900 3351 4955 Oves
3381 4908 3436 4954 et
3459 4899 3575 4954 ovis
3606 4917 3621 4953 :

2043 4996 2170 5065 ipsa:
2190 5009 2317 5049 oves
2360 5011 2459 5048 una
2490 4994 2624 5049 ovis.
2672 4994 2739 5047 Et
2785 5009 2941 5063 quam
2979 4992 3401 5047 amantissimum
3448 4991 3625 5047 nostri

2043 5096 2306 5156 pastorem
2337 5086 2626 5140 habemus!
2676 5085 2888 5138 Dunisit
2938 5084 3225 5152 nottaginta
3266 5098 3474 5145 novem,
3522 5080 3625 5135 dea

2042 5179 2247 5233 scendit
2274 5195 2510 5247 quzurere
2529 5194 2707 5238 unam.
2732 5186 2965 5245 reportat
2990 5175 3041 5228 in
3070 5174 3308 5228 humeris
3328 5173 3441 5229 suis
3465 5172 3625 5245 (Luc.

2042 5289 2130 5334 xv.
2164 5273 2218 5335 4.
2243 5273 2300 5339 ει)
2333 5270 2659 5339 redemptam
2687 5268 2951 5339 sanguine
2975 5281 3092 5321 suo.
3116 5265 3354 5321 Securus
3383 5277 3634 5321 mortuus

2042 5371 2125 5418 est
2174 5370 2352 5432 pastor
2402 5376 2494 5429 pro
2521 5376 2640 5425 ore,
2684 5361 2771 5429 qui
2828 5374 3110 5427 resurgens
3156 5358 3395 5427 possidet
3438 5371 3628 5411 ovem.

2045 5453 2156 5508 Nos
2176 5464 2342 5506 autent
2373 5453 2586 5521 populus
2607 5451 2736 5521 ejus,
2761 5460 2803 5504 et
2827 5466 2938 5504 oves
2959 5464 3159 5520 pascua:
3182 5450 3313 5516 ejus.
3430 5508 3441 5516 ⁸

2115 5547 2202 5601 16.
2243 5543 2402 5616 [vers.
2433 5546 2466 5598 4
2494 5585 2509 5608 ,
2542 5542 2634 5614 5.]
2673 5541 2870 5597 Intrate
2910 5542 2961 5596 in
2991 5552 3162 5613 portas
3188 5541 3296 5610 ejus
3333 5541 3387 5593 in
3427 5540 3635 5607 confes-

2111 5701 2126 5731 ι
2154 5696 2349 5753 de.,et
2382 5708 2474 5746 non
2510 5693 2606 5758 ipsi
2643 5707 2743 5744 nos.
2778 5700 2895 5752 Vox,
2914 5690 3026 5756 ipsi,
3048 5691 3190 5741 abest
3214 5705 3242 5739 a
3265 5687 3483 5740 melioris
3503 5696 3636 5740 nota:

2044 5768 2151 5809 Mss.
2171 5767 2222 5807 et
2236 5772 2263 5807 a
2280 5765 2346 5805 LX
2356 5765 2407 5804 χ.

2110 5824 2129 5853 ¹
2151 5820 2313 5869 Plures
2332 5819 2492 5881 probae
2512 5826 2637 5868 notae
2654 5824 2778 5876 Mss“
2805 5812 3006 5876 reﬁciat.
