  <div class='ocr_page' id='page_1' title='image "/cluster/home/n/w/nwhite01/storage/ocr_20150623/37/hvd.32044096580592/136.png"; bbox 0 0 4012 6202; ppageno 0'>
   <div class='ocr_carea' id='block_1_1' title="bbox 312 226 444 281">
    <p class='ocr_par' dir='ltr' id='par_1_1' title="bbox 312 226 444 281">
     <span class='ocr_line' id='line_1_1' title="bbox 312 226 444 281; baseline 0 -1"><span class='ocrx_word' id='word_1_1' title='bbox 312 226 444 281; x_wconf 68' lang='grc'><strong>1281</strong></span> 
     </span>
    </p>
   </div>
   <div class='ocr_carea' id='block_1_2' title="bbox 303 339 1894 411">
    <p class='ocr_par' dir='ltr' id='par_1_2' title="bbox 303 339 1894 411">
     <span class='ocr_line' id='line_1_2' title="bbox 303 339 1894 411; baseline 0 -19"><span class='ocrx_word' id='word_1_2' title='bbox 303 340 466 393; x_wconf 80' lang='lat' dir='ltr'><strong>sione.</strong></span> <span class='ocrx_word' id='word_1_3' title='bbox 512 339 564 394; x_wconf 91' lang='lat' dir='ltr'><strong>In</strong></span> <span class='ocrx_word' id='word_1_4' title='bbox 598 339 764 411; x_wconf 90' lang='lat' dir='ltr'><strong>portis</strong></span> <span class='ocrx_word' id='word_1_5' title='bbox 806 339 1011 396; x_wconf 90' lang='lat' dir='ltr'><strong>initium</strong></span> <span class='ocrx_word' id='word_1_6' title='bbox 1040 348 1158 407; x_wconf 89' lang='lat' dir='ltr'><strong>est;</strong></span> <span class='ocrx_word' id='word_1_7' title='bbox 1206 355 1237 395; x_wconf 92' lang='lat' dir='ltr'><strong>a</strong></span> <span class='ocrx_word' id='word_1_8' title='bbox 1278 339 1614 396; x_wconf 82' lang='lat' dir='ltr'><strong>confessione</strong></span> <span class='ocrx_word' id='word_1_9' title='bbox 1659 339 1894 409; x_wconf 90' lang='lat' dir='ltr'><strong>incipite.</strong></span> 
     </span>
    </p>
   </div>
   <div class='ocr_carea' id='block_1_3' title="bbox 307 430 1896 503">
    <p class='ocr_par' dir='ltr' id='par_1_3' title="bbox 307 430 1896 503">
     <span class='ocr_line' id='line_1_3' title="bbox 307 430 1896 503; baseline 0 -18"><span class='ocrx_word' id='word_1_10' title='bbox 307 431 436 485; x_wconf 86' lang='lat' dir='ltr'><strong>lude</strong></span> <span class='ocrx_word' id='word_1_11' title='bbox 479 432 718 486; x_wconf 79' lang='lat' dir='ltr'><strong>Psatmus</strong></span> <span class='ocrx_word' id='word_1_12' title='bbox 756 434 808 485; x_wconf 90' lang='lat' dir='ltr'><strong>in</strong></span> <span class='ocrx_word' id='word_1_13' title='bbox 851 433 1198 503; x_wconf 74' lang='lat' dir='ltr'><strong>confessione,</strong></span> <span class='ocrx_word' id='word_1_14' title='bbox 1230 431 1300 486; x_wconf 88' lang='lat' dir='ltr'><strong>ibi</strong></span> <span class='ocrx_word' id='word_1_15' title='bbox 1340 431 1560 500; x_wconf 88' lang='lat' dir='ltr'><strong>jubilale</strong></span> <span class='ocrx_word' id='word_1_16' title='bbox 1593 433 1630 484; x_wconf 77' lang='grc'><strong>³.</strong></span> <span class='ocrx_word' id='word_1_17' title='bbox 1659 430 1896 487; x_wconf 87' lang='lat' dir='ltr'><strong>Conﬁte-</strong></span> 
     </span>
    </p>
   </div>
   <div class='ocr_carea' id='block_1_4' title="bbox 305 520 1894 591">
    <p class='ocr_par' dir='ltr' id='par_1_4' title="bbox 305 520 1894 591">
     <span class='ocr_line' id='line_1_4' title="bbox 305 520 1894 591; baseline -0.001 -15"><span class='ocrx_word' id='word_1_18' title='bbox 305 524 436 577; x_wconf 90' lang='lat' dir='ltr'><strong>mini</strong></span> <span class='ocrx_word' id='word_1_19' title='bbox 464 539 559 577; x_wconf 83' lang='lat' dir='ltr'><strong>vos</strong></span> <span class='ocrx_word' id='word_1_20' title='bbox 595 540 701 577; x_wconf 91' lang='lat' dir='ltr'><strong>non</strong></span> <span class='ocrx_word' id='word_1_21' title='bbox 729 523 895 579; x_wconf 87' lang='lat' dir='ltr'><strong>factos</strong></span> <span class='ocrx_word' id='word_1_22' title='bbox 924 539 953 578; x_wconf 91' lang='lat' dir='ltr'><strong>a</strong></span> <span class='ocrx_word' id='word_1_23' title='bbox 982 524 1162 589; x_wconf 84' lang='lat' dir='ltr'><strong>vobis,</strong></span> <span class='ocrx_word' id='word_1_24' title='bbox 1196 521 1405 578; x_wconf 96' lang='lat' dir='ltr'><strong>laudate</strong></span> <span class='ocrx_word' id='word_1_25' title='bbox 1430 537 1551 577; x_wconf 90' lang='lat' dir='ltr'><strong>cum</strong></span> <span class='ocrx_word' id='word_1_26' title='bbox 1577 537 1607 574; x_wconf 90' lang='lat' dir='ltr'><strong>a</strong></span> <span class='ocrx_word' id='word_1_27' title='bbox 1641 536 1747 591; x_wconf 91' lang='lat' dir='ltr'><strong>quo</strong></span> <span class='ocrx_word' id='word_1_28' title='bbox 1775 520 1894 575; x_wconf 85' lang='lat' dir='ltr'><strong>facti</strong></span> 
     </span>
    </p>
   </div>
   <div class='ocr_carea' id='block_1_5' title="bbox 305 609 1894 683">
    <p class='ocr_par' dir='ltr' id='par_1_5' title="bbox 305 609 1894 683">
     <span class='ocr_line' id='line_1_5' title="bbox 305 609 1894 683; baseline -0.003 -15"><span class='ocrx_word' id='word_1_29' title='bbox 305 615 456 668; x_wconf 89' lang='lat' dir='ltr'><strong>estis.</strong></span> <span class='ocrx_word' id='word_1_30' title='bbox 489 615 570 667; x_wconf 77' lang='lat' dir='ltr'><strong>Ab</strong></span> <span class='ocrx_word' id='word_1_31' title='bbox 594 616 686 668; x_wconf 87' lang='lat' dir='ltr'><strong>illo</strong></span> <span class='ocrx_word' id='word_1_32' title='bbox 713 616 782 669; x_wconf 90' lang='lat' dir='ltr'><strong>sit</strong></span> <span class='ocrx_word' id='word_1_33' title='bbox 807 615 1000 668; x_wconf 90' lang='lat' dir='ltr'><strong>bonum</strong></span> <span class='ocrx_word' id='word_1_34' title='bbox 1034 625 1180 668; x_wconf 91' lang='lat' dir='ltr'><strong>tuum</strong></span> <span class='ocrx_word' id='word_1_35' title='bbox 1202 655 1217 680; x_wconf 96' lang='lat'><strong>,</strong></span> <span class='ocrx_word' id='word_1_36' title='bbox 1250 629 1278 668; x_wconf 90' lang='lat' dir='ltr'><strong>a</strong></span> <span class='ocrx_word' id='word_1_37' title='bbox 1306 628 1412 683; x_wconf 89' lang='lat' dir='ltr'><strong>quo</strong></span> <span class='ocrx_word' id='word_1_38' title='bbox 1437 611 1696 668; x_wconf 85' lang='lat' dir='ltr'><strong>recedens</strong></span> <span class='ocrx_word' id='word_1_39' title='bbox 1722 609 1894 665; x_wconf 79' lang='lat' dir='ltr'><strong>fecisti</strong></span> 
     </span>
    </p>
   </div>
   <div class='ocr_carea' id='block_1_6' title="bbox 304 701 1892 774">
    <p class='ocr_par' dir='ltr' id='par_1_6' title="bbox 304 701 1892 774">
     <span class='ocr_line' id='line_1_6' title="bbox 304 701 1892 774; baseline -0.002 -17"><span class='ocrx_word' id='word_1_40' title='bbox 304 704 500 757; x_wconf 86' lang='lat' dir='ltr'><strong>malum</strong></span> <span class='ocrx_word' id='word_1_41' title='bbox 535 713 702 758; x_wconf 89' lang='lat' dir='ltr'><strong>tuum.</strong></span> <span class='ocrx_word' id='word_1_42' title='bbox 734 704 931 758; x_wconf 92' lang='lat' dir='ltr'><strong>Intrate</strong></span> <span class='ocrx_word' id='word_1_43' title='bbox 960 705 1010 758; x_wconf 91' lang='lat' dir='ltr'><strong>in</strong></span> <span class='ocrx_word' id='word_1_44' title='bbox 1043 712 1214 774; x_wconf 86' lang='lat' dir='ltr'><strong>portas</strong></span> <span class='ocrx_word' id='word_1_45' title='bbox 1243 705 1350 774; x_wconf 89' lang='lat' dir='ltr'><strong>ejus</strong></span> <span class='ocrx_word' id='word_1_46' title='bbox 1376 703 1428 756; x_wconf 90' lang='lat' dir='ltr'><strong>in</strong></span> <span class='ocrx_word' id='word_1_47' title='bbox 1451 703 1780 772; x_wconf 76' lang='lat' dir='ltr'><strong>confessione.</strong></span> <span class='ocrx_word' id='word_1_48' title='bbox 1805 701 1892 754; x_wconf 89' lang='lat' dir='ltr'><strong>ln-</strong></span> 
     </span>
    </p>
   </div>
   <div class='ocr_carea' id='block_1_7' title="bbox 305 791 1891 865">
    <p class='ocr_par' dir='ltr' id='par_1_7' title="bbox 305 791 1891 865">
     <span class='ocr_line' id='line_1_7' title="bbox 305 791 1891 865; baseline -0.003 -17"><span class='ocrx_word' id='word_1_49' title='bbox 305 805 408 850; x_wconf 88' lang='lat' dir='ltr'><strong>tret</strong></span> <span class='ocrx_word' id='word_1_50' title='bbox 431 811 561 864; x_wconf 78' lang='lat' dir='ltr'><strong>grex</strong></span> <span class='ocrx_word' id='word_1_51' title='bbox 593 797 645 849; x_wconf 92' lang='lat' dir='ltr'><strong>in</strong></span> <span class='ocrx_word' id='word_1_52' title='bbox 685 806 863 865; x_wconf 89' lang='lat' dir='ltr'><strong>portas</strong></span> <span class='ocrx_word' id='word_1_53' title='bbox 885 836 901 862; x_wconf 94' lang='lat'><strong>,</strong></span> <span class='ocrx_word' id='word_1_54' title='bbox 932 810 1035 848; x_wconf 93' lang='lat' dir='ltr'><strong>non</strong></span> <span class='ocrx_word' id='word_1_55' title='bbox 1067 794 1198 848; x_wconf 86' lang='lat' dir='ltr'><strong>foris</strong></span> <span class='ocrx_word' id='word_1_56' title='bbox 1227 802 1501 848; x_wconf 83' lang='lat' dir='ltr'><strong>remaneat</strong></span> <span class='ocrx_word' id='word_1_57' title='bbox 1528 792 1595 846; x_wconf 87' lang='lat' dir='ltr'><strong>ad</strong></span> <span class='ocrx_word' id='word_1_58' title='bbox 1622 792 1792 862; x_wconf 91' lang='lat' dir='ltr'><strong>lupos.</strong></span> <span class='ocrx_word' id='word_1_59' title='bbox 1827 791 1891 845; x_wconf 85' lang='lat' dir='ltr'><strong>Et</strong></span> 
     </span>
    </p>
   </div>
   <div class='ocr_carea' id='block_1_8' title="bbox 301 885 1886 958">
    <p class='ocr_par' dir='ltr' id='par_1_8' title="bbox 301 885 1886 958">
     <span class='ocr_line' id='line_1_8' title="bbox 301 885 1886 958; baseline -0.003 -16"><span class='ocrx_word' id='word_1_60' title='bbox 301 889 572 958; x_wconf 87' lang='lat' dir='ltr'><strong>quomodo</strong></span> <span class='ocrx_word' id='word_1_61' title='bbox 601 889 797 944; x_wconf 84' lang='lat' dir='ltr'><strong>intret?</strong></span> <span class='ocrx_word' id='word_1_62' title='bbox 824 887 889 941; x_wconf 89' lang='lat' dir='ltr'><strong>In</strong></span> <span class='ocrx_word' id='word_1_63' title='bbox 915 887 1244 958; x_wconf 77' lang='lat' dir='ltr'><strong>confessione.</strong></span> <span class='ocrx_word' id='word_1_64' title='bbox 1269 887 1447 951; x_wconf 86' lang='lat' dir='ltr'><strong>Porta,</strong></span> <span class='ocrx_word' id='word_1_65' title='bbox 1477 885 1528 939; x_wconf 89' lang='lat' dir='ltr'><strong>id</strong></span> <span class='ocrx_word' id='word_1_66' title='bbox 1553 895 1629 940; x_wconf 87' lang='lat' dir='ltr'><strong>est</strong></span> <span class='ocrx_word' id='word_1_67' title='bbox 1659 885 1886 951; x_wconf 89' lang='lat' dir='ltr'><strong>initium,</strong></span> 
     </span>
    </p>
   </div>
   <div class='ocr_carea' id='block_1_9' title="bbox 302 975 1884 1048">
    <p class='ocr_par' dir='ltr' id='par_1_9' title="bbox 302 975 1884 1048">
     <span class='ocr_line' id='line_1_9' title="bbox 302 975 1884 1048; baseline -0.004 -13"><span class='ocrx_word' id='word_1_68' title='bbox 302 981 570 1035; x_wconf 78' lang='lat' dir='ltr'><strong>ccul&#39;cssio</strong></span> <span class='ocrx_word' id='word_1_69' title='bbox 601 980 691 1034; x_wconf 85' lang='lat' dir='ltr'><strong>tibi</strong></span> <span class='ocrx_word' id='word_1_70' title='bbox 732 981 820 1034; x_wconf 91' lang='lat' dir='ltr'><strong>sit.</strong></span> <span class='ocrx_word' id='word_1_71' title='bbox 853 979 1002 1036; x_wconf 85' lang='lat' dir='ltr'><strong>Unde</strong></span> <span class='ocrx_word' id='word_1_72' title='bbox 1030 980 1083 1032; x_wconf 87' lang='lat' dir='ltr'><strong>in</strong></span> <span class='ocrx_word' id='word_1_73' title='bbox 1109 979 1214 1032; x_wconf 89' lang='lat' dir='ltr'><strong>alio</strong></span> <span class='ocrx_word' id='word_1_74' title='bbox 1245 978 1446 1048; x_wconf 84' lang='lat' dir='ltr'><strong>psalmo</strong></span> <span class='ocrx_word' id='word_1_75' title='bbox 1473 977 1700 1032; x_wconf 84' lang='lat' dir='ltr'><strong>dicitur:</strong></span> <span class='ocrx_word' id='word_1_76' title='bbox 1742 975 1884 1028; x_wconf 83' lang='lat' dir='ltr'><strong>Inci-</strong></span> 
     </span>
    </p>
   </div>
   <div class='ocr_carea' id='block_1_10' title="bbox 303 1066 1882 1140">
    <p class='ocr_par' dir='ltr' id='par_1_10' title="bbox 303 1066 1882 1140">
     <span class='ocr_line' id='line_1_10' title="bbox 303 1066 1882 1140; baseline -0.002 -17"><span class='ocrx_word' id='word_1_77' title='bbox 303 1073 402 1140; x_wconf 83' lang='lat' dir='ltr'><strong>pite</strong></span> <span class='ocrx_word' id='word_1_78' title='bbox 432 1071 654 1124; x_wconf 85' lang='lat' dir='ltr'><strong>Domino</strong></span> <span class='ocrx_word' id='word_1_79' title='bbox 680 1072 731 1124; x_wconf 89' lang='lat' dir='ltr'><strong>in</strong></span> <span class='ocrx_word' id='word_1_80' title='bbox 753 1071 1063 1140; x_wconf 79' lang='lat' dir='ltr'><strong>confessione</strong></span> <span class='ocrx_word' id='word_1_81' title='bbox 1090 1067 1260 1140; x_wconf 83' lang='lat' dir='ltr'><strong>(Psal.</strong></span> <span class='ocrx_word' id='word_1_82' title='bbox 1284 1084 1456 1130; x_wconf 75' lang='lat' dir='ltr'><strong>CXLVI,</strong></span> <span class='ocrx_word' id='word_1_83' title='bbox 1486 1069 1564 1134; x_wconf 86' lang='lat'><strong>7).</strong></span> <span class='ocrx_word' id='word_1_84' title='bbox 1588 1066 1735 1134; x_wconf 85' lang='lat' dir='ltr'><strong>Quod</strong></span> <span class='ocrx_word' id='word_1_85' title='bbox 1761 1067 1882 1128; x_wconf 92' lang='lat' dir='ltr'><strong>illic,</strong></span> 
     </span>
    </p>
   </div>
   <div class='ocr_carea' id='block_1_11' title="bbox 300 1145 1886 1230">
    <p class='ocr_par' dir='ltr' id='par_1_11' title="bbox 300 1145 1886 1230">
     <span class='ocr_line' id='line_1_11' title="bbox 300 1145 1886 1230; baseline -0.004 -14"><span class='ocrx_word' id='word_1_86' title='bbox 300 1163 448 1224; x_wconf 84' lang='lat' dir='ltr'><strong>dicit.</strong></span> <span class='ocrx_word' id='word_1_87' title='bbox 484 1161 747 1230; x_wconf 81' lang='lat' dir='ltr'><strong>Incipite;</strong></span> <span class='ocrx_word' id='word_1_88' title='bbox 775 1163 874 1216; x_wconf 90' lang='lat' dir='ltr'><strong>boc</strong></span> <span class='ocrx_word' id='word_1_89' title='bbox 911 1161 1192 1230; x_wconf 71' lang='lat' dir='ltr'><strong>appellavit</strong></span> <span class='ocrx_word' id='word_1_90' title='bbox 1220 1160 1338 1225; x_wconf 88' lang='lat' dir='ltr'><strong>hic,</strong></span> <span class='ocrx_word' id='word_1_91' title='bbox 1365 1145 1539 1229; x_wconf 69' lang='lat' dir='ltr'><strong>portas</strong></span> <span class='ocrx_word' id='word_1_92' title='bbox 1557 1174 1576 1211; x_wconf 91' lang='lat'><strong><em>:</em></strong></span> <span class='ocrx_word' id='word_1_93' title='bbox 1619 1157 1813 1212; x_wconf 89' lang='lat' dir='ltr'><strong>Intrate</strong></span> <span class='ocrx_word' id='word_1_94' title='bbox 1833 1157 1886 1210; x_wconf 90' lang='lat' dir='ltr'><strong>in</strong></span> 
     </span>
    </p>
   </div>
   <div class='ocr_carea' id='block_1_12' title="bbox 301 1247 1886 1326">
    <p class='ocr_par' dir='ltr' id='par_1_12' title="bbox 301 1247 1886 1326">
     <span class='ocr_line' id='line_1_12' title="bbox 301 1247 1886 1326; baseline -0.003 -20"><span class='ocrx_word' id='word_1_95' title='bbox 301 1262 470 1317; x_wconf 86' lang='lat' dir='ltr'><strong>portas</strong></span> <span class='ocrx_word' id='word_1_96' title='bbox 498 1255 611 1326; x_wconf 85' lang='lat' dir='ltr'><strong>ejus</strong></span> <span class='ocrx_word' id='word_1_97' title='bbox 636 1254 688 1306; x_wconf 90' lang='lat' dir='ltr'><strong>in</strong></span> <span class='ocrx_word' id='word_1_98' title='bbox 711 1253 1037 1322; x_wconf 84' lang='lat' dir='ltr'><strong>confessione.</strong></span> <span class='ocrx_word' id='word_1_99' title='bbox 1071 1252 1132 1304; x_wconf 83' lang='lat' dir='ltr'><strong>Et</strong></span> <span class='ocrx_word' id='word_1_100' title='bbox 1160 1251 1308 1320; x_wconf 89' lang='lat' dir='ltr'><strong>quid,</strong></span> <span class='ocrx_word' id='word_1_101' title='bbox 1336 1267 1454 1305; x_wconf 91' lang='lat' dir='ltr'><strong>cum</strong></span> <span class='ocrx_word' id='word_1_102' title='bbox 1474 1249 1582 1319; x_wconf 88' lang='lat' dir='ltr'><strong>jam</strong></span> <span class='ocrx_word' id='word_1_103' title='bbox 1610 1247 1886 1303; x_wconf 85' lang='lat' dir='ltr'><strong>intraveri-</strong></span> 
     </span>
    </p>
   </div>
   <div class='ocr_carea' id='block_1_13' title="bbox 301 1343 1885 1412">
    <p class='ocr_par' dir='ltr' id='par_1_13' title="bbox 301 1343 1885 1412">
     <span class='ocr_line' id='line_1_13' title="bbox 301 1343 1885 1412; baseline -0.005 -13"><span class='ocrx_word' id='word_1_104' title='bbox 301 1363 430 1408; x_wconf 75' lang='lat' dir='ltr'><strong>mus,</strong></span> <span class='ocrx_word' id='word_1_105' title='bbox 485 1360 592 1399; x_wconf 90' lang='lat' dir='ltr'><strong>non</strong></span> <span class='ocrx_word' id='word_1_106' title='bbox 637 1344 1042 1400; x_wconf 88' lang='lat' dir='ltr'><strong>conﬁtebimur?</strong></span> <span class='ocrx_word' id='word_1_107' title='bbox 1086 1343 1310 1412; x_wconf 86' lang='lat' dir='ltr'><strong>Semper</strong></span> <span class='ocrx_word' id='word_1_108' title='bbox 1353 1343 1626 1404; x_wconf 90' lang='lat' dir='ltr'><strong>conlitere,</strong></span> <span class='ocrx_word' id='word_1_109' title='bbox 1672 1354 1885 1408; x_wconf 87' lang='lat' dir='ltr'><strong>semper</strong></span> 
     </span>
    </p>
   </div>
   <div class='ocr_carea' id='block_1_14' title="bbox 301 1429 1882 1506">
    <p class='ocr_par' dir='ltr' id='par_1_14' title="bbox 301 1429 1882 1506">
     <span class='ocr_line' id='line_1_14' title="bbox 301 1429 1882 1506; baseline -0.003 -19"><span class='ocrx_word' id='word_1_110' title='bbox 301 1436 461 1490; x_wconf 89' lang='lat' dir='ltr'><strong>habes</strong></span> <span class='ocrx_word' id='word_1_111' title='bbox 489 1435 634 1506; x_wconf 90' lang='lat' dir='ltr'><strong>quod</strong></span> <span class='ocrx_word' id='word_1_112' title='bbox 661 1433 984 1490; x_wconf 89' lang='lat' dir='ltr'><strong>conﬁtearis.</strong></span> <span class='ocrx_word' id='word_1_113' title='bbox 1016 1431 1237 1487; x_wconf 89' lang='lat' dir='ltr'><strong>Difﬁcile</strong></span> <span class='ocrx_word' id='word_1_114' title='bbox 1266 1441 1346 1486; x_wconf 90' lang='lat' dir='ltr'><strong>est</strong></span> <span class='ocrx_word' id='word_1_115' title='bbox 1373 1431 1424 1484; x_wconf 90' lang='lat' dir='ltr'><strong>in</strong></span> <span class='ocrx_word' id='word_1_116' title='bbox 1452 1431 1550 1484; x_wconf 89' lang='lat' dir='ltr'><strong>hac</strong></span> <span class='ocrx_word' id='word_1_117' title='bbox 1574 1431 1696 1494; x_wconf 88' lang='lat' dir='ltr'><strong>vita,</strong></span> <span class='ocrx_word' id='word_1_118' title='bbox 1728 1429 1882 1483; x_wconf 90' lang='lat' dir='ltr'><strong>utsic</strong></span> 
     </span>
    </p>
   </div>
   <div class='ocr_carea' id='block_1_15' title="bbox 299 1517 1878 1589">
    <p class='ocr_par' dir='ltr' id='par_1_15' title="bbox 299 1517 1878 1589">
     <span class='ocr_line' id='line_1_15' title="bbox 299 1517 1878 1589; baseline -0.004 -11"><span class='ocrx_word' id='word_1_119' title='bbox 299 1527 455 1580; x_wconf 90' lang='lat' dir='ltr'><strong>homo</strong></span> <span class='ocrx_word' id='word_1_120' title='bbox 486 1534 754 1586; x_wconf 90' lang='lat' dir='ltr'><strong>mutetur,</strong></span> <span class='ocrx_word' id='word_1_121' title='bbox 789 1532 846 1578; x_wconf 92' lang='lat' dir='ltr'><strong>ut</strong></span> <span class='ocrx_word' id='word_1_122' title='bbox 875 1522 1004 1577; x_wconf 87' lang='lat' dir='ltr'><strong>nihil</strong></span> <span class='ocrx_word' id='word_1_123' title='bbox 1035 1521 1329 1576; x_wconf 86' lang='lat' dir='ltr'><strong>inveniatur</strong></span> <span class='ocrx_word' id='word_1_124' title='bbox 1355 1521 1404 1574; x_wconf 90' lang='lat' dir='ltr'><strong>in</strong></span> <span class='ocrx_word' id='word_1_125' title='bbox 1433 1534 1498 1573; x_wconf 89' lang='lat' dir='ltr'><strong>eo</strong></span> <span class='ocrx_word' id='word_1_126' title='bbox 1527 1517 1666 1589; x_wconf 88' lang='lat' dir='ltr'><strong>quod</strong></span> <span class='ocrx_word' id='word_1_127' title='bbox 1695 1533 1878 1586; x_wconf 85' lang='lat' dir='ltr'><strong>repre-</strong></span> 
     </span>
    </p>
   </div>
   <div class='ocr_carea' id='block_1_16' title="bbox 297 1608 1878 1686">
    <p class='ocr_par' dir='ltr' id='par_1_16' title="bbox 297 1608 1878 1686">
     <span class='ocr_line' id='line_1_16' title="bbox 297 1608 1878 1686; baseline -0.005 -16"><span class='ocrx_word' id='word_1_128' title='bbox 297 1616 558 1672; x_wconf 85' lang='lat' dir='ltr'><strong>hendatur</strong></span> <span class='ocrx_word' id='word_1_129' title='bbox 585 1636 597 1670; x_wconf 91' lang='lat'><strong>:</strong></span> <span class='ocrx_word' id='word_1_130' title='bbox 645 1631 777 1686; x_wconf 87' lang='lat' dir='ltr'><strong>opus</strong></span> <span class='ocrx_word' id='word_1_131' title='bbox 803 1625 881 1669; x_wconf 88' lang='lat' dir='ltr'><strong>est</strong></span> <span class='ocrx_word' id='word_1_132' title='bbox 909 1625 962 1668; x_wconf 91' lang='lat' dir='ltr'><strong>ut</strong></span> <span class='ocrx_word' id='word_1_133' title='bbox 993 1623 1046 1668; x_wconf 90' lang='lat' dir='ltr'><strong>tu</strong></span> <span class='ocrx_word' id='word_1_134' title='bbox 1079 1624 1130 1668; x_wconf 90' lang='lat' dir='ltr'><strong>te</strong></span> <span class='ocrx_word' id='word_1_135' title='bbox 1156 1610 1547 1681; x_wconf 83' lang='lat' dir='ltr'><strong>reprehendas,</strong></span> <span class='ocrx_word' id='word_1_136' title='bbox 1575 1623 1641 1665; x_wconf 90' lang='lat' dir='ltr'><strong>ne</strong></span> <span class='ocrx_word' id='word_1_137' title='bbox 1679 1608 1766 1663; x_wconf 90' lang='lat' dir='ltr'><strong>ille</strong></span> <span class='ocrx_word' id='word_1_138' title='bbox 1791 1623 1878 1662; x_wconf 86' lang='lat' dir='ltr'><strong>re-</strong></span> 
     </span>
    </p>
   </div>
   <div class='ocr_carea' id='block_1_17' title="bbox 293 1699 1878 1777">
    <p class='ocr_par' dir='ltr' id='par_1_17' title="bbox 293 1699 1878 1777">
     <span class='ocr_line' id='line_1_17' title="bbox 293 1699 1878 1777; baseline -0.008 -13"><span class='ocrx_word' id='word_1_139' title='bbox 293 1707 591 1777; x_wconf 76' lang='lat' dir='ltr'><strong>prehendat</strong></span> <span class='ocrx_word' id='word_1_140' title='bbox 620 1707 707 1776; x_wconf 85' lang='lat' dir='ltr'><strong>qui</strong></span> <span class='ocrx_word' id='word_1_141' title='bbox 737 1705 1081 1759; x_wconf 84' lang='lat' dir='ltr'><strong>damnaturus</strong></span> <span class='ocrx_word' id='word_1_142' title='bbox 1108 1712 1207 1758; x_wconf 86' lang='lat' dir='ltr'><strong>est.</strong></span> <span class='ocrx_word' id='word_1_143' title='bbox 1244 1703 1382 1772; x_wconf 88' lang='lat' dir='ltr'><strong>Ergo</strong></span> <span class='ocrx_word' id='word_1_144' title='bbox 1407 1711 1462 1755; x_wconf 88' lang='lat' dir='ltr'><strong>et</strong></span> <span class='ocrx_word' id='word_1_145' title='bbox 1488 1715 1609 1754; x_wconf 91' lang='lat' dir='ltr'><strong>cum</strong></span> <span class='ocrx_word' id='word_1_146' title='bbox 1648 1699 1878 1753; x_wconf 81' lang='lat' dir='ltr'><strong>intrave-</strong></span> 
     </span>
    </p>
   </div>
   <div class='ocr_carea' id='block_1_18' title="bbox 293 1791 1876 1864">
    <p class='ocr_par' dir='ltr' id='par_1_18' title="bbox 293 1791 1876 1864">
     <span class='ocr_line' id='line_1_18' title="bbox 293 1791 1876 1864; baseline -0.004 -12"><span class='ocrx_word' id='word_1_147' title='bbox 293 1801 360 1852; x_wconf 88' lang='lat' dir='ltr'><strong>ris</strong></span> <span class='ocrx_word' id='word_1_148' title='bbox 405 1799 460 1854; x_wconf 91' lang='lat' dir='ltr'><strong>in</strong></span> <span class='ocrx_word' id='word_1_149' title='bbox 511 1799 669 1861; x_wconf 88' lang='lat' dir='ltr'><strong>atria,</strong></span> <span class='ocrx_word' id='word_1_150' title='bbox 715 1799 985 1852; x_wconf 88' lang='lat' dir='ltr'><strong>conﬁtere.</strong></span> <span class='ocrx_word' id='word_1_151' title='bbox 1042 1795 1262 1864; x_wconf 85' lang='lat' dir='ltr'><strong>Quando</strong></span> <span class='ocrx_word' id='word_1_152' title='bbox 1308 1810 1411 1848; x_wconf 90' lang='lat' dir='ltr'><strong>non</strong></span> <span class='ocrx_word' id='word_1_153' title='bbox 1459 1793 1562 1848; x_wconf 90' lang='lat' dir='ltr'><strong>erit</strong></span> <span class='ocrx_word' id='word_1_154' title='bbox 1611 1791 1876 1847; x_wconf 80' lang='lat' dir='ltr'><strong>confessio</strong></span> 
     </span>
    </p>
   </div>
   <div class='ocr_carea' id='block_1_19' title="bbox 289 1882 1873 1959">
    <p class='ocr_par' dir='ltr' id='par_1_19' title="bbox 289 1882 1873 1959">
     <span class='ocr_line' id='line_1_19' title="bbox 289 1882 1873 1959; baseline -0.005 -15"><span class='ocrx_word' id='word_1_155' title='bbox 289 1889 669 1959; x_wconf 82' lang='lat' dir='ltr'><strong>peccatorum?</strong></span> <span class='ocrx_word' id='word_1_156' title='bbox 701 1887 754 1942; x_wconf 93' lang='lat' dir='ltr'><strong>ln</strong></span> <span class='ocrx_word' id='word_1_157' title='bbox 784 1887 872 1942; x_wconf 88' lang='lat' dir='ltr'><strong>illa</strong></span> <span class='ocrx_word' id='word_1_158' title='bbox 898 1886 1080 1956; x_wconf 90' lang='lat' dir='ltr'><strong>requie</strong></span> <span class='ocrx_word' id='word_1_159' title='bbox 1102 1926 1117 1952; x_wconf 93' lang='lat'><strong>,</strong></span> <span class='ocrx_word' id='word_1_160' title='bbox 1167 1885 1217 1938; x_wconf 91' lang='lat' dir='ltr'><strong>in</strong></span> <span class='ocrx_word' id='word_1_161' title='bbox 1246 1885 1332 1938; x_wconf 89' lang='lat' dir='ltr'><strong>illa</strong></span> <span class='ocrx_word' id='word_1_162' title='bbox 1366 1882 1666 1953; x_wconf 81' lang='lat' dir='ltr'><strong>aequalitate</strong></span> <span class='ocrx_word' id='word_1_163' title='bbox 1695 1882 1873 1950; x_wconf 85' lang='lat' dir='ltr'><strong>Ange-</strong></span> 
     </span>
    </p>
   </div>
   <div class='ocr_carea' id='block_1_20' title="bbox 288 1971 1873 2048">
    <p class='ocr_par' dir='ltr' id='par_1_20' title="bbox 288 1971 1873 2048">
     <span class='ocr_line' id='line_1_20' title="bbox 288 1971 1873 2048; baseline -0.008 -12"><span class='ocrx_word' id='word_1_164' title='bbox 288 1981 477 2036; x_wconf 86' lang='lat' dir='ltr'><strong>lorum.</strong></span> <span class='ocrx_word' id='word_1_165' title='bbox 511 1980 620 2035; x_wconf 90' lang='lat' dir='ltr'><strong>Sed</strong></span> <span class='ocrx_word' id='word_1_166' title='bbox 651 1979 824 2034; x_wconf 84' lang='lat' dir='ltr'><strong>videte</strong></span> <span class='ocrx_word' id='word_1_167' title='bbox 847 1977 974 2048; x_wconf 83' lang='lat' dir='ltr'><strong>quid</strong></span> <span class='ocrx_word' id='word_1_168' title='bbox 1000 1976 1225 2030; x_wconf 81' lang='lat' dir='ltr'><strong>dixerim</strong></span> <span class='ocrx_word' id='word_1_169' title='bbox 1261 1993 1274 2006; x_wconf 79' lang='lat'><strong>-</strong></span> <span class='ocrx_word' id='word_1_170' title='bbox 1314 1973 1428 2028; x_wconf 84' lang='lat' dir='ltr'><strong>Non</strong></span> <span class='ocrx_word' id='word_1_171' title='bbox 1471 1972 1572 2026; x_wconf 86' lang='lat' dir='ltr'><strong>erit</strong></span> <span class='ocrx_word' id='word_1_172' title='bbox 1608 1971 1873 2026; x_wconf 81' lang='lat' dir='ltr'><strong>confessio</strong></span> 
     </span>
    </p>
   </div>
   <div class='ocr_carea' id='block_1_21' title="bbox 287 2061 1870 2141">
    <p class='ocr_par' dir='ltr' id='par_1_21' title="bbox 287 2061 1870 2141">
     <span class='ocr_line' id='line_1_21' title="bbox 287 2061 1870 2141; baseline -0.009 -15"><span class='ocrx_word' id='word_1_173' title='bbox 287 2080 647 2141; x_wconf 82' lang='lat' dir='ltr'><strong>peccatorum.</strong></span> <span class='ocrx_word' id='word_1_174' title='bbox 691 2069 807 2124; x_wconf 86' lang='lat' dir='ltr'><strong>Non</strong></span> <span class='ocrx_word' id='word_1_175' title='bbox 832 2068 960 2134; x_wconf 79' lang='lat' dir='ltr'><strong>dixi,</strong></span> <span class='ocrx_word' id='word_1_176' title='bbox 989 2065 1103 2122; x_wconf 90' lang='lat' dir='ltr'><strong>Non</strong></span> <span class='ocrx_word' id='word_1_177' title='bbox 1140 2066 1240 2118; x_wconf 85' lang='lat' dir='ltr'><strong>erit</strong></span> <span class='ocrx_word' id='word_1_178' title='bbox 1263 2063 1524 2119; x_wconf 81' lang='lat' dir='ltr'><strong>confessio</strong></span> <span class='ocrx_word' id='word_1_179' title='bbox 1554 2079 1566 2115; x_wconf 93' lang='lat'>:</span> <span class='ocrx_word' id='word_1_180' title='bbox 1603 2061 1704 2116; x_wconf 87' lang='lat' dir='ltr'><strong>erit</strong></span> <span class='ocrx_word' id='word_1_181' title='bbox 1729 2061 1870 2114; x_wconf 90' lang='lat' dir='ltr'><strong>enim</strong></span> 
     </span>
    </p>
   </div>
   <div class='ocr_carea' id='block_1_22' title="bbox 286 2150 1872 2228">
    <p class='ocr_par' dir='ltr' id='par_1_22' title="bbox 286 2150 1872 2228">
     <span class='ocr_line' id='line_1_22' title="bbox 286 2150 1872 2228; baseline -0.008 -12"><span class='ocrx_word' id='word_1_182' title='bbox 286 2161 548 2216; x_wconf 66' lang='lat' dir='ltr'><strong>confessio</strong></span> <span class='ocrx_word' id='word_1_183' title='bbox 579 2160 770 2214; x_wconf 85' lang='lat' dir='ltr'><strong>laudis.</strong></span> <span class='ocrx_word' id='word_1_184' title='bbox 803 2158 1024 2228; x_wconf 87' lang='lat' dir='ltr'><strong>Semper</strong></span> <span class='ocrx_word' id='word_1_185' title='bbox 1048 2154 1403 2216; x_wconf 88' lang='lat' dir='ltr'><strong>conﬁteberis,</strong></span> <span class='ocrx_word' id='word_1_186' title='bbox 1434 2152 1580 2206; x_wconf 89' lang='lat' dir='ltr'><strong>illum</strong></span> <span class='ocrx_word' id='word_1_187' title='bbox 1604 2150 1792 2216; x_wconf 92' lang='lat' dir='ltr'><strong>Deum,</strong></span> <span class='ocrx_word' id='word_1_188' title='bbox 1821 2162 1872 2204; x_wconf 89' lang='lat' dir='ltr'><strong>te</strong></span> 
     </span>
    </p>
   </div>
   <div class='ocr_carea' id='block_1_23' title="bbox 285 2240 1870 2319">
    <p class='ocr_par' dir='ltr' id='par_1_23' title="bbox 285 2240 1870 2319">
     <span class='ocr_line' id='line_1_23' title="bbox 285 2240 1870 2319; baseline -0.008 -13"><span class='ocrx_word' id='word_1_189' title='bbox 285 2260 616 2314; x_wconf 85' lang='lat' dir='ltr'><strong>creaturam;</strong></span> <span class='ocrx_word' id='word_1_190' title='bbox 652 2251 797 2304; x_wconf 91' lang='lat' dir='ltr'><strong>illum</strong></span> <span class='ocrx_word' id='word_1_191' title='bbox 825 2257 1210 2319; x_wconf 88' lang='lat' dir='ltr'><strong>protectorem,</strong></span> <span class='ocrx_word' id='word_1_192' title='bbox 1242 2255 1291 2299; x_wconf 91' lang='lat' dir='ltr'><strong>te</strong></span> <span class='ocrx_word' id='word_1_193' title='bbox 1340 2252 1654 2313; x_wconf 88' lang='lat' dir='ltr'><strong>protectum.</strong></span> <span class='ocrx_word' id='word_1_194' title='bbox 1688 2241 1740 2294; x_wconf 91' lang='lat' dir='ltr'><strong>In</strong></span> <span class='ocrx_word' id='word_1_195' title='bbox 1781 2240 1870 2294; x_wconf 91' lang='lat' dir='ltr'><strong>illo</strong></span> 
     </span>
    </p>
   </div>
   <div class='ocr_carea' id='block_1_24' title="bbox 285 2335 1865 2414">
    <p class='ocr_par' dir='ltr' id='par_1_24' title="bbox 285 2335 1865 2414">
     <span class='ocr_line' id='line_1_24' title="bbox 285 2335 1865 2414; baseline -0.008 -16"><span class='ocrx_word' id='word_1_196' title='bbox 285 2343 674 2414; x_wconf 81' lang='lat' dir='ltr'><strong>quodammodo</strong></span> <span class='ocrx_word' id='word_1_197' title='bbox 722 2340 1060 2396; x_wconf 88' lang='lat' dir='ltr'><strong>absconditus</strong></span> <span class='ocrx_word' id='word_1_198' title='bbox 1109 2339 1252 2403; x_wconf 90' lang='lat' dir='ltr'><strong>eris,</strong></span> <span class='ocrx_word' id='word_1_199' title='bbox 1309 2337 1444 2391; x_wconf 87' lang='lat' dir='ltr'><strong>sicut</strong></span> <span class='ocrx_word' id='word_1_200' title='bbox 1493 2335 1692 2388; x_wconf 91' lang='lat' dir='ltr'><strong>dictum</strong></span> <span class='ocrx_word' id='word_1_201' title='bbox 1746 2341 1865 2398; x_wconf 87' lang='lat' dir='ltr'><strong>est,</strong></span> 
     </span>
    </p>
   </div>
   <div class='ocr_carea' id='block_1_25' title="bbox 286 2424 1866 2498">
    <p class='ocr_par' dir='ltr' id='par_1_25' title="bbox 286 2424 1866 2498">
     <span class='ocr_line' id='line_1_25' title="bbox 286 2424 1866 2498; baseline -0.007 -9"><span class='ocrx_word' id='word_1_202' title='bbox 286 2436 568 2490; x_wconf 81' lang='lat' dir='ltr'><strong>Abscondes</strong></span> <span class='ocrx_word' id='word_1_203' title='bbox 590 2450 674 2488; x_wconf 87' lang='lat' dir='ltr'><strong>eos</strong></span> <span class='ocrx_word' id='word_1_204' title='bbox 698 2435 751 2488; x_wconf 89' lang='lat' dir='ltr'><strong>in</strong></span> <span class='ocrx_word' id='word_1_205' title='bbox 780 2433 1070 2487; x_wconf 85' lang='lat' dir='ltr'><strong>abscondito</strong></span> <span class='ocrx_word' id='word_1_206' title='bbox 1097 2432 1260 2484; x_wconf 83' lang='lat' dir='ltr'><strong>vultus</strong></span> <span class='ocrx_word' id='word_1_207' title='bbox 1291 2429 1362 2481; x_wconf 90' lang='lat' dir='ltr'><strong>tui</strong></span> <span class='ocrx_word' id='word_1_208' title='bbox 1393 2427 1562 2498; x_wconf 84' lang='lat' dir='ltr'><strong>(Psal.</strong></span> <span class='ocrx_word' id='word_1_209' title='bbox 1596 2441 1726 2491; x_wconf 84' lang='lat' dir='ltr'><strong>xxx,</strong></span> <span class='ocrx_word' id='word_1_210' title='bbox 1749 2424 1866 2496; x_wconf 68' lang='lat'><strong>2|).</strong></span> 
     </span>
    </p>
   </div>
   <div class='ocr_carea' id='block_1_26' title="bbox 287 2515 1866 2598">
    <p class='ocr_par' dir='ltr' id='par_1_26' title="bbox 287 2515 1866 2598">
     <span class='ocr_line' id='line_1_26' title="bbox 287 2515 1866 2598; baseline -0.007 -18"><span class='ocrx_word' id='word_1_211' title='bbox 287 2525 346 2580; x_wconf 85' lang='lat' dir='ltr'><strong>In</strong></span> <span class='ocrx_word' id='word_1_212' title='bbox 374 2529 506 2580; x_wconf 87' lang='lat' dir='ltr'><strong>atria</strong></span> <span class='ocrx_word' id='word_1_213' title='bbox 529 2527 642 2598; x_wconf 85' lang='lat' dir='ltr'><strong>ejus</strong></span> <span class='ocrx_word' id='word_1_214' title='bbox 664 2526 717 2578; x_wconf 90' lang='lat' dir='ltr'><strong>in</strong></span> <span class='ocrx_word' id='word_1_215' title='bbox 743 2521 1256 2594; x_wconf 79' lang='lat' dir='ltr'><strong>hymnisconﬁtemini</strong></span> <span class='ocrx_word' id='word_1_216' title='bbox 1279 2521 1325 2572; x_wconf 90' lang='lat' dir='ltr'><strong>ei</strong></span> <span class='ocrx_word' id='word_1_217' title='bbox 1346 2521 1390 2571; x_wconf 75' lang='grc'><strong>³.</strong></span> <span class='ocrx_word' id='word_1_218' title='bbox 1421 2519 1477 2572; x_wconf 91' lang='lat' dir='ltr'><strong>ln</strong></span> <span class='ocrx_word' id='word_1_219' title='bbox 1505 2517 1670 2586; x_wconf 90' lang='lat' dir='ltr'><strong>portis</strong></span> <span class='ocrx_word' id='word_1_220' title='bbox 1696 2515 1866 2570; x_wconf 86' lang='lat' dir='ltr'><strong>conﬁ-</strong></span> 
     </span>
    </p>
   </div>
   <div class='ocr_carea' id='block_1_27' title="bbox 286 2606 1864 2683">
    <p class='ocr_par' dir='ltr' id='par_1_27' title="bbox 286 2606 1864 2683">
     <span class='ocr_line' id='line_1_27' title="bbox 286 2606 1864 2683; baseline -0.009 -10"><span class='ocrx_word' id='word_1_221' title='bbox 286 2618 497 2683; x_wconf 73' lang='lat' dir='ltr'><strong>temini;</strong></span> <span class='ocrx_word' id='word_1_222' title='bbox 539 2625 596 2670; x_wconf 89' lang='lat' dir='ltr'><strong>et</strong></span> <span class='ocrx_word' id='word_1_223' title='bbox 637 2616 687 2670; x_wconf 90' lang='lat' dir='ltr'><strong>in</strong></span> <span class='ocrx_word' id='word_1_224' title='bbox 730 2614 861 2668; x_wconf 89' lang='lat' dir='ltr'><strong>atria</strong></span> <span class='ocrx_word' id='word_1_225' title='bbox 903 2627 1022 2668; x_wconf 90' lang='lat' dir='ltr'><strong>cum</strong></span> <span class='ocrx_word' id='word_1_226' title='bbox 1065 2610 1406 2674; x_wconf 86' lang='lat' dir='ltr'><strong>intraveritis,</strong></span> <span class='ocrx_word' id='word_1_227' title='bbox 1437 2607 1758 2661; x_wconf 87' lang='lat' dir='ltr'><strong>conﬁtemini</strong></span> <span class='ocrx_word' id='word_1_228' title='bbox 1813 2606 1864 2659; x_wconf 93' lang='lat' dir='ltr'><strong>in</strong></span> 
     </span>
    </p>
   </div>
   <div class='ocr_carea' id='block_1_28' title="bbox 286 2698 1864 2779">
    <p class='ocr_par' dir='ltr' id='par_1_28' title="bbox 286 2698 1864 2779">
     <span class='ocr_line' id='line_1_28' title="bbox 286 2698 1864 2779; baseline -0.007 -18"><span class='ocrx_word' id='word_1_229' title='bbox 286 2707 514 2779; x_wconf 79' lang='lat' dir='ltr'><strong>hymnis.</strong></span> <span class='ocrx_word' id='word_1_230' title='bbox 545 2704 742 2777; x_wconf 77' lang='lat' dir='ltr'><strong>Hymni</strong></span> <span class='ocrx_word' id='word_1_231' title='bbox 783 2702 964 2758; x_wconf 89' lang='lat' dir='ltr'><strong>laudes</strong></span> <span class='ocrx_word' id='word_1_232' title='bbox 1005 2710 1147 2755; x_wconf 92' lang='lat' dir='ltr'><strong>sunt.</strong></span> <span class='ocrx_word' id='word_1_233' title='bbox 1180 2698 1402 2766; x_wconf 84' lang='lat' dir='ltr'><strong>Quando</strong></span> <span class='ocrx_word' id='word_1_234' title='bbox 1444 2699 1645 2762; x_wconf 87' lang='lat' dir='ltr'><strong>intras,</strong></span> <span class='ocrx_word' id='word_1_235' title='bbox 1680 2706 1729 2749; x_wconf 87' lang='lat' dir='ltr'><strong>te</strong></span> <span class='ocrx_word' id='word_1_236' title='bbox 1777 2711 1864 2750; x_wconf 89' lang='lat' dir='ltr'><strong>re-</strong></span> 
     </span>
    </p>
   </div>
   <div class='ocr_carea' id='block_1_29' title="bbox 286 2785 1866 2867">
    <p class='ocr_par' dir='ltr' id='par_1_29' title="bbox 286 2785 1866 2867">
     <span class='ocr_line' id='line_1_29' title="bbox 286 2785 1866 2867; baseline -0.009 -14"><span class='ocrx_word' id='word_1_237' title='bbox 286 2797 590 2867; x_wconf 84' lang='lat' dir='ltr'><strong>prehende;</strong></span> <span class='ocrx_word' id='word_1_238' title='bbox 631 2810 750 2850; x_wconf 91' lang='lat' dir='ltr'><strong>cum</strong></span> <span class='ocrx_word' id='word_1_239' title='bbox 781 2791 1062 2847; x_wconf 85' lang='lat' dir='ltr'><strong>intraveris</strong></span> <span class='ocrx_word' id='word_1_240' title='bbox 1085 2832 1099 2858; x_wconf 93' lang='lat'><strong>,</strong></span> <span class='ocrx_word' id='word_1_241' title='bbox 1139 2791 1281 2844; x_wconf 90' lang='lat' dir='ltr'><strong>illum</strong></span> <span class='ocrx_word' id='word_1_242' title='bbox 1313 2787 1487 2841; x_wconf 90' lang='lat' dir='ltr'><strong>lauda.</strong></span> <span class='ocrx_word' id='word_1_243' title='bbox 1519 2787 1715 2857; x_wconf 80' lang='lat' dir='ltr'><strong>Aperite</strong></span> <span class='ocrx_word' id='word_1_244' title='bbox 1744 2785 1866 2838; x_wconf 86' lang='lat' dir='ltr'><strong>mihi</strong></span> 
     </span>
    </p>
   </div>
   <div class='ocr_carea' id='block_1_30' title="bbox 286 2876 1864 2960">
    <p class='ocr_par' dir='ltr' id='par_1_30' title="bbox 286 2876 1864 2960">
     <span class='ocr_line' id='line_1_30' title="bbox 286 2876 1864 2960; baseline -0.009 -19"><span class='ocrx_word' id='word_1_245' title='bbox 286 2900 447 2958; x_wconf 76' lang='lat' dir='ltr'><strong>portas</strong></span> <span class='ocrx_word' id='word_1_246' title='bbox 463 2889 704 2960; x_wconf 73' lang='lat' dir='ltr'><strong>justitia’,</strong></span> <span class='ocrx_word' id='word_1_247' title='bbox 736 2885 864 2939; x_wconf 87' lang='lat' dir='ltr'><strong>dicit</strong></span> <span class='ocrx_word' id='word_1_248' title='bbox 890 2885 940 2937; x_wconf 89' lang='lat' dir='ltr'><strong>in</strong></span> <span class='ocrx_word' id='word_1_249' title='bbox 966 2883 1070 2936; x_wconf 86' lang='lat' dir='ltr'><strong>alio</strong></span> <span class='ocrx_word' id='word_1_250' title='bbox 1100 2881 1334 2952; x_wconf 58' lang='lat' dir='ltr'><strong>psalmo;</strong></span> <span class='ocrx_word' id='word_1_251' title='bbox 1362 2878 1644 2949; x_wconf 83' lang='lat' dir='ltr'><strong>ingrediens</strong></span> <span class='ocrx_word' id='word_1_252' title='bbox 1670 2878 1720 2929; x_wconf 87' lang='lat' dir='ltr'><strong>in</strong></span> <span class='ocrx_word' id='word_1_253' title='bbox 1749 2877 1816 2929; x_wconf 87' lang='lat' dir='ltr'><strong>eis</strong></span> <span class='ocrx_word' id='word_1_254' title='bbox 1843 2876 1864 2907; x_wconf 86' lang='grc'><strong><em>³</em></strong></span> 
     </span>
    </p>
   </div>
   <div class='ocr_carea' id='block_1_31' title="bbox 285 2967 1862 3049">
    <p class='ocr_par' dir='ltr' id='par_1_31' title="bbox 285 2967 1862 3049">
     <span class='ocr_line' id='line_1_31' title="bbox 285 2967 1862 3049; baseline -0.008 -17"><span class='ocrx_word' id='word_1_255' title='bbox 285 2981 521 3049; x_wconf 70' lang='lat' dir='ltr'><strong>conﬁtear</strong></span> <span class='ocrx_word' id='word_1_256' title='bbox 563 2977 784 3031; x_wconf 88' lang='lat' dir='ltr'><strong>Domino</strong></span> <span class='ocrx_word' id='word_1_257' title='bbox 832 2973 1004 3042; x_wconf 69' lang='lat' dir='ltr'><strong>(Paul.</strong></span> <span class='ocrx_word' id='word_1_258' title='bbox 1036 2989 1210 3036; x_wconf 76' lang='lat' dir='ltr'><strong>cxvu,</strong></span> <span class='ocrx_word' id='word_1_259' title='bbox 1246 2973 1348 3039; x_wconf 83' lang='grc'><strong>19).</strong></span> <span class='ocrx_word' id='word_1_260' title='bbox 1395 2967 1654 3036; x_wconf 83' lang='lat' dir='ltr'><strong>Numquid</strong></span> <span class='ocrx_word' id='word_1_261' title='bbox 1695 2967 1862 3032; x_wconf 78' lang='lat' dir='ltr'><strong>dixit,</strong></span> 
     </span>
    </p>
   </div>
   <div class='ocr_carea' id='block_1_32' title="bbox 286 3059 1862 3141">
    <p class='ocr_par' dir='ltr' id='par_1_32' title="bbox 286 3059 1862 3141">
     <span class='ocr_line' id='line_1_32' title="bbox 286 3059 1862 3141; baseline -0.01 -15"><span class='ocrx_word' id='word_1_262' title='bbox 286 3072 412 3126; x_wconf 87' lang='lat' dir='ltr'><strong>Cum</strong></span> <span class='ocrx_word' id='word_1_263' title='bbox 434 3072 707 3141; x_wconf 82' lang='lat' dir='ltr'><strong>ingressus</strong></span> <span class='ocrx_word' id='word_1_264' title='bbox 737 3067 915 3128; x_wconf 89' lang='lat' dir='ltr'><strong>fuero,</strong></span> <span class='ocrx_word' id='word_1_265' title='bbox 940 3066 1048 3133; x_wconf 88' lang='lat' dir='ltr'><strong>jam</strong></span> <span class='ocrx_word' id='word_1_266' title='bbox 1081 3081 1182 3118; x_wconf 90' lang='lat' dir='ltr'><strong>non</strong></span> <span class='ocrx_word' id='word_1_267' title='bbox 1213 3060 1546 3116; x_wconf 88' lang='lat' dir='ltr'><strong>conﬁtebor?</strong></span> <span class='ocrx_word' id='word_1_268' title='bbox 1578 3059 1748 3113; x_wconf 80' lang='lat' dir='ltr'><strong>Etiam</strong></span> <span class='ocrx_word' id='word_1_269' title='bbox 1779 3059 1862 3111; x_wconf 88' lang='lat' dir='ltr'><strong>in-</strong></span> 
     </span>
    </p>
   </div>
   <div class='ocr_carea' id='block_1_33' title="bbox 286 3148 1865 3232">
    <p class='ocr_par' dir='ltr' id='par_1_33' title="bbox 286 3148 1865 3232">
     <span class='ocr_line' id='line_1_33' title="bbox 286 3148 1865 3232; baseline -0.011 -15"><span class='ocrx_word' id='word_1_270' title='bbox 286 3177 490 3232; x_wconf 79' lang='lat' dir='ltr'><strong>gressus</strong></span> <span class='ocrx_word' id='word_1_271' title='bbox 529 3159 884 3215; x_wconf 90' lang='lat' dir='ltr'><strong>conﬁtebitur.</strong></span> <span class='ocrx_word' id='word_1_272' title='bbox 916 3156 1043 3224; x_wconf 66' lang='lat' dir='ltr'><strong>Quae</strong></span> <span class='ocrx_word' id='word_1_273' title='bbox 1085 3155 1225 3208; x_wconf 90' lang='lat' dir='ltr'><strong>enim</strong></span> <span class='ocrx_word' id='word_1_274' title='bbox 1270 3161 1482 3223; x_wconf 87' lang='lat' dir='ltr'><strong>peccata</strong></span> <span class='ocrx_word' id='word_1_275' title='bbox 1517 3148 1865 3204; x_wconf 79' lang='lat' dir='ltr'><strong>confitebatur</strong></span> 
     </span>
    </p>
   </div>
   <div class='ocr_carea' id='block_1_34' title="bbox 290 3239 1864 3314">
    <p class='ocr_par' dir='ltr' id='par_1_34' title="bbox 290 3239 1864 3314">
     <span class='ocr_line' id='line_1_34' title="bbox 290 3239 1864 3314; baseline -0.01 -7"><span class='ocrx_word' id='word_1_276' title='bbox 290 3255 534 3308; x_wconf 73' lang='lat' dir='ltr'><strong>Dominus</strong></span> <span class='ocrx_word' id='word_1_277' title='bbox 556 3261 738 3305; x_wconf 81' lang='lat' dir='ltr'><strong>noster</strong></span> <span class='ocrx_word' id='word_1_278' title='bbox 764 3249 919 3304; x_wconf 85' lang='lat' dir='ltr'><strong>Jcsus</strong></span> <span class='ocrx_word' id='word_1_279' title='bbox 943 3245 1206 3310; x_wconf 80' lang='lat' dir='ltr'><strong>Christus,</strong></span> <span class='ocrx_word' id='word_1_280' title='bbox 1233 3242 1442 3314; x_wconf 84' lang='lat' dir='ltr'><strong>quando</strong></span> <span class='ocrx_word' id='word_1_281' title='bbox 1467 3241 1540 3295; x_wconf 88' lang='lat' dir='ltr'><strong>ait</strong></span> <span class='ocrx_word' id='word_1_282' title='bbox 1565 3259 1577 3292; x_wconf 89' lang='lat'><strong>:</strong></span> <span class='ocrx_word' id='word_1_283' title='bbox 1613 3239 1864 3307; x_wconf 80' lang='lat' dir='ltr'><strong>Conﬁteor</strong></span> 
     </span>
    </p>
   </div>
   <div class='ocr_carea' id='block_1_35' title="bbox 287 3331 1892 3409">
    <p class='ocr_par' dir='ltr' id='par_1_35' title="bbox 287 3331 1892 3409">
     <span class='ocr_line' id='line_1_35' title="bbox 287 3331 1892 3409; baseline -0.006 -11"><span class='ocrx_word' id='word_1_284' title='bbox 287 3345 386 3409; x_wconf 83' lang='lat' dir='ltr'><strong>tibi,</strong></span> <span class='ocrx_word' id='word_1_285' title='bbox 435 3345 610 3408; x_wconf 83' lang='lat' dir='ltr'><strong>Pater,</strong></span> <span class='ocrx_word' id='word_1_286' title='bbox 654 3341 873 3395; x_wconf 82' lang='lat' dir='ltr'><strong>Domine</strong></span> <span class='ocrx_word' id='word_1_287' title='bbox 924 3339 1036 3392; x_wconf 74' lang='lat' dir='ltr'><strong>coeli</strong></span> <span class='ocrx_word' id='word_1_288' title='bbox 1085 3349 1129 3391; x_wconf 88' lang='lat' dir='ltr'><strong>et</strong></span> <span class='ocrx_word' id='word_1_289' title='bbox 1178 3350 1321 3389; x_wconf 71' lang='lat' dir='ltr'><strong>terrm</strong></span> <span class='ocrx_word' id='word_1_290' title='bbox 1366 3332 1576 3402; x_wconf 79' lang='lat' dir='ltr'><strong>(Matth.</strong></span> <span class='ocrx_word' id='word_1_291' title='bbox 1612 3331 1892 3402; x_wconf 71' lang='lat' dir='ltr'><strong>x1,25)?-</strong></span> 
     </span>
    </p>
   </div>
   <div class='ocr_carea' id='block_1_36' title="bbox 291 3433 1578 3493">
    <p class='ocr_par' dir='ltr' id='par_1_36' title="bbox 291 3433 1578 3493">
     <span class='ocr_line' id='line_1_36' title="bbox 291 3433 1578 3493; baseline -0.011 -2"><span class='ocrx_word' id='word_1_292' title='bbox 291 3437 430 3491; x_wconf 89' lang='lat' dir='ltr'><strong>lllum</strong></span> <span class='ocrx_word' id='word_1_293' title='bbox 455 3436 675 3490; x_wconf 87' lang='lat' dir='ltr'><strong>laudans</strong></span> <span class='ocrx_word' id='word_1_294' title='bbox 696 3433 1069 3493; x_wconf 88' lang='lat' dir='ltr'><strong>conﬁtebatur,</strong></span> <span class='ocrx_word' id='word_1_295' title='bbox 1100 3445 1202 3482; x_wconf 93' lang='lat' dir='ltr'><strong>non</strong></span> <span class='ocrx_word' id='word_1_296' title='bbox 1233 3443 1290 3482; x_wconf 91' lang='lat' dir='ltr'><strong>se</strong></span> <span class='ocrx_word' id='word_1_297' title='bbox 1306 3440 1578 3481; x_wconf 84' lang='lat' dir='ltr'><strong>accusans.</strong></span> 
     </span>
    </p>
   </div>
   <div class='ocr_carea' id='block_1_37' title="bbox 353 3513 1862 3591">
    <p class='ocr_par' dir='ltr' id='par_1_37' title="bbox 353 3513 1862 3591">
     <span class='ocr_line' id='line_1_37' title="bbox 353 3513 1862 3591; baseline -0.009 -9"><span class='ocrx_word' id='word_1_298' title='bbox 353 3530 437 3582; x_wconf 83' lang='lat' dir='ltr'><strong>l7.</strong></span> <span class='ocrx_word' id='word_1_299' title='bbox 479 3525 708 3579; x_wconf 85' lang='lat' dir='ltr'><strong>Laudate</strong></span> <span class='ocrx_word' id='word_1_300' title='bbox 744 3539 924 3577; x_wconf 80' lang='lat' dir='ltr'><strong>nomen</strong></span> <span class='ocrx_word' id='word_1_301' title='bbox 954 3522 1063 3591; x_wconf 82' lang='lat' dir='ltr'><strong>ejus</strong></span> <span class='ocrx_word' id='word_1_302' title='bbox 1086 3561 1099 3583; x_wconf 90' lang='lat'><strong>,</strong></span> <span class='ocrx_word' id='word_1_303' title='bbox 1130 3518 1247 3590; x_wconf 83' lang='lat' dir='ltr'><strong>quia</strong></span> <span class='ocrx_word' id='word_1_304' title='bbox 1278 3516 1443 3570; x_wconf 82' lang='lat' dir='ltr'><strong>suavis</strong></span> <span class='ocrx_word' id='word_1_305' title='bbox 1477 3525 1549 3568; x_wconf 87' lang='lat' dir='ltr'><strong>est</strong></span> <span class='ocrx_word' id='word_1_306' title='bbox 1592 3513 1862 3568; x_wconf 86' lang='lat' dir='ltr'><strong>Dominus.</strong></span> 
     </span>
    </p>
   </div>
   <div class='ocr_carea' id='block_1_38' title="bbox 289 3605 1866 3687">
    <p class='ocr_par' dir='ltr' id='par_1_38' title="bbox 289 3605 1866 3687">
     <span class='ocr_line' id='line_1_38' title="bbox 289 3605 1866 3687; baseline -0.01 -14"><span class='ocrx_word' id='word_1_307' title='bbox 289 3619 450 3673; x_wconf 80' lang='lat' dir='ltr'><strong>Nolite</strong></span> <span class='ocrx_word' id='word_1_308' title='bbox 497 3626 682 3687; x_wconf 91' lang='lat' dir='ltr'><strong>putare</strong></span> <span class='ocrx_word' id='word_1_309' title='bbox 728 3613 848 3684; x_wconf 85' lang='lat' dir='ltr'><strong>quia</strong></span> <span class='ocrx_word' id='word_1_310' title='bbox 898 3613 1123 3667; x_wconf 88' lang='lat' dir='ltr'><strong>deticitis</strong></span> <span class='ocrx_word' id='word_1_311' title='bbox 1169 3611 1220 3662; x_wconf 92' lang='lat' dir='ltr'><strong>in</strong></span> <span class='ocrx_word' id='word_1_312' title='bbox 1274 3605 1554 3662; x_wconf 89' lang='lat' dir='ltr'><strong>laudando.</strong></span> <span class='ocrx_word' id='word_1_313' title='bbox 1606 3605 1866 3659; x_wconf 89' lang='lat' dir='ltr'><strong>Laudatio</strong></span> 
     </span>
    </p>
   </div>
   <div class='ocr_carea' id='block_1_39' title="bbox 289 3696 1864 3778">
    <p class='ocr_par' dir='ltr' id='par_1_39' title="bbox 289 3696 1864 3778">
     <span class='ocr_line' id='line_1_39' title="bbox 289 3696 1864 3778; baseline -0.007 -17"><span class='ocrx_word' id='word_1_314' title='bbox 289 3721 452 3764; x_wconf 84' lang='lat' dir='ltr'><strong>vestra</strong></span> <span class='ocrx_word' id='word_1_315' title='bbox 481 3709 629 3778; x_wconf 89' lang='lat' dir='ltr'><strong>quasi</strong></span> <span class='ocrx_word' id='word_1_316' title='bbox 660 3703 995 3759; x_wconf 85' lang='lat' dir='ltr'><strong>manducatio</strong></span> <span class='ocrx_word' id='word_1_317' title='bbox 1023 3703 1158 3756; x_wconf 91' lang='lat' dir='ltr'><strong>erit:</strong></span> <span class='ocrx_word' id='word_1_318' title='bbox 1191 3709 1441 3769; x_wconf 89' lang='lat' dir='ltr'><strong>quantum</strong></span> <span class='ocrx_word' id='word_1_319' title='bbox 1468 3696 1715 3760; x_wconf 83' lang='lat' dir='ltr'><strong>laudatis,</strong></span> <span class='ocrx_word' id='word_1_320' title='bbox 1751 3704 1864 3750; x_wconf 87' lang='lat' dir='ltr'><strong>tan-</strong></span> 
     </span>
    </p>
   </div>
   <div class='ocr_carea' id='block_1_40' title="bbox 213 3785 1867 3865">
    <p class='ocr_par' dir='ltr' id='par_1_40' title="bbox 213 3785 1867 3865">
     <span class='ocr_line' id='line_1_40' title="bbox 213 3785 1867 3865; baseline -0.011 -10"><span class='ocrx_word' id='word_1_321' title='bbox 213 3847 220 3862; x_wconf 83' lang='lat'>.</span> <span class='ocrx_word' id='word_1_322' title='bbox 291 3810 391 3854; x_wconf 89' lang='lat' dir='ltr'><strong>tutu</strong></span> <span class='ocrx_word' id='word_1_323' title='bbox 420 3801 559 3853; x_wconf 87' lang='lat' dir='ltr'><strong>vires</strong></span> <span class='ocrx_word' id='word_1_324' title='bbox 587 3795 878 3865; x_wconf 85' lang='lat' dir='ltr'><strong>acquiritis,</strong></span> <span class='ocrx_word' id='word_1_325' title='bbox 903 3803 957 3847; x_wconf 88' lang='lat' dir='ltr'><strong>et</strong></span> <span class='ocrx_word' id='word_1_326' title='bbox 987 3803 1184 3846; x_wconf 88' lang='lat' dir='ltr'><strong>tantum</strong></span> <span class='ocrx_word' id='word_1_327' title='bbox 1217 3788 1470 3844; x_wconf 87' lang='lat' dir='ltr'><strong>dulcescit</strong></span> <span class='ocrx_word' id='word_1_328' title='bbox 1500 3801 1654 3854; x_wconf 86' lang='lat' dir='ltr'><strong>quem</strong></span> <span class='ocrx_word' id='word_1_329' title='bbox 1683 3785 1867 3840; x_wconf 90' lang='lat' dir='ltr'><strong>lauda-</strong></span> 
     </span>
    </p>
   </div>
   <div class='ocr_carea' id='block_1_41' title="bbox 293 3875 1862 3956">
    <p class='ocr_par' dir='ltr' id='par_1_41' title="bbox 293 3875 1862 3956">
     <span class='ocr_line' id='line_1_41' title="bbox 293 3875 1862 3956; baseline -0.011 -9"><span class='ocrx_word' id='word_1_330' title='bbox 293 3897 368 3950; x_wconf 86' lang='lat' dir='ltr'><strong>tis.</strong></span> <span class='ocrx_word' id='word_1_331' title='bbox 401 3893 631 3948; x_wconf 85' lang='lat' dir='ltr'><strong>Laudate</strong></span> <span class='ocrx_word' id='word_1_332' title='bbox 662 3905 840 3942; x_wconf 85' lang='lat' dir='ltr'><strong>nomen</strong></span> <span class='ocrx_word' id='word_1_333' title='bbox 875 3887 982 3956; x_wconf 87' lang='lat' dir='ltr'><strong>ejus</strong></span> <span class='ocrx_word' id='word_1_334' title='bbox 1007 3927 1021 3950; x_wconf 92' lang='lat'><strong>,</strong></span> <span class='ocrx_word' id='word_1_335' title='bbox 1052 3885 1172 3954; x_wconf 87' lang='lat' dir='ltr'><strong>quia</strong></span> <span class='ocrx_word' id='word_1_336' title='bbox 1199 3882 1365 3936; x_wconf 83' lang='lat' dir='ltr'><strong>suavis</strong></span> <span class='ocrx_word' id='word_1_337' title='bbox 1394 3889 1466 3932; x_wconf 90' lang='lat' dir='ltr'><strong>est</strong></span> <span class='ocrx_word' id='word_1_338' title='bbox 1494 3877 1761 3930; x_wconf 85' lang='lat' dir='ltr'><strong>Dominus.</strong></span> <span class='ocrx_word' id='word_1_339' title='bbox 1796 3875 1862 3930; x_wconf 89' lang='lat' dir='ltr'><strong>In</strong></span> 
     </span>
    </p>
   </div>
   <div class='ocr_carea' id='block_1_42' title="bbox 290 3968 1865 4046">
    <p class='ocr_par' dir='ltr' id='par_1_42' title="bbox 290 3968 1865 4046">
     <span class='ocr_line' id='line_1_42' title="bbox 290 3968 1865 4046; baseline -0.012 -7"><span class='ocrx_word' id='word_1_340' title='bbox 290 3997 520 4039; x_wconf 74' lang='lat' dir='ltr'><strong>teteritum</strong></span> <span class='ocrx_word' id='word_1_341' title='bbox 549 3980 894 4036; x_wconf 86' lang='lat' dir='ltr'><strong>misericordia</strong></span> <span class='ocrx_word' id='word_1_342' title='bbox 927 3978 1056 4046; x_wconf 86' lang='lat' dir='ltr'><strong>ejus.</strong></span> <span class='ocrx_word' id='word_1_343' title='bbox 1087 3975 1200 4029; x_wconf 90' lang='lat' dir='ltr'><strong>Non</strong></span> <span class='ocrx_word' id='word_1_344' title='bbox 1238 3973 1378 4028; x_wconf 88' lang='lat' dir='ltr'><strong>enim</strong></span> <span class='ocrx_word' id='word_1_345' title='bbox 1415 3985 1534 4025; x_wconf 87' lang='lat' dir='ltr'><strong>cmn</strong></span> <span class='ocrx_word' id='word_1_346' title='bbox 1579 3979 1629 4022; x_wconf 88' lang='lat' dir='ltr'><strong>te</strong></span> <span class='ocrx_word' id='word_1_347' title='bbox 1667 3968 1865 4022; x_wconf 87' lang='lat' dir='ltr'><strong>libera-</strong></span> 
     </span>
    </p>
   </div>
   <div class='ocr_carea' id='block_1_43' title="bbox 291 4071 1867 4145">
    <p class='ocr_par' dir='ltr' id='par_1_43' title="bbox 291 4071 1867 4145">
     <span class='ocr_line' id='line_1_43' title="bbox 291 4071 1867 4145; baseline -0.011 -15"><span class='ocrx_word' id='word_1_348' title='bbox 291 4081 436 4145; x_wconf 84' lang='lat' dir='ltr'><strong>verit,</strong></span> <span class='ocrx_word' id='word_1_349' title='bbox 466 4079 674 4133; x_wconf 85' lang='lat' dir='ltr'><strong>desinet</strong></span> <span class='ocrx_word' id='word_1_350' title='bbox 701 4088 822 4129; x_wconf 89' lang='lat' dir='ltr'><strong>esse</strong></span> <span class='ocrx_word' id='word_1_351' title='bbox 852 4071 1152 4125; x_wconf 89' lang='lat' dir='ltr'><strong>misericors</strong></span> <span class='ocrx_word' id='word_1_352' title='bbox 1184 4086 1196 4122; x_wconf 89' lang='lat'><strong>:</strong></span> <span class='ocrx_word' id='word_1_353' title='bbox 1228 4076 1281 4120; x_wconf 88' lang='lat' dir='ltr'><strong>et</strong></span> <span class='ocrx_word' id='word_1_354' title='bbox 1307 4075 1362 4119; x_wconf 90' lang='lat' dir='ltr'><strong>ut</strong></span> <span class='ocrx_word' id='word_1_355' title='bbox 1392 4071 1631 4134; x_wconf 76' lang='lat' dir='ltr'><strong>protegat</strong></span> <span class='ocrx_word' id='word_1_356' title='bbox 1653 4076 1867 4129; x_wconf 86' lang='lat' dir='ltr'><strong>semper</strong></span> 
     </span>
    </p>
   </div>
   <div class='ocr_carea' id='block_1_44' title="bbox 292 4152 1867 4226">
    <p class='ocr_par' dir='ltr' id='par_1_44' title="bbox 292 4152 1867 4226">
     <span class='ocr_line' id='line_1_44' title="bbox 292 4152 1867 4226; baseline -0.013 -1"><span class='ocrx_word' id='word_1_357' title='bbox 292 4173 338 4225; x_wconf 87' lang='lat' dir='ltr'><strong>in</strong></span> <span class='ocrx_word' id='word_1_358' title='bbox 367 4182 617 4226; x_wconf 80' lang='lat' dir='ltr'><strong>:cternam</strong></span> <span class='ocrx_word' id='word_1_359' title='bbox 649 4168 829 4225; x_wconf 83' lang='lat' dir='ltr'><strong>vitam,</strong></span> <span class='ocrx_word' id='word_1_360' title='bbox 863 4159 1237 4216; x_wconf 71' lang='lat' dir='ltr'><strong>misericordia:</strong></span> <span class='ocrx_word' id='word_1_361' title='bbox 1266 4157 1380 4226; x_wconf 84' lang='lat' dir='ltr'><strong>ejus</strong></span> <span class='ocrx_word' id='word_1_362' title='bbox 1405 4164 1504 4210; x_wconf 90' lang='lat' dir='ltr'><strong>est.</strong></span> <span class='ocrx_word' id='word_1_363' title='bbox 1535 4152 1602 4207; x_wconf 88' lang='lat' dir='ltr'><strong>In</strong></span> <span class='ocrx_word' id='word_1_364' title='bbox 1629 4163 1867 4207; x_wconf 68' lang='lat' dir='ltr'><strong>aeternum</strong></span> 
     </span>
    </p>
   </div>
   <div class='ocr_carea' id='block_1_45' title="bbox 291 4247 1867 4330">
    <p class='ocr_par' dir='ltr' id='par_1_45' title="bbox 291 4247 1867 4330">
     <span class='ocr_line' id='line_1_45' title="bbox 291 4247 1867 4330; baseline -0.013 -12"><span class='ocrx_word' id='word_1_365' title='bbox 291 4279 408 4330; x_wconf 75' lang='lat' dir='ltr'><strong>ergo</strong></span> <span class='ocrx_word' id='word_1_366' title='bbox 433 4259 781 4315; x_wconf 86' lang='lat' dir='ltr'><strong>misericordia</strong></span> <span class='ocrx_word' id='word_1_367' title='bbox 807 4258 916 4325; x_wconf 85' lang='lat' dir='ltr'><strong>ejus</strong></span> <span class='ocrx_word' id='word_1_368' title='bbox 938 4297 951 4319; x_wconf 94' lang='lat'><strong>,</strong></span> <span class='ocrx_word' id='word_1_369' title='bbox 984 4263 1027 4308; x_wconf 90' lang='lat' dir='ltr'><strong>et</strong></span> <span class='ocrx_word' id='word_1_370' title='bbox 1055 4269 1208 4320; x_wconf 86' lang='lat' dir='ltr'><strong>usque</strong></span> <span class='ocrx_word' id='word_1_371' title='bbox 1235 4252 1285 4303; x_wconf 91' lang='lat' dir='ltr'><strong>in</strong></span> <span class='ocrx_word' id='word_1_372' title='bbox 1312 4247 1679 4320; x_wconf 79' lang='lat' dir='ltr'><strong>generationem</strong></span> <span class='ocrx_word' id='word_1_373' title='bbox 1708 4255 1753 4299; x_wconf 91' lang='lat' dir='ltr'><strong>et</strong></span> <span class='ocrx_word' id='word_1_374' title='bbox 1781 4261 1867 4315; x_wconf 82' lang='lat' dir='ltr'><strong>ge—</strong></span> 
     </span>
    </p>
   </div>
   <div class='ocr_carea' id='block_1_46' title="bbox 292 4336 1867 4416">
    <p class='ocr_par' dir='ltr' id='par_1_46' title="bbox 292 4336 1867 4416">
     <span class='ocr_line' id='line_1_46' title="bbox 292 4336 1867 4416; baseline -0.013 -9"><span class='ocrx_word' id='word_1_375' title='bbox 292 4353 589 4406; x_wconf 82' lang='lat' dir='ltr'><strong>nerationem</strong></span> <span class='ocrx_word' id='word_1_376' title='bbox 645 4349 825 4403; x_wconf 69' lang='lat' dir='ltr'><strong>veritas</strong></span> <span class='ocrx_word' id='word_1_377' title='bbox 875 4347 1002 4416; x_wconf 84' lang='lat' dir='ltr'><strong>ejus.</strong></span> <span class='ocrx_word' id='word_1_378' title='bbox 1061 4346 1158 4397; x_wconf 82' lang='lat' dir='ltr'><strong>Aut</strong></span> <span class='ocrx_word' id='word_1_379' title='bbox 1212 4355 1423 4394; x_wconf 88' lang='lat' dir='ltr'><strong>omnem</strong></span> <span class='ocrx_word' id='word_1_380' title='bbox 1469 4336 1867 4408; x_wconf 84' lang='lat' dir='ltr'><strong>generationem</strong></span> 
     </span>
    </p>
   </div>
   <div class='ocr_carea' id='block_1_47' title="bbox 292 4431 1872 4514">
    <p class='ocr_par' dir='ltr' id='par_1_47' title="bbox 292 4431 1872 4514">
     <span class='ocr_line' id='line_1_47' title="bbox 292 4431 1872 4514; baseline -0.014 -15"><span class='ocrx_word' id='word_1_381' title='bbox 292 4446 465 4514; x_wconf 84' lang='lat' dir='ltr'><strong>accipe</strong></span> <span class='ocrx_word' id='word_1_382' title='bbox 506 4441 647 4513; x_wconf 89' lang='lat' dir='ltr'><strong>quod</strong></span> <span class='ocrx_word' id='word_1_383' title='bbox 690 4440 890 4494; x_wconf 90' lang='lat' dir='ltr'><strong>dictum</strong></span> <span class='ocrx_word' id='word_1_384' title='bbox 934 4445 1036 4500; x_wconf 86' lang='lat' dir='ltr'><strong>est,</strong></span> <span class='ocrx_word' id='word_1_385' title='bbox 1068 4435 1118 4487; x_wconf 89' lang='lat' dir='ltr'><strong>in</strong></span> <span class='ocrx_word' id='word_1_386' title='bbox 1163 4431 1530 4502; x_wconf 85' lang='lat' dir='ltr'><strong>generationem</strong></span> <span class='ocrx_word' id='word_1_387' title='bbox 1577 4437 1623 4481; x_wconf 87' lang='lat' dir='ltr'><strong>et</strong></span> <span class='ocrx_word' id='word_1_388' title='bbox 1665 4441 1872 4497; x_wconf 87' lang='lat' dir='ltr'><strong>genera-</strong></span> 
     </span>
    </p>
   </div>
   <div class='ocr_carea' id='block_1_48' title="bbox 295 4524 1871 4600">
    <p class='ocr_par' dir='ltr' id='par_1_48' title="bbox 295 4524 1871 4600">
     <span class='ocr_line' id='line_1_48' title="bbox 295 4524 1871 4600; baseline -0.012 -10"><span class='ocrx_word' id='word_1_389' title='bbox 295 4539 505 4600; x_wconf 83' lang='lat' dir='ltr'><strong>tionem;</strong></span> <span class='ocrx_word' id='word_1_390' title='bbox 549 4534 718 4588; x_wconf 88' lang='lat' dir='ltr'><strong>autin</strong></span> <span class='ocrx_word' id='word_1_391' title='bbox 753 4531 958 4585; x_wconf 90' lang='lat' dir='ltr'><strong>duabus</strong></span> <span class='ocrx_word' id='word_1_392' title='bbox 996 4524 1445 4598; x_wconf 83' lang='lat' dir='ltr'><strong>generationibus,</strong></span> <span class='ocrx_word' id='word_1_393' title='bbox 1499 4535 1658 4574; x_wconf 89' lang='lat' dir='ltr'><strong>unam</strong></span> <span class='ocrx_word' id='word_1_394' title='bbox 1701 4529 1871 4574; x_wconf 91' lang='lat' dir='ltr'><strong>terre-</strong></span> 
     </span>
    </p>
   </div>
   <div class='ocr_carea' id='block_1_49' title="bbox 293 4612 1870 4692">
    <p class='ocr_par' dir='ltr' id='par_1_49' title="bbox 293 4612 1870 4692">
     <span class='ocr_line' id='line_1_49' title="bbox 293 4612 1870 4692; baseline -0.013 -9"><span class='ocrx_word' id='word_1_395' title='bbox 293 4644 427 4692; x_wconf 91' lang='lat' dir='ltr'><strong>nam,</strong></span> <span class='ocrx_word' id='word_1_396' title='bbox 459 4627 682 4681; x_wconf 85' lang='lat' dir='ltr'><strong>alteram</strong></span> <span class='ocrx_word' id='word_1_397' title='bbox 717 4622 1012 4678; x_wconf 76' lang='lat' dir='ltr'><strong>ctelestcm.</strong></span> <span class='ocrx_word' id='word_1_398' title='bbox 1061 4618 1154 4671; x_wconf 91' lang='lat' dir='ltr'><strong>llic</strong></span> <span class='ocrx_word' id='word_1_399' title='bbox 1183 4628 1266 4671; x_wconf 89' lang='lat' dir='ltr'><strong>est</strong></span> <span class='ocrx_word' id='word_1_400' title='bbox 1309 4612 1581 4684; x_wconf 79' lang='lat' dir='ltr'><strong>generatio</strong></span> <span class='ocrx_word' id='word_1_401' title='bbox 1607 4625 1712 4665; x_wconf 90' lang='lat' dir='ltr'><strong>una</strong></span> <span class='ocrx_word' id='word_1_402' title='bbox 1753 4624 1870 4680; x_wconf 74' lang='lat' dir='ltr'><strong>qua:</strong></span> 
     </span>
    </p>
   </div>
   <div class='ocr_carea' id='block_1_50' title="bbox 295 4700 1874 4790">
    <p class='ocr_par' dir='ltr' id='par_1_50' title="bbox 295 4700 1874 4790">
     <span class='ocr_line' id='line_1_50' title="bbox 295 4700 1874 4790; baseline -0.013 -17"><span class='ocrx_word' id='word_1_403' title='bbox 295 4721 423 4790; x_wconf 83' lang='lat' dir='ltr'><strong>parit</strong></span> <span class='ocrx_word' id='word_1_404' title='bbox 451 4716 704 4773; x_wconf 86' lang='lat' dir='ltr'><strong>mortales</strong></span> <span class='ocrx_word' id='word_1_405' title='bbox 728 4731 742 4778; x_wconf 90' lang='lat'><strong>;</strong></span> <span class='ocrx_word' id='word_1_406' title='bbox 775 4713 939 4768; x_wconf 87' lang='lat' dir='ltr'><strong>altera</strong></span> <span class='ocrx_word' id='word_1_407' title='bbox 961 4725 1077 4780; x_wconf 66' lang='lat' dir='ltr'><strong>qua:</strong></span> <span class='ocrx_word' id='word_1_408' title='bbox 1105 4711 1237 4776; x_wconf 84' lang='lat' dir='ltr'><strong>parit</strong></span> <span class='ocrx_word' id='word_1_409' title='bbox 1258 4715 1506 4760; x_wconf 65' lang='lat' dir='ltr'><strong>aeternos.</strong></span> <span class='ocrx_word' id='word_1_410' title='bbox 1534 4702 1738 4756; x_wconf 83' lang='lat' dir='ltr'><strong>Veritas</strong></span> <span class='ocrx_word' id='word_1_411' title='bbox 1757 4700 1874 4770; x_wconf 89' lang='lat' dir='ltr'><strong>ejus</strong></span> 
     </span>
    </p>
   </div>
   <div class='ocr_carea' id='block_1_51' title="bbox 293 4790 1874 4872">
    <p class='ocr_par' dir='ltr' id='par_1_51' title="bbox 293 4790 1874 4872">
     <span class='ocr_line' id='line_1_51' title="bbox 293 4790 1874 4872; baseline -0.013 -7"><span class='ocrx_word' id='word_1_412' title='bbox 293 4822 341 4865; x_wconf 87' lang='lat' dir='ltr'><strong>et</strong></span> <span class='ocrx_word' id='word_1_413' title='bbox 367 4811 449 4866; x_wconf 79' lang='lat' dir='ltr'><strong>hic</strong></span> <span class='ocrx_word' id='word_1_414' title='bbox 479 4821 556 4864; x_wconf 84' lang='lat' dir='ltr'><strong>est</strong></span> <span class='ocrx_word' id='word_1_415' title='bbox 587 4849 601 4872; x_wconf 91' lang='lat'><strong>,</strong></span> <span class='ocrx_word' id='word_1_416' title='bbox 631 4816 686 4862; x_wconf 91' lang='lat' dir='ltr'><strong>et</strong></span> <span class='ocrx_word' id='word_1_417' title='bbox 709 4806 798 4859; x_wconf 89' lang='lat' dir='ltr'><strong>ibi.</strong></span> <span class='ocrx_word' id='word_1_418' title='bbox 825 4802 941 4858; x_wconf 83' lang='lat' dir='ltr'><strong>Noli</strong></span> <span class='ocrx_word' id='word_1_419' title='bbox 970 4809 1153 4871; x_wconf 87' lang='lat' dir='ltr'><strong>putare</strong></span> <span class='ocrx_word' id='word_1_420' title='bbox 1181 4797 1302 4866; x_wconf 88' lang='lat' dir='ltr'><strong>quia</strong></span> <span class='ocrx_word' id='word_1_421' title='bbox 1334 4795 1420 4849; x_wconf 89' lang='lat' dir='ltr'><strong>hic</strong></span> <span class='ocrx_word' id='word_1_422' title='bbox 1443 4808 1546 4848; x_wconf 93' lang='lat' dir='ltr'><strong>non</strong></span> <span class='ocrx_word' id='word_1_423' title='bbox 1576 4800 1657 4846; x_wconf 90' lang='lat' dir='ltr'><strong>est</strong></span> <span class='ocrx_word' id='word_1_424' title='bbox 1679 4790 1874 4844; x_wconf 89' lang='lat' dir='ltr'><strong>veritas</strong></span> 
     </span>
    </p>
   </div>
   <div class='ocr_carea' id='block_1_52' title="bbox 295 4879 1875 4970">
    <p class='ocr_par' dir='ltr' id='par_1_52' title="bbox 295 4879 1875 4970">
     <span class='ocr_line' id='line_1_52' title="bbox 295 4879 1875 4970; baseline -0.014 -17"><span class='ocrx_word' id='word_1_425' title='bbox 295 4903 399 4970; x_wconf 85' lang='lat' dir='ltr'><strong>rjus</strong></span> <span class='ocrx_word' id='word_1_426' title='bbox 429 4919 442 4955; x_wconf 91' lang='lat'>:</span> <span class='ocrx_word' id='word_1_427' title='bbox 471 4901 514 4954; x_wconf 90' lang='lat' dir='ltr'><strong>si</strong></span> <span class='ocrx_word' id='word_1_428' title='bbox 545 4915 650 4953; x_wconf 83' lang='lat' dir='ltr'><strong>non</strong></span> <span class='ocrx_word' id='word_1_429' title='bbox 680 4896 765 4950; x_wconf 88' lang='lat' dir='ltr'><strong>hic</strong></span> <span class='ocrx_word' id='word_1_430' title='bbox 787 4902 930 4949; x_wconf 90' lang='lat' dir='ltr'><strong>esset</strong></span> <span class='ocrx_word' id='word_1_431' title='bbox 950 4891 1143 4945; x_wconf 88' lang='lat' dir='ltr'><strong>veritas</strong></span> <span class='ocrx_word' id='word_1_432' title='bbox 1169 4888 1305 4954; x_wconf 88' lang='lat' dir='ltr'><strong>ejus,</strong></span> <span class='ocrx_word' id='word_1_433' title='bbox 1332 4899 1434 4938; x_wconf 93' lang='lat' dir='ltr'><strong>non</strong></span> <span class='ocrx_word' id='word_1_434' title='bbox 1460 4883 1664 4937; x_wconf 85' lang='lat' dir='ltr'><strong>diceret</strong></span> <span class='ocrx_word' id='word_1_435' title='bbox 1691 4883 1741 4933; x_wconf 87' lang='lat' dir='ltr'><strong>in</strong></span> <span class='ocrx_word' id='word_1_436' title='bbox 1771 4879 1875 4932; x_wconf 88' lang='lat' dir='ltr'><strong>alio</strong></span> 
     </span>
    </p>
   </div>
   <div class='ocr_carea' id='block_1_53' title="bbox 297 4967 1872 5059">
    <p class='ocr_par' dir='ltr' id='par_1_53' title="bbox 297 4967 1872 5059">
     <span class='ocr_line' id='line_1_53' title="bbox 297 4967 1872 5059; baseline -0.015 -15"><span class='ocrx_word' id='word_1_437' title='bbox 297 4967 494 5059; x_wconf 78' lang='lat' dir='ltr'><strong>psalmo</strong></span> <span class='ocrx_word' id='word_1_438' title='bbox 523 5007 537 5043; x_wconf 91' lang='lat'>:</span> <span class='ocrx_word' id='word_1_439' title='bbox 579 4988 776 5042; x_wconf 82' lang='lat' dir='ltr'><strong>Veritas</strong></span> <span class='ocrx_word' id='word_1_440' title='bbox 803 4986 864 5038; x_wconf 87' lang='lat' dir='ltr'><strong>de</strong></span> <span class='ocrx_word' id='word_1_441' title='bbox 891 4995 1022 5036; x_wconf 87' lang='lat' dir='ltr'><strong>terra</strong></span> <span class='ocrx_word' id='word_1_442' title='bbox 1049 4989 1157 5033; x_wconf 89' lang='lat' dir='ltr'><strong>orta</strong></span> <span class='ocrx_word' id='word_1_443' title='bbox 1179 4987 1250 5032; x_wconf 85' lang='lat' dir='ltr'><strong>est</strong></span> <span class='ocrx_word' id='word_1_444' title='bbox 1278 4975 1447 5045; x_wconf 87' lang='lat' dir='ltr'><strong>(Psal.</strong></span> <span class='ocrx_word' id='word_1_445' title='bbox 1478 4987 1674 5028; x_wconf 80' lang='lat' dir='ltr'><strong>Lxxxw</strong></span> <span class='ocrx_word' id='word_1_446' title='bbox 1697 5012 1713 5038; x_wconf 93' lang='lat'><strong>,</strong></span> <span class='ocrx_word' id='word_1_447' title='bbox 1858 4985 1872 5034; x_wconf 91' lang='lat'><strong>;</strong></span> 
     </span>
    </p>
   </div>
   <div class='ocr_carea' id='block_1_54' title="bbox 297 5067 1878 5154">
    <p class='ocr_par' dir='ltr' id='par_1_54' title="bbox 297 5067 1878 5154">
     <span class='ocr_line' id='line_1_54' title="bbox 297 5067 1878 5154; baseline -0.012 -20"><span class='ocrx_word' id='word_1_448' title='bbox 297 5101 388 5139; x_wconf 85' lang='lat' dir='ltr'><strong>nec</strong></span> <span class='ocrx_word' id='word_1_449' title='bbox 411 5086 525 5154; x_wconf 84' lang='lat' dir='ltr'><strong>ipsa</strong></span> <span class='ocrx_word' id='word_1_450' title='bbox 555 5081 765 5136; x_wconf 79' lang='lat' dir='ltr'><strong>Veritas</strong></span> <span class='ocrx_word' id='word_1_451' title='bbox 791 5078 1012 5138; x_wconf 85' lang='lat' dir='ltr'><strong>diceret,</strong></span> <span class='ocrx_word' id='word_1_452' title='bbox 1045 5073 1172 5126; x_wconf 83' lang='lat' dir='ltr'><strong>Ecce</strong></span> <span class='ocrx_word' id='word_1_453' title='bbox 1197 5086 1284 5140; x_wconf 85' lang='lat' dir='ltr'><strong>ego</strong></span> <span class='ocrx_word' id='word_1_454' title='bbox 1311 5067 1560 5122; x_wconf 83' lang='lat' dir='ltr'><strong>vobiscum</strong></span> <span class='ocrx_word' id='word_1_455' title='bbox 1589 5081 1702 5119; x_wconf 91' lang='lat' dir='ltr'><strong>sum</strong></span> <span class='ocrx_word' id='word_1_456' title='bbox 1724 5079 1878 5134; x_wconf 86' lang='lat' dir='ltr'><strong>usque</strong></span> 
     </span>
    </p>
   </div>
   <div class='ocr_carea' id='block_1_55' title="bbox 297 5157 1662 5232">
    <p class='ocr_par' dir='ltr' id='par_1_55' title="bbox 297 5157 1662 5232">
     <span class='ocr_line' id='line_1_55' title="bbox 297 5157 1662 5232; baseline -0.013 -6"><span class='ocrx_word' id='word_1_457' title='bbox 297 5177 342 5228; x_wconf 88' lang='lat' dir='ltr'><strong>in</strong></span> <span class='ocrx_word' id='word_1_458' title='bbox 375 5174 851 5230; x_wconf 83' lang='lat' dir='ltr'><strong>consummationem</strong></span> <span class='ocrx_word' id='word_1_459' title='bbox 881 5166 1049 5222; x_wconf 79' lang='lat' dir='ltr'><strong>swculi</strong></span> <span class='ocrx_word' id='word_1_460' title='bbox 1077 5163 1284 5232; x_wconf 78' lang='lat' dir='ltr'><strong>(Matth.</strong></span> <span class='ocrx_word' id='word_1_461' title='bbox 1317 5174 1484 5214; x_wconf 76' lang='lat' dir='ltr'><strong>xxvnt</strong></span> <span class='ocrx_word' id='word_1_462' title='bbox 1505 5199 1520 5225; x_wconf 89' lang='lat'><strong>,</strong></span> <span class='ocrx_word' id='word_1_463' title='bbox 1547 5157 1662 5226; x_wconf 71' lang='grc'>20).</span> 
     </span>
    </p>
   </div>
   <div class='ocr_carea' id='block_1_56' title="bbox 357 5286 1881 5355">
    <p class='ocr_par' dir='ltr' id='par_1_56' title="bbox 357 5286 1881 5355">
     <span class='ocr_line' id='line_1_56' title="bbox 357 5286 1881 5355; baseline -0.014 1"><span class='ocrx_word' id='word_1_464' title='bbox 357 5309 372 5340; x_wconf 80' lang='grc'>⁸</span> <span class='ocrx_word' id='word_1_465' title='bbox 400 5306 533 5355; x_wconf 75' lang='lat' dir='ltr'><strong>Fdd.:</strong></span> <span class='ocrx_word' id='word_1_466' title='bbox 561 5302 679 5353; x_wconf 85' lang='lat' dir='ltr'><strong>Inde</strong></span> <span class='ocrx_word' id='word_1_467' title='bbox 702 5298 958 5355; x_wconf 82' lang='lat' dir='ltr'><strong>Psalmnm,</strong></span> <span class='ocrx_word' id='word_1_468' title='bbox 985 5305 1078 5346; x_wconf 88' lang='lat' dir='ltr'><strong>etc.</strong></span> <span class='ocrx_word' id='word_1_469' title='bbox 1102 5303 1155 5344; x_wconf 77' lang='lat' dir='ltr'><strong>At.</strong></span> <span class='ocrx_word' id='word_1_470' title='bbox 1178 5301 1302 5342; x_wconf 53' lang='lat' dir='ltr'><strong>uss;</strong></span> <span class='ocrx_word' id='word_1_471' title='bbox 1332 5289 1446 5339; x_wconf 83' lang='lat' dir='ltr'><strong>Inde</strong></span> <span class='ocrx_word' id='word_1_472' title='bbox 1469 5287 1681 5355; x_wconf 78' lang='lat' dir='ltr'><strong>Psalmus</strong></span> <span class='ocrx_word' id='word_1_473' title='bbox 1698 5286 1746 5355; x_wconf 78' lang='lat' dir='ltr'><strong>in</strong></span> <span class='ocrx_word' id='word_1_474' title='bbox 1767 5298 1881 5355; x_wconf 76' lang='lat' dir='ltr'><strong>con-</strong></span> 
     </span>
    </p>
   </div>
   <div class='ocr_carea' id='block_1_57' title="bbox 300 5347 1883 5430">
    <p class='ocr_par' dir='ltr' id='par_1_57' title="bbox 300 5347 1883 5430">
     <span class='ocr_line' id='line_1_57' title="bbox 300 5347 1883 5430; baseline -0.013 -14"><span class='ocrx_word' id='word_1_475' title='bbox 300 5347 536 5430; x_wconf 35' lang='lat' dir='ltr'><strong>fessi-are:</strong></span> <span class='ocrx_word' id='word_1_476' title='bbox 561 5347 1576 5430; x_wconf 21' lang='lat' dir='ltr'><strong>sup}..lvev,virt;sc:inituraQuanquamttemig.</strong></span> <span class='ocrx_word' id='word_1_477' title='bbox 1596 5355 1677 5397; x_wconf 76' lang='lat' dir='ltr'><strong>Ms.</strong></span> <span class='ocrx_word' id='word_1_478' title='bbox 1704 5347 1883 5396; x_wconf 83' lang='lat' dir='ltr'><strong>haheat</strong></span> 
     </span>
    </p>
   </div>
   <div class='ocr_carea' id='block_1_58' title="bbox 300 5412 1414 5482">
    <p class='ocr_par' dir='ltr' id='par_1_58' title="bbox 300 5412 1414 5482">
     <span class='ocr_line' id='line_1_58' title="bbox 300 5412 1414 5482; baseline -0.017 -2"><span class='ocrx_word' id='word_1_479' title='bbox 300 5412 531 5479; x_wconf 65' lang='lat' dir='ltr'><strong>&#39;siéYiiiEté</strong></span> <span class='ocrx_word' id='word_1_480' title='bbox 558 5412 798 5476; x_wconf 48' lang='lat' dir='ltr'><strong>t—tsaimu&#39;m</strong></span> <span class='ocrx_word' id='word_1_481' title='bbox 820 5423 868 5470; x_wconf 88' lang='lat' dir='ltr'><strong>in</strong></span> <span class='ocrx_word' id='word_1_482' title='bbox 893 5412 1180 5482; x_wconf 73' lang='lat' dir='ltr'><strong>confessione</strong></span> <span class='ocrx_word' id='word_1_483' title='bbox 1204 5412 1414 5472; x_wconf 75' lang='lat' dir='ltr'><strong>iubilate.</strong></span> 
     </span>
    </p>
   </div>
   <div class='ocr_carea' id='block_1_59' title="bbox 363 5469 1886 5550">
    <p class='ocr_par' dir='ltr' id='par_1_59' title="bbox 363 5469 1886 5550">
     <span class='ocr_line' id='line_1_59' title="bbox 363 5469 1886 5550; baseline -0.014 -11"><span class='ocrx_word' id='word_1_484' title='bbox 363 5469 1071 5550; x_wconf 43' lang='lat' dir='ltr'><strong>{melioris</strong></span> <span class='ocrx_word' id='word_1_485' title='bbox 1095 5469 1228 5550; x_wconf 42' lang='lat' dir='ltr'><strong>notae</strong></span> <span class='ocrx_word' id='word_1_486' title='bbox 1478 5481 1578 5550; x_wconf 52' lang='lat' dir='ltr'><strong>itm.</strong></span> 
     </span>
    </p>
   </div>
   <div class='ocr_carea' id='block_1_60' title="bbox 304 5529 1883 5613">
    <p class='ocr_par' dir='ltr' id='par_1_60' title="bbox 304 5529 1883 5613">
     <span class='ocr_line' id='line_1_60' title="bbox 304 5529 1883 5613; baseline -0.014 -12"><span class='ocrx_word' id='word_1_487' title='bbox 304 5529 1066 5613; x_wconf 40' lang='lat' dir='ltr'><strong>Mss.:iuliiqniiiis&#39;coitfessiamnn</strong></span> <span class='ocrx_word' id='word_1_488' title='bbox 1088 5534 1376 5602; x_wconf 81' lang='lat' dir='ltr'><strong>confitemini</strong></span> <span class='ocrx_word' id='word_1_489' title='bbox 1394 5534 1457 5584; x_wconf 87' lang='lat' dir='ltr'><strong>ei.</strong></span> <span class='ocrx_word' id='word_1_490' title='bbox 1481 5541 1614 5594; x_wconf 82' lang='lat' dir='ltr'><strong>Lov.,</strong></span> <span class='ocrx_word' id='word_1_491' title='bbox 1629 5529 1883 5594; x_wconf 80' lang='lat' dir='ltr'><strong>in-Itymnis</strong></span> 
     </span>
    </p>
   </div>
   <div class='ocr_carea' id='block_1_61' title="bbox 307 5605 1034 5674">
    <p class='ocr_par' dir='ltr' id='par_1_61' title="bbox 307 5605 1034 5674">
     <span class='ocr_line' id='line_1_61' title="bbox 307 5605 1034 5674; baseline -0.018 -11"><span class='ocrx_word' id='word_1_492' title='bbox 307 5605 649 5674; x_wconf 62' lang='lat' dir='ltr'><strong>confessionem</strong></span> <span class='ocrx_word' id='word_1_493' title='bbox 662 5605 951 5668; x_wconf 74' lang='lat' dir='ltr'><strong>confitemini</strong></span> <span class='ocrx_word' id='word_1_494' title='bbox 965 5605 1034 5674; x_wconf 75' lang='lat' dir='ltr'><strong>ei.</strong></span> 
     </span>
    </p>
   </div>
   <div class='ocr_carea' id='block_1_62' title="bbox 371 5659 1507 5732">
    <p class='ocr_par' dir='ltr' id='par_1_62' title="bbox 371 5659 1507 5732">
     <span class='ocr_line' id='line_1_62' title="bbox 371 5659 1507 5732; baseline -0.012 -10"><span class='ocrx_word' id='word_1_495' title='bbox 371 5659 613 5723; x_wconf 56' lang='lat' dir='ltr'><strong>istane.</strong></span> <span class='ocrx_word' id='word_1_496' title='bbox 635 5659 776 5732; x_wconf 76' lang='lat' dir='ltr'><strong>juxta</strong></span> <span class='ocrx_word' id='word_1_497' title='bbox 796 5675 944 5716; x_wconf 73' lang='lat' dir='ltr'><strong>Grzec.</strong></span> <span class='ocrx_word' id='word_1_498' title='bbox 963 5671 1090 5714; x_wconf 70' lang='lat' dir='ltr'><strong>LXX.</strong></span> <span class='ocrx_word' id='word_1_499' title='bbox 1114 5669 1166 5711; x_wconf 79' lang='lat' dir='ltr'><strong>At</strong></span> <span class='ocrx_word' id='word_1_500' title='bbox 1182 5659 1312 5723; x_wconf 66' lang='lat' dir='ltr'><strong>add,</strong></span> <span class='ocrx_word' id='word_1_501' title='bbox 1335 5660 1386 5710; x_wconf 87' lang='lat' dir='ltr'><strong>in</strong></span> <span class='ocrx_word' id='word_1_502' title='bbox 1408 5674 1507 5711; x_wconf 87' lang='lat' dir='ltr'><strong>eas.</strong></span> 
     </span>
    </p>
   </div>
   <div class='ocr_carea' id='block_1_63' title="bbox 1479 224 2435 287">
    <p class='ocr_par' dir='ltr' id='par_1_63' title="bbox 1479 224 2435 287">
     <span class='ocr_line' id='line_1_63' title="bbox 1479 224 2435 287; baseline 0.001 -4"><span class='ocrx_word' id='word_1_503' title='bbox 1479 224 1874 283; x_wconf 76' lang='lat' dir='ltr'><strong>ENARRATIO</strong></span> <span class='ocrx_word' id='word_1_504' title='bbox 1913 224 1980 282; x_wconf 78' lang='grc' dir='ltr'><strong>ΙΝ</strong></span> <span class='ocrx_word' id='word_1_505' title='bbox 2021 226 2337 286; x_wconf 74' lang='lat' dir='ltr'><strong>PSALMUM</strong></span> <span class='ocrx_word' id='word_1_506' title='bbox 2377 231 2435 287; x_wconf 91' lang='lat' dir='ltr'><strong>C.</strong></span> 
     </span>
    </p>
   </div>
   <div class='ocr_carea' id='block_1_64' title="bbox 3446 253 3586 309">
    <p class='ocr_par' dir='ltr' id='par_1_64' title="bbox 3446 253 3586 309">
     <span class='ocr_line' id='line_1_64' title="bbox 3446 253 3586 309; baseline 0.007 -1"><span class='ocrx_word' id='word_1_507' title='bbox 3446 253 3586 309; x_wconf 66' lang='lat' dir='ltr'><strong>i282</strong></span> 
     </span>
    </p>
   </div>
   <div class='ocr_carea' id='block_1_65' title="bbox 2028 359 2378 380">
    <p class='ocr_par' dir='ltr' id='par_1_65' title="bbox 2028 359 2378 380">
     <span class='ocr_line' id='line_1_65' title="bbox 2028 359 2378 380; baseline -0.006 2"><span class='ocrx_word' id='word_1_508' title='bbox 2028 359 2378 380; x_wconf 45' lang='grc' dir='ltr'><strong>’ἣ</strong></span> 
     </span>
    </p>
   </div>
   <div class='ocr_carea' id='block_1_66' title="bbox 2386 370 3352 398">
    <p class='ocr_par' dir='ltr' id='par_1_66' title="bbox 2386 370 3352 398">
     <span class='ocr_line' id='line_1_66' title="bbox 2386 370 3352 398; baseline -0.006 -17"><span class='ocrx_word' id='word_1_509' title='bbox 2386 370 3352 398; x_wconf 81' lang='lat'><strong>___________</strong></span> 
     </span>
    </p>
   </div>
   <div class='ocr_carea' id='block_1_67' title="bbox 2479 427 3073 498">
    <p class='ocr_par' dir='ltr' id='par_1_67' title="bbox 2479 427 3073 498">
     <span class='ocr_line' id='line_1_67' title="bbox 2479 427 3073 498; baseline 0.02 -12"><span class='ocrx_word' id='word_1_510' title='bbox 2479 427 2558 487; x_wconf 87' lang='grc' dir='ltr'><strong>ΙΝ</strong></span> <span class='ocrx_word' id='word_1_511' title='bbox 2601 430 2862 494; x_wconf 77' lang='lat' dir='ltr'><strong>PSALM</strong></span> <span class='ocrx_word' id='word_1_512' title='bbox 2873 435 2981 496; x_wconf 84' lang='grc' dir='ltr'><strong>ΠΜ</strong></span> <span class='ocrx_word' id='word_1_513' title='bbox 3029 438 3073 498; x_wconf 89' lang='lat' dir='ltr'>C</span> 
     </span>
    </p>
   </div>
   <div class='ocr_carea' id='block_1_68' title="bbox 2565 548 2980 609">
    <p class='ocr_par' dir='ltr' id='par_1_68' title="bbox 2565 548 2980 609">
     <span class='ocr_line' id='line_1_68' title="bbox 2565 548 2980 609; baseline 0.019 -8"><span class='ocrx_word' id='word_1_514' title='bbox 2565 548 2980 609; x_wconf 79' lang='lat' dir='ltr'><strong>ENARR.\TIO.</strong></span> 
     </span>
    </p>
   </div>
   <div class='ocr_carea' id='block_1_69' title="bbox 2523 651 3060 699">
    <p class='ocr_par' dir='ltr' id='par_1_69' title="bbox 2523 651 3060 699">
     <span class='ocr_line' id='line_1_69' title="bbox 2523 651 3060 699; baseline 0.02 -11"><span class='ocrx_word' id='word_1_515' title='bbox 2523 651 2690 693; x_wconf 75' lang='lat' dir='ltr'><strong>SERMO</strong></span> <span class='ocrx_word' id='word_1_516' title='bbox 2730 658 2796 694; x_wconf 80' lang='lat' dir='ltr'><strong>AD</strong></span> <span class='ocrx_word' id='word_1_517' title='bbox 2839 659 3060 699; x_wconf 67' lang='lat' dir='ltr'><strong>PLEBPZII.</strong></span> 
     </span>
    </p>
   </div>
   <div class='ocr_carea' id='block_1_70' title="bbox 2069 720 3578 814">
    <p class='ocr_par' dir='ltr' id='par_1_70' title="bbox 2069 720 3578 814">
     <span class='ocr_line' id='line_1_70' title="bbox 2069 720 3578 814; baseline 0.019 -40"><span class='ocrx_word' id='word_1_518' title='bbox 2069 721 2118 774; x_wconf 80' lang='grc'><strong>1.</strong></span> <span class='ocrx_word' id='word_1_519' title='bbox 2163 720 2329 792; x_wconf 68' lang='grc' dir='ltr'><strong>[ναῖε.</strong></span> <span class='ocrx_word' id='word_1_520' title='bbox 2381 726 2431 778; x_wconf 78' lang='grc'><strong>1.</strong></span> <span class='ocrx_word' id='word_1_521' title='bbox 2456 725 2474 798; x_wconf 95' lang='grc'>]</span> <span class='ocrx_word' id='word_1_522' title='bbox 2517 728 2756 786; x_wconf 85' lang='lat' dir='ltr'><strong>Psalmus</strong></span> <span class='ocrx_word' id='word_1_523' title='bbox 2786 735 2884 789; x_wconf 82' lang='lat' dir='ltr'><strong>iste</strong></span> <span class='ocrx_word' id='word_1_524' title='bbox 2910 740 3232 796; x_wconf 79' lang='lat' dir='ltr'><strong>centesimus</strong></span> <span class='ocrx_word' id='word_1_525' title='bbox 3258 749 3396 814; x_wconf 88' lang='lat' dir='ltr'><strong>quod</strong></span> <span class='ocrx_word' id='word_1_526' title='bbox 3422 749 3578 804; x_wconf 63' lang='lat' dir='ltr'><strong>habet</strong></span> 
     </span>
    </p>
   </div>
   <div class='ocr_carea' id='block_1_71' title="bbox 1997 811 3573 906">
    <p class='ocr_par' dir='ltr' id='par_1_71' title="bbox 1997 811 3573 906">
     <span class='ocr_line' id='line_1_71' title="bbox 1997 811 3573 906; baseline 0.02 -41"><span class='ocrx_word' id='word_1_527' title='bbox 1997 811 2264 906; x_wconf 71' lang='lat' dir='ltr'><strong>inprime</strong></span> <span class='ocrx_word' id='word_1_528' title='bbox 2311 833 2483 885; x_wconf 83' lang='lat' dir='ltr'><strong>versu,</strong></span> <span class='ocrx_word' id='word_1_529' title='bbox 2535 821 2635 877; x_wconf 90' lang='lat' dir='ltr'><strong>hoc</strong></span> <span class='ocrx_word' id='word_1_530' title='bbox 2676 825 2727 878; x_wconf 91' lang='lat' dir='ltr'><strong>in</strong></span> <span class='ocrx_word' id='word_1_531' title='bbox 2770 836 2878 879; x_wconf 89' lang='lat' dir='ltr'><strong>toto</strong></span> <span class='ocrx_word' id='word_1_532' title='bbox 2916 831 3031 896; x_wconf 87' lang='lat' dir='ltr'><strong>ejus</strong></span> <span class='ocrx_word' id='word_1_533' title='bbox 3072 811 3294 904; x_wconf 85' lang='lat' dir='ltr'><strong>corpore</strong></span> <span class='ocrx_word' id='word_1_534' title='bbox 3333 857 3573 906; x_wconf 69' lang='lat' dir='ltr'><strong>quaerere</strong></span> 
     </span>
    </p>
   </div>
   <div class='ocr_carea' id='block_1_72' title="bbox 1994 903 3572 995">
    <p class='ocr_par' dir='ltr' id='par_1_72' title="bbox 1994 903 3572 995">
     <span class='ocr_line' id='line_1_72' title="bbox 1994 903 3572 995; baseline 0.02 -40"><span class='ocrx_word' id='word_1_535' title='bbox 1994 903 2268 961; x_wconf 88' lang='lat' dir='ltr'><strong>debemus.</strong></span> <span class='ocrx_word' id='word_1_536' title='bbox 2302 907 2700 967; x_wconf 80' lang='lat' dir='ltr'><strong>Misericordiam</strong></span> <span class='ocrx_word' id='word_1_537' title='bbox 2729 927 2772 968; x_wconf 90' lang='lat' dir='ltr'><strong>et</strong></span> <span class='ocrx_word' id='word_1_538' title='bbox 2789 919 3044 986; x_wconf 88' lang='lat' dir='ltr'><strong>judiciunt</strong></span> <span class='ocrx_word' id='word_1_539' title='bbox 3073 903 3278 978; x_wconf 81' lang='lat' dir='ltr'><strong>cantabo</strong></span> <span class='ocrx_word' id='word_1_540' title='bbox 3304 903 3392 982; x_wconf 70' lang='lat' dir='ltr'><strong>tibi</strong></span> <span class='ocrx_word' id='word_1_541' title='bbox 3413 972 3429 995; x_wconf 96' lang='lat'><strong>,</strong></span> <span class='ocrx_word' id='word_1_542' title='bbox 3459 929 3572 985; x_wconf 87' lang='lat' dir='ltr'><strong>Do-</strong></span> 
     </span>
    </p>
   </div>
   <div class='ocr_carea' id='block_1_73' title="bbox 1994 994 3569 1076">
    <p class='ocr_par' dir='ltr' id='par_1_73' title="bbox 1994 994 3569 1076">
     <span class='ocr_line' id='line_1_73' title="bbox 1994 994 3569 1076; baseline 0.021 -32"><span class='ocrx_word' id='word_1_543' title='bbox 1994 994 2142 1048; x_wconf 89' lang='lat' dir='ltr'><strong>mine.</strong></span> <span class='ocrx_word' id='word_1_544' title='bbox 2177 995 2343 1052; x_wconf 87' lang='lat' dir='ltr'><strong>Nemo</strong></span> <span class='ocrx_word' id='word_1_545' title='bbox 2368 999 2466 1053; x_wconf 90' lang='lat' dir='ltr'><strong>sibi</strong></span> <span class='ocrx_word' id='word_1_546' title='bbox 2493 1001 2557 1054; x_wconf 91' lang='lat' dir='ltr'><strong>ad</strong></span> <span class='ocrx_word' id='word_1_547' title='bbox 2589 1001 2954 1073; x_wconf 87' lang='lat' dir='ltr'><strong>impunitatem</strong></span> <span class='ocrx_word' id='word_1_548' title='bbox 2988 1011 3283 1070; x_wconf 87' lang='lat' dir='ltr'><strong>blandiatur</strong></span> <span class='ocrx_word' id='word_1_549' title='bbox 3311 1018 3378 1073; x_wconf 88' lang='lat' dir='ltr'><strong>de</strong></span> <span class='ocrx_word' id='word_1_550' title='bbox 3405 994 3569 1076; x_wconf 81' lang='lat' dir='ltr'><strong>mise-</strong></span> 
     </span>
    </p>
   </div>
   <div class='ocr_carea' id='block_1_74' title="bbox 1993 1085 3572 1167">
    <p class='ocr_par' dir='ltr' id='par_1_74' title="bbox 1993 1085 3572 1167">
     <span class='ocr_line' id='line_1_74' title="bbox 1993 1085 3572 1167; baseline 0.018 -29"><span class='ocrx_word' id='word_1_551' title='bbox 1993 1085 2217 1141; x_wconf 87' lang='lat' dir='ltr'><strong>ricordia</strong></span> <span class='ocrx_word' id='word_1_552' title='bbox 2249 1091 2375 1154; x_wconf 88' lang='lat' dir='ltr'><strong>Dei;</strong></span> <span class='ocrx_word' id='word_1_553' title='bbox 2407 1094 2528 1161; x_wconf 87' lang='lat' dir='ltr'><strong>quia</strong></span> <span class='ocrx_word' id='word_1_554' title='bbox 2553 1105 2708 1150; x_wconf 88' lang='lat' dir='ltr'><strong>estet</strong></span> <span class='ocrx_word' id='word_1_555' title='bbox 2732 1098 2984 1164; x_wconf 86' lang='lat' dir='ltr'><strong>judicium</strong></span> <span class='ocrx_word' id='word_1_556' title='bbox 3010 1121 3021 1154; x_wconf 96' lang='lat'>:</span> <span class='ocrx_word' id='word_1_557' title='bbox 3051 1115 3102 1156; x_wconf 90' lang='lat' dir='ltr'><strong>et</strong></span> <span class='ocrx_word' id='word_1_558' title='bbox 3127 1122 3280 1162; x_wconf 88' lang='lat' dir='ltr'><strong>nemo</strong></span> <span class='ocrx_word' id='word_1_559' title='bbox 3305 1108 3355 1161; x_wconf 92' lang='lat' dir='ltr'><strong>in</strong></span> <span class='ocrx_word' id='word_1_560' title='bbox 3381 1112 3572 1167; x_wconf 86' lang='lat' dir='ltr'><strong>melius</strong></span> 
     </span>
    </p>
   </div>
   <div class='ocr_carea' id='block_1_75' title="bbox 1989 1184 3571 1268">
    <p class='ocr_par' dir='ltr' id='par_1_75' title="bbox 1989 1184 3571 1268">
     <span class='ocr_line' id='line_1_75' title="bbox 1989 1184 3571 1268; baseline 0.016 -37"><span class='ocrx_word' id='word_1_561' title='bbox 1989 1191 2345 1237; x_wconf 88' lang='lat' dir='ltr'><strong>commutatus</strong></span> <span class='ocrx_word' id='word_1_562' title='bbox 2377 1184 2658 1242; x_wconf 82' lang='lat' dir='ltr'><strong>exhorreat</strong></span> <span class='ocrx_word' id='word_1_563' title='bbox 2684 1188 2941 1258; x_wconf 89' lang='lat' dir='ltr'><strong>judicium</strong></span> <span class='ocrx_word' id='word_1_564' title='bbox 2988 1194 3106 1258; x_wconf 90' lang='lat' dir='ltr'><strong>Dei;</strong></span> <span class='ocrx_word' id='word_1_565' title='bbox 3155 1195 3273 1263; x_wconf 85' lang='lat' dir='ltr'><strong>quia</strong></span> <span class='ocrx_word' id='word_1_566' title='bbox 3318 1203 3571 1268; x_wconf 73' lang='lat' dir='ltr'><strong>prtecedit</strong></span> 
     </span>
    </p>
   </div>
   <div class='ocr_carea' id='block_1_76' title="bbox 1989 1269 3568 1355">
    <p class='ocr_par' dir='ltr' id='par_1_76' title="bbox 1989 1269 3568 1355">
     <span class='ocr_line' id='line_1_76' title="bbox 1989 1269 3568 1355; baseline 0.016 -34"><span class='ocrx_word' id='word_1_567' title='bbox 1989 1269 2371 1327; x_wconf 79' lang='lat' dir='ltr'><strong>miseriCordia.</strong></span> <span class='ocrx_word' id='word_1_568' title='bbox 2413 1276 2664 1333; x_wconf 84' lang='lat' dir='ltr'><strong>llmnines</strong></span> <span class='ocrx_word' id='word_1_569' title='bbox 2709 1281 2850 1335; x_wconf 92' lang='lat' dir='ltr'><strong>enim</strong></span> <span class='ocrx_word' id='word_1_570' title='bbox 2898 1283 3110 1352; x_wconf 88' lang='lat' dir='ltr'><strong>quando</strong></span> <span class='ocrx_word' id='word_1_571' title='bbox 3149 1285 3417 1355; x_wconf 91' lang='lat' dir='ltr'><strong>jndicant,</strong></span> <span class='ocrx_word' id='word_1_572' title='bbox 3471 1291 3568 1348; x_wconf 88' lang='lat' dir='ltr'><strong>ali-</strong></span> 
     </span>
    </p>
   </div>
   <div class='ocr_carea' id='block_1_77' title="bbox 1987 1362 3562 1450">
    <p class='ocr_par' dir='ltr' id='par_1_77' title="bbox 1987 1362 3562 1450">
     <span class='ocr_line' id='line_1_77' title="bbox 1987 1362 3562 1450; baseline 0.018 -39"><span class='ocrx_word' id='word_1_573' title='bbox 1987 1362 2199 1430; x_wconf 88' lang='lat' dir='ltr'><strong>quando</strong></span> <span class='ocrx_word' id='word_1_574' title='bbox 2224 1366 2347 1420; x_wconf 90' lang='lat' dir='ltr'><strong>victi</strong></span> <span class='ocrx_word' id='word_1_575' title='bbox 2376 1368 2735 1426; x_wconf 85' lang='lat' dir='ltr'><strong>misericordia</strong></span> <span class='ocrx_word' id='word_1_576' title='bbox 2767 1374 2805 1439; x_wconf 73' lang='grc' dir='ltr'><strong>ί,</strong></span> <span class='ocrx_word' id='word_1_577' title='bbox 2839 1376 3034 1430; x_wconf 83' lang='lat' dir='ltr'><strong>faciunt</strong></span> <span class='ocrx_word' id='word_1_578' title='bbox 3060 1391 3239 1432; x_wconf 90' lang='lat' dir='ltr'><strong>contra</strong></span> <span class='ocrx_word' id='word_1_579' title='bbox 3263 1381 3520 1448; x_wconf 86' lang='lat' dir='ltr'><strong>justitiam</strong></span> <span class='ocrx_word' id='word_1_580' title='bbox 3546 1404 3562 1450; x_wconf 91' lang='lat'><strong>;</strong></span> 
     </span>
    </p>
   </div>
   <div class='ocr_carea' id='block_1_78' title="bbox 1985 1454 3566 1543">
    <p class='ocr_par' dir='ltr' id='par_1_78' title="bbox 1985 1454 3566 1543">
     <span class='ocr_line' id='line_1_78' title="bbox 1985 1454 3566 1543; baseline 0.016 -38"><span class='ocrx_word' id='word_1_581' title='bbox 1985 1461 2039 1506; x_wconf 89' lang='lat' dir='ltr'><strong>et</strong></span> <span class='ocrx_word' id='word_1_582' title='bbox 2064 1454 2271 1510; x_wconf 74' lang='lat' dir='ltr'><strong>videtur</strong></span> <span class='ocrx_word' id='word_1_583' title='bbox 2300 1458 2349 1512; x_wconf 92' lang='lat' dir='ltr'><strong>in</strong></span> <span class='ocrx_word' id='word_1_584' title='bbox 2389 1461 2466 1515; x_wconf 92' lang='lat' dir='ltr'><strong>eis</strong></span> <span class='ocrx_word' id='word_1_585' title='bbox 2506 1478 2625 1518; x_wconf 87' lang='lat' dir='ltr'><strong>esse</strong></span> <span class='ocrx_word' id='word_1_586' title='bbox 2650 1466 3031 1530; x_wconf 88' lang='lat' dir='ltr'><strong>misericordia.</strong></span> <span class='ocrx_word' id='word_1_587' title='bbox 3059 1480 3110 1523; x_wconf 90' lang='lat' dir='ltr'><strong>et</strong></span> <span class='ocrx_word' id='word_1_588' title='bbox 3142 1487 3244 1524; x_wconf 91' lang='lat' dir='ltr'><strong>non</strong></span> <span class='ocrx_word' id='word_1_589' title='bbox 3273 1488 3394 1528; x_wconf 89' lang='lat' dir='ltr'><strong>esse</strong></span> <span class='ocrx_word' id='word_1_590' title='bbox 3427 1476 3566 1543; x_wconf 88' lang='lat' dir='ltr'><strong>judi-</strong></span> 
     </span>
    </p>
   </div>
   <div class='ocr_carea' id='block_1_79' title="bbox 1984 1544 3558 1633">
    <p class='ocr_par' dir='ltr' id='par_1_79' title="bbox 1984 1544 3558 1633">
     <span class='ocr_line' id='line_1_79' title="bbox 1984 1544 3558 1633; baseline 0.015 -36"><span class='ocrx_word' id='word_1_591' title='bbox 1984 1544 2435 1619; x_wconf 79' lang='lat' dir='ltr'><strong>ciutnza&#39;liquando</strong></span> <span class='ocrx_word' id='word_1_592' title='bbox 2450 1569 2576 1608; x_wconf 88' lang='lat' dir='ltr'><strong>vero</strong></span> <span class='ocrx_word' id='word_1_593' title='bbox 2598 1556 2820 1626; x_wconf 84' lang='lat' dir='ltr'><strong>rigidum</strong></span> <span class='ocrx_word' id='word_1_594' title='bbox 2840 1561 3075 1615; x_wconf 89' lang='lat' dir='ltr'><strong>volentes</strong></span> <span class='ocrx_word' id='word_1_595' title='bbox 3094 1565 3558 1633; x_wconf 88' lang='lat' dir='ltr'><strong>tenerejudicium,</strong></span> 
     </span>
    </p>
   </div>
   <div class='ocr_carea' id='block_1_80' title="bbox 1984 1636 3564 1712">
    <p class='ocr_par' dir='ltr' id='par_1_80' title="bbox 1984 1636 3564 1712">
     <span class='ocr_line' id='line_1_80' title="bbox 1984 1636 3564 1712; baseline 0.013 -22"><span class='ocrx_word' id='word_1_596' title='bbox 1984 1636 2212 1705; x_wconf 89' lang='lat' dir='ltr'><strong>perdunt</strong></span> <span class='ocrx_word' id='word_1_597' title='bbox 2251 1641 2690 1698; x_wconf 88' lang='lat' dir='ltr'><strong>misericordiam.</strong></span> <span class='ocrx_word' id='word_1_598' title='bbox 2726 1648 2867 1702; x_wconf 89' lang='lat' dir='ltr'><strong>Deus</strong></span> <span class='ocrx_word' id='word_1_599' title='bbox 2909 1661 3084 1704; x_wconf 86' lang='lat' dir='ltr'><strong>autem</strong></span> <span class='ocrx_word' id='word_1_600' title='bbox 3117 1668 3214 1706; x_wconf 89' lang='lat' dir='ltr'><strong>nec</strong></span> <span class='ocrx_word' id='word_1_601' title='bbox 3246 1651 3298 1707; x_wconf 90' lang='lat' dir='ltr'><strong>in</strong></span> <span class='ocrx_word' id='word_1_602' title='bbox 3330 1653 3564 1712; x_wconf 87' lang='lat' dir='ltr'><strong>bonitate</strong></span> 
     </span>
    </p>
   </div>
   <div class='ocr_carea' id='block_1_81' title="bbox 1981 1725 3562 1814">
    <p class='ocr_par' dir='ltr' id='par_1_81' title="bbox 1981 1725 3562 1814">
     <span class='ocr_line' id='line_1_81' title="bbox 1981 1725 3562 1814; baseline 0.014 -36"><span class='ocrx_word' id='word_1_603' title='bbox 1981 1725 2360 1814; x_wconf 53' lang='lat' dir='ltr'><strong>misericordia;</strong></span> <span class='ocrx_word' id='word_1_604' title='bbox 2401 1734 2777 1802; x_wconf 87' lang='lat' dir='ltr'><strong>perditjudicii</strong></span> <span class='ocrx_word' id='word_1_605' title='bbox 2809 1740 3142 1793; x_wconf 76' lang='lat' dir='ltr'><strong>severitatem</strong></span> <span class='ocrx_word' id='word_1_606' title='bbox 3168 1782 3183 1805; x_wconf 91' lang='lat'><strong>,</strong></span> <span class='ocrx_word' id='word_1_607' title='bbox 3218 1758 3315 1796; x_wconf 89' lang='lat' dir='ltr'><strong>nec</strong></span> <span class='ocrx_word' id='word_1_608' title='bbox 3340 1744 3391 1798; x_wconf 92' lang='lat' dir='ltr'><strong>in</strong></span> <span class='ocrx_word' id='word_1_609' title='bbox 3416 1745 3562 1814; x_wconf 85' lang='lat' dir='ltr'><strong>judi-</strong></span> 
     </span>
    </p>
   </div>
   <div class='ocr_carea' id='block_1_82' title="bbox 1980 1816 3557 1890">
    <p class='ocr_par' dir='ltr' id='par_1_82' title="bbox 1980 1816 3557 1890">
     <span class='ocr_line' id='line_1_82' title="bbox 1980 1816 3557 1890; baseline 0.013 -21"><span class='ocrx_word' id='word_1_610' title='bbox 1980 1816 2148 1872; x_wconf 89' lang='lat' dir='ltr'><strong>cando</strong></span> <span class='ocrx_word' id='word_1_611' title='bbox 2172 1834 2291 1873; x_wconf 90' lang='lat' dir='ltr'><strong>cum</strong></span> <span class='ocrx_word' id='word_1_612' title='bbox 2317 1823 2599 1877; x_wconf 87' lang='lat' dir='ltr'><strong>severitate</strong></span> <span class='ocrx_word' id='word_1_613' title='bbox 2625 1826 2816 1879; x_wconf 89' lang='lat' dir='ltr'><strong>amittit</strong></span> <span class='ocrx_word' id='word_1_614' title='bbox 2844 1828 3218 1885; x_wconf 71' lang='lat' dir='ltr'><strong>misericordia:</strong></span> <span class='ocrx_word' id='word_1_615' title='bbox 3246 1831 3557 1890; x_wconf 87' lang='lat' dir='ltr'><strong>bonitatem.</strong></span> 
     </span>
    </p>
   </div>
   <div class='ocr_carea' id='block_1_83' title="bbox 1979 1903 3560 1984">
    <p class='ocr_par' dir='ltr' id='par_1_83' title="bbox 1979 1903 3560 1984">
     <span class='ocr_line' id='line_1_83' title="bbox 1979 1903 3560 1984; baseline 0.015 -26"><span class='ocrx_word' id='word_1_616' title='bbox 1979 1903 2117 1962; x_wconf 87' lang='lat' dir='ltr'><strong>Ecce</strong></span> <span class='ocrx_word' id='word_1_617' title='bbox 2142 1908 2185 1961; x_wconf 91' lang='lat' dir='ltr'><strong>si</strong></span> <span class='ocrx_word' id='word_1_618' title='bbox 2209 1911 2534 1980; x_wconf 89' lang='lat' dir='ltr'><strong>temporibus</strong></span> <span class='ocrx_word' id='word_1_619' title='bbox 2561 1914 2942 1984; x_wconf 83' lang='lat' dir='ltr'><strong>distinguamus</strong></span> <span class='ocrx_word' id='word_1_620' title='bbox 2971 1917 3079 1970; x_wconf 71' lang='lat' dir='ltr'><strong>haec</strong></span> <span class='ocrx_word' id='word_1_621' title='bbox 3104 1920 3227 1984; x_wconf 88' lang='lat' dir='ltr'><strong>duo,</strong></span> <span class='ocrx_word' id='word_1_622' title='bbox 3261 1922 3560 1981; x_wconf 81' lang='lat' dir='ltr'><strong>misericor-</strong></span> 
     </span>
    </p>
   </div>
   <div class='ocr_carea' id='block_1_84' title="bbox 1976 1995 3559 2084">
    <p class='ocr_par' dir='ltr' id='par_1_84' title="bbox 1976 1995 3559 2084">
     <span class='ocr_line' id='line_1_84' title="bbox 1976 1995 3559 2084; baseline 0.016 -37"><span class='ocrx_word' id='word_1_623' title='bbox 1976 1995 2116 2050; x_wconf 89' lang='lat' dir='ltr'><strong>diam</strong></span> <span class='ocrx_word' id='word_1_624' title='bbox 2139 2008 2193 2053; x_wconf 89' lang='lat' dir='ltr'><strong>et</strong></span> <span class='ocrx_word' id='word_1_625' title='bbox 2212 1999 2503 2068; x_wconf 87' lang='lat' dir='ltr'><strong>judicium;</strong></span> <span class='ocrx_word' id='word_1_626' title='bbox 2540 2002 2676 2059; x_wconf 88' lang='lat' dir='ltr'><strong>forte</strong></span> <span class='ocrx_word' id='word_1_627' title='bbox 2703 2006 2842 2059; x_wconf 91' lang='lat' dir='ltr'><strong>enim</strong></span> <span class='ocrx_word' id='word_1_628' title='bbox 2875 2023 2977 2061; x_wconf 91' lang='lat' dir='ltr'><strong>non</strong></span> <span class='ocrx_word' id='word_1_629' title='bbox 3006 2011 3120 2064; x_wconf 87' lang='lat' dir='ltr'><strong>sine</strong></span> <span class='ocrx_word' id='word_1_630' title='bbox 3145 2026 3302 2066; x_wconf 90' lang='lat' dir='ltr'><strong>causa</strong></span> <span class='ocrx_word' id='word_1_631' title='bbox 3333 2015 3448 2084; x_wconf 87' lang='lat' dir='ltr'><strong>ipso</strong></span> <span class='ocrx_word' id='word_1_632' title='bbox 3469 2032 3559 2072; x_wconf 91' lang='lat' dir='ltr'><strong>or-</strong></span> 
     </span>
    </p>
   </div>
   <div class='ocr_carea' id='block_1_85' title="bbox 1975 2085 3554 2161">
    <p class='ocr_par' dir='ltr' id='par_1_85' title="bbox 1975 2085 3554 2161">
     <span class='ocr_line' id='line_1_85' title="bbox 1975 2085 3554 2161; baseline 0.013 -22"><span class='ocrx_word' id='word_1_633' title='bbox 1975 2085 2099 2140; x_wconf 90' lang='lat' dir='ltr'><strong>dine</strong></span> <span class='ocrx_word' id='word_1_634' title='bbox 2129 2091 2296 2156; x_wconf 90' lang='lat' dir='ltr'><strong>posita</strong></span> <span class='ocrx_word' id='word_1_635' title='bbox 2318 2101 2474 2156; x_wconf 87' lang='lat' dir='ltr'><strong>sunt,</strong></span> <span class='ocrx_word' id='word_1_636' title='bbox 2506 2103 2563 2146; x_wconf 91' lang='lat' dir='ltr'><strong>ut</strong></span> <span class='ocrx_word' id='word_1_637' title='bbox 2588 2111 2692 2148; x_wconf 89' lang='lat' dir='ltr'><strong>non</strong></span> <span class='ocrx_word' id='word_1_638' title='bbox 2714 2095 2917 2150; x_wconf 87' lang='lat' dir='ltr'><strong>diceret</strong></span> <span class='ocrx_word' id='word_1_639' title='bbox 2939 2139 2953 2160; x_wconf 93' lang='lat'><strong>,</strong></span> <span class='ocrx_word' id='word_1_640' title='bbox 2981 2099 3245 2155; x_wconf 70' lang='lat' dir='ltr'><strong>iudicium</strong></span> <span class='ocrx_word' id='word_1_641' title='bbox 3268 2113 3322 2157; x_wconf 89' lang='lat' dir='ltr'><strong>et</strong></span> <span class='ocrx_word' id='word_1_642' title='bbox 3349 2106 3554 2161; x_wconf 82' lang='lat' dir='ltr'><strong>miseri-</strong></span> 
     </span>
    </p>
   </div>
   <div class='ocr_carea' id='block_1_86' title="bbox 1974 2179 3557 2267">
    <p class='ocr_par' dir='ltr' id='par_1_86' title="bbox 1974 2179 3557 2267">
     <span class='ocr_line' id='line_1_86' title="bbox 1974 2179 3557 2267; baseline 0.013 -35"><span class='ocrx_word' id='word_1_643' title='bbox 1974 2179 2225 2245; x_wconf 89' lang='lat' dir='ltr'><strong>cordiam,</strong></span> <span class='ocrx_word' id='word_1_644' title='bbox 2255 2182 2348 2235; x_wconf 86' lang='lat' dir='ltr'><strong>sed</strong></span> <span class='ocrx_word' id='word_1_645' title='bbox 2368 2225 2382 2247; x_wconf 89' lang='lat'><strong>,</strong></span> <span class='ocrx_word' id='word_1_646' title='bbox 2423 2185 2814 2240; x_wconf 77' lang='lat' dir='ltr'><strong>ntisericordiam</strong></span> <span class='ocrx_word' id='word_1_647' title='bbox 2839 2199 2884 2241; x_wconf 84' lang='lat' dir='ltr'><strong>et</strong></span> <span class='ocrx_word' id='word_1_648' title='bbox 2903 2191 3156 2258; x_wconf 88' lang='lat' dir='ltr'><strong>judicium</strong></span> <span class='ocrx_word' id='word_1_649' title='bbox 3182 2209 3200 2245; x_wconf 90' lang='lat'><strong><em>:</em></strong></span> <span class='ocrx_word' id='word_1_650' title='bbox 3233 2194 3278 2247; x_wconf 91' lang='lat' dir='ltr'><strong>si</strong></span> <span class='ocrx_word' id='word_1_651' title='bbox 3304 2211 3430 2266; x_wconf 86' lang='lat' dir='ltr'><strong>ergo</strong></span> <span class='ocrx_word' id='word_1_652' title='bbox 3462 2214 3557 2267; x_wconf 81' lang='lat' dir='ltr'><strong>per</strong></span> 
     </span>
    </p>
   </div>
   <div class='ocr_carea' id='block_1_87' title="bbox 1974 2271 3554 2344">
    <p class='ocr_par' dir='ltr' id='par_1_87' title="bbox 1974 2271 3554 2344">
     <span class='ocr_line' id='line_1_87' title="bbox 1974 2271 3554 2344; baseline 0.012 -23"><span class='ocrx_word' id='word_1_653' title='bbox 1974 2277 2210 2338; x_wconf 89' lang='lat' dir='ltr'><strong>tempora</strong></span> <span class='ocrx_word' id='word_1_654' title='bbox 2232 2271 2617 2344; x_wconf 86' lang='lat' dir='ltr'><strong>distinguamus</strong></span> <span class='ocrx_word' id='word_1_655' title='bbox 2639 2277 2751 2331; x_wconf 68' lang='lat' dir='ltr'><strong>bam</strong></span> <span class='ocrx_word' id='word_1_656' title='bbox 2771 2279 2896 2344; x_wconf 88' lang='lat' dir='ltr'><strong>duo,</strong></span> <span class='ocrx_word' id='word_1_657' title='bbox 2918 2280 3052 2335; x_wconf 90' lang='lat' dir='ltr'><strong>forte</strong></span> <span class='ocrx_word' id='word_1_658' title='bbox 3075 2283 3371 2340; x_wconf 81' lang='lat' dir='ltr'><strong>invenimus</strong></span> <span class='ocrx_word' id='word_1_659' title='bbox 3394 2289 3554 2342; x_wconf 87' lang='lat' dir='ltr'><strong>modo</strong></span> 
     </span>
    </p>
   </div>
   <div class='ocr_carea' id='block_1_88' title="bbox 1973 2367 3554 2447">
    <p class='ocr_par' dir='ltr' id='par_1_88' title="bbox 1973 2367 3554 2447">
     <span class='ocr_line' id='line_1_88' title="bbox 1973 2367 3554 2447; baseline 0.013 -34"><span class='ocrx_word' id='word_1_660' title='bbox 1973 2369 2180 2430; x_wconf 89' lang='lat' dir='ltr'><strong>tempus</strong></span> <span class='ocrx_word' id='word_1_661' title='bbox 2226 2379 2347 2420; x_wconf 82' lang='lat' dir='ltr'><strong>esse</strong></span> <span class='ocrx_word' id='word_1_662' title='bbox 2385 2367 2799 2435; x_wconf 62' lang='lat' dir='ltr'><strong>misericordias,</strong></span> <span class='ocrx_word' id='word_1_663' title='bbox 2849 2370 3080 2426; x_wconf 89' lang='lat' dir='ltr'><strong>futurum</strong></span> <span class='ocrx_word' id='word_1_664' title='bbox 3121 2382 3297 2428; x_wconf 89' lang='lat' dir='ltr'><strong>autem</strong></span> <span class='ocrx_word' id='word_1_665' title='bbox 3345 2386 3554 2447; x_wconf 90' lang='lat' dir='ltr'><strong>tempus</strong></span> 
     </span>
    </p>
   </div>
   <div class='ocr_carea' id='block_1_89' title="bbox 1965 2450 3553 2530">
    <p class='ocr_par' dir='ltr' id='par_1_89' title="bbox 1965 2450 3553 2530">
     <span class='ocr_line' id='line_1_89' title="bbox 1965 2450 3553 2530; baseline 0.009 -25"><span class='ocrx_word' id='word_1_666' title='bbox 1965 2450 2170 2520; x_wconf 88' lang='lat' dir='ltr'><strong>judicii.</strong></span> <span class='ocrx_word' id='word_1_667' title='bbox 2216 2455 2493 2522; x_wconf 87' lang='lat' dir='ltr'><strong>Quomodo</strong></span> <span class='ocrx_word' id='word_1_668' title='bbox 2536 2467 2618 2512; x_wconf 90' lang='lat' dir='ltr'><strong>est</strong></span> <span class='ocrx_word' id='word_1_669' title='bbox 2657 2459 2826 2528; x_wconf 89' lang='lat' dir='ltr'><strong>primo</strong></span> <span class='ocrx_word' id='word_1_670' title='bbox 2875 2469 3080 2530; x_wconf 88' lang='lat' dir='ltr'><strong>tempus</strong></span> <span class='ocrx_word' id='word_1_671' title='bbox 3129 2464 3553 2522; x_wconf 74' lang='lat' dir='ltr'><strong>misericordiae?</strong></span> 
     </span>
    </p>
   </div>
   <div class='ocr_carea' id='block_1_90' title="bbox 1972 2541 3551 2624">
    <p class='ocr_par' dir='ltr' id='par_1_90' title="bbox 1972 2541 3551 2624">
     <span class='ocr_line' id='line_1_90' title="bbox 1972 2541 3551 2624; baseline 0.01 -28"><span class='ocrx_word' id='word_1_672' title='bbox 1972 2541 2148 2597; x_wconf 84' lang='lat' dir='ltr'><strong>Primo</strong></span> <span class='ocrx_word' id='word_1_673' title='bbox 2176 2545 2226 2598; x_wconf 91' lang='lat' dir='ltr'><strong>in</strong></span> <span class='ocrx_word' id='word_1_674' title='bbox 2261 2547 2368 2600; x_wconf 85' lang='lat' dir='ltr'><strong>Deo</strong></span> <span class='ocrx_word' id='word_1_675' title='bbox 2405 2549 2704 2615; x_wconf 89' lang='lat' dir='ltr'><strong>considera,</strong></span> <span class='ocrx_word' id='word_1_676' title='bbox 2737 2560 2791 2603; x_wconf 92' lang='lat' dir='ltr'><strong>ut</strong></span> <span class='ocrx_word' id='word_1_677' title='bbox 2836 2560 2972 2608; x_wconf 86' lang='lat' dir='ltr'><strong>et.tu</strong></span> <span class='ocrx_word' id='word_1_678' title='bbox 3012 2561 3264 2621; x_wconf 92' lang='lat' dir='ltr'><strong>quantum</strong></span> <span class='ocrx_word' id='word_1_679' title='bbox 3302 2555 3416 2624; x_wconf 89' lang='lat' dir='ltr'><strong>ipse</strong></span> <span class='ocrx_word' id='word_1_680' title='bbox 3458 2559 3551 2612; x_wconf 89' lang='lat' dir='ltr'><strong>tibi</strong></span> 
     </span>
    </p>
   </div>
   <div class='ocr_carea' id='block_1_91' title="bbox 1970 2634 3553 2717">
    <p class='ocr_par' dir='ltr' id='par_1_91' title="bbox 1970 2634 3553 2717">
     <span class='ocr_line' id='line_1_91' title="bbox 1970 2634 3553 2717; baseline 0.009 -29"><span class='ocrx_word' id='word_1_681' title='bbox 1970 2634 2266 2704; x_wconf 83' lang='lat' dir='ltr'><strong>donaverit,</strong></span> <span class='ocrx_word' id='word_1_682' title='bbox 2315 2640 2535 2695; x_wconf 91' lang='lat' dir='ltr'><strong>imiteris</strong></span> <span class='ocrx_word' id='word_1_683' title='bbox 2580 2641 2812 2696; x_wconf 87' lang='lat' dir='ltr'><strong>Patrem.</strong></span> <span class='ocrx_word' id='word_1_684' title='bbox 2841 2641 3022 2713; x_wconf 88' lang='lat' dir='ltr'><strong>Neque</strong></span> <span class='ocrx_word' id='word_1_685' title='bbox 3059 2646 3198 2699; x_wconf 89' lang='lat' dir='ltr'><strong>enim</strong></span> <span class='ocrx_word' id='word_1_686' title='bbox 3241 2657 3553 2717; x_wconf 86' lang='lat' dir='ltr'><strong>arroganter</strong></span> 
     </span>
    </p>
   </div>
   <div class='ocr_carea' id='block_1_92' title="bbox 1968 2726 3549 2806">
    <p class='ocr_par' dir='ltr' id='par_1_92' title="bbox 1968 2726 3549 2806">
     <span class='ocr_line' id='line_1_92' title="bbox 1968 2726 3549 2806; baseline 0.007 -26"><span class='ocrx_word' id='word_1_687' title='bbox 1968 2726 2215 2793; x_wconf 87' lang='lat' dir='ltr'><strong>dicimus,</strong></span> <span class='ocrx_word' id='word_1_688' title='bbox 2247 2730 2453 2785; x_wconf 85' lang='lat' dir='ltr'><strong>Patrem</strong></span> <span class='ocrx_word' id='word_1_689' title='bbox 2483 2741 2721 2786; x_wconf 88' lang='lat' dir='ltr'><strong>nostrum</strong></span> <span class='ocrx_word' id='word_1_690' title='bbox 2751 2748 2848 2786; x_wconf 86' lang='lat' dir='ltr'><strong>nos</strong></span> <span class='ocrx_word' id='word_1_691' title='bbox 2883 2733 3077 2788; x_wconf 89' lang='lat' dir='ltr'><strong>debere</strong></span> <span class='ocrx_word' id='word_1_692' title='bbox 3106 2735 3296 2790; x_wconf 89' lang='lat' dir='ltr'><strong>imitari</strong></span> <span class='ocrx_word' id='word_1_693' title='bbox 3324 2754 3338 2801; x_wconf 89' lang='lat'><strong>;</strong></span> <span class='ocrx_word' id='word_1_694' title='bbox 3380 2754 3549 2806; x_wconf 89' lang='lat' dir='ltr'><strong>quan-</strong></span> 
     </span>
    </p>
   </div>
   <div class='ocr_carea' id='block_1_93' title="bbox 1968 2818 3549 2893">
    <p class='ocr_par' dir='ltr' id='par_1_93' title="bbox 1968 2818 3549 2893">
     <span class='ocr_line' id='line_1_93' title="bbox 1968 2818 3549 2893; baseline 0.008 -23"><span class='ocrx_word' id='word_1_695' title='bbox 1968 2818 2248 2887; x_wconf 62' lang='lat' dir='ltr'><strong>doquidi-m</strong></span> <span class='ocrx_word' id='word_1_696' title='bbox 2279 2822 2529 2876; x_wconf 90' lang='lat' dir='ltr'><strong>Dominus</strong></span> <span class='ocrx_word' id='word_1_697' title='bbox 2565 2825 2676 2893; x_wconf 90' lang='lat' dir='ltr'><strong>ipse</strong></span> <span class='ocrx_word' id='word_1_698' title='bbox 2703 2824 2888 2879; x_wconf 92' lang='lat' dir='ltr'><strong>unicus</strong></span> <span class='ocrx_word' id='word_1_699' title='bbox 2923 2825 3011 2879; x_wconf 90' lang='lat' dir='ltr'><strong>Dei</strong></span> <span class='ocrx_word' id='word_1_700' title='bbox 3044 2826 3206 2880; x_wconf 86' lang='lat' dir='ltr'><strong>Filius</strong></span> <span class='ocrx_word' id='word_1_701' title='bbox 3233 2827 3294 2880; x_wconf 91' lang='lat' dir='ltr'><strong>ad</strong></span> <span class='ocrx_word' id='word_1_702' title='bbox 3326 2827 3426 2883; x_wconf 92' lang='lat' dir='ltr'><strong>hoc</strong></span> <span class='ocrx_word' id='word_1_703' title='bbox 3453 2844 3549 2883; x_wconf 84' lang='lat' dir='ltr'><strong>nos</strong></span> 
     </span>
    </p>
   </div>
   <div class='ocr_carea' id='block_1_94' title="bbox 1970 2909 3545 2975">
    <p class='ocr_par' dir='ltr' id='par_1_94' title="bbox 1970 2909 3545 2975">
     <span class='ocr_line' id='line_1_94' title="bbox 1970 2909 3545 2975; baseline 0.007 -14"><span class='ocrx_word' id='word_1_704' title='bbox 1970 2909 2246 2975; x_wconf 83' lang='lat' dir='ltr'><strong>hortatur,</strong></span> <span class='ocrx_word' id='word_1_705' title='bbox 2293 2913 2516 2967; x_wconf 85' lang='lat' dir='ltr'><strong>dicens:</strong></span> <span class='ocrx_word' id='word_1_706' title='bbox 2555 2914 2724 2969; x_wconf 69' lang='lat' dir='ltr'><strong>lt&#39;stote</strong></span> <span class='ocrx_word' id='word_1_707' title='bbox 2755 2916 2884 2969; x_wconf 86' lang='lat' dir='ltr'><strong>sicut</strong></span> <span class='ocrx_word' id='word_1_708' title='bbox 2924 2915 3081 2969; x_wconf 85' lang='lat' dir='ltr'><strong>Pater</strong></span> <span class='ocrx_word' id='word_1_709' title='bbox 3110 2929 3266 2970; x_wconf 84' lang='lat' dir='ltr'><strong>vester</strong></span> <span class='ocrx_word' id='word_1_710' title='bbox 3313 2918 3545 2974; x_wconf 80' lang='lat' dir='ltr'><strong>caelestis.</strong></span> 
     </span>
    </p>
   </div>
   <div class='ocr_carea' id='block_1_95' title="bbox 1969 3002 3548 3078">
    <p class='ocr_par' dir='ltr' id='par_1_95' title="bbox 1969 3002 3548 3078">
     <span class='ocr_line' id='line_1_95' title="bbox 1969 3002 3548 3078; baseline 0.004 -23"><span class='ocrx_word' id='word_1_711' title='bbox 1969 3002 2097 3056; x_wconf 83' lang='lat' dir='ltr'><strong>Cum</strong></span> <span class='ocrx_word' id='word_1_712' title='bbox 2125 3003 2346 3068; x_wconf 77' lang='lat' dir='ltr'><strong>diceret,</strong></span> <span class='ocrx_word' id='word_1_713' title='bbox 2369 3003 2578 3075; x_wconf 84' lang='lat' dir='ltr'><strong>Diligite</strong></span> <span class='ocrx_word' id='word_1_714' title='bbox 2601 3007 2826 3061; x_wconf 86' lang='lat' dir='ltr'><strong>inimicos</strong></span> <span class='ocrx_word' id='word_1_715' title='bbox 2851 3017 3056 3065; x_wconf 83' lang='lat' dir='ltr'><strong>vestros.</strong></span> <span class='ocrx_word' id='word_1_716' title='bbox 3087 3019 3228 3062; x_wconf 87' lang='lat' dir='ltr'><strong>orate</strong></span> <span class='ocrx_word' id='word_1_717' title='bbox 3253 3027 3344 3078; x_wconf 86' lang='lat' dir='ltr'><strong>pro</strong></span> <span class='ocrx_word' id='word_1_718' title='bbox 3365 3013 3434 3064; x_wconf 86' lang='lat' dir='ltr'><strong>eis</strong></span> <span class='ocrx_word' id='word_1_719' title='bbox 3460 3013 3548 3076; x_wconf 88' lang='lat' dir='ltr'><strong>qui</strong></span> 
     </span>
    </p>
   </div>
   <div class='ocr_carea' id='block_1_96' title="bbox 1967 3097 3549 3170">
    <p class='ocr_par' dir='ltr' id='par_1_96' title="bbox 1967 3097 3549 3170">
     <span class='ocr_line' id='line_1_96' title="bbox 1967 3097 3549 3170; baseline 0.004 -23"><span class='ocrx_word' id='word_1_720' title='bbox 1967 3109 2051 3148; x_wconf 85' lang='lat' dir='ltr'><strong>vos</strong></span> <span class='ocrx_word' id='word_1_721' title='bbox 2081 3107 2442 3164; x_wconf 83' lang='lat' dir='ltr'><strong>persequuntur</strong></span> <span class='ocrx_word' id='word_1_722' title='bbox 2465 3113 2484 3150; x_wconf 94' lang='lat'><em>:</em></span> <span class='ocrx_word' id='word_1_723' title='bbox 2509 3107 2561 3150; x_wconf 91' lang='lat' dir='ltr'><strong>ut</strong></span> <span class='ocrx_word' id='word_1_724' title='bbox 2585 3098 2710 3163; x_wconf 82' lang='lat' dir='ltr'><strong>sitis,</strong></span> <span class='ocrx_word' id='word_1_725' title='bbox 2746 3099 2933 3168; x_wconf 87' lang='lat' dir='ltr'><strong>inquit,</strong></span> <span class='ocrx_word' id='word_1_726' title='bbox 2961 3098 3057 3165; x_wconf 81' lang='lat' dir='ltr'><strong>ﬁlii</strong></span> <span class='ocrx_word' id='word_1_727' title='bbox 3091 3097 3259 3152; x_wconf 83' lang='lat' dir='ltr'><strong>Patris</strong></span> <span class='ocrx_word' id='word_1_728' title='bbox 3288 3101 3437 3160; x_wconf 77' lang='lat' dir='ltr'><strong>uestri</strong></span> <span class='ocrx_word' id='word_1_729' title='bbox 3463 3103 3549 3170; x_wconf 87' lang='lat' dir='ltr'><strong>qui</strong></span> 
     </span>
    </p>
   </div>
   <div class='ocr_carea' id='block_1_97' title="bbox 1966 3183 3549 3259">
    <p class='ocr_par' dir='ltr' id='par_1_97' title="bbox 1966 3183 3549 3259">
     <span class='ocr_line' id='line_1_97' title="bbox 1966 3183 3549 3259; baseline 0.004 -22"><span class='ocrx_word' id='word_1_730' title='bbox 1966 3183 2019 3237; x_wconf 84' lang='lat' dir='ltr'><strong>in</strong></span> <span class='ocrx_word' id='word_1_731' title='bbox 2043 3184 2180 3238; x_wconf 66' lang='lat' dir='ltr'><strong>caelis</strong></span> <span class='ocrx_word' id='word_1_732' title='bbox 2204 3196 2273 3239; x_wconf 85' lang='lat' dir='ltr'><strong>est</strong></span> <span class='ocrx_word' id='word_1_733' title='bbox 2299 3203 2319 3250; x_wconf 89' lang='lat'><strong>;</strong></span> <span class='ocrx_word' id='word_1_734' title='bbox 2348 3188 2432 3256; x_wconf 89' lang='lat' dir='ltr'><strong>qui</strong></span> <span class='ocrx_word' id='word_1_735' title='bbox 2461 3188 2614 3240; x_wconf 87' lang='lat' dir='ltr'><strong>solent</strong></span> <span class='ocrx_word' id='word_1_736' title='bbox 2643 3205 2788 3241; x_wconf 89' lang='lat' dir='ltr'><strong>suum</strong></span> <span class='ocrx_word' id='word_1_737' title='bbox 2827 3190 2946 3259; x_wconf 85' lang='lat' dir='ltr'><strong>facit</strong></span> <span class='ocrx_word' id='word_1_738' title='bbox 2976 3188 3098 3242; x_wconf 89' lang='lat' dir='ltr'><strong>oriri</strong></span> <span class='ocrx_word' id='word_1_739' title='bbox 3122 3203 3274 3256; x_wconf 88' lang='lat' dir='ltr'><strong>super</strong></span> <span class='ocrx_word' id='word_1_740' title='bbox 3313 3190 3469 3243; x_wconf 81' lang='lat' dir='ltr'><strong>bonas</strong></span> <span class='ocrx_word' id='word_1_741' title='bbox 3503 3202 3549 3243; x_wconf 89' lang='lat' dir='ltr'><strong>et</strong></span> 
     </span>
    </p>
   </div>
   <div class='ocr_carea' id='block_1_98' title="bbox 1968 3278 3546 3350">
    <p class='ocr_par' dir='ltr' id='par_1_98' title="bbox 1968 3278 3546 3350">
     <span class='ocr_line' id='line_1_98' title="bbox 1968 3278 3546 3350; baseline 0.004 -22"><span class='ocrx_word' id='word_1_742' title='bbox 1968 3278 2127 3330; x_wconf 84' lang='lat' dir='ltr'><strong>malos</strong></span> <span class='ocrx_word' id='word_1_743' title='bbox 2147 3320 2159 3336; x_wconf 88' lang='lat'><strong>.</strong></span> <span class='ocrx_word' id='word_1_744' title='bbox 2188 3291 2233 3330; x_wconf 87' lang='lat' dir='ltr'><strong>et</strong></span> <span class='ocrx_word' id='word_1_745' title='bbox 2265 3279 2389 3345; x_wconf 86' lang='lat' dir='ltr'><strong>pluit</strong></span> <span class='ocrx_word' id='word_1_746' title='bbox 2418 3296 2566 3349; x_wconf 85' lang='lat' dir='ltr'><strong>super</strong></span> <span class='ocrx_word' id='word_1_747' title='bbox 2581 3281 2750 3349; x_wconf 83' lang='lat' dir='ltr'><strong>justas</strong></span> <span class='ocrx_word' id='word_1_748' title='bbox 2787 3291 2832 3333; x_wconf 91' lang='lat' dir='ltr'><strong>et</strong></span> <span class='ocrx_word' id='word_1_749' title='bbox 2857 3281 3072 3350; x_wconf 86' lang='lat' dir='ltr'><strong>injustas</strong></span> <span class='ocrx_word' id='word_1_750' title='bbox 3102 3279 3309 3341; x_wconf 71' lang='lat' dir='ltr'><strong>(Halm.</strong></span> <span class='ocrx_word' id='word_1_751' title='bbox 3343 3297 3374 3334; x_wconf 74' lang='grc' dir='ltr'><strong>ν</strong></span> <span class='ocrx_word' id='word_1_752' title='bbox 3394 3322 3410 3348; x_wconf 86' lang='grc'><em>,</em></span> <span class='ocrx_word' id='word_1_753' title='bbox 3439 3282 3507 3336; x_wconf 80' lang='grc'><strong>48</strong></span> <span class='ocrx_word' id='word_1_754' title='bbox 3531 3323 3546 3346; x_wconf 87' lang='grc'><em>,</em></span> 
     </span>
    </p>
   </div>
   <div class='ocr_carea' id='block_1_99' title="bbox 1966 3367 3552 3441">
    <p class='ocr_par' dir='ltr' id='par_1_99' title="bbox 1966 3367 3552 3441">
     <span class='ocr_line' id='line_1_99' title="bbox 1966 3367 3552 3441; baseline 0.003 -21"><span class='ocrx_word' id='word_1_755' title='bbox 1966 3367 2056 3436; x_wconf 63' lang='grc'><strong>44,</strong></span> <span class='ocrx_word' id='word_1_756' title='bbox 2078 3369 2190 3438; x_wconf 72' lang='lat'><strong>45).</strong></span> <span class='ocrx_word' id='word_1_757' title='bbox 2225 3369 2360 3423; x_wconf 89' lang='lat' dir='ltr'><strong>Ecce</strong></span> <span class='ocrx_word' id='word_1_758' title='bbox 2392 3370 2771 3423; x_wconf 82' lang='lat' dir='ltr'><strong>misericordia.</strong></span> <span class='ocrx_word' id='word_1_759' title='bbox 2801 3371 3022 3438; x_wconf 87' lang='lat' dir='ltr'><strong>Quando</strong></span> <span class='ocrx_word' id='word_1_760' title='bbox 3043 3371 3189 3425; x_wconf 76' lang='lat' dir='ltr'><strong>rides</strong></span> <span class='ocrx_word' id='word_1_761' title='bbox 3212 3371 3384 3441; x_wconf 61' lang='lat' dir='ltr'><strong>justos</strong></span> <span class='ocrx_word' id='word_1_762' title='bbox 3405 3382 3458 3426; x_wconf 92' lang='lat' dir='ltr'><strong>et</strong></span> <span class='ocrx_word' id='word_1_763' title='bbox 3479 3371 3552 3425; x_wconf 90' lang='lat' dir='ltr'><strong>in-</strong></span> 
     </span>
    </p>
   </div>
   <div class='ocr_carea' id='block_1_100' title="bbox 1961 3455 3547 3532">
    <p class='ocr_par' dir='ltr' id='par_1_100' title="bbox 1961 3455 3547 3532">
     <span class='ocr_line' id='line_1_100' title="bbox 1961 3455 3547 3532; baseline 0.003 -20"><span class='ocrx_word' id='word_1_764' title='bbox 1961 3455 2134 3528; x_wconf 78' lang='lat' dir='ltr'><strong>justas</strong></span> <span class='ocrx_word' id='word_1_765' title='bbox 2160 3461 2401 3514; x_wconf 88' lang='lat' dir='ltr'><strong>eumdem</strong></span> <span class='ocrx_word' id='word_1_766' title='bbox 2425 3462 2590 3516; x_wconf 89' lang='lat' dir='ltr'><strong>solem</strong></span> <span class='ocrx_word' id='word_1_767' title='bbox 2614 3461 2827 3526; x_wconf 90' lang='lat' dir='ltr'><strong>intueri,</strong></span> <span class='ocrx_word' id='word_1_768' title='bbox 2845 3462 3084 3517; x_wconf 88' lang='lat' dir='ltr'><strong>eamdem</strong></span> <span class='ocrx_word' id='word_1_769' title='bbox 3103 3464 3273 3518; x_wconf 91' lang='lat' dir='ltr'><strong>lucem</strong></span> <span class='ocrx_word' id='word_1_770' title='bbox 3295 3478 3486 3532; x_wconf 90' lang='lat' dir='ltr'><strong>capere</strong></span> <span class='ocrx_word' id='word_1_771' title='bbox 3505 3464 3547 3527; x_wconf 80' lang='grc'><strong>³,</strong></span> 
     </span>
    </p>
   </div>
   <div class='ocr_carea' id='block_1_101' title="bbox 1968 3551 3548 3622">
    <p class='ocr_par' dir='ltr' id='par_1_101' title="bbox 1968 3551 3548 3622">
     <span class='ocr_line' id='line_1_101' title="bbox 1968 3551 3548 3622; baseline 0.001 -18"><span class='ocrx_word' id='word_1_772' title='bbox 1968 3551 2182 3604; x_wconf 88' lang='lat' dir='ltr'><strong>eosdem</strong></span> <span class='ocrx_word' id='word_1_773' title='bbox 2216 3551 2390 3605; x_wconf 82' lang='lat' dir='ltr'><strong>fontes</strong></span> <span class='ocrx_word' id='word_1_774' title='bbox 2418 3552 2598 3606; x_wconf 89' lang='lat' dir='ltr'><strong>bibere</strong></span> <span class='ocrx_word' id='word_1_775' title='bbox 2618 3597 2631 3615; x_wconf 91' lang='lat'><strong>,</strong></span> <span class='ocrx_word' id='word_1_776' title='bbox 2661 3554 2844 3607; x_wconf 83' lang='lat' dir='ltr'><strong>eadem</strong></span> <span class='ocrx_word' id='word_1_777' title='bbox 2873 3553 3044 3622; x_wconf 85' lang='lat' dir='ltr'><strong>pluvia</strong></span> <span class='ocrx_word' id='word_1_778' title='bbox 3073 3554 3299 3622; x_wconf 79' lang='lat' dir='ltr'><strong>Sagittari</strong></span> <span class='ocrx_word' id='word_1_779' title='bbox 3322 3595 3336 3620; x_wconf 92' lang='lat'><strong>,</strong></span> <span class='ocrx_word' id='word_1_780' title='bbox 3362 3555 3548 3608; x_wconf 91' lang='lat' dir='ltr'><strong>iisdem</strong></span> 
     </span>
    </p>
   </div>
   <div class='ocr_carea' id='block_1_102' title="bbox 1970 3639 3546 3710">
    <p class='ocr_par' dir='ltr' id='par_1_102' title="bbox 1970 3639 3546 3710">
     <span class='ocr_line' id='line_1_102' title="bbox 1970 3639 3546 3710; baseline 0.004 -18"><span class='ocrx_word' id='word_1_781' title='bbox 1970 3639 2226 3696; x_wconf 88' lang='lat' dir='ltr'><strong>fructibus</strong></span> <span class='ocrx_word' id='word_1_782' title='bbox 2257 3651 2410 3696; x_wconf 76' lang='lat' dir='ltr'><strong>terra:</strong></span> <span class='ocrx_word' id='word_1_783' title='bbox 2437 3643 2648 3710; x_wconf 89' lang='lat' dir='ltr'><strong>repleri,</strong></span> <span class='ocrx_word' id='word_1_784' title='bbox 2673 3645 2919 3696; x_wconf 86' lang='lat' dir='ltr'><strong>similiter</strong></span> <span class='ocrx_word' id='word_1_785' title='bbox 2944 3658 3124 3698; x_wconf 81' lang='lat' dir='ltr'><strong>aerem</strong></span> <span class='ocrx_word' id='word_1_786' title='bbox 3151 3645 3306 3697; x_wconf 88' lang='lat' dir='ltr'><strong>istum</strong></span> <span class='ocrx_word' id='word_1_787' title='bbox 3332 3644 3546 3709; x_wconf 88' lang='lat' dir='ltr'><strong>ducere,</strong></span> 
     </span>
    </p>
   </div>
   <div class='ocr_carea' id='block_1_103' title="bbox 1970 3729 3544 3802">
    <p class='ocr_par' dir='ltr' id='par_1_103' title="bbox 1970 3729 3544 3802">
     <span class='ocr_line' id='line_1_103' title="bbox 1970 3729 3544 3802; baseline 0.003 -19"><span class='ocrx_word' id='word_1_788' title='bbox 1970 3729 2165 3785; x_wconf 84' lang='lat' dir='ltr'><strong>habere</strong></span> <span class='ocrx_word' id='word_1_789' title='bbox 2206 3732 2482 3798; x_wconf 58' lang='lat' dir='ltr'><strong>aequaliter</strong></span> <span class='ocrx_word' id='word_1_790' title='bbox 2508 3731 2641 3786; x_wconf 90' lang='lat' dir='ltr'><strong>bona</strong></span> <span class='ocrx_word' id='word_1_791' title='bbox 2671 3734 2849 3786; x_wconf 88' lang='lat' dir='ltr'><strong>mundi</strong></span> <span class='ocrx_word' id='word_1_792' title='bbox 2878 3750 2891 3795; x_wconf 86' lang='lat'><strong>;</strong></span> <span class='ocrx_word' id='word_1_793' title='bbox 2925 3735 3029 3787; x_wconf 91' lang='lat' dir='ltr'><strong>noli</strong></span> <span class='ocrx_word' id='word_1_794' title='bbox 3065 3743 3248 3802; x_wconf 90' lang='lat' dir='ltr'><strong>putare</strong></span> <span class='ocrx_word' id='word_1_795' title='bbox 3294 3735 3544 3802; x_wconf 92' lang='lat' dir='ltr'><strong>injustum</strong></span> 
     </span>
    </p>
   </div>
   <div class='ocr_carea' id='block_1_104' title="bbox 1969 3820 3546 3891">
    <p class='ocr_par' dir='ltr' id='par_1_104' title="bbox 1969 3820 3546 3891">
     <span class='ocr_line' id='line_1_104' title="bbox 1969 3820 3546 3891; baseline 0.003 -20"><span class='ocrx_word' id='word_1_796' title='bbox 1969 3833 2087 3872; x_wconf 89' lang='lat' dir='ltr'><strong>esse</strong></span> <span class='ocrx_word' id='word_1_797' title='bbox 2117 3820 2304 3884; x_wconf 91' lang='lat' dir='ltr'><strong>Deum,</strong></span> <span class='ocrx_word' id='word_1_798' title='bbox 2331 3822 2418 3890; x_wconf 90' lang='lat' dir='ltr'><strong>qui</strong></span> <span class='ocrx_word' id='word_1_799' title='bbox 2445 3821 2534 3874; x_wconf 88' lang='lat' dir='ltr'><strong>dat</strong></span> <span class='ocrx_word' id='word_1_800' title='bbox 2563 3821 2659 3874; x_wconf 88' lang='lat' dir='ltr'><strong>ista</strong></span> <span class='ocrx_word' id='word_1_801' title='bbox 2685 3822 2910 3891; x_wconf 61' lang='lat' dir='ltr'><strong>:equalitx.</strong></span> <span class='ocrx_word' id='word_1_802' title='bbox 2933 3838 2958 3875; x_wconf 91' lang='lat' dir='ltr'><strong>r</strong></span> <span class='ocrx_word' id='word_1_803' title='bbox 2982 3831 3035 3876; x_wconf 90' lang='lat' dir='ltr'><strong>et</strong></span> <span class='ocrx_word' id='word_1_804' title='bbox 3058 3821 3216 3890; x_wconf 89' lang='lat' dir='ltr'><strong>justis</strong></span> <span class='ocrx_word' id='word_1_805' title='bbox 3240 3831 3293 3875; x_wconf 92' lang='lat' dir='ltr'><strong>ct</strong></span> <span class='ocrx_word' id='word_1_806' title='bbox 3320 3823 3546 3889; x_wconf 84' lang='lat' dir='ltr'><strong>iniustis.</strong></span> 
     </span>
    </p>
   </div>
   <div class='ocr_carea' id='block_1_105' title="bbox 1971 3910 3550 3980">
    <p class='ocr_par' dir='ltr' id='par_1_105' title="bbox 1971 3910 3550 3980">
     <span class='ocr_line' id='line_1_105' title="bbox 1971 3910 3550 3980; baseline 0.001 -16"><span class='ocrx_word' id='word_1_807' title='bbox 1971 3911 2342 3965; x_wconf 69' lang='lat' dir='ltr'><strong>Misericm&#39;ditn</strong></span> <span class='ocrx_word' id='word_1_808' title='bbox 2373 3921 2580 3980; x_wconf 84' lang='lat' dir='ltr'><strong>tempus</strong></span> <span class='ocrx_word' id='word_1_809' title='bbox 2604 3921 2716 3974; x_wconf 75' lang='lat' dir='ltr'><strong>est,</strong></span> <span class='ocrx_word' id='word_1_810' title='bbox 2753 3912 2982 3964; x_wconf 81' lang='lat' dir='ltr'><strong>nonduin</strong></span> <span class='ocrx_word' id='word_1_811' title='bbox 3011 3911 3217 3978; x_wconf 84' lang='lat' dir='ltr'><strong>jtldicii.</strong></span> <span class='ocrx_word' id='word_1_812' title='bbox 3263 3910 3372 3966; x_wconf 81' lang='lat' dir='ltr'><strong>Nisi</strong></span> <span class='ocrx_word' id='word_1_813' title='bbox 3409 3913 3550 3966; x_wconf 91' lang='lat' dir='ltr'><strong>enim</strong></span> 
     </span>
    </p>
   </div>
   <div class='ocr_carea' id='block_1_106' title="bbox 1970 4002 3553 4070">
    <p class='ocr_par' dir='ltr' id='par_1_106' title="bbox 1970 4002 3553 4070">
     <span class='ocr_line' id='line_1_106' title="bbox 1970 4002 3553 4070; baseline -0.001 -15"><span class='ocrx_word' id='word_1_814' title='bbox 1970 4005 2141 4070; x_wconf 87' lang='lat' dir='ltr'><strong>primo</strong></span> <span class='ocrx_word' id='word_1_815' title='bbox 2169 4002 2303 4054; x_wconf 82' lang='lat' dir='ltr'><strong>Deus</strong></span> <span class='ocrx_word' id='word_1_816' title='bbox 2327 4017 2418 4070; x_wconf 89' lang='lat' dir='ltr'><strong>per</strong></span> <span class='ocrx_word' id='word_1_817' title='bbox 2435 4002 2851 4056; x_wconf 87' lang='lat' dir='ltr'><strong>misericordiam</strong></span> <span class='ocrx_word' id='word_1_818' title='bbox 2877 4009 3137 4070; x_wconf 87' lang='lat' dir='ltr'><strong>parceret,</strong></span> <span class='ocrx_word' id='word_1_819' title='bbox 3162 4016 3266 4055; x_wconf 90' lang='lat' dir='ltr'><strong>non</strong></span> <span class='ocrx_word' id='word_1_820' title='bbox 3294 4002 3553 4054; x_wconf 88' lang='lat' dir='ltr'><strong>inveniret</strong></span> 
     </span>
    </p>
   </div>
   <div class='ocr_carea' id='block_1_107' title="bbox 1955 4090 3553 4168">
    <p class='ocr_par' dir='ltr' id='par_1_107' title="bbox 1955 4090 3553 4168">
     <span class='ocr_line' id='line_1_107' title="bbox 1955 4090 3553 4168; baseline -0.003 -23"><span class='ocrx_word' id='word_1_821' title='bbox 1955 4107 2104 4168; x_wconf 24' lang='lat' dir='ltr'><strong>&#39;quos</strong></span> <span class='ocrx_word' id='word_1_822' title='bbox 2127 4109 2222 4164; x_wconf 83' lang='lat' dir='ltr'><strong>per</strong></span> <span class='ocrx_word' id='word_1_823' title='bbox 2255 4093 2508 4163; x_wconf 87' lang='lat' dir='ltr'><strong>judicium</strong></span> <span class='ocrx_word' id='word_1_824' title='bbox 2536 4101 2836 4147; x_wconf 90' lang='lat' dir='ltr'><strong>coronaret.</strong></span> <span class='ocrx_word' id='word_1_825' title='bbox 2884 4093 2978 4146; x_wconf 85' lang='lat' dir='ltr'><strong>Est</strong></span> <span class='ocrx_word' id='word_1_826' title='bbox 3003 4107 3131 4161; x_wconf 85' lang='lat' dir='ltr'><strong>ergo</strong></span> <span class='ocrx_word' id='word_1_827' title='bbox 3175 4090 3553 4146; x_wconf 71' lang='lat' dir='ltr'><strong>misericordiae</strong></span> 
     </span>
    </p>
   </div>
   <div class='ocr_carea' id='block_1_108' title="bbox 1975 4183 3555 4255">
    <p class='ocr_par' dir='ltr' id='par_1_108' title="bbox 1975 4183 3555 4255">
     <span class='ocr_line' id='line_1_108' title="bbox 1975 4183 3555 4255; baseline -0.003 -15"><span class='ocrx_word' id='word_1_828' title='bbox 1975 4194 2200 4255; x_wconf 80' lang='lat' dir='ltr'><strong>tempus,</strong></span> <span class='ocrx_word' id='word_1_829' title='bbox 2233 4185 2442 4255; x_wconf 89' lang='lat' dir='ltr'><strong>quando</strong></span> <span class='ocrx_word' id='word_1_830' title='bbox 2467 4186 2716 4254; x_wconf 85' lang='lat' dir='ltr'><strong>patientia</strong></span> <span class='ocrx_word' id='word_1_831' title='bbox 2747 4185 2837 4239; x_wconf 89' lang='lat' dir='ltr'><strong>Dei</strong></span> <span class='ocrx_word' id='word_1_832' title='bbox 2860 4185 2926 4238; x_wconf 86' lang='lat' dir='ltr'><strong>ad</strong></span> <span class='ocrx_word' id='word_1_833' title='bbox 2949 4185 3310 4254; x_wconf 71' lang='lat' dir='ltr'><strong>pteuitentiam</strong></span> <span class='ocrx_word' id='word_1_834' title='bbox 3340 4183 3555 4237; x_wconf 89' lang='lat' dir='ltr'><strong>adducit</strong></span> 
     </span>
    </p>
   </div>
   <div class='ocr_carea' id='block_1_109' title="bbox 1973 4287 2273 4347">
    <p class='ocr_par' dir='ltr' id='par_1_109' title="bbox 1973 4287 2273 4347">
     <span class='ocr_line' id='line_1_109' title="bbox 1973 4287 2273 4347; baseline 0 -15"><span class='ocrx_word' id='word_1_835' title='bbox 1973 4287 2273 4347; x_wconf 82' lang='lat' dir='ltr'><strong>peccantes.</strong></span> 
     </span>
    </p>
   </div>
   <div class='ocr_carea' id='block_1_110' title="bbox 2043 4366 3557 4437">
    <p class='ocr_par' dir='ltr' id='par_1_110' title="bbox 2043 4366 3557 4437">
     <span class='ocr_line' id='line_1_110' title="bbox 2043 4366 3557 4437; baseline -0.005 -14"><span class='ocrx_word' id='word_1_836' title='bbox 2043 4370 2098 4426; x_wconf 73' lang='grc'><strong>2.</strong></span> <span class='ocrx_word' id='word_1_837' title='bbox 2139 4369 2268 4422; x_wconf 74' lang='lat' dir='ltr'><strong>Audi</strong></span> <span class='ocrx_word' id='word_1_838' title='bbox 2313 4368 2623 4437; x_wconf 84' lang='lat' dir='ltr'><strong>Apostolum</strong></span> <span class='ocrx_word' id='word_1_839' title='bbox 2657 4366 3066 4436; x_wconf 89' lang='lat' dir='ltr'><strong>distinguentem</strong></span> <span class='ocrx_word' id='word_1_840' title='bbox 3109 4374 3393 4434; x_wconf 91' lang='lat' dir='ltr'><strong>utrumque</strong></span> <span class='ocrx_word' id='word_1_841' title='bbox 3423 4372 3557 4416; x_wconf 87' lang='lat' dir='ltr'><strong>tem-</strong></span> 
     </span>
    </p>
   </div>
   <div class='ocr_carea' id='block_1_111' title="bbox 1975 4452 3558 4528">
    <p class='ocr_par' dir='ltr' id='par_1_111' title="bbox 1975 4452 3558 4528">
     <span class='ocr_line' id='line_1_111' title="bbox 1975 4452 3558 4528; baseline -0.006 -14"><span class='ocrx_word' id='word_1_842' title='bbox 1975 4475 2095 4528; x_wconf 89' lang='lat' dir='ltr'><strong>pus,</strong></span> <span class='ocrx_word' id='word_1_843' title='bbox 2128 4468 2182 4514; x_wconf 89' lang='lat' dir='ltr'><strong>et</strong></span> <span class='ocrx_word' id='word_1_844' title='bbox 2217 4459 2479 4528; x_wconf 87' lang='lat' dir='ltr'><strong>distingue</strong></span> <span class='ocrx_word' id='word_1_845' title='bbox 2512 4466 2565 4512; x_wconf 92' lang='lat' dir='ltr'><strong>et</strong></span> <span class='ocrx_word' id='word_1_846' title='bbox 2615 4467 2706 4511; x_wconf 90' lang='lat' dir='ltr'><strong>tu:</strong></span> <span class='ocrx_word' id='word_1_847' title='bbox 2757 4456 3029 4511; x_wconf 75' lang='lat' dir='ltr'><strong>Existimas</strong></span> <span class='ocrx_word' id='word_1_848' title='bbox 3072 4465 3260 4516; x_wconf 86' lang='lat' dir='ltr'><strong>autem,</strong></span> <span class='ocrx_word' id='word_1_849' title='bbox 3307 4452 3495 4521; x_wconf 86' lang='lat' dir='ltr'><strong>inquit,</strong></span> <span class='ocrx_word' id='word_1_850' title='bbox 3527 4469 3558 4505; x_wconf 89' lang='lat' dir='ltr'><strong>o</strong></span> 
     </span>
    </p>
   </div>
   <div class='ocr_carea' id='block_1_112' title="bbox 1977 4545 3561 4624">
    <p class='ocr_par' dir='ltr' id='par_1_112' title="bbox 1977 4545 3561 4624">
     <span class='ocr_line' id='line_1_112' title="bbox 1977 4545 3561 4624; baseline -0.007 -19"><span class='ocrx_word' id='word_1_851' title='bbox 1977 4553 2125 4606; x_wconf 79' lang='lat' dir='ltr'><strong>homo</strong></span> <span class='ocrx_word' id='word_1_852' title='bbox 2154 4553 2238 4619; x_wconf 88' lang='lat' dir='ltr'><strong>qui</strong></span> <span class='ocrx_word' id='word_1_853' title='bbox 2257 4553 2462 4624; x_wconf 88' lang='lat' dir='ltr'><strong>judicas</strong></span> <span class='ocrx_word' id='word_1_854' title='bbox 2488 4567 2572 4604; x_wconf 89' lang='lat' dir='ltr'><strong>eos</strong></span> <span class='ocrx_word' id='word_1_855' title='bbox 2593 4551 2678 4618; x_wconf 90' lang='lat' dir='ltr'><strong>qui</strong></span> <span class='ocrx_word' id='word_1_856' title='bbox 2699 4550 2893 4620; x_wconf 86' lang='lat' dir='ltr'><strong>faciunt</strong></span> <span class='ocrx_word' id='word_1_857' title='bbox 2917 4565 2994 4610; x_wconf 90' lang='lat' dir='ltr'><strong>ea,</strong></span> <span class='ocrx_word' id='word_1_858' title='bbox 3023 4557 3069 4601; x_wconf 84' lang='lat' dir='ltr'><strong>et</strong></span> <span class='ocrx_word' id='word_1_859' title='bbox 3095 4547 3267 4600; x_wconf 80' lang='lat' dir='ltr'><strong>eadem</strong></span> <span class='ocrx_word' id='word_1_860' title='bbox 3293 4545 3422 4615; x_wconf 85' lang='lat' dir='ltr'><strong>agis,</strong></span> <span class='ocrx_word' id='word_1_861' title='bbox 3444 4561 3561 4614; x_wconf 85' lang='lat' dir='ltr'><strong>quo-</strong></span> 
     </span>
    </p>
   </div>
   <div class='ocr_carea' id='block_1_113' title="bbox 1977 4633 3560 4713">
    <p class='ocr_par' dir='ltr' id='par_1_113' title="bbox 1977 4633 3560 4713">
     <span class='ocr_line' id='line_1_113' title="bbox 1977 4633 3560 4713; baseline -0.007 -16"><span class='ocrx_word' id='word_1_862' title='bbox 1977 4644 2114 4697; x_wconf 88' lang='lat' dir='ltr'><strong>niam</strong></span> <span class='ocrx_word' id='word_1_863' title='bbox 2156 4653 2208 4696; x_wconf 90' lang='lat' dir='ltr'><strong>tu</strong></span> <span class='ocrx_word' id='word_1_864' title='bbox 2254 4641 2460 4713; x_wconf 71' lang='lat' dir='ltr'><strong>effugies</strong></span> <span class='ocrx_word' id='word_1_865' title='bbox 2501 4638 2754 4712; x_wconf 86' lang='lat' dir='ltr'><strong>judicium</strong></span> <span class='ocrx_word' id='word_1_866' title='bbox 2801 4639 2942 4693; x_wconf 83' lang='lat' dir='ltr'><strong>Dei?</strong></span> <span class='ocrx_word' id='word_1_867' title='bbox 3000 4637 3279 4693; x_wconf 90' lang='lat' dir='ltr'><strong>lutendite.</strong></span> <span class='ocrx_word' id='word_1_868' title='bbox 3338 4633 3560 4688; x_wconf 81' lang='lat' dir='ltr'><strong>Videbat</strong></span> 
     </span>
    </p>
   </div>
   <div class='ocr_carea' id='block_1_114' title="bbox 1978 4724 3557 4801">
    <p class='ocr_par' dir='ltr' id='par_1_114' title="bbox 1978 4724 3557 4801">
     <span class='ocr_line' id='line_1_114' title="bbox 1978 4724 3557 4801; baseline -0.009 -12"><span class='ocrx_word' id='word_1_869' title='bbox 1978 4735 2120 4790; x_wconf 90' lang='lat' dir='ltr'><strong>enim</strong></span> <span class='ocrx_word' id='word_1_870' title='bbox 2159 4751 2216 4789; x_wconf 89' lang='lat' dir='ltr'><strong>se</strong></span> <span class='ocrx_word' id='word_1_871' title='bbox 2246 4733 2373 4801; x_wconf 86' lang='lat' dir='ltr'><strong>(sed</strong></span> <span class='ocrx_word' id='word_1_872' title='bbox 2419 4733 2503 4788; x_wconf 91' lang='lat' dir='ltr'><strong>cui</strong></span> <span class='ocrx_word' id='word_1_873' title='bbox 2547 4733 2646 4786; x_wconf 92' lang='lat' dir='ltr'><strong>hoc</strong></span> <span class='ocrx_word' id='word_1_874' title='bbox 2689 4731 2848 4786; x_wconf 84' lang='lat' dir='ltr'><strong>dicit?</strong></span> <span class='ocrx_word' id='word_1_875' title='bbox 2884 4729 2996 4784; x_wconf 87' lang='lat' dir='ltr'><strong>Non</strong></span> <span class='ocrx_word' id='word_1_876' title='bbox 3044 4731 3184 4784; x_wconf 88' lang='lat' dir='ltr'><strong>enim</strong></span> <span class='ocrx_word' id='word_1_877' title='bbox 3227 4727 3316 4780; x_wconf 90' lang='lat' dir='ltr'><strong>uni</strong></span> <span class='ocrx_word' id='word_1_878' title='bbox 3358 4724 3557 4779; x_wconf 89' lang='lat' dir='ltr'><strong>homini</strong></span> 
     </span>
    </p>
   </div>
   <div class='ocr_carea' id='block_1_115' title="bbox 1978 4813 3561 4895">
    <p class='ocr_par' dir='ltr' id='par_1_115' title="bbox 1978 4813 3561 4895">
     <span class='ocr_line' id='line_1_115' title="bbox 1978 4813 3561 4895; baseline -0.011 -13"><span class='ocrx_word' id='word_1_879' title='bbox 1978 4827 2126 4888; x_wconf 81' lang='lat' dir='ltr'><strong>dicit,</strong></span> <span class='ocrx_word' id='word_1_880' title='bbox 2159 4826 2249 4880; x_wconf 86' lang='lat' dir='ltr'><strong>sed</strong></span> <span class='ocrx_word' id='word_1_881' title='bbox 2283 4824 2458 4895; x_wconf 83' lang='lat' dir='ltr'><strong>generi</strong></span> <span class='ocrx_word' id='word_1_882' title='bbox 2493 4823 2764 4877; x_wconf 87' lang='lat' dir='ltr'><strong>hominum</strong></span> <span class='ocrx_word' id='word_1_883' title='bbox 2795 4820 2958 4891; x_wconf 88' lang='lat' dir='ltr'><strong>tali),</strong></span> <span class='ocrx_word' id='word_1_884' title='bbox 2993 4820 3201 4873; x_wconf 88' lang='lat' dir='ltr'><strong>videbat</strong></span> <span class='ocrx_word' id='word_1_885' title='bbox 3230 4833 3289 4871; x_wconf 89' lang='lat' dir='ltr'><strong>se</strong></span> <span class='ocrx_word' id='word_1_886' title='bbox 3317 4813 3561 4869; x_wconf 86' lang='lat' dir='ltr'><strong>commit-</strong></span> 
     </span>
    </p>
   </div>
   <div class='ocr_carea' id='block_1_116' title="bbox 1982 4905 3559 4982">
    <p class='ocr_par' dir='ltr' id='par_1_116' title="bbox 1982 4905 3559 4982">
     <span class='ocr_line' id='line_1_116' title="bbox 1982 4905 3559 4982; baseline -0.01 -10"><span class='ocrx_word' id='word_1_887' title='bbox 1982 4927 2094 4972; x_wconf 89' lang='lat' dir='ltr'><strong>tere</strong></span> <span class='ocrx_word' id='word_1_888' title='bbox 2140 4917 2161 4948; x_wconf 85' lang='grc'>³</span> <span class='ocrx_word' id='word_1_889' title='bbox 2202 4917 2360 4968; x_wconf 90' lang='lat' dir='ltr'><strong>multa</strong></span> <span class='ocrx_word' id='word_1_890' title='bbox 2411 4914 2544 4967; x_wconf 87' lang='lat' dir='ltr'><strong>mala</strong></span> <span class='ocrx_word' id='word_1_891' title='bbox 2573 4911 2832 4982; x_wconf 87' lang='lat' dir='ltr'><strong>quotidie,</strong></span> <span class='ocrx_word' id='word_1_892' title='bbox 2869 4919 2921 4964; x_wconf 81' lang='lat' dir='ltr'><strong>et</strong></span> <span class='ocrx_word' id='word_1_893' title='bbox 2964 4921 3156 4962; x_wconf 76' lang='lat' dir='ltr'><strong>Lamum</strong></span> <span class='ocrx_word' id='word_1_894' title='bbox 3199 4909 3396 4969; x_wconf 86' lang='lat' dir='ltr'><strong>vivere,</strong></span> <span class='ocrx_word' id='word_1_895' title='bbox 3429 4905 3559 4957; x_wconf 88' lang='lat' dir='ltr'><strong>nihil</strong></span> 
     </span>
    </p>
   </div>
   <div class='ocr_carea' id='block_1_117' title="bbox 1983 4996 3557 5075">
    <p class='ocr_par' dir='ltr' id='par_1_117' title="bbox 1983 4996 3557 5075">
     <span class='ocr_line' id='line_1_117' title="bbox 1983 4996 3557 5075; baseline -0.011 -12"><span class='ocrx_word' id='word_1_896' title='bbox 1983 5010 2104 5063; x_wconf 90' lang='lat' dir='ltr'><strong>mali</strong></span> <span class='ocrx_word' id='word_1_897' title='bbox 2137 5009 2232 5061; x_wconf 90' lang='lat' dir='ltr'><strong>sibi</strong></span> <span class='ocrx_word' id='word_1_898' title='bbox 2274 5008 2614 5075; x_wconf 82' lang='lat' dir='ltr'><strong>contingere;</strong></span> <span class='ocrx_word' id='word_1_899' title='bbox 2647 5013 2700 5058; x_wconf 90' lang='lat' dir='ltr'><strong>et</strong></span> <span class='ocrx_word' id='word_1_900' title='bbox 2728 5005 2942 5072; x_wconf 88' lang='lat' dir='ltr'><strong>putabat</strong></span> <span class='ocrx_word' id='word_1_901' title='bbox 2979 5011 3067 5054; x_wconf 88' lang='lat' dir='ltr'><strong>aut</strong></span> <span class='ocrx_word' id='word_1_902' title='bbox 3097 5001 3325 5053; x_wconf 83' lang='lat' dir='ltr'><strong>dorm&#39;re</strong></span> <span class='ocrx_word' id='word_1_903' title='bbox 3355 4996 3516 5048; x_wconf 86' lang='lat' dir='ltr'><strong>Deum</strong></span> <span class='ocrx_word' id='word_1_904' title='bbox 3539 5033 3557 5059; x_wconf 89' lang='lat'><strong>,</strong></span> 
     </span>
    </p>
   </div>
   <div class='ocr_carea' id='block_1_118' title="bbox 1982 5086 3556 5157">
    <p class='ocr_par' dir='ltr' id='par_1_118' title="bbox 1982 5086 3556 5157">
     <span class='ocr_line' id='line_1_118' title="bbox 1982 5086 3556 5157; baseline -0.013 -4"><span class='ocrx_word' id='word_1_905' title='bbox 1982 5112 2068 5154; x_wconf 91' lang='lat' dir='ltr'><strong>aut</strong></span> <span class='ocrx_word' id='word_1_906' title='bbox 2101 5115 2186 5152; x_wconf 88' lang='lat' dir='ltr'><strong>res</strong></span> <span class='ocrx_word' id='word_1_907' title='bbox 2213 5098 2471 5151; x_wconf 88' lang='lat' dir='ltr'><strong>humanas</strong></span> <span class='ocrx_word' id='word_1_908' title='bbox 2503 5111 2605 5148; x_wconf 93' lang='lat' dir='ltr'><strong>non</strong></span> <span class='ocrx_word' id='word_1_909' title='bbox 2633 5095 2938 5157; x_wconf 88' lang='lat' dir='ltr'><strong>attendere,</strong></span> <span class='ocrx_word' id='word_1_910' title='bbox 2967 5102 3056 5146; x_wconf 91' lang='lat' dir='ltr'><strong>aut</strong></span> <span class='ocrx_word' id='word_1_911' title='bbox 3081 5093 3258 5142; x_wconf 89' lang='lat' dir='ltr'><strong>amar‘c</strong></span> <span class='ocrx_word' id='word_1_912' title='bbox 3291 5086 3424 5139; x_wconf 80' lang='lat' dir='ltr'><strong>facta</strong></span> <span class='ocrx_word' id='word_1_913' title='bbox 3467 5086 3556 5136; x_wconf 77' lang='lat' dir='ltr'><strong>ho.</strong></span> 
     </span>
    </p>
   </div>
   <div class='ocr_carea' id='block_1_119' title="bbox 1985 5177 3558 5258">
    <p class='ocr_par' dir='ltr' id='par_1_119' title="bbox 1985 5177 3558 5258">
     <span class='ocr_line' id='line_1_119' title="bbox 1985 5177 3558 5258; baseline -0.011 -10"><span class='ocrx_word' id='word_1_914' title='bbox 1985 5197 2182 5248; x_wconf 89' lang='lat' dir='ltr'><strong>mimun</strong></span> <span class='ocrx_word' id='word_1_915' title='bbox 2216 5192 2372 5245; x_wconf 86' lang='lat' dir='ltr'><strong>mala.</strong></span> <span class='ocrx_word' id='word_1_916' title='bbox 2397 5189 2556 5244; x_wconf 84' lang='lat' dir='ltr'><strong>Tollit</strong></span> <span class='ocrx_word' id='word_1_917' title='bbox 2585 5189 2738 5244; x_wconf 88' lang='lat' dir='ltr'><strong>istam</strong></span> <span class='ocrx_word' id='word_1_918' title='bbox 2768 5187 3138 5258; x_wconf 83' lang='lat' dir='ltr'><strong>cogitationem</strong></span> <span class='ocrx_word' id='word_1_919' title='bbox 3165 5183 3232 5236; x_wconf 88' lang='lat' dir='ltr'><strong>de</strong></span> <span class='ocrx_word' id='word_1_920' title='bbox 3258 5177 3438 5242; x_wconf 85' lang='lat' dir='ltr'><strong>corde,</strong></span> <span class='ocrx_word' id='word_1_921' title='bbox 3464 5177 3558 5231; x_wconf 80' lang='lat' dir='ltr'><strong>sed</strong></span> 
     </span>
    </p>
   </div>
   <div class='ocr_carea' id='block_1_120' title="bbox 1987 5269 3562 5352">
    <p class='ocr_par' dir='ltr' id='par_1_120' title="bbox 1987 5269 3562 5352">
     <span class='ocr_line' id='line_1_120' title="bbox 1987 5269 3562 5352; baseline -0.011 -15"><span class='ocrx_word' id='word_1_922' title='bbox 1987 5285 2120 5338; x_wconf 89' lang='lat' dir='ltr'><strong>bene</strong></span> <span class='ocrx_word' id='word_1_923' title='bbox 2143 5281 2575 5352; x_wconf 84' lang='lat' dir='ltr'><strong>intelligentibus.</strong></span> <span class='ocrx_word' id='word_1_924' title='bbox 2599 5279 2731 5348; x_wconf 90' lang='lat' dir='ltr'><strong>Quid</strong></span> <span class='ocrx_word' id='word_1_925' title='bbox 2756 5294 2882 5349; x_wconf 84' lang='lat' dir='ltr'><strong>ergo</strong></span> <span class='ocrx_word' id='word_1_926' title='bbox 2904 5277 3020 5330; x_wconf 89' lang='lat' dir='ltr'><strong>ait?</strong></span> <span class='ocrx_word' id='word_1_927' title='bbox 3044 5271 3338 5334; x_wconf 71' lang='lat' dir='ltr'><strong>Existimas,</strong></span> <span class='ocrx_word' id='word_1_928' title='bbox 3362 5284 3391 5322; x_wconf 90' lang='grc' dir='ltr'><strong><em>ο</em></strong></span> <span class='ocrx_word' id='word_1_929' title='bbox 3413 5269 3562 5322; x_wconf 80' lang='lat' dir='ltr'><strong>homo</strong></span> 
     </span>
    </p>
   </div>
   <div class='ocr_carea' id='block_1_121' title="bbox 2051 5388 3046 5459">
    <p class='ocr_par' dir='ltr' id='par_1_121' title="bbox 2051 5388 3046 5459">
     <span class='ocr_line' id='line_1_121' title="bbox 2051 5388 3046 5459; baseline -0.01 -14"><span class='ocrx_word' id='word_1_930' title='bbox 2051 5401 2066 5429; x_wconf 73' lang='grc' dir='ltr'>ί</span> <span class='ocrx_word' id='word_1_931' title='bbox 2095 5397 2279 5459; x_wconf 67' lang='lat' dir='ltr'><strong>aliquot</strong></span> <span class='ocrx_word' id='word_1_932' title='bbox 2301 5403 2424 5452; x_wconf 70' lang='lat' dir='ltr'><strong>Mss,</strong></span> <span class='ocrx_word' id='word_1_933' title='bbox 2449 5391 2830 5444; x_wconf 75' lang='lat' dir='ltr'><strong>misericordiam</strong></span> <span class='ocrx_word' id='word_1_934' title='bbox 2847 5388 3046 5453; x_wconf 86' lang='lat' dir='ltr'><strong>faciunt.</strong></span> 
     </span>
    </p>
   </div>
   <div class='ocr_carea' id='block_1_122' title="bbox 2053 5462 2330 5491">
    <p class='ocr_par' dir='ltr' id='par_1_122' title="bbox 2053 5462 2330 5491">
     <span class='ocr_line' id='line_1_122' title="bbox 2053 5462 2330 5491; baseline 0 0"><span class='ocrx_word' id='word_1_935' title='bbox 2053 5462 2072 5491; x_wconf 74' lang='grc' dir='ltr'><strong>Ι</strong></span> <span class='ocrx_word' id='word_1_936' title='bbox 2097 5466 2184 5491; x_wconf 67' lang='lat' dir='ltr'><strong>Nec</strong></span> <span class='ocrx_word' id='word_1_937' title='bbox 2248 5470 2330 5491; x_wconf 72' lang='lat' dir='ltr'><strong>rtn&#39;</strong></span> 
     </span>
    </p>
   </div>
   <div class='ocr_carea' id='block_1_123' title="bbox 2054 5466 3564 5580">
    <p class='ocr_par' dir='ltr' id='par_1_123' title="bbox 2054 5466 3564 5580">
     <span class='ocr_line' id='line_1_123' title="bbox 2054 5466 2330 5491; baseline -0.011 -8"><span class='ocrx_word' id='word_1_938' title='bbox 2054 5466 2072 5491; x_wconf 70' lang='grc' dir='ltr'><strong>ι</strong></span> <span class='ocrx_word' id='word_1_939' title='bbox 2171 5472 2181 5481; x_wconf 84' lang='lat'><strong>.</strong></span> <span class='ocrx_word' id='word_1_940' title='bbox 2321 5471 2330 5480; x_wconf 89' lang='lat'><strong>.</strong></span> 
     </span>
     <span class='ocr_line' id='line_1_124' title="bbox 2054 5466 3564 5580; baseline -0.013 -11"><span class='ocrx_word' id='word_1_941' title='bbox 2054 5523 2073 5553; x_wconf 77' lang='grc'><strong>³</strong></span> <span class='ocrx_word' id='word_1_942' title='bbox 2096 5466 2229 5576; x_wconf 45' lang='grc' dir='ltr'><strong>ξδ’,</strong></span> <span class='ocrx_word' id='word_1_943' title='bbox 2247 5469 2540 5580; x_wconf 49' lang='grc' dir='ltr'><strong>ξὲξιρξιῖξιειὶ</strong></span> <span class='ocrx_word' id='word_1_944' title='bbox 2574 5515 2777 5580; x_wconf 76' lang='lat' dir='ltr'><strong>hunutno</strong></span> <span class='ocrx_word' id='word_1_945' title='bbox 2805 5525 2822 5562; x_wconf 91' lang='lat'><strong><em>:</em></strong></span> <span class='ocrx_word' id='word_1_946' title='bbox 2847 5511 2963 5580; x_wconf 79' lang='lat' dir='ltr'><strong>talia</strong></span> <span class='ocrx_word' id='word_1_947' title='bbox 3000 5505 3185 5558; x_wconf 84' lang='lat' dir='ltr'><strong>dicebat</strong></span> <span class='ocrx_word' id='word_1_948' title='bbox 3203 5515 3273 5580; x_wconf 75' lang='lat' dir='ltr'><strong>_se</strong></span> <span class='ocrx_word' id='word_1_949' title='bbox 3302 5499 3564 5580; x_wconf 56' lang='lat' dir='ltr'><strong>conuiuae-</strong></span> 
     </span>
    </p>
   </div>
   <div class='ocr_carea' id='block_1_124' title="bbox 1989 5564 3564 5642">
    <p class='ocr_par' dir='ltr' id='par_1_124' title="bbox 1989 5564 3564 5642">
     <span class='ocr_line' id='line_1_125' title="bbox 1989 5564 3564 5642; baseline -0.014 -7"><span class='ocrx_word' id='word_1_950' title='bbox 1989 5598 2060 5642; x_wconf 87' lang='lat' dir='ltr'><strong>re,</strong></span> <span class='ocrx_word' id='word_1_951' title='bbox 2086 5564 2190 5631; x_wconf 50' lang='lat' dir='ltr'><strong>etc:</strong></span> <span class='ocrx_word' id='word_1_952' title='bbox 2204 5564 2501 5642; x_wconf 60' lang='lat' dir='ltr'><strong>castigantur</strong></span> <span class='ocrx_word' id='word_1_953' title='bbox 2523 5564 2735 5642; x_wconf 75' lang='lat' dir='ltr'><strong>subsidio</strong></span> <span class='ocrx_word' id='word_1_954' title='bbox 2770 5584 2872 5623; x_wconf 65' lang='lat' dir='ltr'><strong>Mss.</strong></span> <span class='ocrx_word' id='word_1_955' title='bbox 2913 5574 3037 5621; x_wconf 87' lang='lat' dir='ltr'><strong>inter</strong></span> <span class='ocrx_word' id='word_1_956' title='bbox 3052 5580 3184 5642; x_wconf 67' lang='lat' dir='ltr'><strong>quos</strong></span> <span class='ocrx_word' id='word_1_957' title='bbox 3203 5567 3376 5642; x_wconf 73' lang='lat' dir='ltr'><strong>Regius</strong></span> <span class='ocrx_word' id='word_1_958' title='bbox 3399 5564 3458 5613; x_wconf 88' lang='lat' dir='ltr'><strong>ad</strong></span> <span class='ocrx_word' id='word_1_959' title='bbox 3483 5577 3564 5614; x_wconf 76' lang='lat' dir='ltr'><strong>vo-</strong></span> 
     </span>
    </p>
   </div>
   <div class='ocr_carea' id='block_1_125' title="bbox 1991 5635 3321 5707">
    <p class='ocr_par' dir='ltr' id='par_1_125' title="bbox 1991 5635 3321 5707">
     <span class='ocr_line' id='line_1_126' title="bbox 1991 5635 3321 5707; baseline -0.017 -9"><span class='ocrx_word' id='word_1_960' title='bbox 1991 5635 2118 5707; x_wconf 76' lang='lat' dir='ltr'><strong>cem,</strong></span> <span class='ocrx_word' id='word_1_961' title='bbox 2137 5643 2238 5705; x_wconf 76' lang='lat' dir='ltr'><strong>tati,</strong></span> <span class='ocrx_word' id='word_1_962' title='bbox 2261 5635 2441 5701; x_wconf 79' lang='lat' dir='ltr'><strong>subdit,</strong></span> <span class='ocrx_word' id='word_1_963' title='bbox 2465 5639 2589 5704; x_wconf 86' lang='lat' dir='ltr'><strong>quod</strong></span> <span class='ocrx_word' id='word_1_964' title='bbox 2614 5637 2795 5688; x_wconf 68' lang='lat' dir='ltr'><strong>ridebat</strong></span> <span class='ocrx_word' id='word_1_965' title='bbox 2819 5648 2868 5686; x_wconf 82' lang='lat' dir='ltr'><strong>se</strong></span> <span class='ocrx_word' id='word_1_966' title='bbox 2891 5635 3200 5690; x_wconf 84' lang='lat' dir='ltr'><strong>committere,</strong></span> <span class='ocrx_word' id='word_1_967' title='bbox 3225 5635 3321 5678; x_wconf 87' lang='lat' dir='ltr'><strong>etc.</strong></span> 
     </span>
    </p>
   </div>
  </div>
