4012 6202
413 206 550 264 1283

1643 194 1703 250 S.
1742 191 2107 252 AUGUSTINI
2145 193 2452 255 EPISCOPI

3548 211 3682 268 1284

411 324 499 395 qui
520 321 720 393 judicas
743 337 828 378 eos
855 321 941 387 qui
965 319 1088 375 talia
1106 324 1295 386 agunt,
1325 321 1369 368 et
1398 311 1525 383 facis
1552 327 1647 379 ea,
1675 310 1915 382 quoniam
1938 318 1993 363 tu
2093 309 2271 381 justus
2302 317 2507 387 judeﬁ
2547 317 2680 386 Quia
2726 318 2912 377 bonum
2940 331 3193 380 “nam”,
3228 326 3434 393 cenavi,
3483 344 3682 386 mm

410 416 622 488 effugies
651 413 907 486 judicium
933 408 1071 464 Dei?
1098 406 1166 462 Et
1185 404 1337 477 quasi
1376 402 1615 469 diceret,
1641 400 1818 469 Quare
1858 400 1995 455 facio

412 517 556 564 tanta
584 508 722 562 mala
747 503 980 576 quotidie
999 543 1014 568 ,
1044 510 1099 555 et
1122 496 1254 553 nihil
1282 496 1405 551 mali
1433 493 1562 550 mihi
1591 491 1885 563 contingit?
1911 506 1996 547 se-

411 609 566 654 cutus
592 594 823 652 ostendit
850 592 925 647 illi
967 600 1175 657 tempus
1217 584 1639 640 misericordiae:
1673 582 1754 638 An
1796 581 1995 636 divitias

412 686 748 760 benignitatis,
778 693 823 737 et
851 680 1134 752 patientiae,
1162 686 1209 732 et
1254 675 1651 748 longanimitatis
1678 675 1788 745 ejus
1827 682 1996 727 conte-

415 778 586 832 mnis?
615 776 678 830 Et
704 787 828 828 vere
846 772 966 842 quia
991 770 1093 824 hoc
1118 767 1528 831 contemnebat;
1562 766 1652 820 sed
1695 764 1820 820 fecit
1844 764 1993 819 illum

411 870 715 925 sollicitum.
746 864 962 936 Ignoras
983 906 997 930 ,
1030 862 1214 933 inquit,
1244 860 1479 931 quoniam
1504 858 1780 930 benignitas
1807 856 1903 910 Dei
1927 856 1996 910 ad

412 959 750 1032 paenitentiam
785 966 832 1011 te
860 954 1111 1009 adducit?
1154 952 1294 1007 Ecce
1340 959 1549 1021 tempus
1592 946 1991 1004 misericordia.

410 1052 489 1107 Ne
509 1059 683 1105 autem
715 1048 815 1102 hoc
853 1046 938 1101 ille
964 1060 1175 1115 semper
1200 1049 1409 1114 putaret
1429 1040 1693 1105 futurum,
1727 1038 1995 1110 quomodo

413 1152 626 1198 secutus
659 1158 781 1196 eum
827 1139 1046 1195 terruit?
1084 1137 1165 1191 Tu
1192 1146 1358 1191 autem
1391 1135 1534 1208 (jam
1565 1146 1775 1205 tempus
1812 1132 1994 1203 judicii

413 1235 531 1289 audi
557 1252 571 1300 ;
603 1233 798 1288 audisti
823 1242 1032 1301 tempus
1070 1227 1444 1284 misericordia:
1465 1269 1483 1295 ,
1509 1234 1760 1298 propter,
1793 1224 1996 1281 Miseri-

414 1325 641 1379 cordiam
666 1335 712 1379 et
728 1323 982 1395 judicium
1004 1323 1213 1376 cantabo
1235 1320 1338 1387 tibi,
1366 1318 1600 1388 Domine)
1629 1336 1643 1372 :
1693 1328 1751 1374 tu
1786 1328 1954 1375 autem
1974 1360 1991 1384 ,

412 1417 579 1486 inquit
600 1457 615 1483 ,
640 1415 913 1469 secundum
937 1414 1176 1467 duritiam
1195 1413 1361 1466 cordis
1387 1411 1461 1465 tui
1481 1421 1525 1465 et
1544 1428 1631 1464 cor
1657 1411 1991 1480 imptenitens,

414 1508 722 1562 tltesaurizas
743 1507 829 1560 tibi
851 1507 978 1560 iram
995 1505 1049 1559 in
1074 1505 1155 1558 die
1172 1505 1264 1559 ira:
1285 1514 1331 1558 et
1351 1503 1663 1558 reuelationis
1670 1502 1800 1570 justi
1811 1502 1997 1571 judicii

414 1599 530 1665 Dei,
569 1599 655 1670 qui
684 1598 855 1651 reddet
885 1596 1152 1666 unicuique
1175 1593 1449 1650 secundum
1488 1609 1643 1664 opera
1682 1609 1774 1648 sua
1820 1592 1993 1663 (Rom.

415 1708 447 1745 ιι
465 1733 479 1756 ,
511 1692 580 1747 5-
602 1689 677 1761 6).
710 1691 866 1758 Ecce,
892 1689 1294 1743 Misericordiam
1318 1698 1363 1742 et
1384 1686 1636 1758 judicium
1656 1685 1867 1741 cantabo
1886 1684 1994 1749 tibi,

414 1782 648 1836 Domine.
674 1780 778 1836 Sed
822 1781 1053 1834 minatus
1082 1788 1163 1835 est
1197 1778 1266 1834 de
1298 1777 1534 1848 judicio:
1580 1776 1835 1847 numquid
1876 1776 1999 1832 ideo

411 1873 664 1945 judicium
694 1872 791 1928 Dei
823 1871 1187 1926 tantummodo
1232 1870 1622 1925 formidandum
1652 1877 1756 1937 est,
1803 1877 1858 1925 et
1890 1885 1996 1923 non
2025 1908 2028 1911 λ

414 1964 742 2018 amandum?
795 1961 1208 2018 F-ormidandum
1263 1961 1417 2015 malis
1477 1968 1693 2031 propter
1743 1975 1994 2030 poenam,

414 2055 698 2110 amandum
736 2054 889 2109 bonis
917 2062 1132 2124 prepter
1162 2066 1437 2108 coronam.
1474 2049 1606 2118 Quia
1647 2064 1775 2120 ergo
1812 2051 2000 2105 terruit

415 2147 584 2204 maios
610 2145 897 2214 Apostolus
939 2144 992 2199 in
1021 2143 1123 2199 hoc
1163 2142 1464 2197 testimonio
1489 2141 1628 2212 quod
1666 2156 1999 2196 commemo—

413 2240 547 2306 ravi,
590 2237 710 2293 audi
744 2237 833 2293 ubi
860 2251 1007 2306 spem
1048 2235 1140 2290 dat
1184 2234 1335 2289 bonis
1377 2234 1445 2290 de
1485 2233 1701 2304 judicio.
1750 2232 1996 2303 Seipsum

414 2332 580 2402 ponit,
606 2340 657 2385 et
681 2330 827 2395 dicit,
850 2336 904 2382 et
928 2327 1160 2382 ostendit
1177 2334 1232 2380 et
1252 2326 1365 2396 ipse
1390 2326 1443 2380 in
1468 2340 1526 2380 se
1553 2334 1760 2395 tempus
1785 2324 1997 2384 miseri-

411 2420 628 2475 cordiaa.
659 2419 789 2485 Quia
821 2418 921 2473 nisi
949 2427 1002 2473 et
1029 2417 1142 2487 ipse
1173 2417 1434 2473 inveniret
1460 2427 1665 2485 tempus
1690 2416 1996 2471 misericor-

410 2513 531 2578 dim,
561 2513 771 2583 qualem
802 2512 948 2567 illum
976 2510 1235 2567 inveniret
1254 2509 1552 2579 judicium?
1582 2510 1995 2580 BlaSphemum,

411 2613 827 2674 persecutorem,
851 2604 1184 2672 iujuriosum.
1208 2602 1296 2658 Sic
1314 2603 1455 2657 enim
1477 2602 1624 2669 dicit,
1648 2611 1702 2657 et
1724 2618 1996 2658 commen-

409 2695 500 2750 dat
526 2705 732 2764 tempus
760 2692 1137 2748 misericordiae
1160 2732 1175 2759 ,
1204 2692 1257 2749 in
1296 2707 1402 2765 quo
1431 2692 1591 2748 modo
1621 2707 1805 2749 sumus
1832 2710 1846 2747 :
1897 2693 1997 2761 Qui

411 2788 572 2857 prius,
605 2786 813 2856 inquit,
853 2786 930 2857 fui
954 2785 1292 2854 blasphemus,
1336 2795 1383 2840 et
1426 2794 1728 2855 persecutor,
1769 2796 1815 2839 et
1858 2788 1997 2858 inju-

407 2878 570 2933 riosus
586 2893 606 2943 ;
634 2879 723 2933 sed
767 2878 1159 2940 misericordiam
1201 2887 1491 2934 consecutus
1533 2895 1666 2947 suun
1709 2879 1813 2936 Sed
1858 2879 1994 2935 forte

407 2969 523 3039 ipse
547 2969 692 3024 solus
728 2977 1043 3025 consecutus
1082 2979 1163 3025 est
1195 2969 1646 3025 misericordiam?
1688 2970 1821 3025 Audi
1862 2987 1993 3041 quo-

406 3058 566 3113 modo
591 3073 688 3114 nos
714 3059 916 3129 erigat:
945 3058 1013 3114 Ut
1040 3060 1093 3113 in
1123 3076 1201 3113 me
1218 3102 1230 3124 ,
1255 3060 1449 3131 inquit,
1469 3062 1745 3115 ostenderet
1766 3061 1992 3121 Christus

404 3148 443 3203 Ι
445 3167 555 3204 esus
583 3167 780 3205 onmem
807 3150 1235 3222 longanimitatem
1252 3194 1266 3217 ,
1293 3152 1362 3207 ad
1389 3154 1795 3224 informationem
1816 3170 1992 3211 eorum

404 3240 492 3308 qui
518 3240 754 3294 credituri
792 3251 909 3295 sunt
938 3242 1014 3297 illi
1038 3242 1091 3295 in
1121 3243 1272 3295 vitam
1308 3252 1550 3297 cateruam
1575 3245 1620 3315 (ι
1652 3244 1783 3298 Tim.
1807 3262 1854 3308 ι,
1887 3248 1989 3311 i3,

406 3329 519 3400 16).
562 3330 697 3397 Quid
747 3338 847 3394 est,
889 3330 942 3383 in
970 3346 1048 3384 me
1093 3331 1369 3385 ostenderet
1411 3333 1884 3404 longanimitatem?
1922 3336 1992 3392 Ut

407 3421 769 3491 unusquisque
794 3429 1047 3493 peccator
1074 3429 1129 3476 et
1155 3423 1444 3479 sceleratus
1472 3424 1675 3480 videret
1702 3426 1824 3495 quia
1849 3427 1989 3481 Pau-

405 3510 487 3565 lus
516 3512 720 3580 accepit
765 3512 993 3575 veniam,
1040 3521 1095 3567 et
1143 3528 1248 3567 non
1287 3513 1357 3568 de
1384 3530 1444 3569 se
1480 3514 1809 3584 deSperaret.
1854 3517 1990 3574 Ecce

404 3602 637 3659 ostendit
660 3618 740 3669 se,
768 3603 937 3659 erexit
974 3612 1027 3658 et
1050 3604 1203 3659 alios.
1238 3603 1376 3658 Ubi?
1406 3604 1462 3659 In
1501 3615 1737 3675 tempore
1785 3608 1986 3662 miseri-

404 3693 618 3747 cordiae.
649 3692 782 3747 Audi
813 3693 864 3746 in
899 3694 1343 3763 temporejudicii
1381 3696 1506 3765 quid
1532 3696 1674 3753 dicat
1701 3696 1768 3752 dc
1797 3698 1950 3753 bonis
1969 3741 1987 3765 ,

405 3784 597 3841 iterum
623 3785 809 3841 dicens
831 3786 898 3841 de
924 3802 984 3843 se
1009 3795 1063 3843 et
1086 3787 1154 3841 de
1180 3787 1318 3842 aliis.
1350 3788 1527 3843 Primo
1569 3790 1988 3846 misericordiam

404 3887 720 3935 consecutus
746 3884 847 3931 est.
874 3875 1089 3944 Quare?
1114 3876 1245 3945 Quia
1276 3877 1372 3932 fuit
1396 3878 1737 3949 bla~phemus
1754 3921 1769 3947 ,
1792 3889 1846 3935 et
1873 3897 1989 3948 per-

405 3976 651 4035 secutor,
695 3977 749 4022 et
790 3967 1096 4039 iujuriosus.
1150 3968 1307 4024 Venit
1351 3970 1606 4025 Dominus
1659 3980 1717 4026 ut
1765 3976 1990 4029 donaret

405 4056 569 4123 Paulo
591 4098 606 4122 ,
638 4072 743 4113 non
777 4066 833 4111 ut
861 4057 1125 4113 redderet.
1158 4059 1288 4114 Nam
1315 4059 1360 4115 si
1387 4061 1614 4117 reddere
1639 4062 1797 4118 vellet
1815 4105 1831 4127 .
1861 4066 1990 4134 quid

404 4149 666 4204 inveniret
709 4149 848 4221 quod
893 4149 1141 4205 redderet
1185 4153 1471 4220 peccaturi,
1522 4153 1624 4208 nisi
1674 4168 1885 4223 poenam
1935 4164 1990 4213 et

404 4242 718 4313 supplicium
742 4243 765 4295 ?
790 4241 969 4296 Noluit
998 4242 1222 4298 reddere
1248 4258 1481 4313 poenam,
1508 4245 1603 4301 sed
1628 4245 1847 4303 donavit
1869 4264 1989 4318 gra-

407 4333 554 4388 tiam.
601 4333 738 4387 Audi
778 4334 899 4405 quia
945 4335 1035 4389 ille
1076 4335 1163 4390 cui
1209 4336 1458 4401 donavit,
1512 4347 1659 4395 tenet
1707 4340 1986 4396 Dominum

405 4425 564 4480 etiam
612 4424 925 4479 debitorem.
980 4425 1183 4483 invenit
1227 4443 1347 4484 eum
1393 4429 1704 4488 donatorem
1751 4443 1989 4504 tempore

406 4519 783 4574 misericordia!
803 4563 818 4586 ,
849 4528 995 4576 tenet
1017 4521 1308 4578 debitorem
1350 4532 1585 4593 tempore
1606 4526 1815 4596 judicii.
1845 4528 1989 4595 Quo-

404 4611 568 4667 modo
599 4611 699 4666 hoc
727 4612 875 4681 dicit,
908 4615 1100 4670 videte.
1134 4613 1249 4686 Ego
1269 4617 1400 4671 enim
1418 4618 1528 4687 jam
1551 4618 1806 4685 immotor,
1831 4621 1984 4687 dixit,

402 4714 452 4755 et
480 4714 676 4774 tempus
701 4708 1020 4763 resolutionis
1048 4725 1170 4763 mea:
1198 4710 1485 4780 proximum
1518 4720 1609 4767 est.
1638 4711 1838 4766 Bonum
1875 4730 1987 4767 cer-

402 4805 570 4850 tamen
595 4800 796 4863 certari,
826 4814 1025 4854 cursum
1050 4803 1410 4867 consummavi,
1438 4803 1591 4870 ﬁdem
1609 4804 1819 4858 servavi.
1854 4805 1987 4875 Hoc,

406 4899 645 4959 tempore
670 4891 1046 4948 misericordia:
1074 4934 1088 4960 ,
1118 4895 1237 4950 audi
1268 4894 1335 4949 de
1353 4895 1573 4967 judicio.
1602 4896 1677 4951 De
1698 4907 1879 4951 caetero
1896 4914 1987 4951 su-

407 4993 570 5052 perest
595 4984 720 5037 mihi
742 5001 926 5040 corona
951 4987 1184 5058 jastitiw,
1213 5004 1363 5058 quam
1397 4987 1572 5042 reddet
1592 4988 1716 5041 mihi
1744 4986 1987 5045 Dominus

404 5078 456 5129 iu
483 5078 571 5131 illa
598 5078 679 5131 die
696 5079 858 5146 justus
874 5081 1058 5151 judex.
1086 5080 1198 5135 Non
1229 5081 1401 5147 dixit,
1427 5081 1623 5147 donat;
1655 5082 1771 5148 sed,
1793 5082 1984 5138 reddet.

402 5169 631 5235 Quando
653 5169 900 5235 donabat,
934 5173 1234 5228 misericors
1258 5183 1402 5237 erat;
1433 5173 1645 5241 quando
1670 5174 1875 5239 reddet,
1895 5175 1986 5243 ju-

404 5259 506 5314 dex
539 5261 639 5315 erit
663 5278 676 5313 :
706 5261 849 5329 quia,
875 5261 1276 5316 Misericordiam
1297 5273 1343 5316 et
1359 5264 1614 5333 judicium
1638 5268 1848 5319 cantabo
1876 5267 1984 5331 tibi,

409 5349 641 5409 Domine.
672 5351 775 5407 Sed
819 5352 1063 5407 donando
1090 5353 1281 5408 delicta
1306 5396 1320 5419 ,
1355 5354 1475 5417 fecit
1505 5372 1564 5410 se
1592 5372 1803 5412 corona:
1838 5357 1988 5413 dehi-

406 5450 575 5495 torem
607 5462 619 5496 :
654 5444 722 5496 ihi
751 5445 1143 5499 misericordiam
1177 5455 1469 5500 consecutus
1510 5465 1643 5502 sunt.
1690 5449 1988 5504 Misericors

406 5548 532 5601 ergo
561 5534 814 5591 Dominus
843 5536 1031 5607 primo,
1063 5538 1146 5592 hic
1175 5547 1351 5594 autem
1384 5539 1557 5593 reddet
1583 5541 1706 5595 mihi
1735 5555 1985 5596 coronam

398 5623 629 5703 justititc.
677 5624 825 5683 Unde
868 5627 1088 5684 reddet?
1115 5629 1246 5697 Quia
1265 5633 1438 5705 justus
1470 5631 1636 5704 judcx
1674 5642 1774 5689 est.
1812 5633 1987 5703 Quare

2098 409 2461 476 consummaui,
2484 410 2638 478 ﬁdem
2665 414 2875 469 seruaui.
2898 413 3022 471 ideo
3041 415 3217 485 justus
3240 433 3345 473 non
3379 426 3558 490 potest
3579 421 3677 478 nisi

2097 512 2359 555 coronare
2381 499 2503 557 ista.
2530 500 2734 561 Invenit
2751 503 2894 561 enim
2919 505 3020 561 ista
3040 523 3160 578 quae
3178 521 3464 566 coronaret
3486 529 3500 565 :
3524 524 3678 570 antea

2097 604 2229 646 vero
2250 591 2376 662 quid
2406 595 2713 650 invenerat?
2746 595 2848 664 Qui
2874 596 3015 666 prius
3039 600 3116 671 fui
3139 601 3461 672 blasphemus
3488 614 3537 658 et
3561 622 3680 676 per-

2097 692 2312 739 secutor.
2336 682 2437 739 lsta
2462 684 2698 757 donavit,
2721 687 2810 743 illa
2836 690 3147 758 coronabit;
3168 691 3386 749 donavit
3414 694 3529 751 lucc
3550 705 3683 752 tem-

2097 788 2230 845 pore
2275 776 2676 846 misericordiae,
2721 780 3001 837 coronabit
3043 783 3132 838 illa
3179 792 3419 854 tempore
3454 785 3680 855 judicii:

2098 869 2222 940 quia
2238 910 2252 935 ,
2278 869 2685 927 Misericordiam
2705 881 2751 928 et
2767 874 3022 943 judicium
3058 878 3270 932 cantabo
3298 878 3419 943 tibi,
3445 878 3685 936 Domine.

2099 961 2206 1018 Sed
2252 964 2511 1035 numquid
2553 965 2703 1022 solus
2744 966 2938 1023 Paulus
2983 968 3036 1023 id
3089 970 3322 1026 meruit?
3373 970 3488 1027 Hoc
3536 973 3681 1030 enim

2098 1054 2338 1111 dixeram
2357 1096 2373 1124 ,
2405 1058 2672 1127 quomodo
2700 1059 2751 1114 in
2776 1058 2872 1114 illo
2914 1061 3222 1117 testimonio
3251 1063 3472 1129 terruit,
3502 1065 3582 1120 sic
3625 1065 3683 1122 in

2098 1146 2204 1203 isto
2228 1148 2417 1203 erexit.
2445 1147 2579 1205 Cum
2608 1150 2848 1213 dixisset,
2873 1150 3070 1207 Reddet
3097 1152 3223 1208 mihi
3240 1152 3489 1210 Dominus
3508 1156 3562 1211 in
3588 1156 3684 1212 illo

2099 1241 2180 1295 die
2199 1243 2374 1314 justus
2383 1244 2549 1313 judea:
2568 1260 2589 1298 :
2628 1260 2730 1299 non
2753 1245 2917 1300 solum
2944 1247 3087 1312 mihi,
3123 1247 3311 1317 inquit,
3336 1248 3427 1303 sed
3450 1250 3686 1304 omnibus

2098 1333 2443 1404 quidiligunt
2476 1333 2933 1405 manifestationem
2967 1346 3013 1391 et
3040 1353 3250 1409 regnum
3293 1340 3406 1410 ejus
3449 1339 3513 1411 (ll
3542 1338 3682 1395 Tim.

2098 1440 2178 1491 tv,
2206 1425 2347 1496 6-8).
2742 1446 2745 1449 ν

2170 1518 2223 1572 5.
2252 1518 2420 1590 Ergo,
2451 1518 2671 1586 fratres,
2716 1520 2967 1592 quoniam
2997 1520 3252 1579 habemus
3277 1532 3488 1596 tempus
3516 1527 3688 1584 mise-

2099 1606 2376 1675 ricordizn,
2406 1623 2515 1663 non
2566 1608 2719 1665 nobis
2766 1610 3099 1667 blandiamur
3120 1653 3138 1680 ,
3180 1628 3287 1668 non
3317 1630 3415 1670 nos
3442 1615 3693 1671 dimitta-

2100 1711 2223 1751 mus
2249 1737 2263 1761 ,
2294 1713 2399 1752 non
2428 1699 2669 1753 dicamus
2703 1716 2716 1754 :
2750 1699 2978 1770 Semper
3018 1703 3189 1773 parcit
3221 1705 3380 1761 Deus.
3410 1706 3550 1762 Ecce
3584 1705 3690 1764 feci

2103 1788 2219 1845 heri
2242 1831 2256 1854 ,
2291 1792 2529 1860 pepercit
2553 1791 2727 1858 Deus;
2757 1792 2894 1848 facio
2913 1805 2968 1849 et
2993 1795 3154 1851 hodie
3174 1836 3190 1861 ,
3221 1806 3276 1853 et
3302 1799 3472 1868 parcit
3498 1799 3641 1855 Deus
3670 1817 3688 1867 ;

2100 1879 2290 1936 faciam
2315 1890 2371 1936 et
2393 1896 2514 1937 cras
2535 1924 2550 1949 ,
2577 1884 2699 1953 quia
2728 1884 2896 1953 parcit
2927 1885 3084 1942 Deus.
3111 1886 3356 1950 Attendis
3379 1889 3447 1944 ad
3472 1890 3690 1946 miseri-

2101 1974 2337 2030 cordiam
2356 2015 2371 2039 ,
2394 1984 2449 2030 et
2478 1991 2580 2032 non
2611 1977 2767 2032 times
2781 1977 3059 2048 judicium.
3082 1980 3137 2034 Si
3161 1980 3240 2034 vis
3269 1992 3486 2036 cantare
3522 1982 3692 2038 mise-

2103 2064 2385 2120 ricordiam
2414 2074 2469 2120 et
2491 2066 2749 2135 judicium
2773 2109 2788 2132 ,
2840 2069 3076 2140 intelligo
3103 2070 3227 2141 quia
3251 2071 3373 2128 ideo
3399 2074 3604 2143 parcit,
3630 2084 3692 2130 ut

2101 2156 2406 2227 corrigat-is,
2434 2174 2539 2213 non
2567 2166 2625 2214 ut
2649 2160 2703 2214 in
2733 2160 3065 2231 malignitate
3087 2178 3422 2233 permaneas.
3442 2164 3561 2221 Noli
3591 2167 3690 2223 tibi

2101 2248 2465 2307 thesaurizarc
2490 2251 2620 2306 iram
2647 2252 2700 2307 in
2730 2253 2818 2309 die
2843 2253 2936 2308 ira:
2955 2263 3010 2309 et
3029 2256 3366 2313 revelationis
3387 2256 3517 2328 juSti
3536 2258 3690 2329 judi-

2099 2339 2169 2394 cii
2198 2341 2310 2395 Dei.
2339 2341 2470 2409 Quia
2501 2343 2552 2396 in
2580 2353 2818 2412 tempore
2844 2344 3223 2401 misericordia:
3253 2347 3305 2401 in
3327 2348 3435 2402 alio
3478 2350 3690 2418 psalmo

2099 2429 2334 2484 dicitur:
2382 2450 2403 2483 ι
2440 2432 2709 2487 Peccatori
2758 2442 2935 2489 autem
2983 2435 3118 2489 dixit
3163 2436 3344 2504 Deus,
3397 2437 3594 2509 thnid
3629 2448 3689 2495 tu

2099 2533 2317 2575 enarras
2332 2520 2740 2590 justiiicationes
2763 2539 2906 2579 meas
2925 2565 2941 2591 ,
2972 2533 3029 2581 et
3051 2526 3281 2581 assumis
3308 2536 3688 2585 testamentum

2099 2626 2280 2668 meum
2310 2627 2405 2683 per
2431 2628 2492 2668 os
2519 2616 2712 2671 tuum?
2738 2616 2818 2672 Tu
2864 2633 2993 2673 vero
3038 2618 3200 2674 odisti
3227 2619 3597 2691 disciplinam.
3632 2632 3692 2678 et

2098 2702 2335 2772 abiecisti
2361 2719 2639 2762 sermones
2667 2723 2817 2764 meos
2841 2721 2959 2779 post
2990 2719 3041 2766 te
3070 2728 3085 2765 :
3117 2711 3163 2767 si
3201 2712 3422 2770 videbas
3466 2713 3641 2770 furem
3670 2757 3686 2781 ,

2097 2797 2454 2853 concurrebas
2477 2799 2558 2866 ei,
2588 2809 2637 2856 et
2667 2816 2786 2857 cum
2809 2803 3033 2859 mmcbis
3062 2806 3358 2875 portionem
3403 2816 3545 2862 tuam
3585 2825 3694 2879 po-

2098 2890 2297 2955 nebas;
2328 2892 2520 2948 sedens
2543 2895 2799 2951 adversus
2816 2886 3040 2953 ‘fratrem
3070 2908 3216 2954 tuum
3243 2900 3561 2957 detrahebas
3580 2943 3598 2968 ,
3629 2913 3693 2958 et

2095 2979 2350 3038 adversus
2377 2984 2541 3039 tilium
2567 2987 2751 3041 matris
2783 2995 2886 3041 tua:
2910 2990 3144 3057 ponebas
3182 2991 3511 3046 scandalum.
3554 2990 3691 3047 Haec

2094 3072 2300 3140 fecisti,
2331 3085 2386 3131 et
2415 3078 2572 3133 tacui.
2610 3099 2628 3130 ι
2662 3079 2792 3135 Vide
2840 3089 3047 3151 tempus
3096 3082 3496 3140 misericordiae.
3540 3084 3689 3152 Quid

2093 3176 2175 3222 est
2194 3210 2208 3232 ,
2232 3170 2408 3222 tacui?
2434 3166 2700 3240 Ntnnquid
2726 3213 2740 3238 ,
2770 3171 2886 3226 Non
2914 3174 3144 3242 corripui
3166 3175 3189 3228 ?
3216 3174 3319 3231 Sed
3341 3217 3356 3242 ,
3381 3175 3498 3233 Non
3535 3178 3689 3249 judi-

2094 3260 2230 3314 cavi.
2262 3261 2541 3328 Quomodo
2583 3267 2724 3317 cnim
2769 3275 2907 3321 taret
2960 3268 3051 3336 qui
3096 3268 3332 3336 quotidie
3377 3271 3573 3327 clamat
3625 3274 3686 3331 in

2072 3357 2420 3427 ‘Scripturis,
2454 3361 2506 3415 in
2559 3361 2879 3433 Evangelia,
2937 3366 2989 3419 in
3035 3368 3470 3438 prmdicatoribus
3515 3370 3633 3424 suis
3660 3370 3687 3426 ?

2095 3452 2256 3507 Tacui
2280 3470 2307 3506 a
2328 3457 2615 3524 supplicio,
2642 3473 2744 3511 non
2777 3474 2806 3513 a
2837 3460 3023 3514 verbo.
3053 3460 3179 3515 licec
3204 3463 3398 3534 fecisti,
3442 3473 3489 3519 et
3518 3464 3682 3520 tacui.

2093 3544 2161 3599 Et
2186 3546 2306 3616 quia
2332 3548 2491 3601 tacuit
2537 3548 2712 3614 Deus,
2768 3550 2818 3604 id
2864 3560 2983 3614 est,
3040 3567 3144 3607 non
3192 3553 3513 3622 vindicavit;
3546 3557 3684 3624 quid

2092 3640 2192 3693 sihi
2224 3639 2356 3693 dixit
2402 3640 2451 3693 in
2480 3641 2643 3696 corde
2674 3644 2952 3712 peccator?
2993 3644 3168 3699 Audi:
3228 3645 3533 3717 Suspicatus
3576 3665 3635 3703 es
3662 3691 3683 3720 ,

2094 3731 2290 3800 inquit.
2346 3731 2688 3802 iniquitatem,
2721 3734 2857 3800 quod
2883 3751 2966 3789 ero
2996 3735 3083 3789 tibi
3120 3737 3319 3793 similis.
3352 3738 3408 3793 Id
3438 3750 3550 3806 est,
3578 3755 3686 3810 pa-

2095 3838 2211 3875 rum
2243 3832 2325 3876 est
2351 3824 2474 3893 quia
2505 3831 2556 3876 tu
2594 3824 2710 3877 talis
2736 3839 2890 3889 eras;
2924 3833 2979 3880 et
3025 3841 3112 3882 me
3138 3828 3296 3883 talem
3346 3833 3560 3900 putasti.
3608 3832 3687 3886 Et
3783 3874 3796 3886 .

2092 3929 2212 3968 cum
2241 3916 2559 3972 ostendisset
2592 3917 2666 3971 illi
2698 3928 2904 3988 tempus
2944 3919 3326 3975 misericordiae
3346 3963 3362 3990 ,
3393 3921 3580 3978 terruit
3604 3924 3680 3980 de

2092 4015 2334 4076 tempore
2357 4006 2534 4073 iudicii
2561 4025 2573 4060 :
2607 4008 2829 4079 Argnam
2850 4018 2897 4063 te
2915 4050 2931 4076 ,
2959 4019 3007 4062 et
3031 4020 3253 4064 statuam
3280 4020 3327 4065 te
3348 4021 3466 4066 ante
3490 4014 3683 4084 faciens

2093 4107 2231 4150 tuam
2253 4096 2423 4168 (Psal.
2452 4114 2575 4153 xux
2605 4140 2621 4166 ,
2671 4099 2880 4173 16-21).
2912 4100 2991 4156 Tu
3020 4109 3072 4156 te
3101 4102 3256 4172 ponis
3282 4112 3402 4173 post
3430 4112 3484 4160 te
3503 4144 3518 4169 ,
3571 4120 3683 4176 ego

2092 4197 2145 4243 te
2173 4205 2365 4260 ponam
2394 4198 2519 4247 ante
2562 4199 2634 4247 te.
2665 4190 2853 4249 Omnis
2902 4193 3042 4248 enim
3074 4194 3163 4264 qui
3194 4210 3299 4251 non
3329 4196 3441 4250 vult
3491 4196 3683 4255 videre

2091 4290 2306 4352 peccata
2332 4297 2446 4346 sua,
2473 4293 2592 4352 post
2618 4282 2833 4338 dorsum
2860 4300 2919 4341 se
2946 4285 3112 4354 ponit,
3130 4296 3185 4343 et
3208 4287 3430 4342 aliorum
3455 4297 3683 4357 peccata

2091 4382 2244 4429 acute
2264 4374 2522 4442 attendit,
2552 4392 2655 4430 non
2679 4391 2775 4445 per
2801 4377 3158 4449 diligentiam,
3190 4379 3283 4434 sed
3311 4395 3406 4451 per
3430 4380 3683 4436 inviden-

2093 4466 2253 4531 tiam;
2296 4482 2399 4520 uon
2441 4468 2625 4521 volens
2654 4482 2881 4537 sanare,
2924 4470 3020 4524 sed
3066 4486 3354 4527 accusare:
3389 4488 3446 4526 se
3491 4482 3681 4529 autem

2072 4557 2438 4613 obliviscitur.
2470 4558 2622 4615 Unde
2654 4559 2842 4615 talibus
2864 4561 3122 4617 Dominus
3140 4563 3268 4619 dicit
3292 4606 3305 4626 .
3331 4563 3590 4635 Stipulam
3624 4567 3680 4621 in

2091 4652 2236 4704 oculo
2258 4651 2431 4721 fratris
2462 4653 2534 4707 tui
2552 4652 2718 4718 vides,
2742 4663 2787 4707 et
2831 4655 3018 4709 trabem
3046 4657 3097 4709 in
3125 4660 3272 4718 oculo
3300 4667 3385 4712 tuo
3411 4675 3511 4712 non
3536 4658 3684 4716 vida

2094 4740 2302 4814 (Matth.
2352 4758 2424 4796 vn
2450 4786 2465 4813 ,
2495 4746 2571 4813 5).
2603 4745 2733 4813 Quia
2765 4746 3287 4816 ergo‘miserico‘rdia
3319 4758 3372 4803 et
3411 4749 3682 4818 judicium

2090 4845 2333 4890 cantatur
2361 4837 2533 4902 nobis,
2561 4846 2613 4892 et
2645 4853 2739 4891 nos
2767 4838 3020 4896 facientes
3052 4841 3472 4896 miscricordiam
3494 4844 3682 4900 securi

2091 4940 2463 5002 exspectemus
2501 4932 2757 5000 judicium
2786 4949 2801 4986 :
2831 4943 2885 4990 et
2923 4935 3088 4987 simus
3118 4934 3169 4988 in
3206 4950 3430 5005 corpore
3460 4935 3634 5006 ipsius
3665 4980 3683 5005 ,

2093 5030 2147 5074 et
2175 5036 2270 5076 nos
2299 5031 2574 5079 cantemus
2603 5039 2684 5081 ea.
2733 5024 2923 5079 Cantat
2971 5024 3115 5080 enim
3168 5027 3269 5081 hoc
3302 5027 3546 5083 Christus
3577 5046 3594 5084 :
3634 5031 3684 5086 si

2092 5113 2264 5167 solum
2291 5123 2449 5183 caput
2476 5124 2654 5169 cantat
2673 5156 2686 5175 .
2719 5131 2751 5171 a
2782 5117 3007 5175 Domino
3036 5127 3115 5172 est
3141 5120 3407 5175 canticum
3434 5118 3536 5175 hoc
3564 5162 3578 5186 ,
3608 5125 3684 5177 ad

2093 5221 2192 5260 nos
2222 5222 2326 5259 non
2354 5207 2612 5276 pertinet;
2645 5207 2688 5261 si
2713 5216 2890 5263 autem
2917 5217 3056 5263 totus
3084 5198 3326 5265 Christus
3347 5253 3362 5278 ,
3384 5211 3436 5266 id
3467 5221 3548 5267 est
3578 5230 3684 5267 ca-

2091 5308 2261 5369 putet
2290 5312 2483 5368 corpus
2510 5298 2623 5367 ejus
2649 5339 2661 5362 ,
2690 5310 2805 5354 esto
2832 5300 2884 5355 in
2903 5301 3158 5357 membris
3185 5303 3300 5372 ejus
3319 5345 3333 5368 ,
3357 5303 3573 5357 adiuero
3600 5304 3682 5363 illi

2094 5404 2191 5458 per
2217 5388 2395 5453 fidem,
2419 5399 2473 5443 et
2498 5404 2592 5457 per
2617 5404 2764 5458 spem
2784 5433 2797 5454 ,
2831 5401 2885 5445 ct
2915 5407 3011 5461 per
3036 5391 3387 5456 charitatem;
3421 5393 3549 5448 etin
3581 5395 3681 5451 illo

2094 5492 2276 5537 cantas
2296 5522 2311 5548 ,
2337 5481 2386 5534 in
2416 5481 2508 5535 illo
2536 5482 2770 5538 exsultas
2799 5484 2815 5514 ¹
2847 5502 2861 5539 :
2894 5485 3014 5555 quia
3037 5494 3089 5540 et
3117 5485 3231 5556 ipse
3263 5486 3315 5540 in
3339 5495 3391 5541 te
3423 5486 3637 5543 laborat
3658 5528 3671 5553 ,

2164 5643 2180 5673 ι
2206 5643 2279 5692 sic
2302 5640 2526 5706 plerique
2542 5649 2648 5695 Mss.
2676 5650 2731 5694 At
2747 5642 2882 5707 edd,
2900 5650 3059 5707 canta,
3076 5643 3127 5697 in
3147 5642 3232 5697 ilio
3251 5642 3460 5700 exsulat.
