3984 6204
238 247 363 307 1235

238 368 281 423 in
303 375 349 419 te
368 363 515 427 sitit,
550 362 601 414 in
636 372 687 414 te
713 359 887 415 esurit
909 369 963 414 et
993 358 1296 413 tribulatnr.
1327 356 1419 411 Ille
1445 356 1497 410 in
1542 364 1594 411 te
1622 353 1799 409 adhuc

236 456 472 519 punitur,
501 462 556 507 et
600 463 654 505 ιιι
698 451 748 506 ἰιι
782 452 872 505 illo
917 451 1024 520 jam
1055 446 1415 504 resurrexisti.
1449 446 1582 501 Nam
1614 446 1655 500 si
1690 459 1793 499 non

235 550 280 604 in
302 557 347 601 te
365 552 664 599 moreretur
683 585 697 607 ,
727 543 893 596 nollet
928 543 980 595 in
1007 552 1058 596 te
1078 540 1176 593 sibi
1202 539 1344 608 parci
1365 554 1395 592 a
1429 546 1795 607 persecutore,

236 654 339 694 cum
366 635 570 690 diceret
598 651 612 686 :
646 633 804 688 Saule
822 674 837 698 ,
866 631 1053 694 Saule,
1087 629 1206 699 quid
1231 645 1311 682 me
1335 626 1643 699 persequeris
1660 623 1794 699 (Act.

239 746 312 798 ιι,
339 726 389 800 4)
406 728 433 780 ?
458 728 627 797 Ergo,
651 724 843 779 fratres
869 721 1007 790 mei,
1038 719 1280 774 Christus
1304 727 1515 782 cantat;
1547 716 1639 771 sed
1667 730 1800 785 quo-

239 820 414 886 modo,
468 817 676 873 nostis:
716 813 987 869 Christum
1040 810 1258 865 assidue
1310 806 1797 864 commendavimus
1838 832 1849 841 κ

239 914 396 977 vobis;
431 919 486 965 et
509 910 622 963 scio
667 908 788 977 quia
842 905 991 960 rudia
1019 900 1169 958 vehis
1208 917 1314 956 non
1364 911 1507 955 sunt.
1537 898 1796 953 Dominus

235 1005 457 1062 Christus
483 1001 716 1057 Verbum
752 1000 844 1053 Dei
874 1007 992 1063 est,
1028 1012 1123 1067 per
1150 993 1292 1066 quod
1344 992 1479 1047 facta
1529 997 1653 1044 sunt
1676 1005 1796 1044 om-

234 1100 321 1154 nia.
345 1095 463 1151 Hoc
487 1094 719 1149 Verbum
746 1102 804 1145 ut
831 1091 1118 1146 redimeret
1146 1102 1279 1153 nos,
1312 1100 1439 1141 caro
1459 1084 1657 1139 factum
1688 1091 1791 1147 est,

232 1202 273 1247 et
317 1188 571 1244 habitavit
612 1186 665 1239 in
720 1183 872 1239 nobis
905 1180 1083 1254 (Joan.
1115 1195 1164 1247 ι,
1220 1179 1284 1241 5,
1326 1177 1415 1247 Η)
1450 1194 1463 1229 :
1518 1174 1688 1229 factus
1713 1183 1795 1229 est

235 1283 369 1336 homo
398 1280 543 1334 Deus
565 1292 725 1346 super
751 1274 925 1328 omnia
944 1313 961 1339 ,
1013 1271 1184 1326 Filius
1215 1269 1309 1325 Dei
1356 1267 1575 1337 aequalis
1599 1266 1741 1321 Patri
1776 1281 1790 1329 ;

236 1372 286 1427 ad
312 1370 413 1425 hoc
447 1370 608 1424 homo
639 1368 809 1421 lactus
852 1372 968 1427 est,
1018 1373 1076 1416 ut
1131 1361 1272 1415 Deus
1321 1358 1483 1412 homo
1532 1356 1794 1411 mediator

233 1476 347 1521 esset
373 1464 517 1518 inter
540 1462 783 1516 homines
811 1467 864 1512 et
891 1458 1055 1512 Deum
1081 1496 1095 1518 ,
1128 1463 1181 1508 et
1208 1451 1585 1507 reconciliaret
1636 1448 1793 1518 longe

234 1558 408 1626 positos
427 1597 442 1617 ,
468 1564 523 1608 et
538 1551 885 1621 coniungeret
912 1555 1186 1619 separatos
1212 1586 1226 1610 ,
1256 1554 1312 1598 et
1359 1548 1636 1597 revocaret
1660 1539 1793 1595 alie-

234 1659 395 1710 natos,
428 1655 482 1699 et
534 1643 814 1698 reduceret
861 1640 1209 1709 peregrinos;
1242 1634 1306 1687 ad
1341 1635 1443 1687 hoc
1489 1632 1657 1685 factus
1710 1639 1793 1684 est

239 1738 389 1791 homo.
418 1734 616 1789 Factus
639 1742 721 1786 est
749 1745 877 1801 ergo
907 1736 1065 1797 caput
1091 1725 1341 1780 Ecclesia:
1366 1764 1380 1787 ,
1412 1722 1569 1775 habet
1587 1731 1641 1774 et
1668 1734 1790 1774 cor-

230 1843 309 1898 pus
322 1837 375 1883 et
392 1824 654 1882 membra.
681 1822 871 1890 Quaere
896 1818 1133 1873 membra
1157 1816 1322 1885 ipsius
1339 1855 1355 1880 ,
1386 1813 1544 1867 modo
1572 1819 1793 1881 gemunt

231 1936 305 1991 per
326 1919 636 1973 universum
666 1913 850 1969 orbem
878 1920 1137 1964 terrarum
1170 1924 1184 1962 :
1217 1915 1342 1960 tunc
1391 1903 1710 1959 laetabuntur
1735 1902 1788 1956 in

233 2013 316 2068 line
337 2054 351 2075 ,
382 2012 435 2066 in
466 2023 665 2065 corona
692 2003 909 2076 justitia:
929 2044 945 2068 ,
977 2001 1043 2057 de
1064 2016 1164 2071 qua
1192 1999 1322 2054 dicit
1352 1996 1574 2060 Paulus,
1624 1993 1790 2061 Quam

229 2106 377 2161 reddet
398 2104 526 2158 milii
554 2100 804 2156 Dominus
831 2099 893 2151 in
921 2096 1013 2150 illo
1034 2094 1115 2148 die
1143 2094 1305 2158 iustus
1324 2089 1509 2161 judex.
1534 2088 1603 2142 Et
1628 2085 1786 2140 modo

230 2213 336 2268 ergo
353 2206 629 2252 cantemus
653 2191 709 2246 in
729 2205 847 2259 spe,
865 2200 1052 2241 omnes
1074 2185 1127 2239 in
1167 2198 1329 2236 tunnn
1378 2179 1605 2234 collecti.
1635 2177 1791 2232 Chri-

230 2301 351 2345 stum
373 2288 516 2345 enim
542 2282 710 2340 induti
736 2281 979 2336 Christus
999 2291 1181 2333 sumus
1202 2289 1324 2329 cum
1354 2271 1528 2342 capite
1558 2279 1741 2324 nostro
1767 2285 1783 2336 ;

230 2383 332 2454 quia
360 2381 539 2451 utique
559 2374 788 2432 Abrahae
817 2385 1002 2428 semen
1024 2381 1230 2423 sumus.
1259 2364 1552 2435 Apostolus
1574 2361 1786 2454 boc_di-

231 2451 303 2529 cit.
324 2472 451 2542 Quia
478 2468 628 2532 dixi,
659 2465 902 2521 Christus
930 2473 1135 2516 sumus.
1167 2455 1451 2527 Apostolus
1497 2454 1608 2519 ait,
1650 2451 1787 2521 Ergo

233 2565 420 2620 Abrahae
441 2577 609 2618 semen
640 2558 757 2613 estis
776 2597 792 2622 ,
837 2551 1112 2609 secundum
1138 2545 1515 2619 promissionem
1542 2542 1782 2596 hwredes.

231 2657 432 2713 Abrahae
456 2666 646 2709 semen
674 2647 806 2704 estis
835 2663 849 2699 :
878 2642 1184 2705 videamus,
1239 2637 1284 2691 si
1330 2650 1513 2690 semen
1559 2632 1786 2688 Abrahae

229 2760 297 2808 est
331 2748 587 2805 Christus.
620 2762 641 2796 ‹
675 2740 735 2797 In
783 2738 986 2795 semine
1031 2743 1119 2788 tuo
1171 2728 1558 2785 benedicentur
1601 2738 1787 2778 omnes

230 2849 412 2911 gentes.
432 2836 549 2893 Non
575 2832 738 2897 dicit,
770 2828 826 2883 in
855 2823 1150 2881 seminibus
1168 2861 1184 2887 ,
1211 2828 1460 2911 tanquam
1485 2814 1537 2869 in
1564 2814 1753 2911 multis
1766 2827 1783 2875 ;

230 2905 308 2988 sed
335 2942 574 3002 tanquam
605 2926 658 2982 in
689 2938 830 2989 uno,
855 2919 926 2975 Et
949 2914 1138 2973 semini
1171 2924 1261 2968 tuo
1282 2954 1296 2977 ,
1320 2907 1462 2981 quod
1513 2922 1595 2964 ρει
1627 2905 1784 2960 Citri-

232 3035 328 3081 stus
355 2999 542 3098 (Galat.
569 3035 662 3086 ιιι,
688 3016 759 3073 29
782 3056 796 3081 ,
823 3016 888 3081 8,
916 3012 1025 3082 16).
1063 3028 1081 3062 ι
1113 3008 1180 3063 Ει
1218 3005 1368 3098 nobis
1394 3002 1605 3098 dicitl-t
1626 2999 1787 3098 .Ergo

232 3088 388 3170 semen
414 3110 647 3167 Abralne
674 3107 825 3163 estis.
861 3122 880 3156 ι
912 3098 1246 3156 Manifestum
1282 3093 1402 3164 quia
1428 3090 1492 3145 ad
1514 3088 1783 3144 Christum

231 3208 565 3279 pertinentius;
611 3209 666 3255 et
689 3198 809 3269 quia
833 3193 1072 3248 membra
1098 3189 1213 3258 ejus
1250 3194 1306 3241 et
1331 3197 1529 3252 corpus
1549 3180 1664 3279 eius
1690 3194 1783 3234 su-

232 3269 331 3351 inus
350 3338 365 3363 ,
393 3309 511 3350 cum
537 3290 713 3360 capite
738 3294 923 3341 nostro
949 3298 1085 3337 unus
1139 3278 1299 3332 homo
1328 3288 1535 3328 sumus.
1554 3362 1561 3363 γ
1583 3269 1779 3363 Cante-

234 3401 331 3441 mus
352 3360 503 3456 ergo,
537 3376 945 3437 Misericordia»:
988 3380 1036 3425 et
1087 3367 1343 3440 judicium
1395 3362 1605 3416 cantabo
1654 3360 1781 3429 tibi,

231 3477 431 3533 nomine.

285 3571 332 3626 4.
364 3567 511 3641 [rem
539 3561 623 3637 2.]
652 3559 881 3617 Psallam
900 3598 914 3622 ,
948 3563 995 3610 et
1040 3549 1318 3621 intelligam
1344 3546 1513 3641 invia
1537 3545 1783 3641 immacu-

232 3637 577 3734 lata,—quando
614 3656 779 3710 venies
803 3653 869 3705 ad
907 3664 1005 3703 me.
1031 3644 1143 3701 Nisi
1172 3643 1224 3697 in
1270 3641 1357 3695 via
1390 3637 1780 3734 immaculata,

230 3770 317 3809 non
350 3728 498 3823 potes
544 3733 809 3820 psallere,
858 3755 957 3797 nec
1005 3736 1337 3823 intelligere.
1385 3729 1442 3787 Si
1497 3729 1578 3784 vis
1627 3728 1780 3782 intel-

229 3822 399 3916 ligere,
446 3846 500 3900 in
542 3842 625 3896 via
676 3832 1012 3893 immaculata
1060 3827 1263 3916 psalle,
1292 3822 1347 3878 id
1393 3830 1508 3916 est,
1558 3833 1782 3916 Operar-e

232 3907 284 3990 in
298 3907 551 3990 hilaritate
572 3931 684 3985 Deo
706 3937 816 3981 tuo.
845 3922 975 3990 Quae
998 3927 1082 3975 est
1109 3916 1193 3972 via
1243 3908 1618 3968 immaculata?
1643 3907 1781 3962 Audi

185 4020 190 4024 ’
229 4026 506 4096 sequentia:
536 4015 935 4075 Deambulabam
969 4010 1022 4064 in
1055 4002 1340 4062 innocentia
1374 4000 1538 4055 cordis
1567 3999 1691 4064 mei,
1728 3998 1782 4051 in

202 4142 207 4147 -
231 4089 368 4171 medio
393 4117 566 4170 domus
586 4125 728 4165 mete.
759 4106 885 4161 Haec
908 4103 990 4156 via
1019 4094 1358 4154 immaculata
1387 4091 1455 4145 ab
1479 4089 1780 4144 innocentia

233 4210 402 4277 capit,
440 4207 491 4261 in
517 4206 629 4274 ipsa
656 4200 816 4255 etiam
863 4191 1189 4265 pervenitur.
1215 4184 1355 4277 Quid
1392 4181 1587 4277 qumvis
1615 4179 1778 4277 multa

235 4269 697 4355 verbailnnocens
716 4299 867 4353 esto,
922 4293 978 4341 et
1020 4278 1290 4352 perfecisti
1338 4273 1620 4346 justitiam.
1675 4269 1780 4325 Sed

233 4390 342 4460 quid
365 4398 573 4445 estesse
603 4375 978 4440 innocentem?
1007 4372 1224 4428 Duobus
1251 4363 1595 4460 enimmodis
1624 4370 1782 4416 nocet

233 4458 374 4538 homo
392 4522 405 4545 ,
433 4488 687 4551 quantum
715 4476 768 4529 in
797 4473 913 4542 ipso
941 4476 1057 4533 est;
1081 4472 1172 4520 aut
1211 4458 1453 4517 faciendo
1482 4458 1777 4551 miserum,

232 4582 311 4628 aut
332 4546 617 4628 deserendo
648 4567 901 4621 miserum
932 4579 946 4615 :
975 4557 1096 4629 quia
1122 4566 1176 4611 et
1205 4563 1260 4608 tu
1307 4566 1415 4606 non
1466 4549 1546 4602 vis
1585 4546 1652 4601 ab
1678 4547 1782 4599 alio

232 4668 329 4722 ﬁeri
356 4667 510 4721 miser
532 4706 549 4731 ,
576 4670 630 4717 et
658 4676 763 4714 non
786 4658 865 4710 vis
885 4650 1057 4708 deseri
1078 4649 1145 4704 ab
1168 4647 1274 4701 alio
1292 4686 1307 4711 ,
1330 4645 1375 4699 si
1404 4642 1566 4697 miser
1591 4639 1778 4731 fueris.

233 4757 343 4826 Quis
362 4766 440 4814 est
466 4729 556 4827 qui
610 4752 738 4808 facit
761 4744 1031 4804 miseros?
1057 4741 1157 4809 Qui
1205 4738 1367 4793 infert
1398 4733 1679 4827 violentias
1701 4729 1781 4785 vel

234 4823 445 4915 insidias,
474 4823 613 4918 rapit
648 4858 736 4899 res
774 4841 996 4904 alienas,
1025 4831 1276 4904 opprimit
1306 4840 1567 4898 pauperes
1593 4865 1604 4885 ,
1639 4823 1780 4918 iura--

235 4948 337 5007 tur,
358 4913 592 5010 coniugia
620 4935 792 4990 aliena
820 4928 1102 4991 sollicitat,
1124 4921 1484 4976 ealumniosus
1513 4925 1593 5010 est
1618 4957 1632 4978 ,
1673 4913 1784 5010 vult

232 5005 404 5088 inferre
424 5005 730 5086 horninibus
754 5037 859 5093 quo
885 5020 1130 5082 doleant,
1166 5012 1342 5067 studio
1372 5005 1781 5064 malevolentiae.

235 5125 344 5191 Quis
368 5132 446 5179 est
473 5122 561 5194 qui
582 5117 782 5175 deserit
798 5109 1058 5169 miseros?
1085 5107 1183 5174 Qui
1207 5104 1350 5159 videt
1376 5103 1585 5194 inopem
1609 5099 1785 5165 aliquo

239 5214 412 5269 auxilio
435 5192 682 5284 egentem
703 5248 718 5274 ,
742 5216 795 5261 et
837 5219 958 5259 cum
1006 5201 1194 5255 habeat
1231 5192 1497 5264 quomodo
1530 5196 1781 5284 praestet,

234 5279 531 5366 contemnit,
563 5299 829 5369 despicit,
857 5296 1052 5350 alienat
1075 5306 1167 5346 cor
1194 5303 1369 5342 stmm.
1400 5281 1550 5349 Quod
1597 5280 1640 5332 si
1676 5279 1785 5347 jam

232 5399 430 5452 onmino
462 5397 584 5451 talis
609 5399 789 5456 esset,
838 5396 897 5456 μι
926 5400 1029 5441 non
1059 5395 1196 5454 opus
1239 5377 1459 5432 haberet
1487 5372 1660 5443 aliqua
1690 5369 1789 5423 mi-

230 5489 537 5553 sericordia;
569 5464 1035 5554 superbus’esset.
1076 5474 1120 5527 si
1174 5471 1447 5526 desereret
1487 5464 1785 5554 miserum:

237 5583 397 5637 adhuc
423 5583 474 5636 in
500 5552 839 5635 tribulatione
863 5570 1039 5626 carnis
1062 5565 1381 5620 constitutus
1409 5565 1518 5624 est,
1545 5552 1790 5611 nesciens

235 5676 342 5745 quid
368 5674 466 5730 sibi
494 5670 660 5743 possit
689 5683 807 5724 cras
830 5662 1107 5728 accidere,
1158 5666 1213 5715 et
1263 5654 1487 5725 despicit
1530 5651 1792 5721 lacrymas

1404 234 1800 295 ENARl‘tATlO
1838 236 1908 295 ΙΝ
1946 236 2267 295 PSALMUM
2300 237 2368 301 AC.

3356 246 3495 303 1286

1910 357 2231 409 miserorum
2256 372 2270 420 ;
2295 369 2398 408 non
2419 362 2502 410 est
2521 354 2794 410 innocens.
2812 355 2917 412 Sed
2945 357 3062 427 quis
3089 360 3447 418 estinnJcens
3467 363 3495 416 2

1908 445 2007 512 Qui
2036 462 2156 499 cum
2188 446 2277 503 alii
2302 460 2408 500 non
2438 456 2624 514 nocet,
2676 463 2775 502 nec
2805 448 2902 503 sibi
2932 461 3108 505 nocet.
3136 452 3236 517 Qui
3265 452 3405 507 enim
3433 465 3488 509 et

1908 539 2007 593 sibi
2036 547 2224 602 nocet,
2259 554 2361 593 non
2387 549 2469 593 est
2498 538 2774 595 innocens.
2807 541 2895 595 Ait
2922 542 3115 612 aliquis
3146 560 3158 596 :
3210 544 3348 599 Ecce
3379 560 3486 600 non

1909 628 2002 682 tuli
2032 628 2187 682 alicui
2211 670 2225 691 ,
2257 644 2355 682 nec
2382 631 2552 697 pressi
2584 630 2815 700 aliquem
2844 648 2857 683 :
2888 631 2956 685 de
2982 647 3042 687 re
3073 649 3187 686 mea
3212 676 3225 699 ,
3254 634 3320 689 de
3340 634 3490 703 justo

1907 720 2088 773 labore
2111 734 2230 773 meo
2262 718 2400 774 bene
2431 719 2558 772 mihi
2589 718 2775 774 faciam
2796 762 2811 785 ,
2842 722 3141 776 convivium
3171 716 3484 793 apparatum

1908 809 2105 864 habere
2130 810 2252 864 volo
2273 852 2287 873 ,
2319 825 2540 879 erogare
2570 810 2692 863 volo
2715 820 2967 880 quantum
2998 829 3084 868 me
3111 814 3374 881 delectat,
3403 816 3483 870 bi-

1903 899 2031 953 bere
2059 915 2180 955 cum
2211 900 2402 970 quibus
2427 900 2551 955 volo
2589 912 2844 971 quantum
2873 918 2957 958 me
2978 903 3245 970 delectat;
3276 906 3359 960 cui
3390 907 3487 961 ali-

1903 992 2026 1061 quid
2057 991 2190 1046 tuli?
2218 1008 2374 1063 quem
2405 993 2613 1062 pressi?
2643 995 2764 1065 quis
2787 994 2854 1049 de
2878 1010 2963 1050 me
2987 1006 3206 1065 questus
3242 998 3369 1053 est?
3396 998 3485 1051 ln—

1905 1099 2102 1139 nocens
2134 1082 2361 1139 videtur.
2392 1083 2497 1140 Sed
2536 1084 2581 1139 si
2632 1086 2866 1156 seipsum
2916 1088 3237 1157 corrumpit,
3271 1089 3314 1143 si
3348 1097 3483 1143 tem-

1902 1173 2048 1242 plum
2081 1174 2257 1247 Dei‘in
2300 1189 2357 1229 se
2405 1176 2630 1243 evertit,
2662 1176 2785 1245 quid
2811 1184 3125 1246 exspectas,
3154 1187 3211 1231 ut
3256 1178 3309 1231 in
3350 1179 3485 1234 alios

1902 1262 2059 1318 faciat
2087 1264 2505 1320 misericordiam
2527 1307 2540 1331 ,
2568 1273 2620 1321 et
2667 1274 2852 1337 parcat
2881 1267 3130 1322 miseris?
3158 1268 3257 1336 Qui
3286 1269 3341 1323 in
3390 1285 3481 1325 se-

1901 1353 2072 1422 ipsum
2095 1355 2324 1410 crudelis
2346 1365 2455 1420 est,
2488 1371 2607 1413 esse
2651 1357 2704 1411 in
2730 1357 2892 1412 alium
2940 1358 3246 1414 misericors
3269 1361 3482 1429 potest?

1894 1442 2031 1497 Tota
2062 1460 2189 1514 ergo
2204 1444 2407 1515 justitia
2434 1445 2499 1500 ad
2523 1461 2683 1500 unum
2726 1446 2947 1502 verbum
2979 1448 3297 1503 innocentiae
3342 1449 3482 1504 redi-

1899 1535 2059 1601 gitur.
2093 1536 2192 1600 Qui
2213 1545 2378 1589 autem
2400 1536 2568 1607 diligit
2585 1537 2925 1608 iniquitatem,
2956 1538 3062 1592 odit
3084 1540 3306 1594 animam
3335 1556 3482 1595 suam

1900 1623 2071 1696 (Psal.
2100 1642 2128 1678 κ
2154 1666 2168 1691 ,
2199 1624 2277 1698 6).
2306 1626 2528 1694 Quando
2576 1627 2788 1681 amabat
2835 1628 3166 1698 iniquitatem
3188 1670 3203 1693 ,
3252 1632 3480 1700 putabat

1896 1717 2038 1786 quod
2091 1717 2211 1773 aliis
2239 1718 2486 1774 nocebat.
2533 1718 2641 1774 Sed
2667 1718 2791 1774 vide
2819 1720 2864 1774 si
2905 1720 3026 1774 aliis
3067 1721 3338 1776 nocebat:
3380 1721 3481 1787 Qui

1900 1806 2097 1879 diligit,
2143 1808 2341 1879 inquit,
2372 1810 2724 1881 iniquitatem,
2759 1810 2865 1864 odit
2902 1811 3124 1865 animam
3170 1829 3334 1867 suam.
3365 1813 3478 1871 Sibi

1897 1914 2025 1969 ergo
2051 1900 2200 1970 prius
2250 1909 2407 1956 nocet
2434 1902 2525 1973 qui
2548 1901 2664 1957 vult
2688 1900 2807 1957 aliis
2835 1916 3069 1968 nocere;
3098 1918 3196 1959 nec
3220 1903 3477 1959 deambu-

1895 1990 2003 2058 lat,
2030 1992 2280 2062 quianon
2311 2000 2394 2049 est
2414 1992 2524 2048 ubi.
2572 1994 2859 2065 Angustias
2882 1994 3024 2049 enim
3078 1995 3275 2063 patitur
3303 1996 3478 2050 omnis

1895 2084 2093 2137 malitia
2124 2103 2138 2139 :
2163 2084 2275 2139 sola
2303 2084 2605 2141 innocentia
2627 2085 2732 2140 lata
2760 2093 2843 2141 est
2865 2127 2880 2152 ,
2915 2085 3001 2140 ubi
3033 2073 3405 2142 deanibulctur
3434 2089 3474 2142 ί.

1893 2173 2297 2228 Deambulabam
2320 2175 2373 2228 in
2390 2176 2679 2230 innocentia
2701 2176 2869 2231 cordis
2897 2176 2997 2230 mei
3010 2219 3024 2244 ,
3046 2176 3101 2231 in
3116 2178 3281 2232 medio
3297 2177 3477 2231 domus

1893 2281 2038 2319 mete.
2070 2264 2296 2319 Medium
2327 2266 2518 2322 domus
2541 2281 2684 2333 suae,
2736 2275 2828 2323 aut
2863 2267 3033 2336 ipsam
3067 2267 3362 2323 Ecclesium
3395 2268 3477 2322 di-

1892 2358 1999 2425 cit;
2028 2357 2270 2414 Christus
2297 2356 2440 2411 enim
2492 2357 2545 2411 in
2577 2372 2640 2413 ea
2669 2356 3012 2413 deambulat:
3045 2366 3136 2412 aut
3157 2373 3252 2413 cor
3270 2372 3424 2412 suum
3455 2373 3472 2423 ;

1891 2448 2081 2503 domus
2109 2448 2250 2503 enim
2278 2454 2458 2502 nostra
2486 2447 2728 2514 interior,
2757 2461 2851 2501 cor
2870 2456 3108 2502 nostrum
3138 2457 3221 2503 est
3247 2464 3261 2501 :
3295 2456 3352 2502 ut
3373 2446 3476 2503 hoc

1893 2539 2201 2609 exposuerit
2224 2537 2366 2608 quod
2398 2538 2643 2608 superius
2670 2538 2836 2602 dixit,
2875 2537 2943 2592 In
2982 2538 3267 2593 innocentia
3306 2538 3475 2593 cordis

1890 2634 2006 2686 mei.
2036 2633 2166 2699 Qua:
2205 2640 2288 2686 est
2317 2630 2617 2685 innocentia
2647 2628 2824 2686 cordis
2861 2630 2981 2685 sui?
3011 2629 3240 2685 Medium
3280 2628 3475 2685 domus

1890 2735 2019 2776 sum.
2048 2721 2195 2776 Hanc
2219 2722 2435 2776 domum
2466 2720 2704 2791 quisquis
2725 2719 2888 2774 habet
2906 2720 3097 2774 malam
3120 2760 3134 2785 ,
3164 2719 3381 2789 pellitur
3405 2718 3474 2772 ab

1891 2815 1980 2870 illa
2022 2812 2464 2884 foras.,Quisquis
2508 2813 2651 2868 enim
2707 2814 2760 2867 in
2811 2812 2975 2868 corde
3021 2812 3280 2883 premitur
3333 2812 3471 2867 mala

1890 2904 2248 2971 conscientia,
2276 2903 2546 2974 quomodo
2571 2904 2795 2974 quisque
2843 2904 2911 2958 ab
2954 2903 3228 2958 stillicidio
3252 2904 3362 2958 exit
3404 2903 3473 2959 de

1890 2998 2049 3051 domo
2077 3010 2169 3048 sua
2192 3036 2206 3059 ,
2233 3002 2323 3048 aut
2349 3009 2378 3048 a
2408 2992 2555 3047 fumo
2579 3034 2593 3058 ,
2629 3008 2736 3047 non
2764 2992 2836 3048 ibi
2864 3007 2923 3047 se
2945 2992 3141 3062 patitur
3179 2992 3421 3048 habitare
3454 3010 3470 3047 :

1890 3086 2075 3156 sicqui
2107 3100 2209 3139 non
2242 3085 2401 3141 habet
2424 3086 2657 3155 quietum
2682 3099 2809 3148 cor,
2835 3083 3076 3139 habitare
3097 3083 3149 3138 in
3176 3084 3339 3139 corde
3373 3099 3473 3139 suo

1890 3177 2118 3232 libenter
2146 3195 2248 3231 non
2276 3186 2468 3247 potest.
2502 3176 2660 3230 Tales
2688 3175 2831 3231 foras
2857 3184 3051 3229 exeunt
3078 3189 3108 3228 a
3137 3174 3333 3245 seipsis
3356 3175 3472 3228 ani-

1889 3270 1962 3323 mi
1990 3269 2280 3323 intentione
2307 3308 2320 3329 ,
2352 3275 2407 3322 et
2429 3271 2496 3321 de
2518 3265 2601 3319 his
2624 3281 2743 3335 qua:
2773 3264 2903 3320 foris
2928 3273 3054 3319 sunt
3091 3265 3232 3320 circa
3275 3279 3473 3334 corpus

1888 3361 2252 3424 delectantur;
2282 3360 2513 3430 quietem
2543 3359 2595 3412 in
2625 3359 2777 3428 nugis
2798 3400 2812 3425 ,
2840 3356 2895 3412 in
2916 3358 3240 3428 Spectaculis
3259 3398 3273 3423 ,
3302 3357 3354 3412 in
3388 3358 3471 3411 lu-

1890 3456 2091 3521 xuriis,
2122 3455 2171 3508 in
2197 3454 2445 3507 omnibus
2482 3451 2637 3506 malis
2664 3459 2933 3521 qnmrunt.
2981 3448 3157 3516 Quare
3196 3448 3323 3503 foris
3371 3449 3470 3504 sibi

1885 3547 2075 3601 volunt
2120 3559 2238 3599 esse
2284 3542 2461 3597 bene?
2499 3541 2631 3609 Quia
2679 3558 2779 3594 non
2830 3549 2911 3594 est
2961 3539 3064 3593 illis
3110 3540 3249 3593 intus
3292 3539 3468 3606 bene,

1886 3638 2027 3696 unde
2068 3636 2332 3707 gaudeant
2383 3634 2436 3689 in
2484 3633 2826 3688 conscientia.
2883 3630 3006 3685 ideo
3054 3630 3307 3684 Dominus
3334 3645 3472 3696 .cum

1886 3742 2126 3789 sanasset
2170 3728 2554 3801 paralyticum,
2612 3727 2683 3780 ait
2729 3744 2741 3779 :
2786 3724 2830 3779 Τ
2833 3725 2934 3778 olle
2980 3724 3242 3795 grabatum
3288 3734 3473 3795 tuum,

1885 3837 1932 3883 et
1970 3825 2095 3880 vade
2145 3826 2197 3878 in
2254 3826 2461 3877 domum
2511 3831 2651 3875 tuam
2711 3818 2940 3888 (Matth.
3001 3834 3087 3883 ιχ,
3141 3817 3237 3888 6).
3291 3816 3473 3873 Faciat

1887 3916 2012 3972 illud
2063 3916 2237 3969 anima
2281 3930 2399 3983 qum
2448 3910 2599 3981 quasi
2650 3910 2875 3979 paralysi
2922 3908 3175 3963 dissoluta
3226 3916 3309 3963 est
3353 3925 3367 3961 :
3419 3909 3471 3961 in

1887 4007 2141 4063 membris
2186 4006 2339 4059 bona:
2389 4002 2713 4073 Operationis
2764 4000 3191 4068 constringatur,
3238 4008 3296 4054 ut
3337 3998 3475 4053 bene

1885 4107 2153 4171 operetur,
2187 4096 2337 4151 tollat
2362 4094 2634 4165 grabatum
2661 4107 2814 4147 suum
2839 4133 2855 4155 ,
2880 4098 3028 4160 regat
3055 4104 3247 4158 corpus
3274 4104 3467 4152 suum;

1881 4193 1990 4264 jam
2043 4200 2131 4247 eat
2181 4190 2233 4243 in
2285 4180 2499 4241 donmm
2544 4197 2732 4247 suam,
2788 4180 2947 4235 intret
2996 4179 3046 4233 in
3090 4177 3470 4233 conscientiam

1885 4297 2034 4340 suam
2064 4300 2076 4335 :
2094 4281 2202 4348 jam
2230 4278 2389 4331 latam
2419 4274 2671 4338 inveniet,
2700 4272 2786 4327 ubi
2814 4269 3135 4330 deambulet.
3164 4278 3219 4325 et
3247 4267 3470 4339 psallat,

1884 4385 1938 4431 et
1961 4375 2236 4443 intelligat.

1956 4468 2010 4523 5.
2042 4466 2190 4539 [vet-3.
2215 4464 2250 4518 '5
2270 4504 2284 4526 ,
2307 4460 2386 4534 4.]
2419 4457 2541 4514 Non
2594 4454 2934 4528 proponebant
2968 4461 3085 4507 ante
3123 4453 3294 4506 oculos
3333 4468 3472 4507 meos

1886 4577 1992 4614 rem
2028 4559 2236 4611 malam.
2269 4550 2407 4621 Quid
2433 4559 2548 4613 cst,
2594 4546 2716 4600 Non
2759 4542 3099 4615 proponebam
3138 4552 3257 4595 ante
3298 4540 3473 4596 oculos

1887 4668 2021 4707 meos
2065 4666 2169 4703 rem
2193 4644 2423 4707 malam?
2448 4642 2561 4696 Non
2607 4639 2912 4708 diligebam.
2946 4635 3095 4689 Solet
3137 4634 3280 4689 enim
3322 4634 3425 4687 dici
3452 4673 3467 4696 ,

1888 4744 2030 4816 quod
2062 4744 2230 4796 nostis
2250 4781 2265 4803 ,
2293 4737 2360 4791 de
2382 4734 2597 4789 homine
2623 4730 2711 4800 qui
2742 4728 2808 4782 ab
2833 4726 3012 4797 aliquo
3041 4724 3307 4816 diligitur,
3329 4725 3465 4816 Ante

1889 4814 2073 4891 oculos
2100 4834 2243 4887 illum
2277 4828 2470 4881 habet:
2503 4832 2558 4878 et
2579 4821 2669 4875 ille
2692 4818 2783 4888 qui
2813 4815 3203 4879 contemnitur,
3234 4814 3311 4870 sic
3336 4814 3476 4867 Solet

1890 4929 2037 5001 queri
2060 4969 2074 4992 ,
2105 4926 2218 4981 Non
2246 4936 2331 4976 me
2359 4918 2520 4972 habet
2544 4924 2665 4968 ante
2686 4910 2887 4966 oculos.
2916 4909 3050 4978 Quid
3078 4923 3204 4978 ergo
3229 4917 3331 4973 est,
3349 4916 3474 4958 ante

1890 4998 2072 5082 oculos
2094 5016 2327 5075 habere?
2359 5013 2601 5083 Diligere.
2630 5006 2764 5076 Quid
2785 5013 2896 5072 est,
2925 5021 3029 5058 non
3061 5001 3312 5072 diligere?
3356 4998 3473 5051 Non

1893 5121 1962 5175 ibi
1984 5114 2146 5173 corde
2186 5110 2446 5167 habitare.
2490 5102 2629 5158 Dixit
2653 5114 2782 5171 ergo
2801 5141 2815 5165 ,
2841 5096 2965 5151 Non
2988 5094 3326 5167 proponebam
3351 5098 3472 5143 ante
3560 5137 3564 5140 ι

1893 5210 2062 5267 oculos
2097 5221 2232 5258 meos
2260 5217 2361 5255 rem
2389 5197 2575 5251 malam
2599 5211 2619 5248 :
2644 5208 2751 5247 non
2777 5188 3060 5262 diligebam
3093 5203 3205 5242 rem
3251 5183 3471 5239 malam.

1895 5302 1961 5356 Et
1979 5296 2197 5367 exponit
2225 5293 2525 5362 ipsamrem
2554 5285 2782 5342 malam:
2813 5280 3080 5335 Facientes
3103 5275 3477 5349 praevaricatio-

1958 5528 1975 5556 ι
2003 5528 2067 5571 tta
2088 5525 2194 5568 Mss.
2212 5515 2324 5564 Edd.
2342 5511 2609 5572 vero,qttia_
2622 5521 2718 5559 non
2742 5510 2810 5556 est
2822 5500 3261 5572 tibiangttstiasnon
3276 5490 3475 5572 pat’tttr.

1897 5560 2447 5637 Ανείῖοἶιῦἶῖδ-ὗῆλιὶιῖιὶί
2468 5560 2571 5623 sola
2591 5564 2863 5622 innocentia
2886 5560 2999 5615 lata"
3020 5569 3106 5613 cst.
3141 5571 3165 5611 L
3180 5560 3226 5612 bi
3254 5560 3477 5611 deambu-

1897 5645 2004 5699 lat.”
