4012 6202
432 182 565 239 1287

427 312 544 351 nem
572 298 588 325 ¹
616 293 733 349 odia
768 291 940 347 habui.
966 287 1256 355 lntenditc,
1306 285 1495 341 fratres
1523 284 1649 340 mci.
1672 282 1728 338 Si
1758 282 2017 340 deambu-

424 388 548 444 latis
567 388 689 444 cum
715 385 928 443 Christo
956 374 1011 440 in
1039 381 1215 438 medio
1236 380 1426 435 domus
1454 378 1572 450 ejus
1595 419 1610 444 ,
1642 377 1696 432 id
1717 386 1800 432 est
1820 416 1835 442 ,
1863 376 1909 431 si
1929 375 2013 431 vel

427 482 480 533 in
509 478 673 534 corde
699 486 878 534 vestro
922 476 1057 533 bene
1088 470 1456 542 requiescitis,
1487 468 1571 524 vel
1601 468 1654 523 in
1686 468 1798 537 ipsa
1829 465 2014 522 Eccle-

385 554 393 561 ’
429 569 509 623 sia
537 569 734 623 bonum
766 567 868 621 iter
890 562 1111 633 carpitis
1138 561 1190 615 in
1221 561 1304 614 via
1355 558 1729 623 immaculata;
1779 571 1887 611 non
1918 571 2014 612 eos

431 672 633 714 tantum
661 658 747 729 qui
773 656 904 710 foris
929 664 1053 709 sunt
1081 653 1262 708 odisse
1284 651 1492 707 debetis
1532 650 1968 719 praevaricatores
1990 688 2007 715 ,

428 752 521 807 sed
541 760 594 806 et
616 762 979 819 quoscumque
1006 747 1145 800 intus
1175 744 1504 799 inveneritis.
1530 742 1632 812 Qui
1660 751 1785 797 sunt
1810 756 2015 813 praeva-

426 839 720 895 ricatores'!
747 837 847 905 Qui
870 836 1097 891 oderunt
1120 835 1292 905 legem
1323 832 1412 888 Dei
1439 848 1455 897 ;
1486 833 1575 903 qui
1602 831 1824 887 audiunt
1845 832 2007 898 illam,

425 939 481 984 et
511 944 615 983 non
658 928 896 993 faciunt,
949 926 1387 997 praevaricatores
1416 923 1685 978 dicuntur.
1730 922 2014 977 Facientes

430 1012 923 1088 praevaricationem
954 1016 1078 1071 odio
1106 1015 1275 1082 habe,
1323 1014 1524 1085 repelle
1573 1014 1694 1068 illos
1736 1029 1765 1065 a
1811 1022 1883 1068 te.
1905 1011 2011 1068 Sed

425 1108 606 1163 odisse
643 1108 812 1164 debes
865 1108 1342 1178 praevaricatores,
1384 1120 1490 1161 non
1546 1104 1812 1159 homines.
1862 1103 2013 1160 Unus

427 1197 593 1253 homo
620 1198 998 1268 prmvaricator
1017 1238 1029 1259 ,
1061 1196 1237 1250 videte
1262 1196 1385 1265 quia
1413 1193 1520 1249 duo
1557 1193 1773 1267 nomina
1801 1193 1964 1248 habet
1992 1234 2009 1261 ,

427 1287 619 1355 homo,
649 1297 703 1343 et
729 1287 1102 1357 prmvaricator
1130 1304 1142 1339 :
1171 1284 1441 1340 hominem
1470 1285 1611 1339 Deus
1637 1283 1793 1346 fecit,
1818 1298 2012 1352 praeva-
2042 1296 2049 1301 '

428 1380 715 1434 ricatorem
743 1381 855 1448 ipse
877 1394 935 1434 se
967 1379 1089 1433 fecit
1112 1395 1127 1442 ;
1155 1393 1274 1432 ama
1302 1377 1354 1431 in
1380 1377 1471 1431 illo
1496 1375 1641 1446 quod
1678 1376 1819 1430 Deus
1842 1372 1971 1430 fecit
1994 1415 2010 1440 ,

425 1474 820 1541 pcrsequerein
848 1470 940 1525 illo
964 1468 1108 1539 quod
1132 1469 1244 1539 ipse
1267 1467 1368 1524 sibi
1402 1467 1544 1522 fecit.
1575 1465 1710 1521 Cum
1730 1465 1871 1521 enim
1900 1480 2017 1534 per-

426 1570 649 1634 secutus
674 1560 840 1615 fueris
867 1552 1363 1629 prmva'ricationem
1417 1555 1572 1627 ejus,
1622 1554 1822 1610 occidis
1870 1555 2015 1626 quod

430 1636 593 1706 homo
619 1649 777 1717 fecit,
809 1658 864 1705 et
888 1651 1146 1704 liberatur
1186 1648 1329 1719 quod
1370 1647 1509 1702 Deus
1556 1645 1703 1702 fecit.
1749 1644 2017 1700 Facientes

428 1743 891 1812 praevaricationem
913 1740 1029 1794 odio
1057 1740 1232 1794 habui.

499 1836 551 1887 6.
584 1831 705 1886 Non
735 1832 945 1885 adluesit
972 1830 1096 1883 mihi
1123 1847 1210 1883 cor
1233 1844 1462 1898 pravum.
1492 1826 1645 1897 Quod
1673 1835 1755 1881 est
1777 1841 1870 1882 cor
1891 1840 2012 1897 pra-

427 1922 589 1977 vum?
622 1920 731 1976 Cor
769 1929 988 1974 tortum.
1034 1917 1187 1987 Quod
1224 1927 1308 1974 est
1350 1932 1445 1973 cor
1489 1916 1725 1987 tortum?
1765 1914 1870 1971 Cor
1908 1931 2017 1970 non
2056 1938 2063 1947 ι

429 2027 655 2071 rectum.
681 2013 832 2082 Quod
862 2021 944 2067 est
969 2027 1063 2066 cor
1090 2026 1194 2066 non
1222 2009 1462 2066 rectum?
1489 2008 1621 2064 Vide
1645 1985 1789 2079 quod
1815 2016 1898 2062 est
1915 2022 2013 2063 cor

428 2117 657 2170 rectum,
690 2116 743 2161 et
773 2105 844 2159 ibi
874 2106 1081 2160 iuvenis
1104 2102 1244 2175 quod
1283 2111 1367 2157 est
1400 2116 1497 2157 cor
1521 2116 1626 2156 non
1658 2110 1881 2156 rectum.
1907 2100 2016 2156 Re-

428 2209 570 2253 ctum
601 2212 696 2252 cor
724 2196 918 2252 dicitur
944 2195 1202 2260 hominis,
1232 2194 1322 2265 qui
1349 2192 1526 2248 omnia
1555 2207 1674 2263 quae
1698 2192 1811 2248 vult
1840 2192 2014 2260 Deus,

432 2306 538 2348 non
581 2292 694 2360 ipse
722 2306 826 2343 non
857 2289 1024 2343 vult’.
1067 2287 1349 2342 lntenditc.
1380 2285 1509 2341 Orat
1536 2285 1726 2355 aliquis
1752 2294 1812 2340 ut
1837 2284 2018 2340 nescio

430 2380 558 2451 quid
606 2396 710 2435 non
742 2379 982 2445 eveniat;
1023 2388 1175 2444 orat,
1219 2388 1273 2433 et
1316 2393 1421 2432 non
1465 2376 1794 2447 prohibetur.
1830 2375 2017 2431 Petat'

429 2480 685 2541 quantum
717 2479 887 2541 potest
920 2489 935 2524 :
963 2470 1056 2525 sed
1086 2477 1268 2525 contra
1292 2469 1620 2523 voluntatem
1650 2467 1816 2537 ipsius
1841 2465 2018 2522 evenit

426 2561 655 2632 aliquid;
687 2561 971 2631 subjungat
1013 2574 1071 2614 se
1100 2559 1357 2613 voluntati
1389 2559 1515 2625 Dei,
1546 2574 1651 2613 non
1691 2557 1902 2612 resistat
1924 2571 2017 2611 vo-

426 2651 612 2706 luntati
640 2667 862 2722 magum.
893 2650 1023 2717 Quia
1053 2659 1106 2703 et
1137 2650 1251 2719 ipse
1285 2649 1539 2704 Dominus
1580 2649 1657 2703 sic
1702 2648 1827 2703 illud
1852 2663 2016 2718 expo-

427 2744 504 2797 nit
529 2762 543 2799 :
568 2743 856 2798 ostendens
897 2741 1257 2795 infirmitatem
1300 2750 1535 2795 nostram
1577 2740 1627 2794 in
1676 2755 1764 2806 se,
1803 2740 2016 2811 quando

429 2850 678 2902 passurus
717 2844 860 2899 erat,
902 2835 1004 2901 ait,
1054 2831 1231 2888 Tristis
1273 2842 1347 2888 est
1386 2835 1559 2887 anima
1603 2837 1711 2887 mea
1749 2849 1905 2900 usque
1947 2836 2017 2887 ad

425 2937 652 2980 mortem.
690 2925 803 2981 Non
850 2926 992 2980 enim
1037 2940 1163 2980 vere
1210 2925 1299 2979 ille
1344 2925 1564 2979 timebat
1605 2935 1873 2991 mortem,
1923 2928 2016 2997 qui.

427 3024 744 3084 potestatem
790 3014 1022 3070 habebat
1066 3015 1295 3084 poiiendi
1339 3015 1568 3068 animam
1620 3031 1789 3078 suam,
1826 3025 1882 3071 et
1921 3033 2018 3088 po-

428 3116 672 3163 testatem
701 3107 932 3162 habebat
963 3107 1153 3161 iterum
1180 3105 1424 3161 sumendi
1451 3122 1566 3159 eant
1604 3105 1780 3174 (Joan.
1809 3122 1866 3170 ι.
1898 3108 2011 3178 18).

424 3198 493 3252 Et
513 3198 707 3253 Paulus
727 3198 995 3268 apostolus
1018 3198 1171 3252 miles
1199 3198 1382 3267 ipsius,
1406 3211 1596 3251 servus
1618 3198 1783 3267 ipsius
1801 3198 2013 3254 clamat:

425 3290 624 3342 Bonum
662 3300 912 3343 certamen
951 3289 1168 3354 certari,
1216 3305 1419 3342 cursum
1458 3289 1831 3356 consummavi,
1861 3288 2015 3357 ﬁdem

424 3381 647 3446 seruaui;
695 3381 758 3434 de
795 3390 972 3434 ctztcro
1021 3380 1241 3449 reposita
1272 3388 1343 3433 est
1380 3379 1504 3431 mihi
1545 3395 1730 3432 corona
1763 3380 2011 3450 justitite,

424 3487 575 3536 quam
615 3470 789 3524 reddet
832 3470 959 3523 mihi
997 3467 1243 3523 Dominus
1287 3469 1339 3522 in
1380 3468 1471 3523 illo
1506 3469 1588 3523 die
1622 3471 1793 3539 justus
1825 3471 2011 3541 judex.

429 3561 671 3616 Exsultat
697 3562 817 3632 quia
848 3561 1137 3615 moriturus
1175 3569 1285 3624 est;
1316 3568 1370 3614 et
1399 3559 1657 3615 Dominus
1686 3560 1800 3631 ejus
1829 3570 1882 3615 et
1911 3560 2015 3615 lm-

426 3661 641 3721 perator
678 3651 795 3723 ejus
843 3651 1011 3707 tristis
1054 3661 1166 3716 est,
1217 3650 1338 3721 quia
1381 3650 1672 3705 moriturus
1714 3649 1822 3705 est!
1872 3650 2015 3721 Ergo

425 3743 615 3796 melior
652 3757 838 3797 servus
879 3757 1035 3809 quam
1078 3740 1371 3795 Dominus?
1416 3739 1483 3795 Et
1527 3741 1617 3794 ubi
1655 3749 1736 3794 est
1772 3740 1910 3810 quod
1941 3741 2016 3796 ait

426 3833 540 3905 ipse
580 3833 832 3887 Dominus
855 3855 871 3887 :
895 3832 1087 3903 Suﬁirit
1129 3848 1269 3889 serra
1295 3839 1349 3884 ut
1372 3832 1436 3884 sit
1460 3831 1589 3884 sicut
1617 3831 1847 3885 dominus
1868 3832 2014 3903 ejus;

425 3924 603 3994 snﬂicit
641 3924 888 3995 discipulo
930 3932 983 3976 nt
1024 3923 1086 3974 sit
1129 3922 1256 3976 sicut
1303 3923 1538 3992 magister
1565 3922 1672 3990 ejus
1698 3920 1913 3989 (Matth.
1941 3936 1972 3975 Χ
1994 3964 2010 3986 ,

422 4014 555 4086 25)?
578 4014 714 4068 Ecae
742 4013 892 4068 fortis
913 4024 994 4068 (Esi
1018 4013 1210 4068 Paulus
1231 4022 1450 4066 ventura
1475 4024 1665 4077 morte,
1686 4022 1734 4066 ct
1759 4013 2012 4069 Dominus

423 4108 588 4163 ll'isllS
628 4107 743 4162 est!
793 4106 1072 4178 Optabam,
1126 4106 1324 4175 inquit,
1372 4105 1605 4170 dissolvi,
1654 4114 1697 4158 et
1748 4121 1854 4158 esse
1899 4122 2012 4159 cum

426 4200 624 4255 Christo
667 4198 925 4270 (Philipp.
956 4215 1010 4253 ι.
1041 4197 1153 4260 25).
1180 4196 1404 4255 Gaudet.
1435 4197 1554 4265 quia
1597 4195 1923 4260 diSsolvitur,
1954 4206 2013 4251 ut

422 4291 492 4344 sit
525 4305 646 4344 cum
677 4288 925 4352 Christo;
956 4298 1011 4342 et
1037 4289 1148 4356 ipse
1175 4286 1416 4342 Christus
1432 4289 1608 4351 tristis
1630 4295 1730 4353 est,
1759 4302 1877 4340 cum
1903 4301 2012 4358 quo

422 4379 523 4434 iste
551 4378 779 4433 futurum
809 4394 867 4432 se
892 4392 1012 4432 esse
1041 4374 1278 4432 la-tatur!
1333 4378 1436 4433 Sed
1466 4377 1588 4447 quid
1618 4388 1734 4432 erat
1761 4378 1845 4432 illa
1873 4391 1971 4431 vox
1990 4418 2006 4443 ,

423 4468 525 4523 nisi
567 4481 730 4521 sonus
767 4467 1089 4520 infirmitatis
1138 4468 1369 4521 nostrm?
1412 4467 1557 4521 Multi
1601 4467 1777 4521 adhuc
1814 4466 2008 4521 inﬁrmi

424 4559 811 4614 contristantur
836 4557 1009 4612 futura
1041 4567 1249 4612 morte:
1274 4558 1365 4612 sed
1400 4558 1628 4611 habeant
1652 4569 1853 4612 rectum
1880 4572 2004 4622 cor;

422 4651 587 4706 vitent
609 4660 857 4712 mortem,
877 4658 1129 4720 quantum
1160 4659 1409 4719 possunt;
1434 4649 1526 4704 sed
1558 4650 1600 4703 si
1630 4664 1733 4703 non
1763 4659 2004 4719 possunt,

418 4742 602 4797 dicant
624 4740 764 4813 quod
792 4742 905 4811 ipse
935 4740 1190 4796 Dominus
1209 4757 1311 4795 non
1339 4749 1555 4811 propter
1570 4755 1649 4804 se,
1673 4740 1765 4794 sed
1791 4748 2007 4810 propter

421 4850 520 4890 nos
571 4833 722 4888 dixit.
769 4833 905 4902 Quid
952 4832 1093 4888 enim
1143 4832 1312 4888 dixit?
1362 4832 1538 4899 Pater,
1589 4834 1634 4887 si
1669 4834 1782 4902 ﬁeri
1827 4842 2004 4903 potest,

421 4936 645 4982 transeat
674 4944 705 4980 a
730 4943 810 4981 me
833 4926 969 4979 calix
1010 4925 1120 4979 iste.
1166 4926 1305 4981 Ecce
1345 4924 1507 4979 habes
1538 4925 1863 4980 voluntatem
1904 4925 2005 4980 lm-

418 5034 629 5074 umnam
674 5031 1016 5088 expressam;
1066 5016 1183 5071 vide
1225 5016 1336 5085 jam
1381 5024 1586 5069 rectum
1615 5030 1754 5105 cor:
1790 5008 2004 5095 Vcrugi,

412 5130 510 5166 non
534 5110 669 5182 quod
695 5126 784 5180 ego
813 5108 945 5173 volo,
973 5107 1060 5161 sed
1083 5107 1218 5177 quod
1249 5117 1299 5159 tu
1326 5107 1416 5169 vis,
1449 5105 1602 5160 Pater
1626 5106 1835 5178 (Matth.
1855 5124 2002 5174 xxvi,

411 5204 498 5268 58,
535 5201 648 5275 59).
678 5201 732 5257 Si
760 5214 888 5270 ergo
919 5207 1123 5253 rectum
1163 5212 1257 5250 cor
1285 5198 1525 5266 sequitur
1550 5198 1713 5253 Deum
1737 5240 1751 5264 ,
1781 5214 2002 5268 pravum

410 5308 503 5352 ρη-
556 5293 757 5349 resistit
798 5292 925 5346 Deo.
975 5287 1187 5359 Aliquid
1236 5288 1308 5340 illi
1356 5289 1629 5358 contingat
1679 5288 2002 5354 adversum,

478 5427 493 5457 ¹
521 5431 584 5475 Ita
610 5434 715 5476 Mss.
739 5432 791 5476 Αι
815 5419 1414 5488 Edd.,,pra2naricaticues.

474 5488 630 5593 Lm.
674 5495 726 5536 et
768 5493 907 5548 LOV.,
938 5483 1053 5548 ipse
1088 5483 1203 5534 vult.
1232 5491 1286 5533 Al.
1322 5490 1396 5531 ΕΓ.
1424 5490 1475 5533 et.
1498 5491 1633 5545 uss,
1658 5496 1751 5539 nou
1787 5485 1891 5549 ipse
1912 5497 2004 5535 non

415 5557 662 5665 "11:.‘0V-p
684 5604 799 5672 petit
827 5619 844 5659 :
868 5609 1272 5661 dissentientibus
1293 5607 1402 5658 Edd.
1551 5616 1602 5659 et
1625 5615 1733 5660 uss.

1668 171 1725 227 s.
1759 164 2124 226 AUGUSTINI
2152 167 2462 255 episcopi

3572 168 3715 230 19.88

2126 281 2321 338 clamat
2352 302 2365 338 :
2395 283 2555 349 Deus,
2605 282 2730 356 quid
2777 283 2870 339 tibi
2896 284 3036 341 feci?
3077 284 3205 356 quid
3254 285 3536 341 commisi?
3580 286 3715 357 quid

2124 374 2339 441 peccavi
2362 375 2385 428 ?
2412 373 2482 430 Se
2503 375 2709 446 justum
2735 374 2850 431 vult
2868 375 3057 440 videri,
3082 376 3250 445 Deum
3273 375 3548 446 iniustum.
3572 376 3716 447 Quid

2121 469 2226 516 tam
2252 465 2509 531 pravum?
2550 464 2742 519 Parum
2772 473 2857 521 est
2894 466 3014 537 quia
3042 474 3210 521 tortus
3251 476 3371 533 est;
3418 476 3471 523 et
3514 474 3713 523 tortam

2118 554 2355 624 regulam
2387 563 2553 625 putat.
2595 556 2816 628 Corrige
2844 568 2898 613 te
2917 599 2934 622 ,
2980 567 3035 612 et
3073 557 3281 613 invenis
3310 562 3514 613 rectum
3541 573 3571 613 a
3602 574 3717 630 quo

2090 651 2173 701 -ιε
2195 644 2518 716 depravasti.
2544 647 2638 703 Ille
2662 649 2825 716 juste,
2859 659 2913 703 tu
2942 647 3171 718 injuste;
3201 657 3255 702 et
3280 648 3717 720 ideo~perversus

2117 750 2198 800 es,
2239 737 2359 807 quia
2401 737 2671 793 hominem
2708 738 2910 806 justum
2950 737 3117 805 dicis,
3148 747 3204 793 et
3233 738 3399 793 Deum
3430 739 3715 810 injustum.

2118 826 2288 897 Quem
2320 828 2590 884 hominem
2607 829 2812 900 justum
2834 828 3003 884 dicis?
3024 828 3295 900 Teipsum.
3314 829 3536 896 Quando
3561 833 3715 885 enim

2118 917 2271 985 dicis,
2302 918 2438 985 Quid
2469 919 2561 975 tibi
2586 914 2715 976 feci?
2747 919 2947 990 justum
2978 929 3029 973 te
3057 928 3230 990 putas.
3256 919 3361 976 Sed
3389 921 3721 989 respondeat

2118 1007 2215 1062 tibi
2263 1009 2660 1064 Deus:Verum
2703 1008 2872 1076 dicis,
2925 1010 3056 1064 mihi
3103 1009 3234 1063 nihil
3282 1009 3483 1074 fecisti;
3526 1012 3718 1065 omnia

2117 1100 2262 1155 enim
2294 1100 2386 1155 tibi
2417 1099 2609 1156 fecisti.
2631 1101 2686 1157 Si
2706 1101 2850 1156 enim
2874 1100 3000 1155 mihi
3023 1100 3222 1169 aliquid
3245 1100 3481 1167 fecisses,
3507 1101 3714 1155 bonum

2119 1190 2357 1249 fecisses.
2397 1192 2660 1264 Quidquid
2706 1195 2850 1249 enim
2897 1195 3031 1248 bene
3076 1192 3168 1257 ﬁt,
3219 1192 3347 1248 mihi
3374 1194 3460 1259 lit;
3491 1193 3613 1263 quia
3640 1209 3713 1247 cx

2120 1294 2390 1353 praecepto
2420 1298 2542 1340 meo
2572 1283 2633 1338 ﬁt
2654 1301 2668 1338 :
2693 1284 2947 1354 quidquid
2981 1294 3157 1338 autem
3190 1284 3311 1337 mali
3343 1284 3433 1348 lit,
3480 1283 3571 1338 tibi
3618 1283 3671 1336 fit
3695 1324 3713 1347 ,

2118 1389 2225 1428 non
2253 1374 2382 1429 mihi
2411 1374 2503 1439 ﬁt;
2534 1374 2660 1446 quia
2691 1390 2797 1431 non
2835 1373 2963 1431 facit
3003 1376 3171 1430 malus
3206 1375 3405 1446 aliquid
3445 1375 3543 1429 nisi
3573 1375 3713 1439 sibi,

2117 1465 2241 1535 quia
2285 1465 2386 1521 hoc
2434 1450 2541 1521 non
2593 1480 2693 1537 ego
2726 1465 2911 1537 jubeo.
2961 1466 3119 1521 Tales
3163 1466 3378 1536 quando
3426 1466 3713 1532 videritis,

2119 1556 2332 1622 fratres,
2360 1556 2887 1627 corripite,,arguite,
2914 1557 3165 1627 corrigite
3184 1575 3196 1610 :
3216 1566 3268 1611 et
3293 1557 3338 1610 si
3360 1570 3463 1611 non
3488 1558 3716 1627 potestis

2119 1647 2397 1718 corripere
2422 1658 2514 1703 aut
2537 1628 2833 1717 corrigere,
2864 1650 3028 1704 nolite
3048 1649 3384 1712 consentire;
3414 1658 3468 1703 ut
3491 1649 3715 1718 possitis

2120 1738 2321 1804 dicere,
2353 1738 2408 1793 Ν
2410 1757 2475 1794 on
2500 1739 2713 1795 adhaesit
2738 1740 2861 1794 mihi
2883 1756 2972 1794 cor
2994 1756 3223 1811 pravum.

2190 1834 2245 1888 7.
2273 1831 2400 1888 Cum
2426 1832 2701 1887 declinaret
2725 1848 2758 1885 a
2786 1848 2866 1887 me
2888 1832 3171 1902 malignus,
3200 1848 3301 1885 non
3325 1831 3713 1901 cognoscebam.

2122 1922 2258 1990 Quid
2295 1932 2398 1988 est,
2430 1939 2532 1977 non
2572 1923 2975 1994 cognoscebam?
3010 1921 3129 1977 Non
3172 1922 3528 1991 approbaliam
3549 1962 3566 1988 ,
3598 1938 3718 1977 non

2121 2013 2423 2080 laudabam,
2452 2029 2558 2070 non
2587 2014 2717 2069 mihi
2747 2012 3009 2083 placebat.
3033 2012 3370 2083 Cognoscere
3394 2012 3535 2067 enim
3561 2013 3720 2067 inve-

2120 2105 2297 2160 nimus
2324 2106 2375 2157 in
2401 2104 2686 2174 Scripturis
2713 2104 2998 2174 aliquando
3022 2103 3124 2159 dici
3145 2145 3160 2171 ,
3193 2118 3289 2174 pro
3327 2119 3393 2157 eo
3434 2103 3573 2173 quod
3617 2114 3720 2158 est

2121 2196 2332 2267 placere
2361 2196 2535 2250 nobis.
2568 2195 2706 2264 Quid
2736 2196 2877 2250 enim
2909 2196 3037 2251 latet
3068 2196 3256 2260 Deum,
3288 2194 3516 2250 fratres?
3544 2195 3724 2250 Num-

2120 2288 2243 2357 quid
2271 2289 2415 2342 novit
2444 2287 2613 2357 iustos
2633 2330 2648 2354 ,
2675 2296 2729 2343 et
2754 2302 2859 2343 non
2882 2288 3031 2343 novit
3051 2288 3277 2356 iniustos
3297 2288 3321 2343 2
3345 2288 3480 2356 Quid
3505 2289 3722 2359 Cogitas

2121 2377 2261 2447 quod
2304 2377 2394 2432 ille
2440 2377 2673 2432 nesciat?
2714 2377 2829 2431 Non
2874 2377 3015 2443 dico,
3047 2377 3169 2448 quid
3212 2377 3376 2442 facis;
3418 2378 3534 2440 sed,
3579 2381 3720 2449 quid

2119 2469 2321 2540 cogitas
2341 2468 2482 2538 quod
2504 2469 2594 2524 ille
2616 2469 2854 2523 nesciat?
2876 2469 2987 2523 Non
3011 2469 3152 2533 dico,
3177 2469 3301 2539 quid
3326 2470 3559 2539 cogitas;
3586 2472 3713 2534 sed,

2120 2560 2245 2632 quid
2274 2562 2602 2631 cogitaturus
2624 2576 2683 2616 es
2703 2560 2841 2630 quod
2868 2560 2958 2615 ille
2987 2574 3093 2614 non
3119 2570 3243 2614 ante
3267 2561 3497 2614 viderit?
3515 2560 3718 2616 Omnia

2120 2668 2247 2724 ergo
2272 2654 2420 2708 novit
2455 2654 2594 2708 Deus
2618 2671 2630 2707 :
2654 2662 2707 2708 et
2735 2662 2911 2707 tamen
2954 2653 3005 2707 in
3034 2652 3173 2718 fine,
3216 2652 3266 2705 id
3307 2660 3390 2707 est
3423 2652 3474 2706 in
3505 2652 3721 2721 judicio

2120 2754 2240 2817 post
2265 2745 2689 2802 misericordiam
2710 2787 2725 2809 ,
2758 2745 2825 2799 de
2850 2744 3165 2816 quibusdam
3187 2744 3352 2800 dicit:
3381 2764 3401 2796 ι
3431 2745 3485 2798 In
3510 2747 3594 2799 illa
3614 2746 3721 2803 die

2120 2838 2270 2893 multi
2301 2837 2510 2892 venturi
2538 2846 2701 2903 sunt,
2730 2845 2784 2891 et
2808 2836 3022 2901 dicent,
3053 2836 3275 2892 Domine
3294 2877 3310 2903 ,
3356 2837 3571 2891 Domine
3590 2878 3605 2904 ,
3651 2838 3716 2892 in

2120 2930 2337 2983 nomine
2363 2937 2453 2984 tuo
2478 2928 2740 2984 daemonia
2764 2928 3040 2998 eiecimus,
3061 2928 3114 2983 in
3138 2930 3352 2984 nomine
3375 2938 3462 2985 tuo
3482 2930 3718 2984 virtutes

2119 3020 2352 3076 multas‘
2397 3020 2652 3084 fecimus,
2702 3020 2754 3073 in
2793 3021 3010 3075 nomine
3053 3028 3144 3074 tuo
3179 3020 3608 3075 manducavimus
3650 3031 3720 3076 et

2117 3110 2384 3173 bibimus;
2424 3119 2477 3164 et
2501 3109 2675 3163 dicam
2701 3111 2825 3177 illis,
2860 3110 3126 3165 Discedite
3151 3126 3181 3165 a
3212 3127 3318 3172 me,
3346 3110 3575 3180 operarii
3603 3112 3717 3166 ini-

2115 3202 2334 3274 quitatis
2353 3217 2368 3267 ;
2389 3217 2496 3255 non
2517 3202 2637 3255 novi
2660 3216 2754 3256 vos
2783 3221 2802 3253 ι
2829 3201 3041 3272 (Matth.
3077 3216 3169 3267 vn,
3201 3201 3271 3254 22
3284 3200 3459 3270 et23).
3483 3200 3575 3256 Ille
3595 3218 3713 3257 non

2116 3293 2265 3370 novit
2289 3292 2555 3360 aliquant?
2582 3291 2688 3347 Sed
2714 3292 2838 3362 quid
2863 3301 2966 3358 est,
2998 3291 3118 3347 Non
3138 3293 3254 3347 novi
3277 3293 3402 3347 vos?
3429 3293 3486 3347 In
3512 3294 3708 3364 regula

2117 3399 2234 3441 mea
2262 3399 2368 3440 non
2414 3400 2511 3440 vos
2551 3400 2804 3454 agnosco.
2844 3384 2976 3439 Novi
3020 3385 3162 3439 enim
3206 3386 3443 3456 regulam
3483 3385 3715 3454 iustitiae

2116 3490 2253 3531 mea:
2275 3492 2288 3531 :
2313 3490 2419 3531 non
2448 3475 2521 3529 illi
2547 3476 2838 3546 congruitis
2859 3516 2874 3539 ,
2902 3476 3212 3531 dcclinastis
3241 3477 3308 3530 ab
3336 3477 3424 3531 illa
3444 3519 3457 3540 ,
3490 3478 3712 3532 distorti

2114 3569 2265 3623 estis.
2294 3566 2419 3623 Ideo
2443 3576 2497 3623 et
2530 3568 2615 3622 hic
2652 3569 2805 3635 dixit,
2838 3567 2957 3623 Non
2984 3569 3359 3639 ca’gnoscrbam.
3393 3570 3517 3624 Cum
3539 3570 3713 3624 αρτιξ-

2116 3671 2258 3715 naret
2281 3677 2315 3714 a
2340 3675 2420 3714 me
2451 3661 2723 3731 malignus,
2754 3677 2854 3715 non
2885 3662 3264 3732 cognoscebam.
3295 3663 3432 3729 Quid
3463 3672 3566 3727 cst,
3595 3681 3713 3718 non

2115 3752 2508 3821 cognoscebam?
2540 3751 2805 3822 Numquid
2854 3752 2993 3809 forte
3034 3754 3155 3823 quia
3199 3756 3460 3823 malignus
3489 3756 3714 3824 quando

2114 3842 2323 3899 obviam
2351 3842 2572 3912 litjusto
2599 3842 2651 3897 in
2695 3844 2816 3897 vico
2842 3843 3275 3913 angusto,_dicit
3312 3845 3413 3901 sibi
3438 3847 3577 3915 quod
3617 3857 3713 3902 cst

2114 3931 2368 4003 scriptum
2392 3934 2442 3987 in
2462 3932 2731 4002 Sapientia
2752 3931 3072 4001 Salomonis,
3092 3932 3272 3988 Gravis
3291 3945 3360 3989 est
3386 3936 3526 3990 nobis
3551 3938 3712 3991 etiam

2114 4026 2183 4080 ad
2203 4027 2472 4081 videndum
2498 4027 2656 4099 (Sap.
2687 4043 2744 4094 ll,
2783 4028 2905 4099 15);
2947 4036 3004 4083 et
3043 4036 3214 4082 mutat
3256 4030 3393 4082 viam
3433 4045 3499 4083 ne
3523 4029 3717 4086 videat

2113 4134 2273 4189 quem
2305 4134 2411 4173 non
2438 4118 2586 4173 vult?
2623 4118 2729 4174 Sed
2773 4134 2930 4187 quam
2961 4119 3113 4173 multi
3144 4127 3267 4173 sunt
3311 4120 3520 4189 maligni
3564 4136 3714 4189 quos

2113 4207 2375 4273 videmus,
2405 4218 2460 4264 et
2483 4209 2571 4279 qui
2594 4224 2689 4264 nos
2717 4209 2918 4273 vident,
2945 4217 3128 4265 etnon
3154 4210 3327 4264 solum
3357 4227 3461 4265 non
3488 4227 3516 4263 a
3543 4212 3711 4268 nobis

2113 4297 2406 4364 declinant,
2433 4298 2526 4353 sed
2548 4309 2771 4353 currunt
2790 4299 2856 4354 ad
2874 4314 2993 4364 nos,
3013 4300 3367 4369 etaliquando
3393 4302 3708 4371 iniquitates

2113 4402 2239 4443 snas
2280 4404 2377 4459 per
2422 4403 2521 4443 nos
2565 4390 2774 4460 impleri
2821 4390 3122 4461 cupiunt”?
3168 4391 3488 4461 Plerumque
3544 4393 3708 4448 nobis

2113 4481 2395 4550 contingit.
2441 4481 2722 4550 Quomodo
2767 4497 2896 4552 ergo
2933 4481 3243 4537 declinant?
3273 4483 3513 4537 Declinat
3547 4499 3579 4538 a
3608 4492 3664 4537 te
3685 4525 3704 4550 ,

2112 4573 2200 4642 qui
2229 4571 2504 4627 dissimilis
2531 4582 2613 4627 est
2639 4572 2754 4626 tibi.
2780 4572 3048 4637 Quid‘est,
3076 4572 3360 4627 declinata
3388 4572 3480 4626 te?
3509 4588 3612 4626 non
3646 4581 3708 4627 te

2109 4664 2374 4735 sequitur.
2401 4662 2542 4731 Quid
2567 4671 2679 4729 est,
2708 4678 2813 4717 non
2842 4672 2895 4718 te
2921 4662 3192 4732 sequitur?
3216 4661 3330 4716 Non
3358 4671 3410 4717 te
3435 4662 3702 4717 imitatur.

2111 4753 2419 4825 Ergo,Cnm
2434 4753 2705 4807 declinaret
2729 4770 2761 4806 a
2790 4769 2867 4807 me
2892 4753 3166 4825 malignus,
3198 4754 3249 4809 id
3277 4763 3380 4821 est,
3413 4768 3533 4808 cum
3565 4754 3705 4809 mihi

2111 4844 2392 4901 dissimilis
2421 4853 2567 4899 esset
2590 4844 2874 4915 malignus,
2899 4855 2953 4899 et
2979 4845 3093 4900 vias
3115 4861 3261 4901 meas
3283 4846 3449 4901 nollet
3470 4845 3701 4911 imitari,

2112 4937 2279 4993 nollet
2303 4936 2381 4991 sic
2401 4936 2582 4991 vivere
2606 4937 2890 5007 malignus,
2916 4938 3187 5008 quomodo
3216 4952 3302 4992 me
3337 4936 3412 4991 illi
3441 4938 3705 5007 proposui

2176 5116 2192 5147 ι
2221 5122 2347 5169 διεδ..
2368 5124 2583 5169 nmquis.

2176 5124 2192 5147 I
2500 5126 2513 5139 ‘
2571 5147 2583 5160 ε

2172 5179 2192 5209 ³
2215 5124 2654 5238 ξδ’έιῖἶᾝξῖὥῗοδι
2684 5175 2904 5238 verbum,
2933 5173 3149 5238 cupitmt,
3178 5175 3248 5225 sic
3280 5181 3657 5238 prosequuntur
3690 5191 3707 5232 :

2108 5237 2386 5301 plerumque
2407 5249 2457 5287 se
2474 5235 2615 5301 nobis,
2632 5235 2921 5301 conjungunt
2942 5235 3273 5301 ?‘Plcrumque
3285 5235 3436 5301 nobis
3445 5235 3703 5301 contingit.

2110 5298 2434 5363 Begiuslibcr
2467 5312 2563 5347 non
2603 5298 2753 5347 habet
2793 5298 2904 5359 nisi,
2934 5298 3218 5360 Plerumque
3245 5312 3295 5363 se
3327 5298 3460 5349 nobis
3493 5298 3706 5363 conjun—

2107 5359 2240 5424 σπῆι,
2262 5361 2346 5410 Alii
2370 5372 2490 5424 vero
2516 5368 2622 5424 Mss.
2664 5373 2798 5424 cum,
2826 5370 2925 5408 am.
2944 5423 2951 5424 ί
2972 5359 3162 5424 nonnisi
3190 5375 3201 5409 :
3235 5371 3250 5408 ι
3273 5360 3516 5424 harumque
3555 5359 3704 5424 uehis

2106 5416 2331 5484 contingit
2351 5436 2368 5484 ;
2388 5423 2566 5484 quibus
2588 5420 2714 5470 forte
2738 5422 2897 5471 minus
2941 5416 3205 5473 intellectis
3241 5423 3405 5470 verbis
3429 5416 3588 5484 priora
3612 5418 3706 5471 illa

2106 5483 2445 5535 substituenda
2463 5485 2701 5546 quispiam
2726 5485 3107 5546 existimaverat.
3131 5487 3213 5533 ttic
3234 5497 3376 5545 porro
3399 5483 3709 5546 Augustinus

2108 5550 2358 5609 respicere
2379 5543 2653 5596 videtur'ad
2679 5547 2922 5609 improbos
2936 5545 3225 5606 litigatores,
3236 5543 3326 5607 qui
3344 5543 3502 5603 iniqua
3514 5543 3703 5607 judicia

2113 5607 2375 5678 impetrare
2399 5613 2461 5661 ab
2482 5607 2722 5671 episcopis
2743 5608 3022 5670 cupiebant.
