4012 6202
274 312 424 370 i289

267 429 341 484 ad
369 428 757 492 imitationem;
789 443 886 482 non
913 429 1287 499 cognoscebam.
1324 426 1460 493 Quid
1491 437 1571 481 est
1590 470 1604 490 ,
1636 443 1736 480 non
1760 444 1848 481 co-

272 521 622 591 gnoscebam?
648 519 763 575 Non
803 520 927 590 quia
967 519 1304 584 nesciebam,
1349 517 1443 573 sed
1483 519 1602 588 quia
1630 534 1734 574 non
1759 535 1852 588 ap—

273 609 594 684 probabam.

345 706 401 760 8.
431 703 584 777 [vers.
617 702 697 774 5.]
728 701 1078 756 Detrahentem
1108 702 1336 770 proximo
1363 717 1453 754 suo
1482 701 1692 768 occulte,
1721 702 1853 755 hunc

273 795 624 867 persequebar.
667 794 805 848 Ecce
854 803 1160 861 persecutor
1202 792 1403 853 bonus,
1438 806 1544 846 non
1579 793 1809 846 hominis
1835 833 1849 856 ,

272 885 367 938 sed
414 885 638 953 peccati.
681 883 908 953 Superbo
943 882 1087 936 oculo
1129 891 1174 935 et
1210 882 1483 936 insatiabili
1518 882 1696 945 corde,
1738 883 1854 936 huic

274 995 374 1030 non
405 975 751 1030 convescebar.
781 974 915 1043 Quid
942 984 1043 1040 est,
1073 992 1172 1028 non
1200 975 1565 1028 convescebar?
1589 975 1704 1029 Non
1733 991 1851 1030 cum

271 1067 367 1120 illo
413 1051 833 1121 manducabam.’
875 1065 1130 1120 Attendat
1179 1062 1418 1118 Charitas
1471 1073 1674 1131 vestra;
1731 1066 1850 1136 quia

270 1158 465 1210 mirum
508 1156 709 1226 aliquid
749 1156 977 1210 audituri
1009 1156 1156 1210 estis.
1200 1155 1255 1210 Si
1301 1171 1405 1209 non
1440 1157 1854 1212 conveseehatur

267 1262 390 1301 cum
429 1248 559 1313 illo,
592 1262 698 1300 non
729 1246 1112 1311 manducabat;
1143 1245 1283 1300 vesci
1314 1247 1455 1300 enim
1475 1287 1492 1312 ,
1534 1247 1852 1301 manducare

265 1347 524 1392 est:cur
575 1353 702 1408 ergo
757 1337 926 1407 ipsum
983 1338 1154 1406 primo
1206 1337 1484 1391 Dominum
1542 1338 1850 1393 invenimus

265 1429 630 1484 manducasse
681 1443 801 1482 cum
847 1429 1170 1498 superbis‘?
1217 1426 1336 1482 Non
1383 1444 1505 1483 cum
1557 1429 1852 1498 publicanis

265 1521 375 1574 ilhs
422 1529 478 1574 et
520 1519 912 1589 peccatoribus,
963 1533 1084 1572 nam
1130 1519 1229 1587 ipsi
1281 1518 1508 1574 humiles
1545 1529 1852 1575 erant:co-

262 1612 599 1682 gnoscehant
622 1611 766 1665 enim
794 1611 1104 1680 languorem
1150 1625 1303 1664 suum
1330 1652 1344 1675 ,
1391 1619 1447 1665 et
1473 1612 1734 1667 medicum
1762 1628 1844 1668 re-

268 1705 580 1771 quirebant.
619 1703 751 1758 Cum
793 1703 922 1772 ipsis
947 1703 1192 1771 superbis
1233 1703 1518 1757 Pharisaiis
1549 1704 1849 1759 invenimus

264 1797 413 1849 illum
445 1784 814 1849 manducasse.
847 1794 976 1848 Nam
1002 1795 1265 1863 superbus
1292 1795 1506 1864 quidam
1536 1796 1849 1852 invitaverat

263 1888 413 1940 illum
436 1905 448 1940 :
471 1888 585 1956 ipse
611 1895 694 1941 est
734 1888 818 1941 cui
849 1886 1112 1955 diSpllCIlil
1147 1887 1270 1956 quia
1314 1887 1508 1942 mulier
1553 1893 1843 1958 peccatrix,

262 1993 386 2047 qua:
410 1986 529 2032 erat
552 1977 605 2031 in
635 1977 850 2032 civitate
881 1976 1104 2041 famosa,
1136 1977 1360 2032 accessit
1380 1978 1446 2032 ad
1479 1979 1640 2048 pedes
1667 1980 1846 2034 Domi-

262 2071 351 2130 ni;
380 2077 434 2122 et
455 2068 529 2121 ait
558 2067 608 2120 in
636 2066 800 2122 corde
825 2068 962 2135 suo(
991 2067 1112 2136 quia
1136 2068 1254 2122 talis
1275 2078 1391 2123 erat
1419 2070 1675 2125 munditia
1705 2071 1846 2126 Pha-

262 2161 571 2224 risaeorum,
614 2169 670 2214 ut
713 2174 871 2213 nemo
928 2173 1022 2214 eos
1067 2159 1280 2228 iniquus
1319 2169 1596 2230 tangeret;
1637 2163 1682 2217 si
1728 2164 1847 2232 quis

260 2249 383 2303 illos
422 2249 724 2304 immundus
763 2248 846 2303 vel
877 2248 1080 2303 modice
1119 2249 1413 2319 tetigisset,
1458 2251 1844 2321 exhorrebant,

232 2395 240 2402 _
266 2355 339 2393 ne
366 2340 516 2410 quasi
545 2337 845 2392 immundos
875 2353 970 2392 eos
996 2338 1190 2393 laceret
1219 2349 1388 2394 tactus
1426 2341 1746 2396 immundus.
1777 2344 1848 2397 At

260 2433 352 2484 ubi
382 2431 643 2499 peccatrix
685 2429 769 2483 illa
789 2469 805 2495 ,
836 2444 952 2498 qme
981 2438 1096 2483 erat
1137 2429 1188 2483 in
1229 2431 1439 2485 civitate
1481 2430 1679 2487 famosa
1703 2473 1720 2499 ,
1749 2447 1846 2487 ac-

258 2521 426 2576 Cessit
453 2521 579 2575 (lere
608 2520 674 2574 ad
701 2519 863 2589 pedes
893 2519 1132 2585 Domini,
1174 2519 1265 2575 ille
1307 2535 1424 2575 cum
1464 2522 1666 2577 videret
1701 2539 1841 2591 eam,

258 2613 393 2665 dixit
421 2613 473 2665 in
512 2610 674 2665 corde
701 2608 820 2682 suo)
854 2627 868 2664 :
906 2608 1004 2662 Hic
1039 2611 1082 2663 si
1108 2620 1234 2663 esset
1261 2611 1709 2682 pmpheta,sciret
1734 2630 1846 2682 quis

260 2706 454 2755 mulier
486 2703 566 2756 illi
593 2701 800 2755 accessit
826 2701 894 2753 ad
919 2699 1088 2770 pedes.
1127 2699 1276 2755 Unde
1314 2701 1513 2754 sciebat
1540 2703 1660 2772 quia
1689 2701 1843 2757 Chri-

257 2806 380 2848 stus
411 2793 665 2858 nescivit,
710 2791 811 2846 nisi
842 2791 964 2848 inde
993 2792 1289 2861 suspicatus
1318 2801 1399 2845 est
1425 2807 1546 2853 eum
1577 2793 1840 2857 nescisse,

257 2891 382 2959 quia
413 2903 516 2941 non
547 2902 577 2940 a
603 2902 662 2941 se
688 2885 916 2955 repulit?
951 2885 1082 2955 Quia
1112 2885 1155 2940 si
1187 2884 1300 2955 ipse
1327 2893 1501 2950 esset,
1552 2885 1836 2955 repelleret

258 2997 291 3032 a
327 2996 402 3036 se.
432 2979 686 3034 Dominus
709 2990 886 3033 autem
915 2992 1018 3031 non
1047 2979 1217 3036 solum
1246 2975 1517 3030 mulierem
1550 2977 1691 3030 illam
1720 2990 1846 3047 pec-

259 3073 517 3125 catricem
554 3077 774 3124 noverat
795 3111 808 3131 ,
840 3069 933 3123 sed
963 3077 1017 3122 et
1045 3067 1186 3121 illius
1215 3066 1462 3148 superbi”
1483 3067 1699 3120 vulnera
1727 3081 1843 3122 tne-

259 3163 415 3216 dicus
467 3161 777 3217 insanabilia
830 3160 1062 3215 videbat.
1118 3160 1206 3213 Ait
1246 3159 1385 3213 enim
1438 3173 1557 3213 cum
1607 3159 1844 3216 audisset

255 3257 606 3323 cligitantem,
639 3262 697 3306 ut
723 3251 1029 3307 ostenderet
1055 3249 1203 3306 illum
1229 3250 1514 3320 superbum
1540 3269 1552 3304 :
1584 3270 1602 3303 ι
1631 3252 1837 3316 Simon,

259 3345 437 3399 habeo
466 3343 662 3414 aliquid
707 3343 798 3398 tibi
844 3342 1023 3396 dicere
1052 3358 1067 3396 :
1100 3342 1216 3395 Duo
1252 3340 1521 3396 debitores
1548 3355 1698 3398 erant
1725 3348 1841 3399 cui-

255 3439 381 3492 dam
410 3437 723 3500 I'eneratori;
753 3449 892 3489 unus
935 3435 981 3487 ei
1018 3433 1246 3488 debebat
1278 3437 1652 3504 quinquaginta
1677 3433 1848 3492 dena-

254 3531 404 3591 rios,
434 3530 568 3583 alius
595 3529 945 3598 quingentos;
973 3541 1091 3580 cum
1133 3541 1234 3579 non
1263 3525 1517 3580 haberent
1549 3529 1686 3579 unde
1717 3531 1836 3579 red-

256 3623 467 3682 derent,
493 3619 695 3673 dimisit
723 3617 979 3672 ambobus
1005 3634 1016 3670 :
1041 3616 1159 3685 quis
1183 3632 1302 3669 eum
1332 3617 1446 3685 plus
1475 3615 1700 3670 dilexit?
1725 3634 1744 3667 ι
1775 3617 1840 3670 Et

257 3713 348 3766 ille
376 3721 561 3766 contra
589 3725 647 3763 se
677 3708 809 3762 dixit
837 3706 1176 3768 sententiam,
1211 3714 1555 3774 extorquente
1580 3705 1679 3759 sibi
1706 3719 1840 3760 con-

257 3804 547 3857 fessionem
579 3801 833 3855 veritate:
858 3815 876 3848 t
901 3797 1090 3860 Credo,
1127 3796 1342 3850 Domine
1364 3837 1379 3859 ,
1410 3796 1492 3849 cui
1527 3795 1644 3864 plus
1671 3795 1840 3848 dona-

254 3895 353 3948 vit.
388 3893 456 3947 Et
483 3905 778 3946 conversus
804 3887 870 3941 ad
900 3887 1210 3949 mulierem,
1251 3885 1382 3939 dixit
1407 3884 1610 3940 Simoni
1639 3902 1653 3938 :
1682 3884 1839 3939 Vides

256 3987 416 4040 istam
464 3979 779 4036 mulierem?
819 3978 1010 4032 lutravi
1057 3977 1107 4030 in
1153 3975 1370 4030 domum
1423 3985 1600 4040 tuam;
1646 3991 1836 4046 aquam

254 4075 393 4129 mihi
421 4073 484 4128 ad
516 4071 676 4141 pedes
703 4084 808 4124 non
835 4068 1028 4125 dedisti
1058 4084 1072 4121 :
1102 4067 1197 4121 ista
1239 4076 1414 4120 autem
1444 4065 1691 4136 lacrymis
1727 4066 1838 4122 suis

257 4169 396 4222 lavit
423 4165 588 4237 pedes
615 4179 762 4219 meos
781 4183 800 4215 ι
833 4161 981 4235 (Luc.
1013 4176 1084 4214 vn
1107 4203 1121 4224 ,
1151 4161 1218 4214 56
1250 4159 1376 4229 44);
1423 4168 1469 4214 et
1499 4169 1688 4212 ctetera
1718 4174 1837 4228 qua:

259 4259 462 4312 nostis.
485 4255 598 4309 Non
625 4270 758 4324 optts
787 4261 869 4308 est
899 4253 948 4306 in
977 4251 1092 4304 aliis
1125 4259 1340 4321 pr0pter
1366 4265 1482 4319 qnte
1507 4250 1569 4303 ad
1594 4249 1834 4304 testimo-

255 4353 417 4406 nium
461 4346 822 4411 adhibuimus,
855 4343 1052 4398 diutius
1095 4342 1385 4396 immorari.
1418 4342 1520 4397 Iste
1547 4342 1836 4412 pharisaeus

257 4443 526 4515 superbus
546 4450 678 4507 crat,
708 4438 1120 4494 convesecbatur
1145 4452 1262 4491 eum
1291 4435 1380 4490 illo
1401 4436 1688 4501 Dominus;
1711 4434 1835 4505 quid

253 4547 343 4591 est
375 4548 502 4603 ergo
529 4531 667 4602 quod
692 4533 804 4596 ait,
853 4529 1083 4596 Superbo
1109 4528 1254 4581 oculo
1281 4537 1328 4580 et
1355 4527 1628 4581 insatiabili
1654 4526 1832 4591 corde,

257 4629 380 4682 huic
410 4643 508 4679 non
528 4621 891 4678 convcscebar?
911 4619 1046 4689 Quid
1075 4629 1174 4683 est,
1207 4636 1306 4672 non
1335 4617 1695 4672 convcscebar?
1719 4617 1832 4672 Non

255 4736 385 4776 cum
414 4719 507 4773 illo
533 4715 936 4771 manducabam.
964 4711 1240 4780 Quomodo
1270 4711 1422 4764 nobis
1450 4709 1697 4779 proponit
1721 4708 1834 4763 hazc

255 4830 381 4886 qua:
410 4815 524 4884 ipse
568 4826 674 4865 non
703 4809 862 4864 fecit?
891 4807 969 4861 Ad
997 4805 1341 4860 imitationem
1371 4817 1519 4856 suam
1563 4816 1660 4856 nos
1703 4801 1832 4855 hor-

255 4918 404 4962 tatur
431 4922 445 4958 :
477 4903 719 4958 videmus
744 4915 862 4954 eum
902 4897 1235 4954 convivatum
1266 4909 1384 4948 esse
1411 4908 1530 4948 cum
1565 4891 1828 4960 superbis,

254 4995 528 5069 quomodo
558 5007 656 5047 nos
679 4991 923 5061 prohibet
950 5003 1016 5043 ne
1055 4986 1395 5042 convivemur
1432 4999 1550 5037 cum
1579 4982 1692 5037 eis?
1726 4981 1832 5038 Nos

251 5089 474 5161 quidem
496 5127 512 5151 ,
555 5085 775 5149 fratres,
811 5090 1024 5150 propter
1063 5078 1448 5146 correptionem
1492 5075 1720 5145 aliquam
1751 5085 1829 5128 te-

251 5194 450 5236 nemus
475 5191 572 5231 nos
597 5176 756 5230 etiam
783 5188 812 5226 a
840 5171 1087 5225 fratribus
1129 5167 1323 5221 nostris
1345 5207 1359 5232 ,
1388 5178 1439 5220 et
1470 5180 1574 5220 non
1603 5179 1723 5219 cum
1753 5165 1830 5218 eis

249 5274 621 5332 euttvivatnur,
672 5277 732 5320 ut
769 5264 1121 5334 corrigantur.
1170 5260 1301 5314 Cum
1350 5257 1614 5313 extraneis
1658 5257 1830 5324 potius

316 5389 338 5420 ι
369 5395 467 5434 Αιιι.
495 5390 568 5432 Er.
595 5388 648 5431 et
668 5388 926 5434 tbv.,cum
947 5374 1164 5438 superbis
1207 5379 1252 5422 ct
1295 5380 1387 5421 non
1422 5383 1532 5421 cum
1567 5367 1830 5431 publicanis

244 5448 357 5500 iills
371 5456 415 5495 et
441 5442 766 5503 peccatoribus
783 5440 806 5490 ?
825 5449 915 5489 Nos
934 5438 1214 5503 auctoritate
1248 5442 1360 5503 Mss:
1391 5445 1552 5481 remov
1561 5444 1699 5503 cuius
1711 5443 1830 5503 .par-

245 5493 469 5563 ἱέιὶιέωἱ,
487 5493 551 5562 et,
577 5493 836 5564 notamque
857 5499 1242 5564 interrogationis
1271 5494 1556 5544 collocamus
1572 5501 1686 5564 ante
1711 5493 1832 5564 hanc

249 5559 583 5620 seruandam:
609 5575 708 5615 Non
732 5559 842 5614 cum
872 5560 1150 5624 publicanis,
1181 5567 1294 5616 etc.,
1321 5566 1371 5605 ut
1404 5567 1578 5605 sensus
1609 5559 1704 5604 sit:
1731 5560 1830 5602 Non

361 5643 496 5676 lCiUll
511 5625 798 5676 publicanis.
818 5633 911 5674 etc.

245 5639 372 5684 tit-cu
386 5643 496 5679 cum
511 5639 798 5688 puotscanss,
818 5639 911 5674 etc.
953 5682 964 5692 '
1221 5679 1231 5689 _

319 5695 343 5722 τ
377 5691 525 5740 Nostri
548 5701 719 5737 clunes
737 5695 864 5742 mss,
891 5684 1020 5734 illius
1042 5679 1277 5744 superbiae
1307 5692 1322 5728 :
1346 5687 1406 5744 et
1418 5675 1561 5739 paulo
1594 5680 1702 5740 post
1723 5672 1828 5737 plo-

248 5739 428 5816 rique,
447 5749 568 5805 loco,
588 5757 638 5797 ut
655 5739 939 5803 ostenderet,
961 5739 1156 5796 habent.
1180 5749 1224 5791 et
1247 5739 1526 5792 estettderet.

516 5833 786 5896 PATROL.
827 5828 1152 5894 XXXVII.

1450 312 1836 370 manante
1874 313 1940 372 IN
1969 281 2289 379 assumit
2326 325 2386 380 c.

3397 339 3534 396 ιεθθ

1966 435 2338 503 οοηνίῖειπιιιν,
2367 453 2486 493 cum
2515 440 2738 513 Paganis
2756 487 2772 508 .
2815 460 2974 516 quam
3003 463 3124 504 cum
3155 449 3238 505 his
3265 454 3355 524 qui
3383 456 3562 510 nobisi

1963 523 2166 581 haerent
2188 530 2225 591 ',
2254 530 2296 583 si
2323 531 2607 587 viderimus
2627 551 2720 590 eos
2741 538 2878 592 male
2898 539 3094 606 vivere,
3117 552 3174 596 ut
3194 545 3532 612 erubescant,

1961 624 2016 669 et
2061 618 2422 687 corrigantur;
2471 623 2608 678 sicut
2644 625 2770 680 dicit
2813 629 3138 698 Apostolus:
3171 634 3234 688 Si
3278 638 3389 706 quis
3427 655 3530 695 non

1963 706 2167 761 obaudit
2203 710 2346 763 rerbo
2387 725 2556 766 nostra
2595 732 2684 785 per
2723 719 3011 788 epistolam,
3056 723 3188 780 hunc
3233 738 3432 795 notate,
3482 741 3530 786 ct

1961 799 2115 851 nolite
2142 802 2447 856 commisceri
2490 821 2602 857 cum
2647 823 2740 870 eo;
2787 819 2834 862 et
2880 828 2978 865 non
3015 824 3067 866 ut
3117 816 3373 872 inimicum
3417 838 3533 878 eum

1959 889 2282 956 existimetis,
2324 895 2411 946 sed
2437 897 2670 966 corripite
2699 907 2751 950 ut
2780 904 2984 970 fratrem
3021 904 3290 977 (ILThess.
3322 927 3406 976 ut,
3439 915 3528 976 Μ.

1962 980 2070 1050 15).
2099 981 2341 1038 Facimus
2367 985 2469 1040 hoc
2495 989 2803 1058 plerumque
2845 1003 3057 1062 propter
3081 997 3390 1056 medicinam
3417 1019 3432 1069 ;
3475 1015 3532 1060 et

1961 1080 2137 1126 tamen
2179 1089 2298 1129 cum
2342 1080 2609 1134 extraneis
2635 1083 2812 1137 multis
2841 1095 2896 1139 ct
2921 1102 3040 1141 cum
3069 1089 3242 1160 impiis
3267 1109 3407 1163 saepe
3433 1112 3528 1152 ve—

1958 1177 2174 1218 SCHDIII‘.

2028 1253 2079 1308 9.
2101 1255 2231 1322 Quid
2255 1267 2334 1311 est
2360 1258 2461 1314 hoc
2487 1263 2623 1330 quod
2647 1264 2736 1328 ait,
2769 1265 2996 1336 Superbo
3021 1273 3167 1326 oculo
3188 1284 3232 1326 et
3251 1276 3528 1334 insatiabili

1923 1332 1928 1334 Ἴ
1958 1344 2127 1410 corde,
2160 1346 2274 1399 huic
2311 1365 2411 1401 non
2455 1355 2816 1409 convcscebar?
2863 1357 3030 1414 Habet
3071 1363 3252 1430 epulas
3287 1381 3407 1421 suas
3433 1384 3528 1423 cor

1956 1434 2118 1501 pium,
2155 1437 2310 1492 habet
2331 1441 2512 1509 epulas
2542 1458 2664 1497 suas
2693 1461 2785 1500 cor
2813 1451 3097 1518 superbum
3124 1471 3139 1508 :
3164 1471 3282 1508 nam
3315 1470 3528 1529 propter

1957 1524 2103 1578 cibos
2125 1527 2266 1594 ipsos
2286 1530 2461 1584 cordis
2477 1535 2708 1602 superbi,
2735 1536 2851 1592 ideo
2875 1539 3026 1605 dixit,
3056 1524 3327 1600 insatiabili
3353 1524 3525 1605 corde.

1955 1615 2061 1669 Cor
2079 1620 2363 1686 superbum
2389 1623 2526 1678 unde
2549 1629 2813 1694 pascitur?
2839 1631 3175 1702 Sisuperhus
3195 1649 3294 1703 est,
3320 1641 3526 1698 invidus

1953 1716 2037 1762 est
2061 1727 2073 1761 :
2097 1711 2252 1766 aliter
2267 1728 2382 1767 esse
2404 1731 2505 1768 non
2524 1728 2714 1786 potest.
2733 1720 3008 1791 Superbia,
3033 1737 3200 1782 mater
3225 1731 3525 1790 invidentia:

1953 1811 2037 1856 est
2055 1819 2069 1854 :
2089 1818 2191 1856 non
2222 1814 2395 1873 potest
2421 1809 2520 1862 nisi
2548 1827 2804 1879 generare
2821 1815 2974 1882 hanc,
2998 1829 3048 1871 et
3069 1834 3187 1874 cum
3207 1821 3292 1877 illa
3313 1840 3526 1897 semper

1954 1907 2092 1948 esse.
2125 1895 2308 1951 Ouinis
2346 1915 2472 1970 ergo
2501 1906 2794 1972 superbus,
2845 1909 3052 1964 invidus
3085 1922 3166 1967 est
3189 1931 3202 1966 :
3227 1915 3271 1970 si
3315 1895 3524 1975 invidus
3581 1923 3588 1926 ⁷

1953 1993 2053 2048 est,
2083 1988 2234 2042 malis
2258 1989 2445 2044 alienis
2481 1996 2728 2062 pascitur.
2770 1998 2919 2054 Unde
2960 2000 3086 2058 dicit
3126 2008 3522 2077 Apostolus:Si
3561 2045 3574 2052 -

1952 2076 2189 2129 mordetis
2208 2087 2254 2132 et
2269 2082 2526 2138 comeditis
2554 2086 2793 2153 invicem;
2820 2091 2980 2144 videte
2999 2109 3062 2148 ne
3084 2094 3144 2148 ab
3166 2076 3369 2153 invicem
3397 2117 3522 2155 con-

1952 2167 2222 2220 sumamini
2233 2168 2427 2238 (Galat.
2441 2177 2524 2240 v,l
2536 2174 2818 2248 5.)Videtis
2829 2197 2955 2251 ergo
2970 2186 3339 2253 cometleutes;
3359 2191 3523 2248 nolite

1953 2255 2036 2309 his
2059 2271 2304 2314 convesct
2326 2303 2341 2328 ,
2385 2262 2548 2334 fugite
2589 2267 2688 2322 tale
2727 2271 3028 2327 conviviqu
3050 2292 3066 2336 ;
3089 2292 3259 2347 neque
3293 2282 3434 2335 enim
3461 2299 3520 2338 se

1949 2348 2143 2402 satiant
2180 2352 2458 2420 gaudendo
2506 2356 2574 2410 de
2615 2359 2765 2413 malis
2813 2361 3020 2425 alienis,
3073 2367 3192 2435 quia
3238 2368 3518 2426 insatiabili

1950 2439 2110 2495 corde
2137 2453 2281 2498 sunt.
2322 2444 2462 2501 Cave
2492 2462 2559 2502 ne
2586 2449 2809 2517 capiaris
2839 2451 2892 2504 in
2920 2454 3090 2520 epulis
3118 2471 3300 2511 eorum
3333 2458 3519 2530 laqueo

1949 2528 2164 2585 diaboli.
2189 2530 2334 2588 Cibis
2363 2536 2552 2591 talibus
2578 2539 2927 2607 pascebantur
2950 2542 3137 2609 Judaei,
3167 2547 3377 2615 quino
3396 2528 3523 2604 cru-

1949 2622 2230 2680 cifixerunt
2271 2627 2552 2684 Dominum
2577 2648 2590 2683 :
2615 2631 2708 2686 sed
2744 2623 2863 2701 quia
2893 2637 3242 2704 pascebantur
3272 2650 3515 2712 tanquam

1947 2712 2015 2766 de
2039 2729 2195 2783 pinna
2224 2717 2449 2772 Domini.
2470 2720 2633 2790 (Nam
2657 2731 2710 2776 et
2735 2739 2834 2776 nos
2859 2725 2924 2779 de
2952 2741 3110 2782 cruce
3130 2728 3331 2785 Domini
3352 2735 3516 2800 pasci-

1948 2819 2089 2870 mur,
2103 2807 2222 2874 quia
2237 2823 2428 2878 corpus
2449 2810 2612 2880 ipsius
2632 2813 3028 2870 tnanducamus.
3047 2817 3066 2887 )
3083 2818 3327 2874 Dicebant
3348 2821 3514 2890 enim,
3593 2881 3596 2885 ,

1950 2910 2069 2950 cum
2095 2898 2333 2953 viderent
2358 2917 2476 2956 eum
2506 2904 2822 2972 pendentem
2856 2907 2905 2960 in
2933 2923 3114 2974 cruce,
3159 2911 3473 2968 insultantes
3495 2955 3511 2978 ,

1948 2988 2068 3056 quia
2091 2987 2416 3046 insatiabiles
2437 2993 2598 3048 corde
2617 3006 2797 3062 erant;
2823 2997 3069 3053 dicebant
3087 3017 3214 3072 ergo
3235 3021 3248 3056 :
3268 3003 3329 3058 Si
3350 3003 3516 3058 Filius

1950 3075 2042 3130 Dei
2069 3088 2172 3145 est,
2221 3079 2486 3135 descendat
2513 3083 2575 3137 de
2597 3101 2774 3150 cruce;
2813 3077 2953 3142 alios,
2968 3089 3197 3157 saluauit,
3235 3109 3288 3148 se
3322 3095 3517 3149 salvere

1941 3160 2046 3223 non
2074 3179 2234 3241 potest
2262 3170 2474 3238 (Matth.
2514 3190 2688 3240 xxvu,
2732 3176 2820 3240 40,
2865 3177 2975 3247 42).
3009 3162 3363 3237 Pascehantur
3393 3184 3514 3238 cibo

1944 3261 2273 3334 crudelitatis
2293 3280 2426 3331 suae,
2459 3277 2513 3320 et
2539 3267 2626 3321 ille
2658 3269 2968 3336 pascebatur
2992 3271 3110 3326 cibo
3138 3273 3515 3332 misericordia:

1945 3373 2073 3411 sum.
2110 3357 2291 3424 Pater,
2325 3359 2518 3427 inquit,
2557 3361 2757 3430 ignosce
2787 3363 2920 3425 illis,
2969 3365 3088 3432 quia
3129 3367 3353 3421 nesciunt
3392 3369 3514 3438 quid

1943 3449 2138 3521 faciunt
2155 3449 2304 3519 (Luc.
2327 3466 2475 3512 xxnt,
2499 3451 2613 3522 54).
2639 3453 2712 3506 ΙΙΙί
2735 3470 2859 3525 ergo
2882 3455 3143 3512 habebant
3161 3459 3292 3515 alias
3307 3463 3513 3530 epulas,

1944 3539 2031 3594 ille
2057 3542 2207 3596 alias.
2238 3541 2343 3596 Sed
2368 3542 2491 3612 quid
2522 3543 2721 3598 dictum
2752 3547 2821 3600 sit
2844 3547 2910 3603 de
2934 3565 3112 3604 mensa
3139 3553 3510 3621 superborum,

1942 3629 2118 3684 audite
2141 3646 2157 3684 :
2188 3630 2304 3683 Fiat
2331 3648 2503 3686 mensa
2529 3651 2700 3688 eorum
2728 3652 2898 3690 coram
2927 3639 3049 3708 ipsis
3078 3641 3128 3693 in
3157 3645 3511 3712 muscipulam,

1945 3728 1992 3771 et
2018 3720 2071 3772 in
2100 3721 2494 3788 retributionem,
2525 3733 2572 3776 et
2598 3724 2650 3776 in
2677 3726 2972 3780 scandalum
3000 3727 3168 3799 (Psal.
3199 3747 3379 3798 vatn,
3397 3734 3512 3805 εδ).

1945 3806 2085 3861 Pasti
2112 3819 2254 3869 smit,
2283 3811 2420 3879 capti
2451 3822 2595 3865 sunt.
2621 3813 2898 3880 Quomodo
2920 3817 3062 3872 enim
3083 3833 3208 3873 aves
3227 3821 3290 3875 ad
3313 3828 3512 3878 musci-

1944 3897 2118 3965 pulam
2139 3939 2154 3956 .
2181 3907 2271 3951 aut
2297 3900 2467 3967 pisces
2497 3900 2562 3954 ad
2594 3901 2806 3956 hamum
2839 3916 3144 3972 pascuntur,
3175 3909 3268 3963 sed
3297 3913 3514 3982 capiun-

1946 3997 2058 4050 tur;
2091 3988 2167 4040 sic
2191 3997 2244 4042 et
2283 3988 2404 4057 ipsi.
2439 3989 2643 4045 [labent
2670 4007 2796 4061 ergo
2841 3993 2982 4064 impii
3015 3997 3195 4065 epulas
3224 4014 3376 4066 suas,
3414 4002 3511 4054 ha-

1943 4080 2070 4134 bent
2101 4091 2156 4134 et
2195 4081 2263 4148 pii
2293 4083 2477 4151 epulas
2502 4099 2644 4136 suas.
2688 4084 2821 4139 Audi
2864 4087 3045 4155 epulas
3085 4089 3290 4160 piorum
3325 4112 3339 4148 :
3371 4092 3512 4148 Beati

1941 4174 2027 4240 qui
2066 4175 2290 4228 esuriant
2320 4184 2363 4229 et
2390 4176 2566 4230 sitiunt
2596 4178 2880 4246 justitiam,
2926 4183 3163 4251 quoniam
3190 4185 3287 4256 ipsi
3309 4196 3513 4240 satura-

1941 4264 2125 4320 buntur
2155 4265 2363 4333 (Matth.
2392 4283 2453 4329 v,
2483 4269 2558 4336 6).
2588 4268 2642 4324 Si
2669 4286 2798 4340 ergo
2825 4271 2941 4341 pius
2965 4275 3194 4342 pascitur
3218 4277 3336 4332 cibo
3355 4277 3512 4348 justi-

1943 4357 2063 4421 tite,
2103 4367 2155 4412 et
2196 4359 2390 4428 impius
2419 4361 2714 4428 superbiae;
2759 4378 2862 4417 non
2911 4365 3100 4419 mirum
3126 4367 3168 4422 si
3198 4367 3509 4425 insatiabilis

1943 4449 2161 4501 corde'.
2192 4448 2429 4526 Pascitur
2452 4449 2571 4503 cibo
2596 4450 2923 4519 iniquitatis:
2955 4455 3058 4508 noli
3101 4458 3241 4525 pasci
3267 4459 3384 4512 cibo
3411 4459 3512 4514 ini-

1942 4539 2175 4604 quitatis,
2207 4549 2260 4593 et
2304 4555 2408 4594 non
2456 4540 2549 4594 tibi
2595 4543 2932 4598 convescitur
2957 4547 3217 4615 superbus
3273 4550 3426 4604 oculo
3453 4563 3513 4608 et

1942 4631 2252 4685 insatiabilis
2276 4633 2458 4687 corde.

2013 4723 2080 4778 10
2118 4722 2266 4796 [νει-δ.
2295 4723 2373 4797 6.]
2403 4725 2465 4779 Et
2495 4726 2633 4781 unde
2663 4736 2714 4781 tu
2746 4729 3081 4796 paseebaris?
3107 4740 3162 4786 et
3188 4733 3310 4802 quid
3339 4743 3389 4789 te
3416 4735 3512 4790 de-

1941 4817 2168 4872 lectabat
2191 4859 2206 4883 ,
2239 4818 2324 4872 ubi
2354 4818 2442 4871 ille
2473 4819 2565 4872 tibi
2596 4835 2698 4871 non
2729 4823 3176 4877 convescebatur?
3208 4824 3352 4879 ()culi
3381 4828 3511 4896 mei,

1940 4907 2142 4973 inquit,
2185 4924 2338 4974 super
2374 4908 2548 4976 ﬁdeles
2589 4918 2760 4971 terra,
2797 4920 2850 4962 ut
2884 4913 3192 4966 considerent
3217 4916 3271 4967 hi
3299 4933 3509 4981 mecum,

1939 4999 2196 5052 Dominus
2231 4998 2390 5060 dicit,
2437 4997 2587 5052 Oculi
2623 5001 2717 5052 mei
2745 5017 2895 5070 super
2922 5003 3094 5070 ﬁdeles
3118 5015 3295 5070 terrm,
3319 5017 3372 5058 ut
3393 5022 3511 5059 cou-

1938 5089 2153 5141 sidcrent
2189 5088 2242 5140 hi
2277 5104 2467 5140 mecum
2495 5103 2514 5142 :
2539 5089 2589 5142 id
2619 5100 2697 5143 cst
2715 5131 2730 5152 ,
2759 5100 2813 5144 ut
2844 5108 3046 5147 mecum
3074 5094 3339 5149 sederent.
3368 5097 3509 5162 Quo-

1939 5179 2096 5232 modo
2121 5177 2406 5232 sederenti
2437 5179 2680 5233 Sedebitis
2709 5197 2860 5249 super
2887 5183 3147 5237 duodecim
3173 5185 3396 5249 thronos,
3416 5192 3508 5258 ju-

1939 5270 2159 5323 dicantcs
2179 5268 2440 5322 duodecim
2462 5269 2616 5324 tribus
2641 5270 2805 5326 Israel
2832 5272 2940 5345 (Id.
2972 5291 3065 5328 xtx
3087 5317 3102 5343 ,
3128 5275 3241 5348 28).
3266 5277 3510 5335 Judicant

2003 5428 2018 5458 ι
2053 5426 2123 5474 sic
2145 5431 2251 5474 Mss.
2279 5431 2332 5473 At
2353 5431 2410 5472 Er
2456 5434 2507 5475 et
2526 5433 2654 5486 Lov.,
2679 5426 2759 5490 qui
2780 5426 3020 5477 nobiscum
3041 5435 3195 5489 erata,
3219 5437 3265 5481 et
3285 5431 3414 5483 nobis
3427 5434 3511 5486 ads

2193 5554 2264 5595 F-r.
2295 5555 2346 5618 fit
2369 5550 2909 5618 Ιρονκὶιιιρνιῖυηβίῗιηῐῖί
2929 5551 2999 5618 sic
3024 5564 3035 5599 ³
3063 5563 3156 5618 lia”
3178 5553 3353 5618 mirum
3376 5554 3417 5604 εί
3436 5549 3510 5606 ἧκ’

1940 5607 2172 5675 satiabilis
2195 5608 2339 5658 corde
2361 5609 2571 5675 pascitur
2595 5607 2698 5675 cibo
2713 5607 2995 5675 iniquitatis.
3024 5613 3174 5675 minus
3209 5615 3367 5675 bene;
3407 5629 3511 5666 nam

1942 5673 2233 5740 Augustinus
2255 5672 2498 5740 proyosuit
2516 5671 2825 5740 prohandmn2
2846 5678 3044 5740 propter
3069 5673 3196 5726 cibos
3217 5674 3342 5740 ipsos
3355 5671 3517 5729 cordis

1936 5731 2148 5795 superbi,
2172 5731 2280 5782 ideo
2297 5731 2475 5781 dictum
2496 5731 2613 5793 esse,
2637 5731 2891 5782 insatiabili
2913 5738 3075 5787 corde.

2776 5817 3314 5892 (Quarante-uns.
3323 5821 3354 5893 )
