3984 6204
392 319 522 379 1291

388 443 574 502 ﬁdeles
598 448 754 498 terra!
774 477 791 495 .
810 431 998 504 quibus
1015 425 1246 480 dicitur:
1279 413 1496 472 Nescitis
1519 410 1636 482 quia
1661 406 1864 475 angelos
1879 401 1993 470 ju-.

389 499 664 594 dicabimus
689 530 730 600 (1
758 499 872 583 Cor.
902 538 956 576 vr
980 561 994 582 ,
1020 516 1119 589 3)?
1147 512 1293 596 Oculi
1319 509 1414 562 mei
1433 519 1582 576 super
1606 499 1779 568 ﬁdeles
1804 505 1967 557 teme,

380 640 444 690 ,ιιι
471 624 784 682 considerent
809 617 858 670 bi
885 624 1094 665 mecum.
1125 587 1402 657 Ambulans
1430 597 1482 650 in
1513 593 1593 648 via
1614 585 1968 648 immaculata,

370 697 475 774 rhic
509 715 630 770 mihi
667 705 999 763 ministrabat.
1042 696 1170 753 Mihi
1213 695 1320 754 ait,
1359 703 1466 744 non
1503 684 1625 740 sibi.
1656 669 1804 737 Multi
1831 677 1973 734 enim

366 807 691 866 'ministraut
717 793 1056 864 Evangelium
1080 831 1095 854 ,
1123 786 1214 841 sed
1242 783 1340 838 sibi
1371 769 1706 840 ministrant;
1737 771 1858 841 quia
1882 781 1974 823 sua

717 906 822 945 non
865 858 990 956 qua:
1034 881 1158 936 .Icsu
1203 873 1397 931 Christi
1442 867 1698 940 (Philipp.
1742 877 1813 926 tl,
1855 858 1973 926 21).

393 952 532 1056 Quid
575 952 691 1045 est,
735 952 952 1034 Christo
998 964 1342 1028 ministrare?
1381 963 1455 1016 Ea
1487 972 1604 1029 qum
1633 952 1827 1012 Christi
1852 957 1979 1010 sunt

394 1045 656 1150 (interere.
683 1072 752 1146 Et
773 1067 986 1140 quidem
1015 1060 1225 1133 quando
1255 1055 1378 1110 mali
1402 1049 1715 1108 annuutiaut
1744 1045 1995 1110 Evange-,

329 1202 334 1206 -
399 1176 526 1226 lium
552 1209 567 1232 ,
589 1143 971 1219 alii’salvantur
990 1196 1006 1221 ,
1029 1132 1100 1207 illi
1130 1149 1434 1220 puniuntur.
1464 1142 1669 1195 Dictum
1695 1143 1776 1189 est
1797 1132 1937 1187 enim
1964 1147 1977 1184 :

403 1221 529 1329 Quae
554 1221 726 1313 dicunt
749 1296 764 1320 ,
797 1251 982 1324 facite;
1009 1259 1119 1316 qua
1145 1241 1355 1314 faciunt,
1387 1239 1550 1307 facere
1574 1229 1726 1284 nolite
1772 1221 1981 1296 (Matth.

404 1318 534 1412 iisut
555 1395 568 1417 .
590 1351 668 1420 5).
695 1318 808 1403 Non
831 1345 1017 1399 timeas
1037 1353 1164 1406 ergo
1183 1332 1393 1404 quando
1415 1343 1446 1382 a
1470 1324 1610 1380 malo
1639 1320 1789 1376 audis
1811 1318 2001 1372 Evam.

405 1403 738 1516 gelittm.’V:e
768 1435 842 1490 illi
866 1434 953 1504 qui
983 1428 1085 1486 sibi
1102 1403 1380 1481 ministrat
1401 1461 1415 1484 ,
1446 1416 1499 1471 id
1526 1422 1610 1470 est
1630 1453 1646 1479 ,
1677 1410 1764 1480 qui
1795 1422 1888 1462 sua
1917 1403 1986 1457 ibi

405 1502 594 1607 quaerit
639 1547 655 1586 :
699 1539 774 1590 tu,
801 1502 998 1582 Christi
1022 1519 1222 1587 accipe.
1265 1511 1541 1568 Ambulans
1564 1507 1618 1560 in
1641 1504 1722 1558 via
1747 1502 1990 1556 immacu-

329 1665 335 1674 ι
409 1631 532 1685 lata,
578 1624 658 1677 hic
694 1619 817 1674 mihi
851 1609 1181 1668 ministrabat.
1879 1639 1881 1643 ,

479 1719 565 1772 ll.
614 1713 776 1788 [vers..
807 1705 887 1778 7.]
931 1702 1052 1758 Non
1081 1696 1319 1754 habitauit
1348 1694 1366 1726 ⁸
1396 1694 1448 1746 in
1475 1688 1638 1744 medio
1665 1685 1842 1739 domus
1870 1694 1994 1734 mete

409 1811 598 1882 faciens
617 1775 939 1871 ~superbiam.
969 1794 1181 1850 Referte
1202 1791 1223 1822 ’
1252 1787 1318 1842 ad
1344 1784 1557 1840 domum
1585 1779 1725 1833 illam
1751 1816 1764 1836 ,
1795 1775 1844 1826 id
1871 1780 1994 1841 est,

409 1905 474 1960 ad
517 1915 627 1957 cur.
672 1897 786 1953 Non
828 1888 1099 1965 habitabat
1134 1885 1188 1939 in
1231 1878 1394 1936 corde
1435 1888 1556 1930 meo
1587 1868 1784 1926 iaciens
1811 1879 2002 1933 ευριπ-ι.

373 1955 550 2054 rbi-avri
629 1990 806 2045 nullus
834 1984 952 2040 talis
975 1957 1246 2036 habitabat
1278 1973 1328 2025 in
1358 1965 1519 2024 corde
1546 1977 1699 2023 meo;
1731 1955 1996 2012 resiliebat

413 2087 555 2142 enim
595 2080 738 2136 lude.
775 2075 943 2131 Nemo
979 2064 1246 2135 habitabat
1279 2061 1330 2114 in
1358 2055 1518 2112 corde
1543 2065 1694 2113 meo,
1729 2047 1827 2101 nisi
1853 2042 2004 2102 mitis,

415 2187 471 2234 et
495 2176 704 2246 quietus
725 2187 742 2237 ;
763 2164 1020 2236 superbus
1047 2173 1152 2214 non
1175 2155 1281 2210 illic
1301 2146 1588 2205 habitabat.
1611 2141 1724 2198 Non
1746 2139 1884 2194 enim
1907 2135 1998 2189 ha-

417 2235 549 2323 bitat
587 2267 640 2320 in
679 2235 842 2317 cerdo
873 2254 998 2326 justi
1041 2249 1287 2319 injustus.
1329 2241 1462 2297 Sita
1493 2247 1545 2292 te
1565 2235 1738 2305 justus
1763 2238 2002 2284 remotus

417 2356 601 2414 nescio
622 2361 749 2425 quot
777 2317 1009 2403 millibus
1032 2317 1462 2395 etmansionibus
1485 2345 1500 2394 ;
1526 2324 1684 2382 simul
1713 2317 1960 2377 habitatis
1976 2355 2000 2385 ,

420 2451 464 2504 si
503 2411 662 2503 unum
711 2457 803 2496 cor
844 2434 1067 2491 habetis.
1115 2427 1236 2483 Non
1279 2418 1600 2479 habitavit'in
1631 2413 1797 2470 medio
1823 2411 2004 2464 domus

423 2555 546 2596 mea!
585 2537 772 2607 faciens
809 2525 1112 2599 superbiam.
1153 2519 1382 2588 Loquens
1415 2513 1592 2582 iniqua
1617 2523 1718 2562 non
1743 2502 1924 2558 direait
1949 2501 2003 2552 in

425 2637 691 2696 conspectu
717 2620 975 2676 oculorum
1000 2625 1240 2668 meorum.
1263 2606 1396 2661 {hcc
1419 2611 1502 2657 est
1527 2599 1610 2654 via
1637 2593 1966 2654 immaculata
1987 2630 2001 2653 ,

427 2721 513 2775 ubi
541 2687 882 2783 intelligimus
905 2703 1117 2776 quando
1142 2698 1209 2754 ad
1239 2711 1336 2752 nos
1359 2693 1534 2748 veniat
1553 2687 1827 2744 Dominus.

500 2811 585 2867 12.
609 2808 756 2882 [vers.
781 2801 860 2875 8.]
885 2801 951 2855 In
976 2793 1234 2852 matutinis
1256 2784 1612 2856 interﬁciebam
1636 2795 1806 2837 omnes
1833 2790 2008 2849 pecca-

429 2917 561 2960 tores
591 2913 752 2955 teme.
784 2895 895 2950 Hoc
920 2893 1200 2946 obscurum
1232 2889 1316 2938 est
1337 2897 1350 2947 ;
1373 2873 1660 2949 dignamini
1685 2870 1962 2926 advertere
1989 2881 2005 2920 :

425 2999 533 3070 jam
567 2993 686 3048 linis
725 2987 918 3045 Psalmi
944 2992 1043 3039 est.
1077 2979 1142 3033 In
1168 2973 1424 3030 matutinis
1461 2965 1818 3036 interﬁciebam
1840 2974 2011 3016 omnes

432 3053 715 3160 peccatores
744 3092 904 3136 teme.
938 3072 1154 3142 Quare"?
1185 3068 1252 3125 Ut
1281 3064 1569 3136 disperdam
1597 3059 1658 3113 de
1683 3057 1877 3111 civitate
1908 3053 2012 3106 Do-

950 3137 983 3142 .-

431 3181 556 3235 mini
583 3191 752 3232 omnes
777 3186 890 3242 Oper
903 3178 1037 3221 vntes
1065 3161 1394 3230 iniquitatem.
1420 3155 1556 3210 Sunt
1576 3165 1702 3219 ergo
1724 3148 1775 3200 in
1801 3137 2026 3199 civitate'

382 3257 393 3267 ’
435 3271 641 3328 Domini
677 3271 960 3335 cperantes
997 3255 1326 3325 iniquitatem
1349 3291 1363 3308 .
1409 3257 1461 3302 et
1499 3245 1647 3316 quasi
1678 3237 2013 3314 parcitur'eis

434 3361 614 3418 modo.
639 3355 854 3425 Quare?
879 3351 1011 3419 Quia
1037 3341 1409 3402 misericordim
1436 3349 1641 3404 tempus
1668 3341 1750 3388 est
1772 3350 1786 3386 :
1811 3329 1902 3385 sed
1925 3342 2017 3382 ve-

437 3453 545 3506 niet
572 3458 626 3504 et
649 3418 830 3516 jwudicii
853 3459 868 3507 ;
890 3418 1010 3511 quia
1039 3437 1116 3492 sic
1143 3433 1303 3502 etnpit
1329 3429 1586 3490 Psalmus,
1617 3418 2016 3478 Misericordiam

437 3555 482 3602 et
498 3542 747 3612 judicium
765 3534 974 3590 cantabo
995 3531 1101 3596 tibi,
1129 3527 1357 3582 Domine.
1380 3522 1494 3577 Jam
1516 3515 1843 3586 enmneravit
1857 3526 2017 3581 supe-

438 3639 549 3693 rius
590 3633 711 3704 quia
754 3645 857 3684 non
902 3626 974 3680 illi
1019 3622 1362 3677 adhaeserunt
1396 3613 1494 3667 nisi
1537 3611 1680 3666 boui.
1723 3605 1874 3661 Malis
1913 3619 2016 3657 non

439 3696 691 3790 adhmsit,
739 3731 839 3776 nec
883 3713 1244 3772 delectabatur
1290 3703 1461 3777 epulis
1509 3698 1794 3770 iniquitatis
1835 3696 2018 3751 earnm

439 3819 529 3891 qui
549 3817 649 3872 sibi
672 3808 1040 3869 ministrabant
1056 3817 1198 3884 ._non
1223 3799 1466 3862 Domino,
1497 3793 1547 3847 id
1576 3799 1679 3856 est,
1699 3804 1792 3844 sua
1812 3800 2018 3857 qua-re-

441 3878 588 3967 bant.
634 3906 702 3961 Et
736 3901 886 3974 quasi
925 3881 1190 3954 diceretur
1216 3892 1288 3946 illi
1310 3932 1324 3955 ,
1353 3889 1421 3944 Et
1447 3883 1629 3956 utquid
1659 3883 1790 3938 tales
1815 3880 1868 3934 in
1895 3878 2023 3934 civi-

443 4014 550 4059 tate
585 4010 672 4056 tua
713 3971 858 4051 tanto
899 3992 1135 4060 tempore
1169 3979 1447 4042 tolerasti‘t
1471 3977 1702 4046 Tempus
1725 3971 2026 4028 misericor-

443 4097 544 4151 dia:
571 4101 686 4156 est,
718 4089 811 4142 ait.
841 4082 976 4151 Quid
1007 4089 1089 4137 est
1113 4120 1127 4141 ,
1159 4085 1369 4143 tempus
1391 4064 1811 4125 misericordiae?
1840 4060 2024 4116 Adhuc

447 4153 681 4243 nondum
719 4179 1010 4236 revelatum
1045 4180 1129 4229 est
1151 4169 1405 4241 judicium
1434 4183 1448 4219 :
1477 4178 1581 4218 nox
1609 4153 1722 4225 est;
1751 4156 2027 4228 apparebit

447 4281 595 4342 dies,
641 4270 913 4342 apparebit
945 4265 1222 4338 judicium.
1265 4257 1402 4315 Audi
1443 4253 1754 4326 Apostolum
1795 4268 1809 4304 :
1848 4248 2027 4317 Itaque

448 4370 602 4424 nolite
648 4374 762 4418 ante
799 4371 992 4429 tempus
1035 4356 1308 4427 quidquam
1327 4350 1579 4419 judicare.
1608 4343 1743 4412 Quid
1771 4353 1886 4405 est,
1915 4351 2030 4394 ante

449 4471 642 4528 tempus
665 4455 691 4508 7
726 4456 864 4507 Ante
904 4449 1063 4504 diem.
1092 4442 1226 4499 Audi
1253 4442 1372 4511 quia
1401 4448 1521 4492 ante
1546 4436 1687 4492 diem
1714 4434 1846 4489 dixit
1875 4449 1888 4484 :
1919 4431 2029 4485 Do-

449 4527 728 4608 necrveniat
753 4528 1028 4608 Dominus,
1053 4548 1098 4594 et
1118 4534 1363 4591 illuminet
1386 4529 1673 4595 abscondita
1696 4527 2034 4587 tenebrarum,

445 4655 497 4700 et
517 4639 854 4713 manifestabit
875 4633 1196 4705 cogitationes
1209 4625 1380 4680 cordis
1404 4640 1422 4688 ,'
1449 4627 1636 4676 et-‘tunc
1658 4619 1769 4672 laus
1797 4619 1890 4671 erit
1913 4617 2031 4670 uni-

451 4738 626 4806 cuique
650 4708 681 4786 ιι
703 4730 812 4786 Deo
841 4726 882 4800 (l
909 4726 1026 4780 Cor.
1054 4738 1105 4778 tv
1126 4763 1141 4787 ,
1175 4720 1250 4789 5).
1279 4716 1410 4772 Nam
1440 4713 1619 4778 modo,
1647 4708 1896 4780 quamdiu
1923 4723 2028 4763 non

449 4831 600 4886 vides
623 4841 717 4882 cor
745 4836 921 4878 meum
947 4827 1000 4873 et
1025 4831 1129 4870 non
1159 4812 1314 4868 video
1337 4823 1431 4864 cor
1455 4816 1598 4862 tuum
1621 4845 1636 4868 ,
1664 4818 1766 4858 nos
1797 4809 1898 4856 est.
1929 4799 2032 4854 Neo

477 4922 561 4978 cio
590 4917 715 4990 quid
742 4915 808 4971 ab
832 4911 1046 4968 homine
1073 4905 1248 4979 petisti
1275 4919 1290 4969 ;
1319 4917 1426 4957 non
1457 4895 1740 4967 accepisti,
1765 4892 2032 4948 contemni

461 5031 502 5068 -e
548 5019 701 5082 putas
748 5025 763 5062 :
803 5014 860 5061 et
898 5002 1034 5057 forte
1069 5013 1172 5053 non
1209 4991 1564 5051 contemneris
1589 4985 1733 5052 ;‘cor
1756 4985 1896 5040 enim
1928 4998 2030 5038 non

422 5075 601 5160 vides
638 5118 656 5158 :
699 5091 768 5156 et'
805 5097 901 5154 3ito
939 5090 1314 5162 blasphemas;
1357 5086 1409 5139 in
1449 5091 1604 5137 nocte
1631 5077 1804 5135 danda
1831 5086 1912 5131 est
1939 5075 2032 5130 tibi

455 5197 608 5253 venia
647 5189 866 5251 erranti.
912 5185 1088 5255 Diligit
1126 5192 1178 5237 te
1220 5179 1380 5235 homo
1420 5176 1600 5232 nescio
1629 5171 1775 5242 quis,
1803 5177 1858 5224 et
1883 5177 2032 5238 putas

453 5294 574 5361 quia
607 5285 718 5342 odit
741 5292 833 5346 te;
861 5289 954 5334 aut
978 5275 1090 5330 odit
1114 5282 1168 5327 te
1185 5312 1200 5332 .
1226 5279 1280 5324 et
1306 5278 1454 5338 putas
1475 5264 1596 5335 quia
1621 5261 1790 5331 diligit
1815 5268 1866 5313 te
1894 5275 1908 5327 ;
1938 5256 2032 5311 sed

455 5349 727 5452 quodlibet
772 5373 888 5440 sit,
941 5383 1047 5424 nox
1092 5372 1191 5420 est.
1241 5361 1355 5416 Noli
1398 5359 1625 5421 timere,
1677 5365 1938 5423 praesume
1979 5349 2031 5402 in

456 5439 670 5527 (ibt-isto
692 5509 708 5533 ,
754 5481 806 5520 ιιι
846 5439 936 5519 illo
977 5456 1169 5515 habeto
1209 5452 1350 5508 diem
1380 5468 1394 5504 :
1425 5463 1530 5504 non
1559 5455 1642 5502 est
1664 5441 1788 5515 quid
1816 5439 1940 5497 mali
1965 5439 2032 5496 de

522 5653 540 5722 ξ
568 5652 647 5722 _si_o
678 5657 774 5698 tun.
813 5650 888 5693 17:.
915 5649 966 5692 et
1004 5636 1229 5700 praciput
1253 5637 1355 5679 uss.
1391 5628 1529 5691 juxta
1548 5627 1677 5672 LXX.
1703 5625 1756 5670 At
1777 5623 1909 5678 Lov.,
1943 5611 2032 5665 ha-

469 5712 644 5768 bitabit.

523 5777 545 5826 ι
574 5780 647 5824 διο
665 5777 771 5824 les.
801 5774 854 5817 tt
1028 5761 1279 5810 revertere.

1617 290 1673 346 s.
1706 276 2080 344 ancus'rmt
2109 231 2407 330 setscOm

3510 262 3653 318 1292

2077 396 2166 449 illo
2199 395 2428 457 sentias,
2451 391 2570 462 quia
2595 389 2764 444 securi
2795 402 2985 442 smnus
3005 427 3020 451 ,
3056 393 3111 442 et
3147 381 3276 438 certi
3309 394 3493 436 sumus
3532 381 3656 446 quia

2076 488 2184 543 l'alli
2231 503 2334 541 non
2371 494 2580 564 potest;
2626 491 2770 551 amat
2796 495 2909 536 nos.
2943 481 3016 534 De
3045 477 3197 532 nobis
3225 484 3401 529 autem
3429 471 3656 526 invicem

2075 579 2308 635 nondum
2341 578 2358 608 ³
2399 576 2531 631 certi
2572 588 2775 628 sumus.
2809 572 2947 626 Deus
2973 569 3116 625 enim
3145 567 3290 620 novit
3318 563 3656 619 dilectionem

2076 680 2312 725 nostram
2343 667 2398 722 in
2427 666 2648 720 invicem
2673 680 2688 718 :
2717 677 2814 716 nos
2838 670 3014 716 autem
3036 657 3240 712 etiarnsi
3271 655 3536 725 diligimus
3564 668 3662 705 nos

2077 761 2301 823 invicem
2325 799 2342 822 ,
2385 757 2500 826 quis
2539 754 2684 810 videt
2723 769 2826 822 qua
2864 750 3259 820 dispensatione
3293 761 3323 799 a
3350 745 3502 799 nobis
3533 742 3666 796 liant

2079 851 2178 908 ista
2198 853 2222 908 ἳ
2249 851 2424 919 Quare
2448 863 2603 902 nemo
2625 844 2767 900 videt
2789 858 2882 899 cor
2903 843 2926 895 ?
2949 840 3080 911 Quia
3111 854 3214 893 nox
3240 846 3337 892 est.
3368 836 3422 890 In
3445 836 3539 888 ista
3565 848 3665 887 no-

2079 955 2165 1002 cte
2207 943 2524 1005 tentationes
2563 935 2854 991 abundant.
2899 931 3058 1002 Quasi
3097 930 3166 984 de
3209 930 3320 998 ipsa
3352 937 3504 981 nocte
3533 924 3668 979 dixit

2081 1036 2314 1107 psalmus
2344 1051 2358 1087 :
2381 1028 2604 1086 Posuisti
2633 1026 2856 1080 tenebras
2880 1065 2894 1087 ,
2919 1033 2962 1076 et
2983 1025 3120 1092 facta
3140 1028 3211 1073 est
3240 1033 3340 1071 nos:
3363 1033 3380 1080 ;
3401 1017 3452 1069 in
3469 1032 3528 1069 ea
3553 1032 3670 1084 per-

2083 1126 2362 1181 transibunt
2403 1137 2571 1177 omnes
2618 1118 2784 1172 bestia:
2809 1116 2946 1169 silva:
2976 1131 2995 1166 :
3021 1111 3172 1164 catuli
3201 1110 3398 1163 leonum
3422 1105 3673 1176 rugientes

2083 1230 2138 1274 ut
2171 1219 2374 1288 rapiant
2393 1255 2409 1276 ,
2437 1223 2482 1280 et
2508 1222 2560 1266 ut
2583 1217 2809 1282 quierant
2837 1224 2868 1258 a
2894 1205 3002 1259 Deo
3032 1218 3195 1258 escam
3222 1200 3314 1255 sibi
3345 1197 3512 1268 (Psal.
3539 1211 3628 1250 cm
3655 1235 3672 1258 ,

2084 1311 2187 1375 20,
2225 1287 2339 1378 21).
2378 1305 2434 1360 ln
2466 1292 2622 1358 nocte
2650 1305 2896 1370 quaerunt
2923 1309 3096 1350 escam
3128 1291 3284 1347 catuli
3312 1290 3542 1375 leonum.
3570 1287 3672 1352 Qui

2087 1412 2209 1458 sunt
2246 1398 2404 1454 catuli
2449 1367 2702 1450 lconumi?
2745 1387 3048 1456 Principum
3088 1393 3142 1438 et
3184 1367 3502 1451 potestatum
3533 1377 3676 1431 aeris

2090 1495 2248 1564 hujus
2267 1534 2282 1558 ,
2307 1490 2577 1546 daemones
2601 1492 2656 1540 et
2675 1481 2844 1552 angeli
2867 1477 3059 1552 diaboli
3083 1474 3294 1548 (Ep/tes.
3325 1487 3398 1536 ιι,
3427 1470 3504 1540 2).
3535 1468 3679 1536 Quo-

2093 1585 2250 1641 modo
2279 1581 2380 1636 sibi
2409 1586 2648 1649 qumrunt
2671 1569 2889 1628 escam?
2915 1567 3139 1635 Quando
3167 1571 3391 1620 tentant.
3421 1559 3528 1616 Sed
3555 1558 3679 1629 quia

2094 1695 2197 1733 non
2225 1673 2482 1730 accedunt
2506 1712 2521 1736 ,
2551 1666 2650 1722 nisi
2682 1667 2820 1721 Deus
2846 1663 2925 1719 eis
2953 1659 3158 1716 dederit
3181 1664 3492 1726 potestatein
3517 1671 3532 1720 ;
3561 1653 3681 1707 ideo

2094 1771 2290 1828 dictum
2334 1773 2446 1827 est,
2492 1762 2780 1840 Quazrentes
2829 1772 2860 1808 a
2905 1754 3013 1807 Deo
3052 1766 3213 1804 escam
3253 1748 3364 1802 sibi.
3405 1744 3683 1801 PetiitJob

2097 1859 2427 1918 tentandum.
2453 1838 2671 1920 Qualem
2699 1847 2917 1903 escam?
2955 1843 3268 1914 Opulentam
3303 1840 3323 1870 ²
3345 1879 3360 1903 ,
3404 1838 3681 1907 pinguem,

2090 1945 2290 2048 ‘justum
2334 1948 2459 2010 Dei,
2488 1945 2572 1999 cui
2604 1943 2715 2011 ipse
2744 1939 2881 2004 Deus
2912 1931 3268 1990 testimonium
3303 1927 3601 1998 perhibuit,
3632 1934 3686 1979 et

2136 2047 2139 2048 ν
2277 2040 2316 2048 ·-
2495 2036 2506 2047 ·
2682 2047 2687 2048 γ
2736 2029 2798 2048 γιυ
2869 2041 3011 2048 ιη»-.-
3051 2022 3135 2048 11.:
3169 2021 3326 2048 -..ιηηρ
3357 2018 3444 2048 ι’..ει
3499 2015 3684 2048 πιοηνη

2098 2015 2171 2101 itit
2210 2060 2224 2098 :
2270 2040 2434 2096 Homo
2464 2036 2570 2089 sine
2597 2029 2799 2102 querela
2819 2069 2834 2094 ,
2867 2041 3011 2081 uerus
3040 2022 3135 2077 Dei
3165 2021 3326 2074 cultor
3353 2018 3465 2087 fuit.
3499 2015 3687 2069 Pettvit

2099 2139 2244 2210 illum
2286 2129 2594 2188 tentandum
2619 2166 2636 2191 ,
2680 2135 2925 2192 quaerens
2966 2132 2996 2171 a
3051 2116 3159 2170 Deo
3200 2126 3376 2168 escam
3407 2128 3420 2163 :
3449 2117 3503 2162 et
3539 2123 3688 2161 acce-

2102 2187 2572 2300 "tcntandum,
2611 2187 2711 2272 sed
2761 2228 2864 2266 non
2914 2205 3321 2279 opprimendum
3351 2187 3492 2273 (Job
3542 2215 3594 2260 ι,
3623 2198 3690 2253 8.

2057 2360 2059 2362 -
2104 2321 2192 2390 ιι)
2217 2337 2231 2382 ;
2262 2312 2612 2386 purgandum,
2637 2322 2742 2360 non
2761 2299 3109 2360 everteudum
3133 2313 3148 2361 ;
3171 2305 3262 2350 aut
3285 2293 3418 2349 forte
3444 2307 3540 2345 nee
3563 2305 3691 2360 pur-

2102 2411 2353 2484 gandum,
2373 2405 2464 2460 sed
2494 2398 2843 2471 probandum.
2868 2395 3069 2448 Tamen
3095 2399 3146 2444 et
3171 2389 3260 2459 qui
3285 2394 3570 2445 tentantur,
3599 2383 3691 2439 ali—
3713 2377 3725 2386 ’

2105 2501 2317 2573 quando
2350 2496 2624 2552 traduntur
2649 2489 2856 2550 occulto
2883 2484 3075 2539 merito
3102 2480 3280 2536 sno'in
3313 2491 3496 2531 manus
3526 2483 3693 2529 tenta-

2108 2593 2236 2647 toris
2259 2633 2274 2656 ,
2304 2587 2422 2660 quia
2466 2581 2640 2639 traditi
2669 2587 2793 2633 sum
2821 2577 2954 2630 forte
2980 2575 3030 2626 in
3059 2567 3518 2639 concupiscentias
3545 2578 3693 2618 suas.

2106 2684 2236 2740 Nam
2275 2678 2516 2736 diabolus
2541 2672 2668 2728 nulli
2696 2678 2853 2726 nocet
2870 2707 2886 2733 ,
2913 2664 3016 2720 nisi
3041 2660 3304 2731 acceperit
3333 2665 3643 2728 potestatem
3666 2671 3694 2709 a

2109 2777 2238 2832 Deo.
2283 2770 2387 2827 Sed
2430 2763 2682 2837 quando?
2722 2760 2778 2815 ιιι
2822 2765 2997 2812 nocte.
3031 2752 3164 2821 Quid
3194 2759 3314 2813 est,
3347 2750 3397 2803 in
3425 2746 3616 2801 nocte?
3643 2747 3696 2798 In

2109 2867 2214 2922 isto
2257 2873 2515 2929 tempore.
2557 2855 2690 2908 Cum
2731 2859 2908 2905 autem
2955 2842 3224 2901 transierit
3251 2855 3385 2904 nox,
3417 2848 3472 2892 et
3498 2839 3698 2891 venor]

2111 2959 2224 3014 dies
2247 2997 2264 3018 .
2290 2955 2571 3009 mittuntur
2597 2945 2719 2999 mali
2747 2958 2867 2998 cum
2896 2941 2986 2994 illo
3009 2938 3060 2992 in
3089 2937 3260 3006 ignem
3283 2944 3539 2986 aeternum
3565 2969 3579 2988 ,
3610 2931 3696 2995 ju-

2113 3051 2178 3105 sti
2217 3061 2344 3101 vero
2381 3041 2432 3096 iu
2475 3042 2630 3092 vitam
2672 3043 2924 3090 atternam
2970 3027 3179 3100 (Matth.
3217 3039 3351 3089 xxv,
3378 3019 3488 3090 lli).
3519 3019 3702 3075 Nullus

2115 3141 2223 3195 illic
2263 3137 2363 3190 erit
2399 3125 2669 3192 tentator,
2699 3125 2818 3194 quia
2847 3137 2952 3175 non
2979 3127 3102 3173 sum
3130 3117 3234 3171 illic
3260 3113 3418 3168 catuli
3447 3113 3658 3166 leonum
3682 3129 3699 3168 ;

2115 3235 2234 3304 quia
2276 3233 2534 3282 transacta
2575 3229 2656 3275 est
2683 3233 2806 3270 nux.
2844 3213 2966 3268 ltleo
3009 3209 3262 3265 Dominus
3289 3202 3564 3272 discipulis
3590 3203 3703 3256 suis

2116 3323 2190 3378 ait
2219 3339 2235 3376 :
2264 3317 2378 3374 Hoc
2410 3323 2550 3369 nocte
2575 3307 2840 3383 postulavit
2865 3315 3069 3359 satanas
3096 3316 3274 3355 vexare
3301 3314 3383 3352 vos
3409 3297 3535 3349 sicut
3566 3295 3702 3347 triti—

2117 3428 2270 3477 cum;
2312 3417 2358 3463 et
2394 3422 2484 3478 ego
2507 3401 2675 3472 rogavi
2705 3414 2796 3466 pro
2823 3406 2902 3460 te,
2934 3392 3117 3455 Petra,
3146 3406 3206 3444 ne
3236 3388 3434 3455 deﬁciat
3462 3385 3585 3454 ﬁdes
3619 3394 3704 3437 tua

2119 3502 2269 3574 (Luc.
2309 3513 2418 3554 xm
2439 3538 2454 3562 ,
2493 3495 2553 3548 51
2585 3533 2604 3557 ,
2632 3489 2745 3560 52).
2776 3484 2912 3552 Quid
2944 3491 3025 3538 est
3044 3523 3060 3548 ,
3085 3495 3265 3534 vexare
3291 3477 3420 3531 sicut
3446 3475 3704 3528 triticum?

2119 3590 2395 3665 Quomodo
2430 3583 2498 3641 ab
2536 3581 2748 3637 homine
2788 3575 3020 3630 triticum
3051 3586 3155 3625 non
3191 3566 3572 3628 mandueatur,
3606 3563 3705 3616 nisi

2120 3688 2295 3760 primo
2320 3678 2590 3740 attritum,
2625 3681 2680 3727 ut
2707 3683 2897 3740 panem
2928 3664 3122 3727 faciat;
3155 3661 3230 3714 sic
3259 3658 3525 3714 neminem
3555 3671 3706 3710 man-

2121 3750 2281 3833 ducat
2315 3769 2555 3828 diabolus
2579 3808 2594 3833 ,
2632 3763 2731 3818 nisi
2761 3759 2931 3830 primo
2955 3770 3051 3827 per
3075 3750 3464 3808 tribulationem
3495 3755 3705 3801 everte-

2124 3870 2213 3924 rit.
2252 3861 2524 3924 Conterit,
2561 3865 2619 3912 nt
2653 3849 2933 3908 manducet
2964 3864 2976 3899 :
3010 3853 3064 3898 tu
3091 3849 3268 3896 autem
3299 3836 3508 3909 quando
3538 3836 3708 3889 tribu-

2124 3961 2250 4023 laris
2270 3999 2285 4024 ,
2314 3955 2360 4010 si
2387 3963 2600 4007 maneas
2627 3956 2846 4015 granum
2869 3980 2884 4004 ,
2918 3952 3022 3991 non
3050 3929 3386 3989 contui-beris
3409 3944 3424 3994 ;
3461 3925 3589 3980 nihil
3614 3924 3707 3978 tibi

2124 4020 2402 4118 contingit.
2450 4035 2726 4108 Quomodo
2767 4027 2979 4100 quando
3022 4026 3183 4111 boves
3222 4020 3506 4082 trituram,
3552 4031 3706 4068 ιιιιιιις-

2127 4142 2250 4215 quid
2290 4100 2343 4193 iii
2369 4135 2541 4190 solum
2568 4126 2797 4182 triticum
2826 4115 3063 4174 intrant?
3086 4100 3256 4168 'Simul
3285 4112 3560 4162 mittuntur
3588 4119 3708 4158 cum

2131 4193 2318 4291 t'rihula
2354 4229 2405 4281 in
2433 4235 2632 4278 aream.
2660 4213 2764 4270 Sed
2791 4207 3041 4279 numquid
3072 4201 3358 4260 timendum
3387 4209 3465 4254 est
3491 4193 3712 4250 tritico?

2131 4329 2301 4386 Absit.
2348 4321 2464 4376 Non
2511 4308 2804 4371 conciditur
2837 4303 2937 4357 nisi
2982 4299 3166 4371 palea;
3199 4294 3429 4348 triticum
3455 4289 3712 4360 spoliauit

2130 4413 2412 4489 superﬂuis
2449 4410 2469 4440 ³
2493 4449 2509 4474 ,
2555 4414 2610 4459 et
2647 4397 2820 4454 veniat
2854 4389 3126 4448 ventilatio
3149 4427 3166 4454 ,
3191 4395 3246 4440 et
3270 4382 3500 4437 inveniet
3528 4394 3708 4448 puram

2131 4470 2256 4489 ,Ἲ-
2497 4470 2504 4474 γ

2130 4523 2361 4583 massam
2409 4526 2423 4557 :
2469 4512 2625 4571 quem
2673 4489 2871 4548 invenit
2908 4497 3130 4560 granum
3169 4470 3324 4534 mittit
3370 4476 3420 4529 in
3463 4473 3710 4527 horreum

2134 4573 2287 4660 suum
2313 4618 2328 4664 ;
2371 4606 2425 4652 et
2463 4603 2710 4648 acervum
2741 4582 2904 4654 palea:
2930 4575 3202 4634 comburet
3232 4569 3335 4642 igni
3367 4564 3712 4634 illelslingui-

2133 4698 2224 4754 bili
2251 4690 2459 4766 (Matth.
2491 4701 2544 4740 ιιι
2567 4724 2579 4743 .
2608 4679 2719 4748 12).

2344 4777 2494 4836 Unde
2534 4772 2640 4828 dixi
2682 4747 2826 4822 hoc?
2865 4759 2999 4832 Quia
3039 4756 3179 4811 diem
3217 4752 3272 4807 in
3308 4766 3402 4821 Spe
3431 4747 3713 4802 habemus.

2137 4879 2260 4936 Dies
2297 4871 2447 4929 nobis
2476 4869 2529 4922 in
2555 4862 2766 4919 Christo
2789 4855 2950 4912 debet
2975 4865 3114 4907 esse.
3143 4846 3270 4902 Nam
3297 4841 3542 4912 quamdiu
3573 4839 3720 4892 inter

2135 4966 2452 5024 tentationes
2479 4967 2663 5012 sumus
2680 4993 2696 5018 ,
2727 4962 2831 5004 nox
2857 4953 2961 5003 est.
2987 4941 3043 4996 ln
3075 4941 3177 4996 ista
3199 4944 3351 4990 nocte
3377 4932 3546 5002 parcit
3575 4930 3719 4983 Deus

2136 5054 2500 5133 peccatoribus
2521 5091 2536 5112 ,
2568 5055 2621 5102 ut
2650 5055 2753 5097 non
2783 5039 2903 5094 illos
2932 5034 3117 5096 tollat;
3150 5027 3378 5098 ﬂagellat
3404 5024 3520 5077 illos
3540 5029 3719 5073 tenta-

2201 5354 2218 5386 ι
2254 5350 2328 5399 sic
2349 5355 2446 5395 Am.
2471 5350 2523 5392 et
2535 5338 2718 5400 aliquot
2738 5339 2844 5381 Mss.
2857 5333 3009 5380 Att-1r.
3030 5331 3082 5375 et
3101 5328 3235 5380 Lov.,
3253 5317 3462 5368 nondum
3484 5318 3580 5362 tam
3595 5308 3725 5360 certi

2139 5426 2436 5530 “Tiferni;
2460 5462 2621 5527 probae
2641 5459 2898 5530 potants"
2923 5448 3161 5514 patentem
3182 5456 3200 5494 :
3225 5449 3276 5492 et
3296 5440 3407 5490 huic
3429 5437 3593 5486 favent
3606 5435 3724 5494 qui-

2136 5519 2524 5590 damihabe‘blési
2542 5519 2850 5590 0P"“’"‘?.'".°,,
2900 5580 2939 5590 -.
2965 5579 2980 5590 .
2999 5585 3054 5590 __
3079 5584 3092 5590 _
3123 5575 3216 5590 ν-..
3243 5559 3504 5590 ,κριθείην
3527 5550 3622 5590 ..ξεί

2136 5559 2245 5590 unm
2271 5559 2524 5583 ιωνωινσ,
2542 5559 2825 5585 νιν-.-.αππα-

2127 5592 2134 5601 ”
2203 5603 2224 5631 ³
2255 5599 2327 5645 Sic
2349 5588 2586 5645 meliores
2599 5591 2707 5645 mss.
2723 5584 2779 5625 At
2799 5582 2873 5624 Et.
2893 5580 2944 5645 et
2965 5579 3093 5645 liovz:

2140 5627 2234 5717 ιαὶ,
2256 5627 2735 5713 Z'iriiiii'iiaadiur,
2753 5634 3021 5762 superfuit,
3039 5639 3084 5690 et
3107 5627 3378 5688 reniet,etc.
3395 5631 3624 5676 Αιιι..ιιιει
3638 5628 3731 5679 pa-

2143 5723 2219 5762 lm
2239 5733 2268 5762 ιι
2290 5706 2710 5762 triticospaltetur,
2737 5711 2878 5762 super
2917 5703 3000 5758 ait,
3029 5701 3126 5744 etc.

2143 5701 2710 5773 Ea'a—triticospalietur,
2737 5701 3000 5762 superﬂuit,
3029 5701 3126 5744 etc.
