4012 6202
305 344 454 400 1293

300 459 564 515 Putamus
604 473 814 530 semper
855 459 1134 540 tolerabit?
1175 463 1229 520 Si
1277 455 1884 536 sempcr‘misericordia

302 559 428 622 est,
475 564 580 604 non
626 561 707 604 est
727 551 980 620 judicium
1027 570 1040 607 :
1084 555 1127 607 si
1168 565 1378 618 autem,
1419 554 1816 609 Misericordia":
1845 566 1891 610 et

299 639 552 711 judicium
580 642 789 694 cantabo
817 642 932 707 tibi,
966 642 1216 708 Domine;
1243 644 1400 700 modo
1427 647 1625 715 parcit,
1660 655 1783 701 tunc
1806 647 1892 715 ju-

300 730 523 784 dicahit.
571 730 675 785 Sed
719 733 929 804 quando
966 734 1432 810 iudicabitttlnm
1468 737 1735 791 transierit
1764 753 1888 792 nox.

301 817 433 874 ideo
459 819 610 884 dixit,
655 821 722 875 In
750 825 1003 878 matutinis
1027 824 1382 894 interﬁciebam
1407 843 1578 881 autne:
1607 837 1891 896 peccatores

301 919 470 964 terra.
503 911 745 984 Quidest
764 955 779 980 ,
809 913 875 968 In
901 917 1195 971 matutinis?
1217 918 1351 971 Cum
1377 918 1485 986 jam
1513 917 1624 986 dies
1647 921 1886 986 venerit,

301 1011 463 1056 nocte
495 1011 780 1058 transacta.
811 1003 839 1057 1
847 1022 879 1057 η
907 1006 1166 1062 matutinis
1191 1006 1546 1076 interﬁciebam
1574 1025 1743 1063 omnes
1776 1026 1890 1077 pec.

299 1103 498 1150 calores
541 1103 707 1154 terra.
747 1094 921 1161 Quare
951 1097 1028 1150 eis
1057 1097 1221 1165 parcit
1246 1112 1413 1167 usque
1441 1097 1505 1152 ad
1532 1099 1889 1152 matutinum?

300 1184 435 1250 Quia
467 1200 572 1240 nox
603 1194 738 1242 erat.
769 1187 903 1254 Quid
930 1197 1013 1242 est
1034 1230 1048 1253 ,
1078 1206 1182 1243 uox
1207 1191 1357 1244 erat?
1384 1191 1516 1256 Quia
1546 1201 1752 1261 tempus
1776 1202 1890 1249 erat

297 1277 556 1346 parcendi
589 1295 602 1330 :
633 1278 914 1346 parcebat,
945 1295 1066 1337 cum
1093 1281 1252 1334 corda
1285 1280 1555 1335 hominum
1585 1293 1765 1337 essent
1793 1298 1886 1338 oc-

298 1368 464 1422 culta.
500 1368 663 1423 Vides
690 1369 914 1439 aliquem
941 1372 1077 1427 male
1103 1371 1280 1428 vivere
1303 1415 1318 1439 ,
1351 1374 1544 1428 toleras
1572 1375 1714 1430 illum
1746 1371 1762 1429 ἐ
1787 1391 1885 1430 ne-

299 1462 409 1514 scis
437 1461 583 1516 enim
613 1462 782 1532 qualis
809 1464 911 1517 erit
935 1504 950 1530 ,
982 1467 1101 1533 quia
1127 1479 1234 1520 nox
1265 1474 1383 1531 est;
1414 1475 1587 1520 utrum
1618 1467 1705 1538 qui
1731 1467 1889 1524 hodie

300 1552 444 1612 niale
471 1552 640 1619 vivit,
666 1568 784 1607 cras
808 1554 942 1610 bene
968 1556 1146 1620 vivat;
1174 1568 1227 1612 et
1251 1566 1424 1612 utrum
1451 1559 1540 1628 qui
1570 1558 1724 1614 hodie
1753 1560 1889 1616 bene

299 1645 468 1710 vivit,
498 1660 621 1699 cras
647 1645 816 1700 malus
842 1649 928 1700 sit.
957 1646 1072 1704 Nox
1098 1658 1181 1704 est
1206 1651 1346 1704 enim
1367 1692 1382 1716 ,
1413 1660 1465 1705 et
1489 1667 1674 1707 omnes
1701 1653 1889 1708 tolerat

303 1735 445 1792 Deus
463 1775 480 1798 ,
523 1735 647 1806 quia
684 1735 997 1810 longanitnis
1021 1747 1121 1791 est.
1149 1738 1359 1792 Tolerat
1382 1781 1398 1808 ,
1427 1749 1482 1794 ut
1509 1751 1888 1796 convertantur

300 1824 374 1878 ad
414 1825 564 1880 illum
607 1836 928 1895 peccatores.
975 1827 1080 1886 Sed
1118 1828 1206 1898 qui
1249 1843 1353 1883 non
1392 1844 1450 1884 se
1474 1832 1812 1885 correxerint
1834 1831 1885 1886 in

304 1915 409 1968 isto
452 1916 694 1984 tempore
737 1916 1153 1985 misericordias,
1201 1917 1597 1973 intertieientur.
1629 1919 1696 1974 Et
1723 1936 1888 1989 quare

303 2005 690 2060 interﬁcientur
710 2006 734 2060 ?
758 2005 826 2082 U_t
848 2007 1216 2082 dispergantur
1234 2008 1300 2064 de
1319 2009 1530 2064 civitate
1547 2003 1791 2079 Domini,
1819 2011 1887 2069 de

301 2100 559 2151 SOCit'lttlc
593 2098 882 2156 Jerusalem
908 2140 923 2160 ,
961 2097 1028 2154 de
1063 2101 1314 2157 societate
1335 2109 1636 2158 sanctorum
1656 2145 1671 2167 ,
1697 2103 1765 2158 de
1794 2118 1885 2159 so-

299 2189 499 2242 cietate
554 2186 820 2242 Ecclesiaz.
871 2188 1091 2257 Quando
1135 2201 1310 2246 autem
1356 2192 1776 2248 iuterlicientur?
1818 2193 1884 2248 In

300 2279 583 2332 inatutiuis.
614 2278 748 2348 Quid
775 2290 892 2345 est,
919 2279 984 2335 In
1008 2282 1307 2338 matutinis?
1333 2282 1462 2337 Cum
1491 2298 1592 2341 nox
1621 2293 1884 2340 transacta

301 2373 483 2428 fuerit.
525 2372 700 2440 Quare
740 2374 897 2429 modo
942 2375 1150 2444 parcit?
1177 2374 1309 2441 Quia
1337 2383 1543 2445 tempus
1570 2385 1649 2430 est
1675 2375 1885 2430 miseri-

300 2462 520 2517 cordiae.
563 2463 733 2534 Quare
777 2479 878 2519 non
915 2479 1124 2534 semper
1160 2466 1366 2536 parcit?
1394 2466 1522 2532 Quia
1547 2509 1563 2533 ,
1592 2465 1883 2520 Μίνω-ἰσον-

299 2556 441 2608 diam
470 2564 514 2608 et
533 2555 784 2628 judicium
813 2556 1020 2610 cantabo
1047 2555 1163 2622 tibi,
1194 2555 1423 2610 Domine.
1453 2551 1702 2623 Fratres,
1726 2573 1884 2612 nemo

298 2649 403 2706 sibi
428 2647 724 2702 blandiatur
747 2665 762 2702 :
791 2648 1171 2715 interﬁcientur
1189 2662 1373 2702 omnes
1393 2658 1670 2716 operantes
1689 2649 1882 2718 iniqui-

297 2747 464 2793 tatem
488 2755 506 2804 ;
539 2739 818 2794 iuteriiciet
838 2738 1194 2797 eos,Christus
1219 2739 1269 2792 in
1297 2739 1582 2804 matutinis,
1605 2747 1658 2793 et
1677 2738 1882 2808 disper-

299 2830 389 2884 det
413 2845 507 2885 eos
533 2829 600 2884 de
625 2829 838 2884 civitate
864 2844 978 2884 sua.
1005 2828 1111 2886 Sed
1142 2829 1298 2884 modo
1324 2844 1444 2885 eum
1474 2837 1680 2898 tempus
1713 2828 1878 2884 misce

299 2920 544 2974 rieordia:
587 2929 706 2986 est,
751 2920 966 2974 audiant
1010 2935 1151 2975 eum.
1194 2919 1399 2990 Ubique
1437 2919 1626 2973 clamat
1657 2934 1749 2988 per
1779 2918 1880 2974 Le-

297 3025 456 3078 gem,
511 3025 605 3079 per
643 3009 932 3081 Prophetas
957 3052 972 3077 ,
1021 3025 1113 3080 per
1155 3011 1426 3072 Psalmos,
1460 3026 1553 3080 per
1579 3010 1838 3080 Epistolas
1860 3047 1880 3078 ,

301 3118 394 3174 per
437 3102 721 3172 Evangelia
766 3120 780 3156 :
821 3101 994 3156 videte
1039 3102 1159 3172 quia
1201 3118 1304 3160 non
1337 3111 1503 3166 tacet,
1531 3103 1653 3172 quia
1679 3103 1878 3170 parcit,

300 3193 423 3262 quia
465 3201 650 3263 erogat
693 3191 1148 3258 misericordiam;
1188 3191 1280 3249 sed
1306 3202 1520 3258 cavete,
1549 3194 1669 3264 quia
1698 3203 1878 3248 ventu-

299 3301 416 3344 rum
441 3295 522 3339 est
544 3284 827 3364 judicium.

783 3447 862 3507 IN
905 3446 1281 3508 PSALMUM
1322 3447 1398 3509 Cl

894 3547 1308 3602 ENARRATIO.

902 3653 1073 3694 seano
1099 3654 1114 3692 ι
1144 3638 1240 3710 (α).

756 3747 836 3803 De
861 3751 1024 3818 prima
1048 3761 1188 3821 parte
1215 3750 1428 3806 Psalmi.

335 3896 338 3899 .
369 3842 422 3896 l.
440 3841 590 3913 [πη.
614 3839 690 3913 1.]
715 3842 850 3896 Ecce
868 3857 1000 3896 unus
1020 3857 1216 3912 pauper
1235 3853 1372 3910 orat,
1394 3853 1570 3899 etnon
1592 3846 1708 3899 orat
1726 3845 1776 3900 in
1800 3846 1875 3900 si-

292 3933 480 3988 lentio.
501 3933 649 3990 Licet
669 3948 796 4004 ergo
809 3935 993 3990 audire
1012 3951 1156 4000 eum,
1175 3936 1416 3990 etvidere
1432 3937 1673 4006 quisnam
1690 3939 1784 3992 sit:
1810 3954 1877 3994 ue

295 4023 434 4078 forte
451 4024 537 4078 ille
551 4023 714 4087 sit,de
727 4039 832 4093 quo
847 4024 973 4078 dicit
989 4025 1291 4095 Apostolus,
1314 4025 1412 4091 Qui
1427 4037 1630 4096 prapter
1648 4043 1732 4081 vos
1749 4045 1874 4099 pau-

293 4129 390 4179 per
407 4117 568 4182 [actus
585 4122 677 4176 est,
704 4129 816 4166 cum
836 4113 969 4168 dives
989 4124 1132 4178 esset,
1160 4124 1213 4166 ut
1229 4114 1367 4168 illius
1393 4127 1681 4186 paupertate
1697 4133 1780 4171 vos
1797 4119 1875 4171 di-

290 4205 531 4262 taremini
551 4204 615 4276 (ll
628 4203 746 4260 Cor.
761 4222 872 4270 vui,
888 4207 966 4274 9).
991 4206 1047 4261 Si
1068 4222 1195 4277 ergo
1212 4207 1323 4277 ipse
1337 4218 1437 4273 est,
1455 4210 1720 4279 quomodo
1743 4225 1873 4279 pau-

291 4294 433 4365 per?
463 4293 589 4348 Nam
613 4296 877 4366 quomodo
897 4295 1063 4366 dives,
1085 4299 1202 4368 quis
1223 4313 1330 4352 non
1353 4299 1528 4354 videt?
1555 4299 1705 4356 Unde
1729 4300 1869 4356 enim

289 4387 545 4444 homines
578 4397 698 4443 sunt
735 4388 962 4443 divites?
1011 4390 1143 4445 Puto
1188 4405 1337 4458 auro,
1371 4402 1608 4462 argento,
1651 4392 1868 4461 familia,

291 4487 440 4532 terra
473 4494 488 4529 :
515 4477 607 4539 sed
636 4479 804 4532 omnia
837 4495 925 4550 per
944 4479 1107 4549 ipsum
1133 4485 1265 4551 facta
1292 4491 1428 4537 sunt.
1459 4483 1592 4550 Quid
1624 4499 1752 4555 ergo
1782 4486 1870 4540 illo

289 4567 482 4631 ditius,
520 4583 613 4636 per
649 4585 803 4637 quem
852 4567 1002 4624 facta:
1026 4579 1149 4624 sunt
1189 4572 1402 4637 divitia‘,
1432 4575 1589 4627 etiam
1619 4575 1723 4628 illa:
1752 4592 1869 4644 qua:

290 4675 405 4710 non
427 4668 547 4711 sunt
568 4675 707 4714 vera:
729 4648 1088 4717 divitize‘tPer
1111 4663 1254 4718 illum
1276 4665 1418 4720 enim
1439 4675 1491 4720 et
1519 4666 1620 4720 illac
1644 4667 1864 4730 divitiae,

287 4747 585 4815 ingenium,
615 4752 862 4805 memoria
885 4753 926 4818 ¹,
961 4767 1155 4818 mores,
1184 4755 1310 4821 vita,
1342 4744 1502 4825 ipsius
1522 4759 1759 4826 corporis
1782 4774 1868 4813 sa-

287 4843 456 4900 nitas,
507 4853 715 4901 sensus.
754 4841 1202 4912 cbnformatioque
1242 4845 1640 4900 membrorum:
1671 4839 1864 4903 etenim

283 4942 414 4981 cum
445 4928 556 4982 hzec
586 4931 728 4983 salva
759 4940 900 4998 sunt,
926 4941 980 4988 et
1009 4947 1263 5002 pauperes
1287 4935 1475 4990 divites
1495 4947 1637 4991 sunt.
1671 4938 1770 4992 Per
1797 4939 1863 4992 il-

285 5019 404 5072 lum
451 5029 504 5072 et
545 5020 646 5074 illae
688 5021 914 5092 majores
955 5023 1168 5090 divitiae,
1215 5024 1367 5087 ﬁdes.
1415 5027 1603 5096 pietas,
1640 5028 1861 5098 iustitia,

283 5109 547 5174 charitas,
576 5113 808 5179 castitas,
839 5130 1014 5170 mores
1035 5116 1154 5171 boni
1185 5135 1198 5172 :
1231 5134 1387 5173 nemo
1407 5121 1546 5175 enim
1572 5131 1624 5176 et
1645 5122 1739 5177 has
1767 5123 1863 5177 ha-

281 5203 408 5268 bet.
444 5203 542 5257 nisi
576 5220 671 5274 per
701 5221 820 5260 eum
850 5207 938 5276 qui
960 5207 1213 5276 justiiicat
1236 5210 1451 5280 impium
1475 5212 1647 5282 (Rom.
1679 5229 1750 5276 tv,
1784 5215 1860 5287 5).

279 5294 434 5352 Ecce
458 5309 614 5368 quam
651 5297 822 5353 dives.
854 5299 982 5367 Quis
1023 5301 1162 5356 enim
1193 5301 1358 5369 dives,
1398 5305 1487 5375 qui
1525 5305 1683 5362 habet
1721 5309 1861 5379 quod

358 5449 743 5526 :‘Amgetplnres
755 5460 860 5503 Mss.
885 5467 992 5526 non
1003 5421 1194 5526 habent
1203 5461 1644 5526 vocem,_men_wria.
1662 5461 1746 5513 Alii
1757 5465 1862 5526 (ιρι-

275 5509 410 5588 daal.
419 5509 865 5588 gui_ttunt,_mores.
887 5517 1026 5588 Paulo
1183 5509 1861 5588 ιιιιτρἀἑεέιιέιιιιιέέξὸηἶιζ

880 5588 900 5627 :
933 5579 1022 5628 sed
1043 5569 1216 5631 melius
1234 5581 1284 5630 in
1306 5569 1862 5647 Fubeidsium—‘Iisi,'35n-

797 5700 1555 5770 ιιιιιίωδιαεεοιιιυοωιιειαε,
1584 5706 1649 5759 de
1684 5707 1859 5773 quam

1363 341 1366 343 ‘
1451 350 1841 407 ENARRATIO
1881 352 1944 407 IN
1982 351 2419 420 PSALMUM'CL

1993 469 2104 524 vult
2119 471 2222 527 alio
2243 475 2483 541 iacteute,
2499 493 2563 533 an
2585 482 2672 550 qui
2689 483 2813 540 facit
2832 489 2970 556 quod
2991 492 3100 548 vult
3118 503 3171 552 ct
3189 497 3293 552 alio
3315 497 3566 565 habente?

1997 561 2132 616 Puto
2148 566 2264 635 quia
2279 567 2435 622 ditior
2455 569 2544 625 ille
2561 575 2646 639 qui
2665 574 2936 648 fecitquod
2960 581 3150 649 habes;
3175 590 3295 657 quia
3317 561 3564 660 quodille

1998 651 2174 719 habet,
2195 665 2248 709 tu
2265 672 2368 711 non
2389 658 2566 715 habes.
2584 664 2718 719 Ecce
2734 683 2886 737 quam
2903 672 3069 728 dives.
3089 674 3142 729 in
3162 651 3263 732 hoc
3279 651 3382 735 tain
3401 681 3568 740 divite

1997 744 2135 800 unde
2167 749 2388 817 agnituri
2410 767 2590 808 sumus
2612 755 2725 813 ha‘c
2752 761 2906 815 verba
2935 782 2948 818 :
2982 765 3204 822 Cinerem
3233 751 3358 826 sicut
3383 791 3562 844 panem

1996 835 2310 902 manducavi,
2338 850 2385 895 et
2408 853 2576 912 potum
2597 865 2760 902 meum
2779 867 2890 906 cum
2910 856 3029 923 ﬂetu
3065 861 3362 918 miscebant?
3381 866 3562 925 Hucne

1995 922 2267 981 illaatauta:
2283 928 2477 994 divitia:
2491 941 2874 1002 pervenerunt?
2892 922 3106 1000 Multum
3126 949 3251 1004 illud
3268 922 3557 1020 excelsum,

1936 1063 1949 1082 ο
1995 1015 2213 1068 multum
2239 1017 2337 1073 hoc
2357 1021 2638 1090 abjectum.
2662 1027 2796 1095 Quid
2817 1030 3099 1089 faciemus?
3118 1043 3556 1107 quemadmodum

1996 1104 2093 1158 ista
2125 1107 2226 1162 ima
2259 1110 2362 1165 illis
2386 1117 2606 1171 summis
2632 1126 3180 1191 contemperabinms?
3199 1131 3363 1189 Nimis
3384 1136 3449 1192 ab
3476 1138 3560 1190 in-

1993 1199 2160 1250 vicem
2183 1197 2333 1269 longc
2353 1213 2494 1257 sunt.
2523 1206 2766 1264 Nondum
2797 1227 3024 1283 agnosco
3049 1219 3202 1275 istum
3239 1239 3556 1295 pauperem;

1992 1286 2128 1342 alius
2147 1299 2226 1343 est
2242 1291 2462 1349 fortasse
2483 1315 2495 1350 :
2513 1298 2606 1352 sed
2627 1301 2690 1354 ad
2699 1301 2797 1358 huc
2809 1299 3132 1372 quaeramus]
3149 1313 3296 1368 Unde
3308 1317 3445 1372 enim
3467 1336 3562 1375 no-

1993 1375 2073 1431 bis
2088 1393 2188 1432 nou
2212 1381 2415 1437 videtur
2441 1386 2572 1456 ipse,
2599 1391 2785 1446 mirum
2808 1395 2851 1448 si
2881 1397 3170 1470 interrogas
3194 1412 3246 1457 et
3268 1421 3369 1458 non
3398 1422 3558 1478 expa-

1993 1470 2161 1524 vescis
2201 1470 2441 1529 divitias:
2470 1477 2535 1530 In
2580 1481 2825 1552 principio
2864 1496 2970 1541 erat
3011 1488 3242 1557 Verbum,
3273 1505 3320 1548 et
3348 1470 3558 1553 Verbum

1993 1847 2083 1887 ves
2112 1845 2253 1900 erat;
2301 1850 2498 1907 quanto
2527 1847 2692 1914 magis
2723 1847 2809 1902 ille
2841 1850 2908 1905 de
2932 1868 3036 1922 quo
3061 1855 3287 1924 diccbat,
3318 1858 3384 1913 In
3412 1863 3556 1931 prin-

1989 1923 2120 2015 cipio
2140 1935 2243 1978 erat
2271 1927 2482 1985 Verbum
2509 1949 2527 1986 :
2571 1944 2623 1989 ct
2648 1953 2750 1991 non
2782 1940 3160 2014 qualecumque
3179 1923 3430 2015 Verbum,
3458 1953 3553 2009 scd

1999 2010 2210 2070 Verbum
2243 2017 2417 2089 Deus;
2450 2038 2501 2080 et
2541 2041 2643 2082 ιιυιι
2677 2029 3011 2102 ubicumque,
3057 2010 3148 2092 sed
3188 2042 3324 2109 apud
3357 2043 3554 2112 Deum;

1988 2115 2042 2160 et
2071 2123 2172 2162 non
2200 2126 2410 2180 vacans,
2436 2116 2528 2172 sed
2560 2122 2724 2174 omnia
2748 2139 2836 2191 per
2864 2123 3028 2195 ipsum
3052 2126 3185 2197 facta
3209 2142 3321 2186 sunt
3341 2133 3366 2185 ?
3393 2133 3552 2188 Cinc-

1989 2209 2099 2249 rem
2146 2197 2283 2252 sicut
2330 2217 2518 2270 panem
2563 2211 2908 2278 manducavit,
2939 2225 2995 2272 et
3022 2230 3199 2287 potum
3239 2239 3392 2278 suum
3431 2241 3549 2280 cum

1989 2283 2110 2338 tletu
2151 2292 2512 2348 commiscuit?
2553 2296 2889 2359 Metuendum
2936 2283 3038 2363 est
3056 2326 3123 2365 ne
3166 2314 3322 2369 tantis
3357 2317 3552 2374 divitiis

1986 2475 2053 2514 ne
2080 2461 2190 2531 ipse
2218 2465 2286 2518 sit
2310 2481 2507 2537 pauper
2530 2471 2660 2539 iste;
2690 2461 2936 2546 quoniam
2976 2481 3187 2539 Verbum
3215 2503 3333 2544 caro
3358 2495 3548 2561 factum

1985 2561 2078 2615 est,
2105 2563 2150 2606 et
2170 2554 2405 2613 habitavit
2425 2561 2477 2614 in
2496 2564 2636 2619 nobis
2665 2559 2840 2640 (Joan.
2872 2586 2910 2636 ι,
2944 2575 2993 2639 1,
3022 2576 3076 2641 2,
3105 2578 3158 2641 5,
3184 2580 3294 2650 Η).
3327 2554 3550 2653 ltespice

1952 2676 1954 2683 ι
1984 2651 2038 2696 et
2070 2644 2208 2700 illam
2237 2664 2420 2706 vocem
2466 2672 2480 2708 :
2513 2653 2624 2727 Ego
2649 2676 2818 2715 servus
2845 2673 2957 2718 tuus
2983 2678 3027 2719 et
3062 2670 3198 2736 [ilius
3226 2644 3552 2730 ancillte'tntu

1985 2731 2155 2831 (i’sal.
2185 2752 2305 2805 cxv,
2338 2741 2446 2814 l6).
2478 2746 2704 2804 Attende
2743 2754 2985 2810 ancillam
3032 2731 3175 2814 illam
3222 2775 3454 2831 castam,
3497 2778 3552 2824 et

1981 2824 2260 2895 virginem,
2301 2840 2353 2885 et
2394 2845 2614 2891 matrem
2650 2857 2664 2894 :
2697 2841 2762 2896 ibi
2791 2844 2931 2898 enim
2958 2852 3160 2920 accepit
3189 2867 3548 2924 paupertatem

1985 2927 2240 2983 nostram,
2293 2926 2379 2980 ubi
2423 2931 2561 2984 servi
2604 2931 2770 2990 forma
2817 2937 3027 2997 indutus
3066 2953 3166 3008 est,
3207 2952 3550 3021 semetipsum

1982 3010 2328 3082 exinaniens;
2360 3034 2425 3072 ne
2451 3021 2657 3078 divitias
2684 3026 2798 3094 ejus
2819 3045 3217 3102 expavesceres,
3247 3047 3298 3092 ct
3324 3041 3391 3093 ad
3424 3058 3548 3098 emn

1982 3101 2239 3160 accedere
2271 3122 2390 3162 cum
2439 3119 2524 3166 tua
2554 3117 2889 3174 mendicitate
2927 3137 3032 3176 non
3062 3125 3304 3182 auderes.
3346 3129 3420 3185 lbi
3459 3148 3551 3188 ac-

1981 3194 2140 3261 cepit,
2171 3195 2402 3268 inquam,
2447 3201 2671 3261 formam
2709 3213 2867 3276 servi,
2909 3212 2978 3267 ibi
3018 3225 3195 3272 nostra
3225 3219 3438 3276 indutus
3467 3232 3548 3280 est

1979 3295 2323 3354 paupertate;
2367 3292 2434 3346 ibi
2480 3308 2537 3349 se
2584 3303 2921 3368 pauperavit,
2953 3304 3022 3358 ibi
3067 3323 3162 3362 nos
3187 3309 3388 3365 ditavit.
3429 3313 3547 3369 Jam

1979 3388 2105 3443 ergo
2131 3378 2540 3450 propinquamus
2574 3387 2640 3442 de
2677 3389 2766 3444 illo
2809 3391 2920 3449 inec
2947 3395 3239 3468 intelligere
3279 3418 3294 3456 :
3341 3418 3549 3458 verum-

1983 3473 2154 3520 tamen
2185 3469 2354 3526 adhuc
2383 3489 2485 3528 non
2521 3486 2602 3531 est
2631 3489 2829 3538 temere
2865 3489 3328 3554 pronuntiandum.
3358 3493 3546 3552 Partus

1980 3557 2198 3627 virginis
2239 3572 2320 3616 est
2359 3565 2491 3634 lapis
2532 3567 2647 3624 sine
2700 3573 2943 3630 manibus
2984 3575 3051 3631 de
3081 3591 3260 3636 monte
3297 3586 3547 3652 praecisus

1981 3646 2139 3720 (Dan.
2169 3668 2224 3718 ιι,
2253 3653 2368 3721 54),
2397 3657 2483 3712 ubi
2512 3659 2685 3714 nullus
2712 3663 2982 3718 hominum
3004 3681 3252 3736 operatus
3271 3646 3371 3736 est,
3399 3676 3542 3730 nulla

1981 3742 2240 3800 transfusa
2285 3749 2726 3818 concupiscentia,
2770 3753 2864 3808 sed
2901 3757 3012 3810 sola
3053 3759 3180 3814 iides
3206 3775 3447 3828 accensa,
3492 3774 3546 3820 et

1983 3831 2138 3887 Verbi
2166 3836 2290 3890 caro
2312 3849 2585 3908 concepta.
2625 3842 2823 3898 Deinde
2862 3848 3120 3922 processit
3147 3866 3212 3904 ex
3248 3862 3431 3917 utero;
3464 3855 3544 3909 lo-

1979 3924 2082 3977 cuti
2119 3935 2242 3979 sunt
2265 3928 2405 3993 eteli,
2452 3930 2637 4000 Angeli
2666 3935 2962 4001 pastoribus
2986 3940 3363 3996 nuntiaverunt
3389 3942 3540 4013 (Luc.

1978 4028 2034 4074 ιι,
2076 4014 2254 4087 7-14),
2289 4019 2440 4073 stella
2481 4021 2546 4073 ad
2585 4021 2911 4079 adorandum
2949 4043 3125 4098 regem
3166 4047 3344 4102 magos
3383 4036 3543 4091 traxit

1979 4104 2189 4176 (Matth.
2219 4123 2274 4175 ιι,
2307 4109 2356 4174 l,
2389 4109 2466 4181 2),
2515 4110 2728 4168 Simeon
2760 4115 3007 4185 impletus
3047 4118 3244 4189 Spiritu
3284 4123 3539 4180 infantem

1978 4195 2141 4251 Deum
2173 4198 2223 4252 in
2254 4203 2438 4255 matris
2459 4204 2700 4259 manibus
2726 4209 2960 4276 agnovit.
2989 4211 3225 4267 Accessit
3250 4223 3399 4282 tetas,
3432 4233 3539 4273 non

1976 4286 2253 4352 divinitati,
2291 4290 2382 4345 sed
2418 4293 2584 4347 carni.
2628 4293 2876 4361 llorrent,
2923 4299 3283 4372 miranturque
3325 4307 3542 4375 sapien-

1975 4379 2098 4432 tiam
2127 4375 2272 4449 pueri
2301 4380 2595 4439 duodennis
2627 4385 2666 4454 ⁸,
2711 4387 2936 4458 imperiti
2969 4406 3123 4446 senes
3151 4393 3299 4462 (Luc.
3336 4412 3370 4450 ιι
3399 4438 3410 4461 ,
3438 4397 3540 4454 9.3-

1973 4467 2220 4540 67).~Aut
2245 4471 2448 4526 etiamsi
2479 4475 2631 4543 periti
2659 4491 2846 4543 senes,
2876 4480 2999 4548 quid
3029 4482 3234 4537 illorum
3264 4487 3447 4554 peritia
3471 4489 3539 4543 ad

1973 4559 2203 4615 Verbum
2232 4562 2361 4617 Dei?
2386 4563 2508 4633 quid
2537 4565 2741 4634 illorum
2769 4570 2952 4639 peritia
2975 4574 3038 4625 ad
3061 4573 3378 4644 Sapientiam
3412 4579 3541 4635 Dei?

1970 4651 2155 4708 Nonne
2196 4663 2250 4708 et
2279 4655 2452 4724 periti,
2501 4657 2602 4712 nisi
2643 4658 2731 4712 illo
2777 4661 3146 4731 subveniente,
3185 4668 3363 4738 utique
3410 4687 3534 4740 per-

1972 4743 2129 4796 ituri?
2157 4742 2359 4800 Crescit
2379 4746 2551 4802 adhuc
2576 4758 2728 4803 mtate
2749 4753 2988 4822 corporis
3017 4773 3029 4807 ε
3059 4759 3201 4810 venit
3229 4758 3292 4811 ad
3321 4759 3534 4817 ﬂuvium

1970 4835 2346 4906 baptizandus;
2377 4839 2669 4908 baptizator
2693 4843 2858 4897 Deum
2887 4848 3144 4915 agnoscit,
3182 4849 3452 4921 indignum
3475 4868 3533 4909 se

1968 4928 2232 4982 solvendaa
2277 4930 2620 4986 calceamenti
2665 4935 2904 5004 corrigia}
2950 4939 3229 4996 conﬁtetur
3269 4943 3456 5015 (Marc.
3489 4962 3528 5012 ι,

1969 5019 2146 5090 7-H).
2174 5021 2288 5075 .lam
2334 5022 2456 5078 inde
2489 5025 2615 5079 caeci
2663 5025 3044 5098 illuminanlur,
3090 5034 3264 5089 surdis
3301 5038 3526 5106 aperitur

1966 5111 2193 5177 auditus,
2239 5112 2524 5183 loquuntur
2569 5117 2718 5180 muti,
2759 5121 3079 5176 mandantur
3121 5124 3338 5194 leprosi,
3367 5128 3524 5181 strin-

1967 5210 2157 5270 guntur
2187 5203 2477 5274 paralytici,
2524 5207 2899 5265 convalescunt
2941 5211 3193 5283 languidi,
3247 5231 3528 5288 resurgunt

1967 5293 2155 5346 mortui
2187 5292 2393 5362 (Matth.
2423 5310 2498 5358 xl,
2524 5295 2602 5364 5).

2035 5382 2088 5436 2.
2128 5382 2243 5438 Jam
2266 5384 2477 5454 quidem
2509 5387 2560 5441 in
2592 5387 2750 5443 Verbi
2784 5389 2922 5446 illius
2945 5407 3039 5462 per
3065 5393 3206 5464 quod
3245 5394 3381 5451 facta
3406 5410 3524 5456 sunt

1966 5475 2139 5528 omnia
2183 5477 2602 5544 comparatione,
2642 5479 2948 5536 divitiarum
2988 5497 3217 5552 agnosco
3244 5499 3524 5558 pauperta-

1965 5572 2106 5630 tem;
2154 5563 2246 5620 sed
2295 5581 2450 5636 quam
2494 5568 2651 5637 longe
2688 5569 2860 5625 adhuc
2893 5587 2924 5626 a
2963 5573 3140 5629 cinere
3172 5586 3228 5631 et
3253 5577 3378 5634 ﬂetu
3405 5595 3526 5638 cum

1961 5766 1996 5817 ά
2026 5704 2043 5736 ι
2079 5711 2143 5777 tta
2164 5716 2253 5754 sex
2292 5710 2396 5756 uss.
2426 5702 2505 5758 Alii
2537 5717 2646 5757 cum
2680 5705 2813 5769 ωδ..
2836 5707 3115 5772 sapientiora
3139 5714 3231 5764 Dei
3248 5716 3386 5775 pueri
3405 5717 3526 5768 duo-

1995 5778 2146 5817 emus.

1995 5778 2146 5818 emus.
