3984 6204
462 247 597 303 1293

453 357 617 431 potui
643 354 829 414 Adhuc
854 357 1012 413 timeo
1037 354 1244 414 dicere,
1284 349 1401 421 ipse
1441 358 1558 415 est;
1588 360 1639 405 et
1670 357 1845 405 tamen
1875 348 2018 403 volo.

454 453 590 507 Sunt
627 449 711 505 hic
746 450 885 506 enim
916 461 1033 517 qua:
1057 459 1142 500 me
1170 452 1360 514 cogant
1389 442 1564 521 velle,
1592 451 1645 496 et
1670 455 1853 496 rursus
1882 456 2023 511 qua:-

410 564 411 567 ‘
455 540 583 598 danr
599 557 716 613 quae
742 553 832 595 me
846 545 1035 607 cogant
1064 536 1268 589 limere.
1297 531 1415 604 Ipse
1437 542 1539 599 est,
1564 542 1616 586 ct
1642 547 1745 586 non
1774 541 1857 587 est
1885 532 2018 600 ipse.

454 634 566 690 lam
602 633 653 687 in
695 631 858 685 lanna
897 625 1038 682 servi
1072 633 1175 692 est,
1216 625 1325 695 jam
1361 625 1637 679 mortalem
1678 622 2022 692 fragilemque

452 739 664 780 carnem
692 726 888 790 portat,
906 718 1019 788 jam
1040 718 1328 773 moriturus
1356 712 1589 779 advenit,
1606 724 1661 770 et
1686 723 1860 768 tamen
1889 729 2021 767 non-

451 815 574 870 dum
608 810 913 881 intelligitur
939 810 991 862 iu
1025 809 1124 863 hac
1151 814 1406 878 egestate.
1439 806 1667 861 Cinerem
1689 807 1816 857 sicut
1840 819 2020 874 panem

450 902 766 969 manducaui,
790 910 838 955 et
858 909 1029 971 potum
1048 914 1211 954 meum
1232 914 1344 952 cum
1371 897 1493 969 ﬂetu
1519 895 1803 952 miscebam.
1849 892 2029 950 Addat‘

449 1012 577 1068 ergo
607 1004 971 1067 paupertatem
1017 993 1333 1064 paupertati,
1383 999 1438 1045 et
1481 989 1818 1057 traustlguret
1864 990 1915 1042 in
1960 1002 2021 1043 se

448 1106 640 1162 corpus
665 1087 976 1144 humilitatis
1006 1092 1201 1154 nostra:
1227 1081 1483 1154 (Philipp.
1510 1096 1588 1147 ut,
1612 1078 1746 1154 ‘21):
1770 1080 1839 1135 sit
1864 1087 2021 1149 caput

448 1172 709 1245 nostrum,
737 1179 907 1234 simus
930 1175 1167 1232 membra
1189 1174 1323 1245 ejus,
1358 1172 1465 1227 sint
1488 1172 1594 1227 duo
1625 1172 1679 1225 in
1705 1186 1866 1226 carne
1896 1184 2017 1223 una.

447 1272 563 1328 Jam
592 1272 733 1327 enim
765 1281 819 1326 ut
845 1270 1086 1339 primitus
1112 1281 1311 1336 pauper
1330 1274 1493 1328 esset,
1519 1254 1743 1319 formam
1775 1252 2019 1318 servi'ac-

448 1364 652 1433 cipiens
700 1360 809 1434 (Id.
841 1376 896 1424 ιι,
926 1361 1003 1429 7),
1055 1358 1257 1412 dimisit
1296 1356 1505 1412 Patrem
1537 1372 1551 1410 :
1578 1354 1720 1425 quod
1746 1365 1922 1410 autem
1952 1354 2021 1409 de

449 1455 652 1525 virgine
689 1463 841 1508 natus
866 1462 968 1516 est,
1008 1451 1242 1507 dimittat
1275 1458 1327 1504 et
1368 1459 1613 1511 matrem,
1658 1458 1713 1503 et
1749 1448 2018 1503 adhaereat

450 1548 600 1601 uxori
640 1562 773 1609 sum,
817 1553 874 1600 et
905 1546 1013 1599 sint
1040 1543 1147 1597 duo
1183 1542 1235 1598 in
1276 1556 1438 1597 carne
1464 1556 1564 1595 una
1595 1540 1811 1614 (Ep/res.
1845 1557 1897 1605 v,
1926 1541 2015 1604 5i,

448 1637 562 1705 3‘3).
596 1636 670 1691 lla
690 1636 830 1691 enim
860 1642 1018 1690 erunt
1042 1632 1148 1687 duo
1175 1642 1226 1689 et
1250 1632 1301 1687 in
1331 1647 1459 1687 voce
1482 1646 1606 1697 una,
1633 1642 1687 1687 et
1725 1631 1774 1686 in
1807 1631 1893 1686 illa
1917 1648 2017 1685 una

447 1743 578 1783 voce
613 1728 723 1797 jam
776 1741 879 1781 non
919 1725 1229 1779 mirabimur
1268 1734 1501 1779 nostram
1534 1739 1714 1779 vocem
1748 1738 1764 1778 :
1793 1722 2020 1778 Cinerem

448 1820 575 1872 sicut
607 1834 785 1891 panem
827 1815 1141 1879 manducavi,
1172 1826 1218 1869 et
1250 1827 1418 1884 potum
1443 1831 1606 1868 meum
1631 1831 1745 1868 cum
1772 1815 1895 1885 ﬂetu
1920 1815 2018 1867 mi-

446 1907 660 1963 scebant.
716 1908 966 1977 Dignatus
988 1914 1069 1959 est
1092 1905 1233 1959 enim
1260 1904 1454 1959 habere
1480 1920 1574 1958 nos
1601 1903 1856 1959 membra.
1885 1905 2021 1962 Sunt

444 2009 498 2052 et
527 2000 841 2067 pmnitentes
871 1997 923 2051 in
954 1996 1206 2050 membris
1231 1996 1364 2065 ejus.
1405 1994 1516 2050 Non
1546 1998 1688 2052 enim
1718 1998 1938 2062 exclusi,
1965 2008 2020 2053 et

447 2088 678 2159 separati
716 2099 838 2143 sunt
866 2089 932 2141 ab
968 2086 1206 2142 Ecclesia
1237 2088 1350 2156 ejus
1378 2105 1392 2140 :
1429 2103 1526 2142 nec
1553 2088 1769 2142 omnino
1793 2088 1891 2142 sibi
1921 2088 2017 2142 ad-

441 2182 684 2252 jungeret
708 2180 985 2249 conjugem
1007 2221 1021 2241 ,
1051 2180 1151 2232 nisi
1178 2178 1263 2233 illa
1293 2194 1423 2234 voce
1443 2221 1459 2246 ,
1490 2180 1628 2249 Agite
1657 2169 2047 2248 penitentiam,"

441 2271 859 2343 appropinquavit
898 2272 1028 2324 enim
1077 2286 1286 2339 regnum
1327 2268 1563 2323 calorum
1591 2268 1801 2343 (Matth.
1831 2288 1906 2332 ιιι.
1934 2272 2013 2342 2).

439 2365 554 2421 Jan)
583 2380 710 2434 ergo
738 2364 1012 2418 audiamus
1035 2363 1160 2432 quid
1186 2372 1301 2416 oret
1327 2372 1484 2431 caput
1508 2359 1720 2434 (Ep/tes.
1743 2379 1814 2426 tv,
1846 2364 1932 2430 15)
1963 2374 2017 2419 et

442 2471 655 2525 corpus,
687 2469 913 2524 sponsus
940 2440 1121 2523 (Joan.
1145 2467 1223 2515 ιιι,
1250 2451 1341 2521 99)
1378 2463 1434 2507 et
1460 2467 1673 2522 Sponsa,
1696 2452 1938 2507 Christus
1963 2463 2017 2509 et

439 2547 677 2601 Ecclesia
705 2587 720 2609 ,
766 2553 1049 2613 utrumque
1087 2559 1220 2597 unus
1252 2560 1265 2594 :
1296 2543 1388 2597 sed
1422 2542 1648 2597 Verbum
1677 2552 1733 2598 et
1755 2559 1881 2598 caro
1909 2560 2012 2599 non

440 2646 720 2705 utrumque
750 2649 945 2699 unum;
995 2633 1147 2687 Pater
1174 2641 1230 2686 et
1251 2630 1479 2686 Verbum
1508 2641 1788 2701 utrumque
1817 2648 1974 2686 unum
1995 2649 2029 2698 ;Δ

439 2724 682 2781 Christus
708 2731 765 2778 et
792 2722 1026 2778 Ecclesia
1068 2731 1348 2790 utrumque
1389 2736 1521 2776 unus
1542 2763 1556 2788 ,
1598 2738 1730 2776 unus
1757 2724 1968 2793 quidam
1994 2725 2010 2755 ³

438 2817 518 2870 vir
544 2814 805 2884 perfectus
830 2814 883 2866 in
906 2810 1071 2866 forma
1095 2811 1435 2881 plenitudinis
1461 2828 1572 2867 sua)
1596 2829 1611 2865 :
1645 2811 1812 2867 Donec
1832 2829 2011 2867 occur-

436 2922 608 2960 ramus
640 2920 809 2959 omnes
829 2905 882 2958 in
905 2903 1147 2958 unitatem
1172 2902 1311 2972 ﬁdei,
1342 2903 1393 2956 in
1416 2903 1718 2973 agnitionem
1742 2902 1867 2958 Filii
1891 2902 2008 2971 Dei,

435 2997 487 3050 in
526 2995 685 3050 uirum
730 2993 1024 3069 perfectum,
1072 2993 1125 3047 in
1173 3010 1455 3047 mensuram
1483 2994 1646 3047 aztatis
1684 2996 2012 3065 plenitudinis

435 3084 623 3141 Christi
653 3085 865 3158 (Ep/tes.
898 3101 969 3153 tv,
1017 3085 1126 3153 i3).
1167 3085 1268 3140 Sed
1298 3085 1468 3140 donec
1497 3101 1836 3143 occurramus
1860 3129 1877 3156 ,
1902 3090 2014 3160 agi-

436 3187 525 3232 tur
569 3176 656 3231 hic
701 3185 983 3246 paupertas
1010 3184 1210 3241 nostra,
1253 3177 1426 3245 agitur
1468 3176 1551 3230 hic
1575 3177 1749 3233 adhuc
1782 3179 1932 3234 labor
1956 3167 2011 3236 et

349 3254 356 3263 ’
392 3290 397 3296 ε
434 3267 680 3337 gemitus.
711 3265 918 3322 Gratias
941 3265 1314 3319 misericordia:
1343 3266 1528 3336 ipsius.
1561 3268 1713 3325 Unde
1733 3270 1806 3325 illi
1835 3272 2003 3339 labor,

438 3357 575 3412 unde
598 3348 824 3427 gemitus
860 3355 1054 3421 Verbo,
1081 3370 1175 3424 per
1200 3355 1340 3425 quod
1384 3355 1516 3412 facta
1555 3356 1692 3413 sunt’
1706 3361 1923 3416 omnia?
1951 3363 2007 3419 Si

434 3446 676 3515 dignatus
695 3454 777 3500 est
802 3443 997 3498 habere
1027 3456 1252 3499 mortem
1276 3456 1533 3514 nostram,
1559 3463 1665 3503 non
1693 3450 1846 3506 nobis
1866 3452 2012 3508 dabit

438 3540 594 3593 vitam
640 3535 830 3591 suam?
876 3535 931 3590 ln
979 3552 1222 3607 Inagnam
1257 3552 1405 3607 spem
1446 3545 1632 3606 crcxlt,
1675 3556 1794 3601 cum
1822 3559 2009 3614 magna

434 3645 530 3699 spe
575 3628 855 3699 gemimus.
919 3626 1160 3682 Gemitus
1202 3628 1385 3701 \habet
1440 3632 1742 3697 tristitiam;
1792 3635 1886 3690 sed
1931 3646 2013 3692 est

433 3722 659 3792 gemitus
707 3719 797 3789 qui
842 3718 1001 3774 habet
1051 3728 1106 3775 et
1151 3721 1419 3789 gaudium.
1474 3723 1587 3795 Ego
1639 3735 1766 3796 puto
1827 3726 2010 3784 Suram

436 3815 667 3871 sterilem
722 3812 896 3867 laetam
928 3812 1216 3882 ogentuisse
1244 3815 1282 3876 ',
1328 3830 1447 3869 cum
1498 3827 1703 3885 pareret
1747 3836 1761 3872 :
1806 3831 1859 3875 et
1914 3838 2012 3877 nos

434 3923 463 3960 ιι
504 3908 693 3962 timore
738 3913 829 3959 tuo
866 3904 1203 3973 concepimus
1244 3913 1299 3959 ct
1347 3909 1720 3975 parturivimus
1768 3912 2009 3981 spiritum

434 3998 623 4053 salutis
673 3994 827 4065 (Isai.
875 3992 1164 4066 xxvr,18).
1224 3995 1514 4052 Audiamus
1566 4014 1693 4070 ergo
1739 3999 2010 4059 Christum

435 4102 726 4161 pauperem
755 4086 807 4141 in
839 4086 993 4140 nobis
1015 4093 1069 4140 et
1108 4085 1403 4151 nobiscum,
1440 4098 1493 4143 et
1519 4094 1734 4159 propter
1767 4108 1884 4148 nos.
1919 4093 2010 4148 Ti-

435 4182 574 4235 tulus
600 4179 742 4235 enim
791 4178 906 4247 ipse
936 4177 1133 4232 indicat
1163 4194 1474 4248 pauperem.
1520 4182 1794 4241 Postremo
1835 4195 2013 4255 putate

434 4287 521 4327 me
548 4271 866 4341 suspicatum
894 4268 1134 4338 quisnam
1181 4270 1249 4322 sit
1297 4271 1395 4324 iste
1438 4285 1667 4341 pauper;
1719 4277 2011 4333 orationem

437 4363 730 4425 audiamus,
762 4367 818 4415 et
858 4374 1138 4429 personam
1165 4375 1513 4430 agnoscamus
1559 4381 1572 4417 :
1612 4365 1798 4420 necubi
1843 4384 2009 4437 erres,

437 4450 650 4523 quando
671 4448 899 4504 audieris
919 4448 1113 4518 aliquid
1138 4450 1277 4518 quod
1296 4452 1531 4521 coaptari
1560 4455 1717 4523 capiti
1748 4456 1889 4511 illius
1907 4452 2013 4514 neu

437 4545 634 4616 possit;
682 4541 801 4597 ideo
828 4542 1145 4611 praelocutus
1172 4554 1330 4609 sum',
1363 4554 1419 4597 ut
1446 4545 1584 4613 quod
1633 4547 1734 4601 tale
1759 4549 2013 4617 audieris,

433 4651 500 4691 ex
544 4632 846 4688 inﬁrmitate
885 4633 1125 4702 corporis
1169 4633 1417 4688 advertas
1463 4649 1694 4702 sonare,
1737 4649 1792 4692 et
1832 4641 2038 4695 vocem‘

441 4726 797 4781 membrorum
827 4741 1081 4797 agnoscas
1106 4726 1157 4781 in
1179 4726 1370 4797 capite.
1402 4726 1576 4783 Oratio
1599 4731 1781 4801 inopis,
1800 4730 1901 4788 hoc
1923 4734 2020 4790 ha—

434 4814 524 4872 bet
550 4815 729 4871 titulus
749 4859 763 4883 ,
794 4832 907 4871 cum
931 4820 1196 4887 angeretur
1221 4857 1234 4881 ,
1266 4828 1313 4872 et
1340 4820 1391 4873 in
1421 4832 1687 4890 conspectu
1713 4821 1915 4878 Domini
1942 4828 2018 4897 ef-

424 4906 567 4981 fudit
611 4924 804 4979 precem
847 4924 1009 4963 suam.
1050 4908 1165 4978 Ipse
1192 4909 1278 4965 ille
1308 4926 1508 4981 pauper
1533 4922 1645 4981 est,
1669 4916 1758 4984 qui
1786 4914 1909 4969 alibi
1934 4917 2017 4971 di-

436 5000 512 5055 cit
542 5017 556 5054 :
600 5000 640 5053 Α
681 4999 863 5065 finibus
889 5008 1032 5053 terra
1058 4999 1126 5052 ad
1154 5008 1201 5052 te
1224 5000 1436 5055 clamavi
1456 5043 1471 5068 ,
1502 5019 1618 5057 cum
1644 5017 1907 5077 angeretur
1933 5024 2020 5062 cor

435 5107 602 5145 meum
643 5088 815 5159 (Psal.
847 5104 912 5143 ω(
935 5129 951 5156 ,
981 5089 1056 5157 5).
1089 5087 1190 5143 lste
1216 5089 1329 5160 ipse
1354 5106 1553 5162 pauper
1578 5104 1698 5161 est,
1726 5096 1846 5166 quia
1876 5098 2016 5153 idem

435 5183 551 5251 ipse
594 5182 837 5237 Christus
878 5190 996 5247 est;
1038 5181 1126 5251 qui
1153 5196 1211 5236 se
1234 5184 1368 5252 apud
1397 5186 1706 5256 prophetam
1728 5230 1744 5255 ,
1775 5199 1831 5244 et
1857 5204 2018 5260 spon-

438 5288 554 5329 sum
599 5274 764 5339 dixit,
804 5282 858 5329 et
884 5287 1141 5344 sponsam
1188 5291 1203 5327 :
1249 5273 1393 5329 Sicut
1429 5293 1612 5346 sponso
1639 5280 1863 5352 alligavit
1893 5284 2017 5338 milii

438 5370 637 5418 mitram
663 5382 682 5431 ;
726 5374 773 5419 et
818 5365 943 5418 sicut
982 5381 1219 5434 sponsam
1246 5365 1411 5419 induit
1439 5384 1517 5422 me
1543 5384 1834 5426 ornamento
1866 5372 2015 5444 (Isai.

436 5467 527 5508 1.x:
549 5495 563 5519 ,
604 5454 717 5521 10).
747 5454 816 5511 Se
840 5455 972 5510 dixit
997 5470 1248 5525 sponsum
1268 5499 1284 5524 ,
1312 5471 1369 5511 se
1394 5456 1527 5513 dixit
1554 5475 1801 5531 sponsam
1831 5479 1845 5528 ;
1879 5466 2020 5521 unde

486 5590 522 5658 ξ
554 5592 627 5658 sic
648 5592 753 5658 uss.
775 5593 828 5636 At
848 5589 980 5647 t:dd.,
1006 5586 1214 5658 quidem.

498 5646 523 5679 ³
554 5651 633 5695 Er.
658 5654 710 5697 et
729 5653 858 5708 Lov.,
1136 5648 1303 5701 Verius
1319 5659 1421 5701 Am.
1449 5661 1501 5721 et
1519 5659 1644 5717 uss,
1670 5657 1920 5718 gemuisse.

1672 237 1731 294 S.
1771 233 2129 296 AUGUSTINI
2172 237 2470 295 EPISCOPI

3574 196 3709 299 l’lﬂﬁ

2134 350 2235 407 hoc
2256 392 2271 415 ,
2299 352 2395 407 nisi
2424 354 2544 423 quia
2570 367 2820 423 sponsum
2851 362 3066 424 propter
3086 362 3242 422 caput
3262 396 3276 419 ,
3303 368 3552 423 sponsam
3581 373 3707 425 pro-

2124 451 2246 513 pter
2263 444 2494 513 corpus?
2518 442 2630 498 Vox
2652 459 2778 515 ergo
2799 460 2899 498 una
2921 486 2937 510 ,
2962 444 3084 515 quia
3104 459 3230 500 caro
3249 460 3371 500 una.
3396 443 3707 514 Audiamus,

2125 546 2180 591 et
2203 537 2376 606 potius
2397 536 2449 591 in
2472 535 2554 590 his
2574 537 2790 591 vocibus
2810 551 2907 591 nos
2926 553 3135 608 quoque
3163 552 3517 612 agnoscamus
3537 554 3553 605 ;
3580 546 3635 594 et
3659 539 3709 594 si

2127 643 2223 682 nos
2246 637 2394 683 extra
2421 641 2539 683 esse
2564 627 2850 682 viderimus
2868 668 2883 692 ,
2912 628 2984 682 ibi
3014 643 3132 683 esse
3158 628 3481 690 laboremus.

2194 716 2248 772 5.
2296 714 2445 789 [vers.
2486 718 2521 771 2
2550 759 2565 785 ,
2611 716 2696 792 5.]
2744 737 2763 770 σ
2817 717 3061 786 Exaudi,
3105 704 3711 783 Domine,'orationcrn

2126 823 2296 861 meam
2322 848 2337 873 ,
2382 818 2435 862 et
2474 808 2675 881 clamor
2702 823 2850 863 meus
2878 808 2947 862 ad
2976 816 3027 863 te
3056 809 3347 878 perveniat.
3388 826 3407 860 ι
3443 809 3553 864 lloc
3581 820 3665 864 est
3690 850 3708 875 ,

2130 917 2150 951 ι
2197 898 2441 963 Exaudi,
2488 899 2741 965 Domine,
2784 899 3077 954 orationem
3119 914 3290 953 meam
3316 915 3387 963 ςιι
3418 899 3557 969 quod
3582 912 3712 966 est,

2131 1009 2150 1042 ι
2182 973 2386 1046 clamor
2412 1006 2560 1045 mens
2588 990 2653 1045 ad
2687 1001 2737 1045 te
2761 991 3031 1060 perveniat
3061 1008 3075 1044 :
3110 1008 3129 1042 ι
3161 991 3212 1045 in
3234 990 3590 1061 geminatione
3625 992 3713 1046 af-

2125 1083 2292 1138 fectus
2338 1083 2560 1153 petentis
2603 1092 2703 1138 est.
2754 1082 2838 1137 Ne
2879 1092 3074 1137 avertas
3116 1084 3296 1155 facient
3338 1070 3477 1136 tuam
3521 1100 3556 1137 a
3600 1100 3708 1138 nte.

2124 1173 2344 1241 Quando
2368 1176 2504 1229 Deus
2521 1191 2547 1227 a
2576 1173 2708 1230 Filio
2728 1175 2754 1229 ἵ
2771 1168 2980 1244 quando
3012 1175 3167 1231 Pater
3188 1174 3260 1245 (a)
3277 1191 3307 1229 a
3321 1174 3534 1229 Christo
3552 1177 3579 1229 ?
3600 1174 3715 1231 Sed

2126 1274 2340 1333 propter
2384 1264 2740 1319 membrorum
2771 1273 3128 1335 paupertatem
3153 1304 3169 1331 ,
3203 1263 3285 1319 Ne
3306 1277 3501 1320 avertas
3525 1267 3714 1338 faciens

2127 1360 2330 1408 luam'a
2367 1372 2462 1415 me.
2500 1353 2565 1409 In
2602 1372 2911 1428 quacumque
2935 1357 3017 1410 die
3041 1355 3252 1410 tribulor
3273 1397 3287 1420 ,
3319 1357 3508 1411 inclina
3534 1374 3714 1412 aurern

2124 1440 2263 1499 tuam
2287 1444 2355 1499 ad
2378 1462 2473 1499 me.
2503 1446 2748 1501 Tribulor
2765 1446 2907 1502 enim
2934 1446 3179 1501 deorsum
3204 1463 3219 1513 ;
3240 1454 3295 1500 tu
3314 1456 3490 1503 autem
3510 1462 3568 1504 es
3588 1462 3713 1502 sur-

2123 1552 2238 1592 sum
2273 1555 2287 1592 :
2318 1537 2363 1591 si
2393 1552 2478 1593 me
2506 1538 2703 1593 extollo
2726 1579 2740 1602 ,
2772 1538 2926 1607 longe
2955 1536 3055 1604 ﬁs;
3083 1538 3127 1592 si
3153 1552 3239 1594 me
3264 1537 3482 1593 bumilio
3503 1579 3518 1606 ,
3549 1539 3710 1594 incli-

2124 1640 2219 1681 nas
2248 1642 2432 1682 aurem
2468 1637 2609 1682 tuam
2635 1628 2701 1682 ad
2726 1642 2833 1684 me.
2866 1627 2975 1684 Sed
3000 1628 3125 1697 quid
3152 1638 3273 1693 est,
3300 1629 3370 1683 In
3396 1644 3714 1701 quacumque

2123 1717 2205 1773 die
2224 1717 2440 1774 tribulor
2459 1717 2489 1772 .’
2510 1718 2657 1773 Nunc
2685 1718 2824 1774 enim
2851 1734 2955 1773 non
2987 1717 3308 1774 tribulatur?
3334 1728 3425 1774 aut
3453 1720 3551 1775 ista
3580 1721 3599 1752 ¹
3625 1721 3713 1775 di-

2123 1819 2292 1875 ceret,
2316 1810 2414 1864 nisi
2439 1809 2812 1865 tribularetur?
2830 1808 3109 1865 Sufﬁceret
3137 1825 3283 1881 ergo,
3308 1809 3501 1865 lnclina
3521 1825 3710 1866 aurem

2124 1890 2268 1954 tuam
2308 1901 2375 1953 ad
2405 1915 2519 1969 tne,
2544 1900 2790 1971 quoniam
2821 1901 3062 1955 tribulor.
3091 1898 3160 1954 In
3181 1917 3489 1972 quacumque
3511 1902 3595 1956 die
3616 1903 3712 1956 tri-

2124 1990 2299 2055 bulor,
2345 1991 2531 2044 inclina
2569 2007 2740 2045 aurem
2786 2001 2925 2044 tuam
2967 1990 3034 2044 ad
3076 2007 3153 2046 me
3196 2007 3215 2044 :
3258 2000 3501 2064 tanquam
3529 1993 3713 2048 unitas

2122 2081 2396 2150 corporis;
2439 2080 2484 2147 si
2520 2081 2715 2151 patitur
2747 2096 2908 2135 unum
2951 2080 3249 2135 membrum
3270 2122 3285 2146 ,
3314 2083 3712 2152 compatiuntur

2122 2172 2297 2224 omnia
2328 2170 2561 2225 membra
2593 2170 2636 2240 (Ι
2668 2170 2783 2225 Cor.
2815 2185 2925 2233 xu,
2955 2171 3071 2243 26).
3102 2171 3392 2227 Tribularis
3419 2181 3476 2227 tu
3504 2172 3665 2228 hodie
3686 2215 3703 2239 ,

2122 2277 2222 2334 ego
2255 2263 2510 2327 tribulor;
2539 2263 2816 2318 tribulatur
2843 2264 2977 2317 alius
3006 2264 3239 2318 crastino
3262 2304 3278 2328 ,
3308 2280 3407 2333 ego
3435 2263 3665 2319 tribulor
3689 2272 3714 2331 τ

2121 2364 2239 2425 post
2279 2357 2431 2411 istaut
2468 2354 2861 2435 generationem
2900 2357 2987 2410 alii
3028 2357 3268 2426 posteri,
3293 2358 3381 2427 qui
3409 2358 3708 2413 succedunt

2123 2449 2376 2519 posteris,
2426 2449 2775 2511 tribulantur,
2820 2463 2919 2518 ego
2963 2448 3225 2514 tribulor;
3267 2464 3435 2519 usque
3459 2449 3510 2503 in
3541 2450 3707 2515 linem

2119 2539 2297 2594 surculi
2318 2580 2333 2602 ,
2376 2536 2695 2610 quicumque
2742 2540 2792 2593 in
2820 2554 2940 2594 meo
2964 2554 3189 2609 corpore
3220 2540 3535 2595 tribulantur
3560 2584 3576 2607 ,
3601 2558 3706 2612 ego

2120 2628 2360 2684 tribulor.
2397 2647 2415 2680 ‹
2451 2630 2508 2684 In
2536 2644 2863 2700 quacumque
2890 2647 2909 2681 ι
2935 2644 3061 2699 ergo
3089 2649 3108 2681 ‹
3136 2630 3222 2684 die
3242 2630 3482 2691 tribulor,
3506 2631 3706 2688 inclina

2118 2738 2301 2779 aurem
2340 2732 2480 2778 tuam
2519 2723 2584 2778 ad
2623 2739 2726 2779 me.
2782 2723 2837 2778 In
2881 2737 3213 2794 quacumque
3259 2723 3346 2779 die
3383 2724 3706 2791 invocaveris

2118 2824 2206 2880 te,
2240 2815 2346 2869 cito
2388 2814 2577 2869 exaudi
2624 2829 2728 2869 me.
2766 2834 2785 2867 ι
2823 2813 2936 2868 lloc
2973 2814 3113 2868 idem
3153 2823 3252 2869 est.
3295 2814 3411 2869 lam
3455 2831 3596 2870 nunc
3620 2815 3703 2869 in-

2117 2920 2285 2968 voco;
2326 2907 2415 2959 sed
2439 2946 2455 2971 ,
2503 2924 2522 2957 ι
2577 2905 2631 2959 In
2660 2920 2991 2975 quacumque
3020 2905 3106 2959 die
3136 2905 3448 2961 invocavero
3478 2914 3564 2971 te,
3593 2900 3704 2960 cito

2117 2996 2299 3049 exaudi
2325 3011 2428 3051 me.
2461 3014 2479 3047 ι
2513 2995 2692 3050 Oravit
2716 2996 2907 3051 Petrus
2929 3035 2945 3058 ,
2971 2997 3140 3050 oravit
3162 2995 3388 3061 Paulus,
3410 3007 3702 3051 creverunt

2114 3085 2292 3140 caueri
2330 3085 2608 3155 Apostoli;
2646 3096 2929 3141 oraverunt
2970 3085 3157 3141 ﬁdeles
3197 3087 3520 3155 temporibus
3549 3086 3699 3153 illis,

2115 3184 2398 3230 oraverunt
2439 3176 2622 3231 ﬁdeles
2653 3177 3096 3249 consequentibus
3128 3178 3448 3247 temporibus
3469 3219 3483 3241 ,
3509 3192 3699 3232 orave-

2077 3269 2084 3279 '
2113 3278 2236 3322 runt
2276 3266 2461 3323 ﬁdeles
2496 3279 2789 3339 martyrum
2822 3269 3147 3337 temporibus
3165 3307 3182 3332 ,
3210 3279 3362 3322 orant
3391 3269 3574 3324 ﬁdeles
3601 3270 3699 3323 no-

2112 3360 2237 3414 stris
2273 3359 2634 3429 temporibus,
2661 3358 2888 3414 orabunt
2918 3358 3099 3413 ﬁdeles
3130 3367 3459 3428 posterorum
3489 3369 3699 3430 tempo-

2113 3451 2259 3506 ribus
2287 3469 2300 3505 :
2334 3450 2400 3506 In
2424 3468 2734 3523 quacumque
2751 3452 2831 3505 die
2858 3454 3146 3506 invocavero
3172 3461 3237 3515 te,
3261 3452 3360 3506 cito
3384 3454 3570 3506 exaudi
3588 3470 3691 3508 me.

2113 3543 2220 3596 Cito
2263 3544 2445 3597 exaudi
2481 3558 2501 3598 :
2539 3543 2650 3613 jam
2672 3545 2813 3598 enim
2843 3545 2941 3598 hoc
2972 3559 3099 3614 rogo
3124 3543 3267 3613 quod
3292 3544 3419 3599 dare
3448 3545 3546 3600 vis.
3578 3544 3697 3601 Non

2114 3645 2319 3689 terrena
2354 3637 2503 3705 quasi
2549 3646 2788 3709 terrenus
2811 3677 2828 3701 ,
2855 3635 2947 3690 sed
2974 3651 3037 3690 ex
3067 3638 3235 3705 prima
3260 3636 3564 3705 captivitate
3582 3638 3699 3706 jam

2113 3727 2451 3797 redemptus,
2491 3743 2710 3798 regnum
2751 3729 3005 3782 cmlorum
3043 3727 3325 3793 desidero;
3371 3728 3479 3782 Cito
3509 3729 3697 3782 exaudi

2114 3837 2193 3875 me
2215 3837 2235 3874 :
2263 3836 2366 3874 non
2387 3821 2527 3875 enim
2558 3820 2658 3873 nisi
2688 3821 2774 3873 tali
2801 3820 3063 3874 desiderio
3100 3820 3275 3874 dixisti
3301 3860 3315 3886 ,
3340 3819 3518 3873 Adhuc
3544 3831 3591 3874 te
3612 3821 3690 3873 lo-

2113 3924 2293 3982 quente
2336 3914 2533 3978 dicam,
2580 3910 2712 3965 Ecce
2749 3913 2928 3966 adsum
2966 3910 3118 3983 (Isai.
3168 3928 3329 3979 t.vut,
3361 3911 3438 3979 9).
3471 3910 3536 3965 In
3565 3929 3695 3982 qlia-

2115 4023 2324 4075 cumque
2362 4005 2443 4058 die
2485 4005 2773 4058 inuocauero
2799 4016 2877 4069 te,
2907 4005 3004 4058 cito
3030 4006 3212 4059 exaudi
3239 4022 3334 4058 me.
3365 4004 3515 4061 Unde
3547 4007 3697 4061 invo-

2115 4097 2241 4151 cas?
2274 4096 2340 4150 de
2376 4112 2474 4166 qua
2512 4095 2891 4149 tribulatione?
2914 4095 2980 4150 de
3006 4111 3106 4165 qua
3134 4096 3403 4163 egestate?
3426 4095 3470 4150 Ο
3494 4111 3696 4165 pauper

2115 4198 2239 4242 ante
2257 4187 2470 4257 januam
2495 4186 2673 4240 divitis
2699 4185 2793 4240 Dei
2809 4228 2824 4251 ,
2846 4200 2952 4255 quo
2972 4185 3237 4241 desiderio
3260 4185 3528 4240 mendicas
3545 4187 3569 4239 ’ἶ
3589 4202 3692 4256 qua

2118 4282 2291 4350 inopia
2312 4282 2578 4351 requiris?
2598 4299 2696 4351 qua
2718 4292 2949 4352 egestate
2976 4282 3172 4352 pulsas,
3197 4291 3252 4338 ut
3270 4283 3537 4353 aperiatur
3558 4282 3649 4338 tibi
3666 4283 3695 4338 ἲ

2119 4372 2233 4437 Dic,
2256 4373 2528 4428 audiamus
2554 4374 2719 4443 ipsam
2740 4382 3058 4444 egestatem;
3087 4375 3137 4429 in
3155 4376 3240 4430 illa
3260 4385 3314 4432 et
3336 4392 3431 4430 nos
3456 4377 3601 4447 ipsos
3622 4375 3693 4431 in-

2120 4465 2412 4532 veniamus,
2425 4474 2480 4520 et
2498 4474 2669 4520 tecum
2683 4480 2947 4535 rogemus.
2966 4467 3121 4534 Audi,
3136 4478 3186 4522 et
3199 4483 3445 4539 agnosce,
3461 4469 3503 4521 si
3520 4478 3692 4538 polch

2190 4558 2244 4610 4.
2274 4553 2421 4628 [verm
2461 4555 2539 4628 4.]
2567 4555 2700 4621 Quia
2737 4557 3022 4627 defecerunt
3056 4560 3185 4612 sicut
3238 4561 3405 4629 fumus
3432 4560 3539 4612 dies
3572 4559 3686 4611 mei.

2121 4647 2165 4701 Ο
2192 4645 2342 4702 dies!
2374 4648 2418 4702 si
2448 4647 2564 4703 dies
2592 4664 2605 4701 :
2637 4645 2723 4702 ubi
2754 4650 2898 4703 enim
2923 4649 3037 4703 dies
3060 4649 3291 4712 auditur,
3326 4649 3408 4703 lux
3443 4650 3691 4719 intelligi-

2123 4747 2226 4794 tur.
2270 4734 2377 4795 Sed
2413 4740 2697 4810 defecerunt
2725 4740 2854 4794 sicut
2883 4740 3053 4809 fumus
3086 4740 3192 4794 dies
3228 4740 3342 4793 mei.
3387 4738 3509 4793 Dies
3554 4740 3691 4803 mei,

2122 4838 2359 4898 tempora
2392 4843 2507 4882 mea
2539 4848 2552 4882 :
2581 4829 2721 4884 unde
2749 4830 2874 4883 sicut
2900 4834 3099 4900 furnus,
3128 4830 3227 4884 nisi
3257 4841 3473 4901 propter
3499 4831 3695 4884 elatio-

2122 4937 2242 4977 nem
2286 4921 2585 4991 superbim?
2629 4922 2783 4977 Tales
2826 4922 2939 4976 dies
2965 4922 3153 4990 dignus
3189 4923 3289 4977 fuit
3325 4923 3570 4992 accipere
3602 4939 3693 4976 suo

2121 5014 2316 5082 pet-bus
2349 5012 2538 5079 Adam,
2577 5012 2717 5068 unde
2760 5028 2974 5068 carnem
3012 5012 3254 5068 Christus
3297 5015 3518 5083 accepit.
3552 5012 3700 5084 Ergo

2122 5103 2175 5157 in
2200 5102 2367 5157 Adam
2392 5103 2653 5167 Christus,
2681 5112 2734 5157 et
2756 5103 2921 5157 Adam
2945 5106 2995 5156 in
3023 5101 3252 5157 Christo.
3279 5103 3546 5158 Liberavit
3568 5118 3698 5173 [πυ-

2124 5193 2259 5249 fecto
2287 5203 2341 5249 et
2366 5209 2393 5247 a
2420 5193 2603 5248 diebus
2624 5193 2770 5258 fumi,
2797 5194 2885 5264 qui
2908 5194 3151 5263 dignatus
3178 5203 3259 5248 est
3283 5193 3483 5249 habere
3507 5209 3697 5249 vocem

2122 5283 2323 5339 dierum
2339 5283 2486 5353 fumi.
2504 5283 2634 5351 Quia
2646 5284 2928 5354 defecerunt
2941 5285 3065 5339 sicut
3078 5287 3245 5355 furnus
3261 5285 3367 5341 dies
3384 5287 3481 5341 mei
3485 5285 3699 5341 .Videte

2125 5372 2320 5428 fumum
2337 5374 2594 5445 superbia:
2609 5376 2858 5443 similem,
2874 5376 3266 5443 ascendentem,
3286 5387 3698 5441 tumescentem,

2123 5474 2492 5519 vanescentem
2526 5484 2540 5519 :
2571 5465 2762 5520 metito
2790 5481 2916 5537 ergo
2959 5466 3290 5522 deﬁcientem
3316 5510 3332 5533 ,
3377 5483 3480 5521 non
3511 5469 3698 5537 utique

2183 5603 2208 5662 ﬁ
2236 5604 2383 5662 vetus
2404 5597 2528 5662 liber
2548 5600 2682 5662 cortu.
2707 5600 2897 5662 optimze
2921 5607 3075 5651 note:
3097 5607 3182 5662 Aut
3202 5600 3295 5652 ista
3315 5613 3407 5651 nm
3428 5604 3627 5651 diceret.

2188 5658 2261 5721 (α)
2294 5659 2514 5722 Submitti,
2534 5661 2705 5721 [aciem
2729 5658 2911 5712 avertit.
3092 5660 3101 5668 ‘
3434 5686 3441 5693 ε
