3984 6204
274 415 398 474 1297

268 535 679 600 permanentem.
715 525 848 593 Quia
888 525 1172 596 defecerunt
1211 524 1333 576 sicut
1363 528 1526 592 fumus
1555 522 1658 574 dies
1689 521 1781 573 mei
1805 537 1820 585 ;

267 634 313 678 et
351 639 459 677 ossa
503 637 611 674 mea
651 620 778 674 sicut
821 619 875 672 in
915 618 1128 685 frixorio
1167 617 1399 685 confri-xa
1432 626 1568 669 sunt.
1612 614 1677 668 Et
1713 615 1821 682 ipsa

267 727 378 764 ossa
402 726 538 775 mea,
562 720 616 765 et
635 711 743 779 ipsa
768 709 1021 763 fortitudo
1046 724 1184 770 mea,
1213 723 1314 760 non
1334 707 1447 759 sine
1466 705 1820 766 tribulatione,

269 819 365 857 non
395 803 510 856 sine
540 800 766 854 ustione.
786 796 918 854 Ossa
939 798 1175 866 corporis
1193 795 1411 861 Christi,
1439 794 1687 848 fortitudo
1707 808 1824 848 cor-

270 892 401 960 poris
431 890 658 952 Christi,
687 889 774 942 ubi
814 891 982 954 major
1009 904 1164 957 quam
1206 888 1256 941 in
1287 887 1482 940 sanctis
1511 885 1776 955 Apostolis
1800 883 1825 937 τ

271 985 325 1036 l-lt
352 992 523 1035 tamen
555 962 672 1035 vide
699 995 817 1034 ossa
850 979 965 1049 frigi
1002 997 1013 1031 :
1049 979 1172 1046 Quis
1195 978 1567 1031 scandalizatur
1587 1019 1602 1040 ,
1639 987 1685 1028 ct
1724 993 1823 1029 non

269 1090 346 1138 ρῃο
371 1089 490 1123 uror
516 1070 578 1140 (ll
608 1070 724 1124 Cor.
750 1087 817 1134 XI,
845 1069 981 1140 29)?
1012 1069 1197 1123 Fortes
1226 1078 1384 1133 sunt,
1431 1067 1651 1133 fideles,
1701 1066 1822 1120 boui

268 1162 616 1217 intellectores
651 1169 704 1213 et
744 1160 1116 1228 praedicatores
1157 1157 1340 1221 verbi,
1373 1158 1606 1211 viventes
1650 1165 1706 1210 ιιι
1747 1157 1825 1210 lo-

267 1259 490 1317 quuntur
513 1291 529 1314 ,
561 1251 837 1319 loquentes
878 1259 936 1302 ut
972 1247 1193 1320 audiunt
1223 1266 1237 1302 :
1271 1246 1432 1300 fortes
1468 1248 1620 1314 plane
1661 1255 1784 1300 sunt
1805 1286 1821 1309 ,

266 1343 346 1395 sed
374 1357 564 1396 omnes
593 1341 680 1410 qui
704 1339 946 1393 scandala
975 1339 1260 1408 patiuntur,
1292 1336 1564 1390 frixorimn
1588 1337 1822 1404 ipsorum

267 1441 395 1487 sunt.
437 1431 532 1485 Est
568 1431 708 1485 enim
741 1431 809 1484 ibi
841 1429 1070 1483 Charitas
1091 1470 1106 1494 ,
1137 1439 1188 1481 et
1217 1429 1382 1496 magis
1409 1428 1458 1480 in
1486 1427 1712 1480 ossibus.
1742 1426 1826 1479 lu-

268 1525 447 1576 teriora
470 1533 588 1576 sunt
614 1537 732 1575 ossa
761 1520 1005 1574 omnibus
1031 1520 1296 1581 carnibus,
1325 1529 1377 1572 et
1409 1528 1614 1586 portant
1641 1530 1825 1568 omnes

266 1629 464 1668 carnes.
498 1613 696 1667 Verum
726 1608 770 1666 si
804 1613 1078 1682 quisquam
1107 1612 1333 1678 patiatur
1364 1608 1573 1678 aliquod
1605 1607 1826 1660 scanda-

269 1708 359 1758 lum
389 1747 403 1766 ,
439 1713 494 1758 et
518 1701 586 1756 'in
616 1703 789 1756 anima
836 1701 1194 1770 periclitetur;
1240 1709 1437 1752 tantum
1482 1714 1543 1751 os
1582 1698 1822 1766 frigitur,

266 1807 507 1867 quantum
537 1805 698 1849 amat.
732 1795 876 1848 Desit
897 1810 1063 1856 amor,
1097 1809 1252 1846 nemo
1279 1792 1486 1861 frigitur
1513 1810 1526 1845 :
1553 1791 1689 1844 adsit
1709 1791 1828 1844 cha-

269 1889 408 1951 ritas,
438 1896 489 1940 et
521 1888 563 1940 si
594 1885 889 1940 membrum
917 1885 1252 1953 compatitur,
1280 1886 1508 1952 patiente
1529 1898 1634 1935 uno
1662 1898 1827 1936 inem-

268 1979 391 2040 bro;
425 1976 690 2046 quomodo
733 1975 991 2044 frigtmtur
1020 1975 1106 2044 qui
1142 1983 1351 2042 portant
1385 1975 1627 2027 universa
1660 1989 1825 2028 mem-

267 2069 386 2123 bra?
423 2069 551 2148 Oss‘a
581 2084 689 2121 mea
713 2069 837 2120 sicut
866 2069 916 2120 in
946 2067 1156 2138 frixorio
1181 2068 1410 2132 confrixa
1439 2076 1579 2119 sunt.

327 2159 379 2212 5.
417 2156 565 2228 [ven
596 2155 674 2228 5.]
706 2155 1007 2210 Percnssunt
1035 2166 1104 2209 est
1130 2157 1255 2209 sicut
1287 2160 1474 2226 fenum,
1511 2166 1558 2208 et
1588 2157 1717 2209 aruit
1743 2173 1830 2209 cor

269 2267 442 2302 meum.
488 2249 712 2318 Ri-Spice
758 2249 820 2301 ad
871 2249 1034 2302 Adam
1062 2289 1074 2311 ,
1123 2248 1260 2302 unde
1307 2264 1473 2317 genus
1518 2247 1825 2300 humanum.

270 2341 412 2396 linde
449 2341 592 2395 enim
623 2341 720 2394 nisi
751 2340 816 2392 ah
844 2341 932 2394 illo
960 2343 1237 2410 propagata
1283 2340 1490 2392 miseria
1523 2340 1639 2394 est?
1679 2339 1830 2394 Unde

268 2434 398 2486 enim
444 2433 544 2486 nisi
580 2434 647 2486 ab
691 2433 780 2484 illo
823 2431 1150 2485 lia-reditaria
1194 2431 1288 2483 ista
1323 2430 1642 2498 paupertas?
1684 2429 1830 2483 Dicat

269 2541 383 2592 ergo
410 2539 530 2577 cum
559 2536 652 2591 spe
678 2521 784 2592 jam
815 2522 864 2574 iu
896 2536 1118 2588 corpore
1142 2520 1335 2574 Christi
1370 2521 1586 2588 positus,
1621 2520 1705 2572 ille
1731 2520 1827 2572 ali-

268 2615 469 2683 quando
500 2616 551 2667 iu
578 2630 674 2666 suo
703 2627 924 2682 corpore
949 2614 1276 2678 desperatus,
1305 2609 1602 2664 Pet'cttssunt
1629 2620 1700 2662 est
1729 2609 1825 2661 sic-

269 2722 316 2763 ut
365 2712 577 2779 fenum,
623 2718 670 2762 et
705 2708 836 2760 aruit
880 2723 966 2759 cor
1009 2722 1188 2758 nteant.
1237 2703 1454 2765 Merito,
1497 2702 1615 2770 quia
1657 2703 1831 2756 omnis

269 2817 383 2855 caro
432 2801 607 2853 fenum
649 2798 818 2871 (Isaia
845 2815 912 2852 xt.
938 2841 950 2855 .
981 2798 1059 2866 6).
1093 2796 1197 2850 Sed
1230 2807 1400 2848 tamen
1434 2793 1572 2847 unde
1600 2794 1689 2846 tibi
1732 2794 1830 2846 hoc

267 2892 522 2960 contigit?
586 2891 833 2955 Quoniam
885 2889 1066 2940 oblitus
1125 2904 1236 2940 sum
1293 2886 1594 2938 manducare
1651 2901 1828 2953 panem

270 3001 446 3036 meum.
480 2984 700 3038 Dederat
727 2985 865 3036 enim
895 2983 1032 3035 Deus
1055 2964 1238 3048 panem
1274 2979 1538 3048 pra-copti.
1574 2979 1702 3032 Nam
1736 2994 1830 3048 pa-

271 3077 343 3126 nis
367 3075 558 3127 anima:
598 3073 720 3142 quid
746 3115 760 3136 ,
811 3073 908 3126 nisi
940 3073 1155 3125 verbum
1202 3072 1332 3124 Dei?
1361 3071 1685 3140 Suggereute
1714 3086 1828 3123 ser-

272 3174 453 3232 pt'ttlc,
486 3164 864 3233 praewricante
897 3161 1118 3216 muliere
1145 3163 1185 3226 ¹,
1222 3163 1388 3228 tetigit
1435 3162 1648 3213 vetitum
1678 3159 1827 3229 (Gen.

272 3269 344 3313 tu,
375 3254 456 3317 6),
481 3255 672 3307 oblitus
698 3263 780 3308 est
809 3263 1129 3323 przcceptum
1156 3269 1168 3305 :
1203 3251 1393 3305 merito
1420 3266 1723 3321 percussum
1750 3260 1832 3304 est

271 3349 397 3401 sicut
433 3347 645 3412 fenum,
685 3357 738 3402 et
767 3347 905 3401 aruit
932 3362 1025 3401 cor
1052 3346 1167 3414 ejus
1191 3387 1205 3407 ,
1233 3345 1481 3414 quoniam
1526 3344 1723 3397 oblitus
1749 3352 1832 3397 est
1880 3371 1888 3381 -

269 3440 583 3494 manducare
609 3455 796 3507 panem
827 3454 1000 3492 suum.
1029 3436 1237 3490 Oblitus
1269 3435 1586 3490 manducare
1618 3449 1828 3504 panem,

271 3533 394 3584 bibit
421 3546 676 3585 venenum
701 3546 715 3594 ;
742 3545 1048 3600 percussum
1075 3537 1156 3582 est
1179 3543 1272 3587 eor
1293 3528 1427 3596 ejus,
1454 3536 1508 3580 et
1536 3526 1674 3578 aruit
1697 3525 1833 3578 sicut

270 3622 469 3687 lentim.
492 3621 604 3689 Ipse
625 3630 705 3674 est
727 3621 816 3674 ille
837 3635 1119 3689 percussus
1141 3618 1191 3671 iu
1225 3619 1374 3681 Isaia,
1399 3616 1466 3670 de
1491 3631 1597 3686 quo
1617 3615 1828 3679 dicitur,

271 3723 320 3765 et
341 3713 426 3764 cui
454 3713 644 3765 dicitur
674 3727 688 3764 :
722 3729 740 3760 ι
781 3711 890 3763 Non
921 3711 972 3762 in
1001 3719 1258 3763 :eternum
1289 3717 1496 3776 tempus
1522 3707 1716 3759 irascar
1742 3723 1834 3758 vo-

273 3803 348 3854 bis
378 3821 390 3855 :
421 3803 635 3872 Spiritus
660 3802 798 3854 enim
839 3817 866 3853 a
916 3815 1002 3854 me
1033 3799 1287 3868 procedit,
1331 3807 1383 3852 et
1412 3812 1621 3850 onmem
1652 3795 1830 3848 [latum

272 3909 367 3961 rgo
397 3892 508 3946 feci.
535 3893 756 3961 Propter
785 3901 1054 3958 peccatum
1082 3889 1346 3942 modicum
1378 3887 1503 3956 quid
1525 3887 1830 3940 coutristavi

273 3985 437 4046 illum,
478 3992 530 4036 et
572 3981 804 4051 percussi
839 3981 982 4034 illum
1007 4020 1022 4041 ,
1052 3989 1107 4032 et
1131 3981 1296 4033 averti
1328 3979 1513 4047 faciem
1557 3991 1726 4030 meam
1767 3977 1834 4032 ab

273 4075 380 4127 illo.
423 4093 440 4126 ι
469 4075 652 4129 Merito
682 4073 786 4135 hic,
822 4091 840 4123 ι
877 4071 952 4126 Nc
977 4079 1184 4124 avertas
1213 4069 1397 4123 faciem
1428 4080 1568 4122 tuam
1595 4085 1622 4122 a
1652 4084 1734 4123 me
1761 4088 1774 4123 :
1807 4087 1828 4120 ι

273 4165 374 4221 hoc
401 4175 480 4219 cst
501 4208 514 4230 ,
555 4181 584 4219 a
613 4177 868 4236 percusso
894 4205 907 4225 ,
953 4162 1019 4217 de
1059 4177 1163 4230 quo
1189 4159 1404 4223 dixisti,
1437 4179 1456 4212 ι
1491 4160 1732 4214 Percussi
1767 4159 1832 4214 il-

272 4259 420 4319 lum;
456 4276 474 4308 )
514 4257 579 4312 de
607 4272 710 4326 quo
755 4256 970 4319 dixisti,
1017 4272 1036 4303 ι
1074 4254 1194 4307 Vias
1237 4253 1351 4321 ejus
1381 4252 1482 4306 vidi
1510 4294 1524 4315 ,
1564 4263 1616 4306 et
1653 4253 1834 4306 sanavi

275 4335 404 4403 cum
446 4349 586 4418 (Isai.
620 4366 744 4412 Lvu,
766 4348 972 4418 16-18).
1001 4349 1314 4402 Percussum
1351 4355 1430 4401 est
1463 4347 1599 4402 sicut
1632 4345 1831 4407 fenum,

274 4452 328 4494 et
356 4441 485 4495 aruit
510 4458 602 4495 cor
626 4456 800 4495 meum
823 4482 838 4504 ,
874 4439 1120 4508 quoniam
1148 4439 1342 4492 oblitus
1369 4454 1485 4491 sum
1516 4437 1836 4492 manducare

275 4546 461 4600 panem
488 4548 680 4585 meum.
719 4550 738 4582 ι
775 4530 928 4584 Modo
956 4528 1210 4583 manduca
1239 4543 1394 4598 quem
1419 4529 1613 4582 oblitus
1639 4543 1758 4582 eras
1789 4530 1832 4581 '.

275 4623 382 4676 Sed
412 4625 546 4677 venit
573 4634 622 4676 et
648 4623 759 4691 ipse
783 4623 954 4692 panis,
983 4621 1032 4674 in
1057 4621 1208 4687 cujus
1228 4635 1452 4689 oorpore
1479 4621 1569 4674 tibi
1600 4622 1721 4676 licet
1746 4635 1835 4674 rc-

274 4716 476 4770 cordari
507 4731 690 4769 vocem
721 4715 1006 4769 oblivionis
1052 4723 1189 4788 tum,
1235 4721 1290 4767 et
1332 4713 1559 4767 clamare
1597 4729 1666 4767 ex
1708 4728 1838 4782 pau-

276 4817 473 4875 pertate
497 4849 512 4869 ,
542 4815 600 4858 ut
637 4821 814 4859 sumas
843 4805 1070 4859 divitias.
1105 4803 1256 4858 Modo
1285 4804 1538 4857 manduca
1565 4821 1579 4866 ;
1626 4804 1675 4856 in
1720 4803 1838 4871 ejus

275 4897 415 4949 enim
442 4912 666 4966 corpore
685 4911 763 4958 es,
793 4896 878 4965 qui
905 4896 980 4949 ait
1010 4913 1023 4948 :
1059 4894 1164 4965 Ego
1189 4911 1299 4946 sum
1325 4895 1468 4962 punis
1492 4895 1648 4958 vivus,
1671 4895 1754 4962 qui
1777 4895 1839 4946 de

273 4989 399 5040 crelo
425 4989 652 5042 descendi
685 4986 858 5058 (Joan.
888 5003 967 5046 vr.
998 4987 1111 5054 Η).
1142 4984 1347 5038 Oblitus
1374 5000 1496 5039 eras
1519 4985 1840 5040 manducare

275 5095 461 5147 panem
491 5091 671 5143 tuum;
700 5078 790 5130 sed
813 5078 918 5145 jam
945 5077 1034 5129 illo
1055 5076 1323 5138 crucilixo,
1347 5077 1838 5130 commemorabun-

276 5179 362 5225 tur
390 5182 438 5225 et
462 5181 840 5226 eonvertentur
866 5169 932 5226 ad
962 5170 1234 5222 Domimnn
1268 5169 1494 5222 universi
1523 5169 1656 5223 lines
1687 5179 1839 5226 terra:

275 5268 446 5337 (l'sal.
470 5286 579 5330 nt,
609 5269 722 5322 28).
755 5267 877 5320 Post
906 5267 1220 5320 oblivionem
1248 5265 1422 5318 veniat
1445 5279 1838 5317 commemora-

276 5361 376 5421 tio.
420 5361 765 5414 manducetur
807 5358 957 5427 panis
997 5358 1063 5411 de
1105 5356 1240 5409 cmlo
1267 5397 1280 5417 ,
1334 5365 1390 5408 ut
1445 5355 1686 5418 vivatur;
1733 5371 1838 5408 non

274 5468 489 5516 manna,
511 5454 646 5506 sicut
670 5451 740 5504 Illi
764 5450 1212 5503 manducavertmt
1231 5458 1282 5501 et
1306 5447 1494 5499 mortui
1514 5457 1635 5499 sunt
1659 5447 1838 5516 (Joan.

274 5558 350 5606 Vt,
381 5542 462 5611 49)
491 5562 504 5597 :
534 5542 684 5612 panis
706 5541 774 5595 de
802 5555 907 5608 quo
932 5541 1142 5604 dicitur,
1173 5537 1317 5590 Beati
1345 5538 1429 5601 qui
1455 5539 1675 5590 esuriant
1711 5547 1754 5590 et
1775 5539 1843 5590 si-

345 5677 735 5740 *__tliquotitss.,
780 5675 1097 5739 prwvm'icata
1141 5672 1326 5724 mulier.
1370 5672 1483 5733 Alii,
1531 5677 1846 5735 prwranrata

274 5737 488 5788 muliere.

345 5803 366 5832 ⁸
400 5817 514 5859 ιι».
541 5799 667 5862 quod
686 5798 856 5850 oblitus
873 5812 998 5849 eras.

1380 408 1770 464 ENARRATIO
1810 408 1873 461 ΙΝ
1913 406 2229 465 PSALMUM
2268 408 2351 464 Cl.

3359 409 3378 463 l
3388 405 3492 463 293

1928 520 2056 572 tiunt
2074 521 2325 593 justitiam
2353 518 2559 591 (Matth.
2587 535 2646 585 v,
2681 517 2755 588 6).

1998 615 2049 667 6.
2080 613 2226 686 [vers.
2252 612 2330 684 6.]
2360 612 2396 664 Α
2419 629 2531 664 voce
2556 613 2763 682 gemitus
2793 609 2887 664 mei
2907 611 3221 664 adiuuerunt
3245 629 3356 662 ossa
3382 628 3490 665 uva

1928 708 2244 774 cariturum.
2289 707 2334 760 Α
2379 722 2509 760 voce
2554 721 2707 775 quam
2753 705 3018 776 intelligo,
3073 720 3104 758 a
3153 721 3282 759 voce
3329 722 3486 776 quam

1929 800 2047 851 novi
2072 798 2087 828 ¹
2122 816 2133 850 :
2163 798 2203 850 Α
2232 813 2346 851 uoce
2374 797 2579 867 gemitus
2608 796 2705 850 mei
2729 838 2742 860 ,
2777 811 2879 850 non
2912 812 2940 850 a
2971 812 3097 852 voce
3123 798 3348 866 gemitus
3375 797 3491 850 illo-

1929 905 2044 949 rum
2071 890 2261 959 quibus
2285 887 2594 958 compatior.
2629 887 2770 940 Multi
2799 887 2941 941 enim
2971 897 3224 958 gemunt,
3253 902 3406 955 gemo
3435 893 3490 939 et

1927 996 2054 1050 ego;
2087 991 2141 1036 et
2168 982 2264 1034 hoc
2290 996 2470 1050 gemo,
2493 979 2614 1048 quia
2656 978 2794 1033 male
2821 986 3054 1048 gemunt.
3098 979 3288 1032 Amisit
3331 991 3492 1029 nunt-

1929 1086 2106 1134 mum,
2133 1071 2327 1140 gen‘iit;
2356 1059 2530 1123 amisit
2557 1067 2734 1131 ﬁdem,
2767 1082 2870 1120 non
2899 1067 3098 1140 gemit:
3127 1083 3223 1134 ego
3249 1065 3490 1134 appewlo

1929 1176 2198 1214 nummum
2226 1169 2279 1212 et
2308 1159 2459 1212 Iidem
2482 1199 2496 1223 ,
2526 1167 2578 1211 et
2617 1159 2827 1212 invenio
2867 1139 3119 1225 majorem
3147 1157 3395 1221 gemitum
3421 1155 3490 1210 de

1930 1253 2066 1306 male
2093 1261 2357 1322 gemente,
2386 1260 2475 1303 aut
2515 1265 2618 1304 nou
2665 1259 2928 1318 gemente.
2973 1249 3119 1302 Facit
3158 1247 3413 1308 fraudem.
3441 1257 3495 1301 et

1928 1342 2140 1412 gaudet.
2186 1343 2301 1408 Quo
2344 1341 2533 1394 lucro?
2577 1342 2680 1410 q'uo
2725 1341 2956 1393 danmo?
3001 1337 3293 1407 Acqui‘sivit
3332 1354 3494 1407 pecu-

1930 1435 2103 1497 niam,
2138 1433 2364 1503 perdidit
2387 1432 2666 1502 justitiam.
2695 1432 2869 1487 Gemit
2896 1433 3019 1484 hinc
3046 1431 3131 1499 qui
3159 1446 3371 1498 gemere
3399 1445 3495 1481 un—

1929 1529 2038 1590 vit;
2069 1527 2155 1595 qui
2178 1526 2331 1595 capiti
2363 1526 2696 1595 propinquat,
2731 1526 2816 1593 qui
2842 1534 2982 1578 recte
3007 1523 3081 1593 (a)
3105 1523 3269 1575 ha‘ret
3287 1521 3493 1590 corpori

1929 1616 2143 1674 Christi.
2167 1617 2328 1685 gemit
2350 1615 2490 1670 inde.
2514 1616 2762 1668 (laruales
2787 1625 2960 1668 autem
2984 1631 3085 1666 non
3114 1614 3234 1667 itide
3258 1622 3494 1682 gemunt,

1930 1719 1982 1763 et
2006 1708 2292 1778 gemeudos
2333 1723 2390 1762 sc
2417 1707 2630 1771 faciunt,
2661 1709 2778 1777 quia
2811 1725 2913 1761 nou
2946 1707 3066 1762 inde
3102 1716 3318 1777 gemunt
3351 1725 3363 1760 :
3397 1721 3497 1761 nec

1929 1813 2022 1851 eos
2052 1813 2351 1867 possumus,
2384 1799 2464 1852 vel
2499 1814 2600 1850 non
2633 1807 2923 1868 gementes,
2956 1798 3037 1851 vel
3071 1799 3204 1851 male
3228 1807 3498 1866 gementes

1931 1900 2294 1942 contemnere.
2324 1889 2578 1942 Volumus
2604 1891 2742 1942 enim
2785 1905 2877 1943 eos
2909 1891 3175 1958 corrigere
3199 1931 3212 1952 ,
3255 1889 3500 1941 volumus

1931 1979 2248 2041 emendare,
2277 1980 2518 2032 volumus
2545 1995 2794 2046 reparare
2816 1983 2836 2010 ¹
2870 1999 2881 2033 :
2915 1991 2965 2032 et
2991 1979 3202 2048 quando
3231 1995 3332 2031 non
3374 1993 3499 2047 pos-

1931 2067 2134 2132 sumus’.
2162 2072 2420 2139 gemimus
2444 2087 2458 2133 ;
2499 2081 2552 2124 et
2578 2086 2694 2123 cum
2727 2071 3003 2139 gemimus,
3030 2085 3132 2122 non
3163 2070 3228 2123 ab
3254 2069 3382 2137 ipsis
3410 2083 3500 2122 se-

1931 2171 2194 2229 paramur.
2214 2161 2255 2212 Λ
2272 2176 2384 2214 voce
2405 2161 2542 2214 enim
2561 2161 2769 2231 gemitus
2786 2162 2878 2213 mei
2904 2162 3219 2213 adhmsernnt
3248 2177 3359 2213 orsa
3390 2176 3499 2212 mea

1931 2250 2074 2304 carui
2101 2266 2221 2302 metu
2250 2267 2267 2304 :
2303 2250 2644 2304 adllatserunt
2673 2251 2835 2303 fortes
2864 2250 3124 2310 invalidis,
3166 2249 3502 2311 adlneseruut

1932 2343 2067 2396 firmi
2115 2343 2352 2395 inlirmis.
2399 2341 2549 2398 Unde
2596 2342 2967 2396 adlueserunt?
3011 2343 3054 2395 A
3101 2357 3230 2396 voce
3276 2343 3503 2411 gemitus

1933 2437 2011 2489 sui
2038 2476 2054 2499 ,
2090 2451 2192 2488 non
2224 2451 2251 2487 a
2279 2450 2408 2489 voce
2434 2436 2660 2504 gemitus
2692 2436 2924 2489 illorum.
2966 2435 3080 2503 Qua
3121 2435 3236 2504 lege
3263 2433 3504 2487 adhaese-

1933 2538 2073 2589 runt,
2099 2529 2196 2582 nisi
2225 2544 2322 2597 qua
2349 2528 2542 2582 dictum
2571 2537 2652 2582 est
2682 2545 2694 2582 :
2728 2527 2973 2581 Debemus
2993 2528 3121 2581 enim
3139 2527 3234 2580 nos
3261 2527 3396 2594 ﬁrmi
3420 2527 3501 2577 in-

1935 2621 2218 2684 ﬁrmitatem
2259 2619 2575 2686 inﬁrmorum
2617 2627 2815 2689 portare
2859 2617 3035 2689 (Rom.
3062 2634 3154 2685 xv,
3189 2619 3284 2688 1)?
3319 2615 3502 2669 Adita:-

1932 2721 2099 2763 srrunt
2124 2728 2236 2762 ossa
2268 2727 2376 2764 mea
2401 2712 2546 2763 carni
2573 2726 2711 2762 mem.

2004 2801 2055 2852 7.
2081 2799 2229 2871 (vers.
2255 2801 2305 2864 7,
2341 2799 2417 2872 8.]
2444 2801 2638 2855 Similis
2665 2804 2829 2872 factus
2856 2819 2966 2855 sum
2997 2802 3222 2873 pelicano
3247 2801 3268 2832 ³
3295 2801 3381 2872 qui
3407 2802 3503 2854 ha-

1935 2891 2056 2943 bitat
2095 2891 2144 2942 in
2183 2892 2478 2954 solitudine;
2515 2896 2675 2960 foetus
2703 2909 2812 2945 sum
2839 2893 2966 2945 sicut
3007 2893 3297 2963 nycticorax
3335 2893 3386 2944 in
3411 2907 3506 2961 pa-

1939 2979 2154 3032 rietinis.
2205 2978 2420 3046 l'igilavi
2439 3022 2454 3044 ,
2487 2991 2532 3032 et
2557 2985 2716 3050 factus
2745 2998 2855 3033 sum
2888 2983 3013 3034 sicut
3040 2999 3211 3052 passer
3236 2981 3506 3052 singularis

1934 3070 1984 3122 in
2014 3081 2157 3122 tecto.
2191 3070 2323 3123 Ecce
2345 3079 2455 3124 tres
2476 3085 2619 3129 avi-s.
2647 3080 2698 3123 et
2729 3071 2828 3124 tria
2857 3071 3002 3135 loca;
3035 3070 3157 3139 quid
3183 3071 3280 3125 sibi
3312 3070 3502 3135 velint,

1935 3159 2096 3226 donet
2143 3160 2392 3212 Dominus
2438 3170 2493 3214 ut
2540 3161 2797 3221 dicamus.
2845 3171 2895 3214 et
2938 3169 2994 3215 ut
3037 3161 3263 3215 audiatis
3305 3161 3506 3214 utiliter

1935 3249 2074 3317 quod
2103 3249 2294 3303 dicitur
2319 3251 2619 3328 salubriter.
2651 3251 2786 3318 Quid
2815 3253 2913 3306 sibi
2939 3253 3115 3306 volunt
3145 3263 3252 3308 tres
3271 3269 3426 3319 aves,
3451 3263 3505 3306 et

1937 3340 2030 3392 tria
2064 3340 2174 3394 loca
2197 3340 2220 3392 ἲ
2244 3341 2370 3408 Quae
2412 3351 2518 3395 tres
2549 3343 2707 3394 aves?
2739 3343 3017 3398 Pelicanus
3038 3385 3052 3408 ,
3083 3345 3386 3415 nycticorax
3409 3385 3422 3406 .
3455 3352 3508 3396 et

1937 3445 2121 3496 passer
2151 3447 2162 3482 :
2191 3442 2242 3485 et
2274 3431 2368 3484 tria
2399 3431 2534 3493 loca,
2571 3433 2800 3486 solitudo
2820 3476 2834 3497 ,
2867 3433 3138 3503 parietinae
3159 3476 3174 3498 ,
3207 3445 3260 3489 et
3287 3444 3505 3489 tectum.

1935 3520 2212 3576 Pelicauus
2241 3523 2291 3576 in
2319 3524 2625 3586 solitudine,
2661 3526 2962 3596 nycticorax
2988 3527 3038 3580 in
3063 3528 3357 3596 parietinis,
3385 3541 3507 3595 pas-

1936 3628 2023 3667 ser
2054 3616 2103 3666 in
2135 3624 2291 3668 lecto.
2326 3615 2503 3668 Primo
2527 3617 2649 3685 quid
2677 3618 2743 3669 sit
2771 3619 3063 3684 pelicanus,
3093 3619 3374 3673 dicendum
3403 3628 3506 3672 est.

1937 3703 1992 3758 In
2020 3720 2078 3758 ea
2107 3705 2299 3774 quippe
2328 3708 2542 3774 regione
2583 3709 2816 3762 nascitur
2839 3749 2854 3769 ,
2897 3718 2952 3759 ut
2982 3709 3135 3760 nobis
3176 3709 3350 3777 ignota
3395 3707 3507 3762 haec

1936 3796 2048 3848 avis
2065 3797 2148 3849 sit.
2174 3796 2477 3850 Nascituriu
2491 3797 2884 3863 solitudinibus,
2900 3799 3129 3853 maxime
3141 3800 3235 3853 Nili
3251 3800 3505 3864 ﬂuminis,

1939 3889 1989 3940 in
2004 3885 2524 3957 Egypto.Qu:elibet
2549 3889 2618 3940 sit
2633 3890 2744 3941 avis
2767 3889 2896 3948 bare.
2917 3889 3054 3956 quod
3078 3890 3143 3943 de
3165 3891 3249 3944 illa
3270 3891 3509 3945 Psalmus

1937 3975 2114 4030 dicere
2137 3976 2320 4041 voluit,
2350 3975 2448 4029 hoc
2477 3977 2797 4031 intueamur.
2828 3977 3054 4044 Habitat,
3091 3981 3276 4049 inquit,
3311 3981 3363 4033 in
3385 3982 3506 4034 soli-

1936 4066 2126 4119 tudine.
2159 4066 2293 4133 Quid
2320 4069 2513 4136 qu:eris
2543 4068 2763 4121 formam
2810 4069 2944 4138 ejus,
2970 4071 3206 4124 membra
3235 4070 3370 4139 ejus,
3403 4087 3502 4124 vo-

1937 4172 2052 4212 cent
2081 4157 2213 4226 ejus,
2240 4172 2420 4210 mores
2445 4157 2558 4226 ejus
2575 4158 2604 4210 ?
2620 4159 2882 4224 Quantum
2911 4160 3000 4214 tibi
3034 4160 3274 4215 Psalmus
3297 4161 3426 4216 dicit
3450 4162 3470 4193 "
3491 4205 3506 4226 ,

1936 4248 2048 4300 avis
2073 4258 2154 4302 est
2196 4246 2440 4300 habitans
2469 4248 2521 4300 iu
2543 4247 2850 4303 snlitudine.
2895 4248 3206 4320 Nycticorax
3231 4293 3246 4315 ,
3277 4252 3388 4305 avis
3428 4262 3510 4307 εει

1937 4353 2120 4391 amans
2149 4348 2380 4392 noctem.
2418 4338 2696 4392 Parielime
2722 4338 2970 4393 dicuntur
2989 4381 3003 4403 ,
3035 4356 3166 4408 quas
3193 4343 3349 4412 vulgo
3383 4343 3513 4398 dici-

1939 4443 2056 4480 mus
2086 4426 2286 4488 ruiuas,
2319 4427 2406 4482 tibi
2439 4417 2837 4496 parietes'slaut
2863 4431 2976 4484 sine
3008 4440 3169 4494 tecto,
3208 4432 3324 4487 sine
3359 4432 3512 4486 habi—

1941 4519 2173 4583 tantibus
2200 4535 2214 4572 :
2249 4519 2316 4572 ibi
2348 4519 2548 4573 habitat
2577 4520 2902 4590 nycticorax.
2935 4521 3050 4578 Jam
3080 4540 3207 4578 vero
3237 4541 3420 4592 passer
3459 4533 3512 4580 et

1942 4620 2135 4663 tectum
2161 4611 2285 4679 quid
2313 4611 2401 4673 sit.
2431 4612 2617 4664 nostis.
2644 4611 2863 4666 Invenio
2889 4630 3014 4682 ergo
3041 4615 3270 4683 aliquem
3299 4617 3367 4670 de
3393 4633 3513 4670 cor-

1941 4715 2069 4768 pore
2098 4699 2315 4764 Christi,
2346 4701 2746 4768 pra‘dicatorem
2781 4702 2921 4756 verbi
2949 4745 2962 4762 .
2991 4705 3401 4772 compatientetn
3435 4707 3514 4759 in-

1943 4792 2126 4857 ﬁrmis,
2145 4802 2467 4861 quaerentem
2489 4793 2630 4846 lucra
2652 4793 2866 4857 Christi,
2888 4795 3309 4849 reminisceutcm
3335 4798 3514 4850 Domi-

1944 4885 1994 4937 ni
2019 4885 2095 4937 sui
2118 4885 2342 4946 venturi.
2387 4898 2453 4936 ne
2483 4883 2652 4936 dicat:
2680 4884 2832 4936 Serve
2852 4902 3062 4953 nequam
3092 4897 3140 4939 et
3176 4889 3337 4956 piqer,
3370 4889 3514 4941 dum

1946 4974 2207 5040 pecuniam
2229 4989 2388 5025 meum
2409 4974 2759 5028 nummulariis
2786 4974 2995 5045 (Matth.
3022 4992 3152 5040 xxv,
3175 4978 3266 5042 26,
3288 4975 3401 5046 ΞἹ).
3435 4977 3509 5030 Ex

1947 5063 2102 5132 hujus
2128 5063 2506 5132 diSpensatoris
2531 5063 2707 5118 officio
2737 5066 3014 5121 videamus
3035 5068 3146 5121 Inec
3175 5069 3292 5122 tria.
3338 5068 3512 5120 Vene-

1944 5157 2015 5208 rit
2045 5155 2182 5207 inter
2208 5155 2411 5221 aliquos
2437 5153 2524 5206 ubi
2562 5155 2838 5210 christiani
2885 5173 2987 5212 non
3037 5167 3192 5221 sunt;
3244 5159 3514 5227 pelicanus

1945 5254 2026 5296 est
2051 5244 2101 5297 iu
2125 5244 2409 5298 solitudine
2437 5262 2448 5296 :
2482 5247 2688 5301 venerit
2711 5247 2776 5300 ad
2804 5263 2899 5302 eos
2927 5249 3014 5316 qui
3041 5248 3252 5300 fuerunt
3278 5257 3332 5301 et
3372 5250 3512 5302 ceci-

1947 5335 2163 5396 derunt,
2189 5335 2489 5404 nycticiirax
2526 5347 2608 5390 est
2636 5338 2696 5391 iu'
2720 5339 3024 5404 parietinis;
3059 5353 3161 5391 non
3190 5337 3332 5392 enim
3359 5340 3515 5393 dese-

2010 5429 2026 5457 ⁸
2062 5427 2143 5476 Hic
2164 5425 2272 5474 ΗΜ.
2312 5425 2515 5486 addunt,
2544 5427 2848 5490 probabititer
2870 5441 2888 5478 :
2908 5430 3036 5491 quod
3070 5442 3098 5477 ει
3130 5432 3382 5492 praecipuis
3412 5438 3514 5482 itas.

1945 5489 2281 5608 abLsi’lerique
2305 5555 2427 5601 MSS..
2452 5561 2693 5605 separare.

2011 5611 2040 5679 ᾗ
2061 5611 2197 5679 Cori).
2223 5616 2323 5667 Ms.,
2345 5609 2548 5668 pelicatti
2575 5623 2591 5659 :
2619 5619 2670 5659 et
2692 5609 2811 5670 loco,
2850 5610 3113 5676 peticanus,
3135 5626 3330 5678 semper
3353 5609 3522 5675 habet;

1949 5674 2189 5734 pelicatus.

2013 5737 2031 5761 τ
2067 5744 2161 5779 Atti.
2189 5739 2239 5779 et
2261 5744 2430 5779 omnes
2453 5740 2576 5791 \tss.,
2609 5730 2756 5782 dedit.

2018 5795 2089 5854 (a)
2125 5801 2284 5854 Forte,
2311 5795 2487 5845 stricte.
