4012 6202
373 387 520 441 ςειςιςι

385 499 454 552 rit
475 507 529 553 et
557 495 804 552 tenebras
827 505 1012 550 eorum
1045 484 1136 560 qui
1163 485 1412 542 habitant
1431 484 1481 539 in
1520 491 1698 546 nocte,
1729 487 1785 533 et
1809 479 1954 549 ipsos

389 589 583 646 lucrari
617 588 730 642 vult
757 602 770 640 :
802 582 1006 638 venerit
1029 564 1096 634 ad
1133 593 1226 633 eos
1253 578 1340 646 qni
1383 573 1656 630 christiani
1688 579 1810 626 sunt
1839 568 1957 636 qui-

387 689 510 736 dem
550 678 842 734 habitantes
869 673 918 727 iu
947 671 1126 736 domo,
1151 685 1255 724 non
1283 668 1430 738 quasi
1460 665 1547 736 qui
1578 680 1684 718 non
1712 661 1954 717 credide-

389 785 523 850 rint,
542 768 792 840 autquod
815 765 1153 822 crediderant
1177 761 1497 821 dimiserint,
1523 757 1616 813 sed
1644 757 1694 809 in
1724 769 1788 809 eo
1813 753 1951 822 quod

389 847 607 924 credunt
629 861 802 932 tepide
820 859 1186 922 ambulantes;
1210 855 1405 911 clamat
1419 851 1484 906 ad
1503 865 1595 904 eos
1619 862 1820 918 passer,
1845 847 1950 900 non

387 974 436 1010 ιιι
464 955 768 1018 solitudine,
801 953 922 1022 quia
948 948 1220 1005 christiani
1248 955 1406 1011 sunt;
1436 958 1533 998 nec
1557 943 1608 996 in
1636 939 1909 1011 parietinis
1933 940 1977 1005 ,'

387 1048 504 1118 quia
536 1061 640 1101 non
680 1045 1016 1109 ceciderunt;
1061 1041 1154 1097 sed
1184 1048 1357 1095 tamen
1390 1038 1629 1092 in'tecto
1656 1043 1812 1097 sunt;
1857 1031 1956 1085 sub

390 1148 525 1195 tecto
551 1139 744 1210 petius.
774 1137 893 1206 quia
930 1135 1028 1190 sub
1058 1148 1217 1188 carne
1241 1140 1382 1186 sunt.
1413 1128 1505 1185 llle
1543 1140 1703 1196 super
1739 1137 1954 1178 carnem

384 1231 574 1284 clamat
599 1242 800 1297 passer,
819 1235 1077 1298 prmccpta
1100 1225 1186 1279 Dei
1205 1239 1305 1276 non
1331 1227 1488 1283 tacet,
1511 1233 1610 1273 nec
1630 1216 1686 1269 fit
1706 1213 1953 1279 carnalis,

385 1330 444 1373 ut
467 1320 773 1390 subjiciatur
798 1327 956 1373 tecto.
1005 1316 1103 1384 Qui
1129 1315 1265 1370 enim
1293 1314 1344 1367 in
1366 1322 1488 1366 tecto
1511 1320 1602 1375 est,
1629 1325 1730 1361 non
1750 1309 1956 1361 descen-

389 1413 478 1466 dat
501 1413 674 1466 tollere
693 1410 883 1481 aliquid
916 1409 977 1463 de
997 1410 1142 1461 domo
1165 1405 1372 1476 (Matth.
1396 1418 1546 1469 xxrv,
1566 1399 1684 1473 i7);
1708 1409 1780 1463 et,
1812 1397 1957 1463 Quod

386 1505 439 1557 in
469 1521 590 1558 aure
617 1505 823 1568 auditis,
851 1503 1118 1573 prazdicate
1142 1517 1292 1569 super
1318 1508 1443 1552 tecta
1469 1495 1580 1566 (Id.
1612 1511 1666 1559 ι,
1697 1492 1807 1565 27).
1839 1491 1958 1545 Ista:

388 1605 499 1651 tres
523 1611 649 1650 aves
673 1606 728 1650 et
773 1596 867 1649 tria
906 1595 1056 1658 loca;
1097 1604 1147 1648 et
1190 1607 1327 1646 unus
1370 1590 1531 1644 homo
1559 1596 1736 1658 potest
1764 1586 1959 1640 habere

389 1702 669 1756 personam
697 1687 853 1741 trium
882 1687 1077 1744 avium.
1110 1695 1162 1738 et
1192 1692 1300 1739 tres
1327 1682 1573 1737 homines
1601 1689 1822 1750 possunt
1858 1679 1955 1731 ha-

391 1778 521 1833 bere
546 1793 823 1849 personam
849 1778 1004 1850 trium
1026 1777 1232 1840 avium;
1255 1783 1309 1830 et
1333 1774 1429 1828 tria
1455 1788 1652 1844 genera
1684 1773 1920 1825 locorum
1939 1811 1955 1835 ,

393 1870 494 1924 tria
540 1853 734 1941 genera
779 1877 901 1923 sunt
931 1869 945 1900 ¹
978 1868 1253 1922 hominum
1285 1882 1300 1919 2
1335 1877 1509 1919 tamen
1555 1861 1786 1916 solitudo
1809 1902 1824 1928 ,
1869 1875 1958 1929 pa—

389 1960 613 2023 rietinae,
633 1968 687 2014 et
707 1969 923 2025 tectum,
946 1959 1155 2013 nonnisi
1182 1958 1278 2011 tria
1303 1971 1496 2028 genera
1520 1955 1792 2009 hominum
1812 1960 1955 2008 sunt.

463 2050 517 2104 8.
556 2048 659 2105 Sed
699 2048 930 2126 quidlde
974 2047 1055 2102 his
1096 2046 1424 2118 plurimum?
1463 2045 1638 2114 Ipsum
1679 2043 1959 2098 Dominum

391 2142 687 2205 videamus,
719 2157 786 2196 ne
812 2141 948 2196 forte
976 2142 1088 2210 ipse
1115 2139 1216 2206 sit,
1249 2149 1304 2193 et
1342 2138 1530 2192 melius
1563 2137 1676 2208 ipse
1702 2150 1958 2206 agnosca-

390 2243 498 2301 tur,
526 2243 580 2290 et
609 2234 882 2304 pelicanus
906 2233 957 2287 in
986 2230 1294 2300 solitudine,
1317 2241 1370 2286 et
1391 2229 1695 2303 nycticorax
1716 2229 1767 2282 in
1792 2227 1959 2297 parie-

388 2327 512 2380 tinis
531 2368 546 2390 ,
573 2335 628 2380 et
654 2340 836 2396 passer
862 2326 1144 2396 singularis
1189 2325 1246 2380 in
1276 2333 1433 2380 tecto.
1480 2324 1630 2378 Dicat
1655 2321 1808 2376 nobis
1835 2336 1962 2390 pauo

391 2429 488 2485 per
515 2415 634 2478 iste,
667 2425 823 2485 caput
851 2425 1121 2472 nostrum:
1162 2431 1364 2486 pauper
1387 2414 1684 2478 voluntate,
1713 2413 1962 2482 loquatur

390 2509 712 2579 pauperibus
749 2513 800 2563 in
847 2509 1182 2564 necessitate.
1230 2507 1381 2574 Quod
1430 2507 1570 2562 enim
1614 2505 1848 2571 dicitur,
1875 2503 1960 2558 vel

392 2598 551 2652 etiam
579 2597 768 2667 legitur
790 2597 859 2652 de
887 2597 987 2654 hac
1013 2613 1140 2664 ave,
1170 2597 1220 2651 id
1251 2605 1333 2652 est
1362 2596 1620 2668 pelicano,
1651 2609 1755 2648 non
1784 2603 1960 2648 tacea-

321 2734 323 2737 .
391 2703 545 2754 mus;
579 2703 683 2742 non
712 2673 906 2757 aliquid
940 2687 1266 2742 affirmantes
1287 2696 1510 2752 temere,
1533 2685 1627 2740 sed
1655 2695 1832 2739 tamen
1854 2700 1960 2739 non

397 2788 631 2834 tacentes
665 2779 805 2848 quod
832 2779 918 2848 qui
950 2779 1314 2848 scripserunt,
1343 2790 1398 2834 et
1426 2778 1526 2849 legi
1565 2787 1619 2832 et
1644 2776 1748 2832 dici
1777 2776 1960 2831 volne-

397 2877 537 2921 runt.
581 2867 686 2923 Vos
711 2868 788 2923 sic
816 2868 994 2924 audite
1017 2910 1034 2936 ,
1065 2877 1124 2923 ut
1154 2869 1201 2925 si
1225 2885 1407 2924 verum
1436 2877 1518 2923 est
1541 2910 1556 2936 ,
1587 2879 1875 2939 congruat;
1917 2868 1960 2922 si

397 2957 584 3013 falsum
617 2968 733 3027 est,
782 2975 886 3015 non
920 2970 1114 3032 teneat.
1145 2961 1399 3016 Dicuntur
1437 2960 1520 3015 hac
1544 2977 1670 3016 aves
1713 2971 1960 3032 tanquam

394 3051 632 3122 colaphis
662 3062 957 3109 rostrorum
985 3053 1226 3110 occidere
1255 3054 1501 3124 parvulos
1525 3069 1651 3107 suos
1669 3095 1684 3118 ,
1712 3053 1962 3108 eosdem-

392 3158 495 3208 que
523 3142 576 3197 in
621 3143 747 3198 nido
786 3144 994 3198 occisos
1020 3159 1050 3197 a
1093 3159 1152 3198 se
1193 3143 1376 3214 lugere
1419 3159 1512 3213 per
1553 3143 1785 3198 triduum
1819 3161 1831 3197 :
1865 3158 1960 3212 po-

394 3245 597 3288 stremo
624 3234 809 3288 dicunt
832 3244 1054 3289 matrem
1093 3235 1322 3303 seipsam
1349 3234 1580 3304 graviter
1605 3234 1883 3289 vulnerare
1909 3243 1963 3288 et

399 3321 708 3390 sanguinem
738 3339 891 3377 suum
915 3338 1073 3391 super
1103 3323 1238 3377 filios
1267 3319 1507 3388 fundere,
1538 3339 1644 3392 quo
1671 3323 1745 3376 illi
1771 3339 1961 3392 super-

390 3411 492 3464 fusi
538 3412 862 3468 reviviscunt
891 3414 932 3465 ².
965 3412 1214 3468 Fortasse
1241 3412 1343 3468 hoc
1367 3428 1572 3478 verum,
1599 3413 1825 3468 fortasse
1860 3415 1961 3468 fal-

397 3518 514 3555 sum
533 3503 602 3557 sit
627 3521 642 3559 :
674 3513 847 3559 tamen
877 3505 921 3558 si
945 3520 1129 3559 verum
1158 3505 1720 3575 est,quemadmodum
1744 3506 1815 3560 illi
1834 3521 1964 3561 con-

395 3601 568 3662 grnat,
593 3595 682 3664 qui
709 3609 805 3650 nos
834 3593 1114 3650 vivificavit
1140 3597 1394 3666 sanguine
1421 3611 1519 3649 suo
1542 3635 1557 3659 ,
1585 3596 1781 3650 videte.
1823 3595 1964 3650 Con-

396 3686 538 3754 gruit
566 3687 639 3740 illi
676 3688 815 3757 quod
858 3688 1042 3742 matris
1076 3703 1203 3772 caro
1229 3688 1462 3742 vit‘iticat
1492 3688 1748 3758 sanguine
1774 3703 1873 3742 suo
1902 3688 1964 3742 li-

398 3779 499 3833 lios
532 3794 691 3846 suos;
735 3781 865 3836 satis
905 3782 1166 3852 congruit.
1213 3781 1342 3836 Nam
1371 3789 1429 3836 et
1467 3781 1581 3850 ipse
1618 3781 1866 3852 gallinam
1904 3797 1964 3837 se

396 3872 525 3927 dicit
561 3888 721 3942 super
750 3875 918 3944 pullos
953 3889 1080 3929 suos
1111 3894 1124 3931 :
1155 3873 1456 3941 Jerusalem,
1486 3873 1806 3942 Jerusalem,
1835 3891 1962 3944 quo-

399 3966 487 4018 ties
515 3966 648 4019 volui
670 3983 971 4038 congregare
994 3968 1127 4036 ﬁlios
1152 3978 1282 4031 tuos,
1313 3977 1552 4037 tanquam
1574 3968 1768 4040 gallina
1795 3968 1962 4038 pullos

394 4071 513 4110 suos
539 4057 630 4111 sub
651 4055 760 4111 alas
783 4074 902 4112 suas
921 4099 936 4123 ,
965 4067 1010 4111 et
1050 4059 1253 4112 noluisti
1277 4057 1388 4125 (Id.
1419 4073 1547 4112 χχιιι
1568 4099 1582 4122 ,
1623 4058 1755 4128 57)?
1797 4057 1964 4112 Habet

397 4150 538 4203 enim
583 4159 857 4220 paternam
883 4149 1248 4205 auctoritatem
1270 4193 1284 4215 ,
1329 4161 1627 4206 maternum
1665 4149 1910 4204 affectum
1946 4167 1959 4204 :

394 4241 534 4295 sicut
577 4250 633 4295 et
681 4242 873 4296 Paulus
919 4250 976 4296 et
1023 4253 1171 4310 pater
1200 4250 1359 4296 estet
1387 4252 1554 4302 mater
1597 4253 1707 4307 est;
1735 4257 1838 4296 non
1869 4258 1964 4309 per

393 4331 669 4397 seipsam,
726 4331 818 4385 sed
865 4346 959 4399 per
1007 4331 1350 4400 Evangelinm
1407 4348 1420 4384 :
1470 4341 1620 4400 pater
1666 4331 1752 4386 ubi
1796 4331 1961 4397 dicit,

400 4439 420 4470 ι
457 4420 568 4475 Etsi
589 4419 828 4475 habeatis
849 4421 1041 4474 nmltos
1065 4421 1378 4490 paulagogos
1403 4420 1452 4474 in
1475 4421 1707 4484 Christo,
1736 4421 1827 4476 sed
1858 4437 1960 4476 non

394 4513 591 4568 multos
621 4520 824 4582 patres;
858 4513 910 4566 in
937 4512 1318 4568 ChriStoeuim
1345 4512 1469 4567 Jesu
1498 4529 1590 4582 per
1620 4513 1960 4583 Evangelium

393 4622 493 4677 ego
534 4620 630 4660 vos
672 4607 826 4675 genui
861 4611 885 4658 ἰ
934 4604 977 4674 (i
1014 4603 1133 4660 Cor.
1164 4621 1252 4670 tv,
1284 4605 1408 4676 15);
1449 4613 1618 4660 mater
1659 4616 1833 4660 autem
1879 4605 1962 4660 ubi

395 4700 489 4763 alt,
523 4717 541 4751 ι
576 4698 746 4753 Filioli
773 4698 897 4762 mei,
923 4714 1057 4769 quos
1099 4699 1290 4755 iterum
1336 4698 1593 4769 partnrin,
1623 4698 1792 4752 donec
1812 4697 1968 4752 Chri-

394 4802 509 4844 stus
549 4793 804 4845 formetur
843 4791 894 4847 in
922 4791 1070 4845 vobis
1099 4776 1334 4861 r(l.'alat.
1364 4806 1412 4845 IV
1437 4790 1584 4860 .19).
1630 4789 1799 4844 liabet
1839 4804 1966 4862 ergo

395 4882 510 4939 hanc
549 4883 668 4936 avis
694 4923 710 4947 ,
761 4882 804 4936 si
851 4897 974 4937 vere
1014 4883 1085 4936 ita
1131 4893 1231 4948 est,
1275 4899 1517 4953 magnam
1561 4882 1963 4937 similitudinem

393 4976 572 5029 carnis
601 4972 795 5028 Christi
821 5015 836 5037 ,
863 4974 1017 5042 cujus
1041 4975 1296 5044 sanguine
1334 4973 1582 5028 vivificali
1624 4989 1826 5028 sumus.
1859 4973 1964 5029 Sed

394 5064 663 5133 quorundo
688 5074 945 5135 congruat
973 5063 1186 5119 Christo
1209 5105 1224 5127 ,
1269 5064 1411 5135 quod
1451 5065 1560 5134 ipsa
1599 5065 1792 5119 occidit
1828 5064 1965 5121 ﬁlios

393 5156 559 5210 suos?
585 5157 664 5210 An
694 5166 748 5210 et
777 5155 849 5210 illi
878 5171 982 5210 non
1003 5156 1244 5223 congruit
1271 5173 1283 5207 :
1310 5155 1418 5226 Ego
1443 5157 1687 5222 occidam,
1716 5167 1762 5210 et
1789 5173 1879 5228 ego
1901 5159 1966 5211 vi-

395 5247 629 5314 viﬁcabo;
640 5264 732 5317 ego
754 5247 1047 5315 percutiam,
1071 5256 1115 5298 et
1131 5262 1221 5315 ego
1238 5247 1425 5300 sanabo
1447 5245 1623 5318 (Deut.
1649 5263 1825 5312 χχχιι,
1850 5248 1966 5316 39)?

393 5339 474 5392 An
505 5353 632 5393 vero
658 5338 849 5393 Saulus
883 5345 1190 5408 persecutor
1218 5346 1514 5391 moreretur
1535 5379 1548 5400 ,
1591 5336 1688 5391 nisi
1734 5337 1802 5393 de
1830 5339 1966 5392 coelo

400 5438 761 5495 percuteretur
788 5429 921 5498 (Act.
945 5445 1020 5493 ix,
1050 5428 1145 5498 4);
1174 5437 1265 5482 aut
1288 5428 1598 5497 praedicator
1623 5429 1962 5500 excitaretur,

397 5516 496 5572 nisi
535 5520 676 5575 illius
713 5522 967 5592 sanguine
1007 5519 1410 5575 vivilicaretur?
1451 5519 1554 5576 Sed
1596 5519 1698 5576 hoc
1737 5521 1967 5578 viderint

393 5695 500 5801 Mt"
515 5688 698 5750 Aliquot
727 5699 831 5741 uss.
856 5694 1083 5746 omittunt
1103 5694 1208 5744 haec
1231 5695 1399 5754 verba,
1423 5693 1650 5759 locorum,
1674 5696 1770 5748 tria
1788 5709 1966 5764 genere

459 5814 480 5844 ²
513 5821 639 5872 5158.,
660 5824 750 5872 quo
773 5810 844 5861 illi
865 5813 1114 5873 superfuso
1128 5816 1422 5867 retritiscunt.

1605 369 1661 434 S.
1700 361 2057 424 AUGUSTINI
2095 363 2393 422 EPISCOPI

3505 372 3642 427 1300

2068 477 2159 547 qui
2197 480 2552 550 scripserunt;
2587 497 2690 538 non
2732 482 2789 538 in
2811 483 3012 539 incerto
3036 483 3365 541 intellectum
3403 499 3642 544 nostrum

2067 572 2391 628 constituere
2431 589 2528 629 nos
2563 575 2838 631 debemus.
2871 578 3014 634 lvlanc
3043 595 3193 634 avem
3223 581 3399 648 pOIitts
3425 581 3476 636 in
3517 583 3645 637 soli-

2067 663 2248 718 tudine
2286 680 2666 734 agnoscamus;
2715 666 2814 721 hoe
2850 669 2991 722 enim
3033 668 3154 725 inde
3197 669 3436 724 Psalmns
3475 670 3645 726 voluit

2066 768 2284 824 ponere,
2317 754 2586 813 Pelicanus
2616 758 2667 810 in
2697 759 2986 812 solitudine.
3017 757 3150 814 Puto
3174 774 3274 828 ego
3305 759 3388 815 hic
3419 761 3642 832 intelligi

2068 845 2334 900 Chi-istum
2363 857 2540 900 natum
2567 847 2631 902 de
2651 849 2872 918 virgine.
2895 848 3050 905 Solus
3075 853 3214 906 enim
3238 836 3339 920 sic,
3368 851 3487 907 ideo
3509 855 3644 907 soli-

2067 939 2195 993 tudo
2227 957 2240 992 :
2274 940 2322 994 in
2352 940 2634 996 solitudine
2666 953 2816 997 natus
2841 985 2856 1010 ,
2893 945 3016 1013 quia
3035 945 3190 1000 solus
3217 945 3285 999 ita
3314 955 3484 1000 natus.
3514 946 3646 1002 Post

2066 1031 2392 1110 nativitatem
2425 1042 2639 1086 ventum
2669 1044 2752 1088 est
2776 1033 2840 1089 ad
2871 1036 3167 1104 passionem
3202 1054 3216 1090 :
3245 1051 3276 1091 a
3304 1037 3492 1105 quibus
3520 1053 3644 1092 cru-

2064 1124 2410 1196 cifigebatnr?
2437 1125 2688 1195 numquid
2715 1126 2782 1181 ab
2809 1127 3108 1182 stantibus?
3134 1128 3385 1197 nttmquid
3407 1144 3434 1181 a
3460 1129 3649 1199 lugen-

2066 1214 2207 1270 tibus
2234 1215 2296 1268 ‘?
2325 1215 2464 1285 Ergo
2494 1227 2738 1287 tanquam
2769 1217 2819 1271 in
2849 1227 3006 1273 nocte
3030 1218 3340 1288 ignorantiae
3366 1219 3600 1288 ipsorum
3623 1262 3639 1286 ,

2067 1295 2122 1362 et
2146 1316 2393 1376 tanquam
2425 1309 2474 1364 in
2508 1310 2779 1378 parietinis
2807 1304 2974 1366 ruinae
3015 1311 3271 1381 ipsorum.
3300 1312 3439 1367 Ecce
3467 1312 3646 1384 nycti-

2065 1412 2222 1454 corax
2255 1409 2310 1454 ct
2338 1400 2389 1454 in
2419 1400 2689 1470 parietinis
2710 1441 2738 1492 κ
2761 1411 2904 1482 amat
2943 1411 2997 1457 et
3039 1411 3248 1458 noctem
3282 1405 3324 1457 ’.
3365 1403 3494 1458 Nam
3539 1404 3644 1460 nisi

2037 1557 2039 1560 Q
2066 1499 2290 1557 amaret,
2318 1491 2458 1546 unde
2485 1491 2684 1547 diceret
2703 1479 2904 1560 ,‘Pater
2927 1535 2942 1558 ,
2971 1493 3175 1565 ignosce
3209 1494 3311 1548 illis
3331 1536 3347 1560 ,
3392 1496 3511 1564 quia
3552 1511 3646 1548 ne-

2065 1584 2228 1636 sciunt
2255 1584 2376 1652 quid
2404 1585 2596 1656 faciunt
2617 1584 2763 1654 (Luc.
2803 1577 2934 1640 itu"
2959 1627 2973 1649 ,
3004 1587 3137 1655 54)?
3171 1585 3368 1642 Deinde
3395 1595 3549 1640 natus
3590 1587 3642 1640 in

2066 1674 2353 1730 solitudine
2376 1717 2390 1742 ,
2435 1677 2556 1746 quia
2586 1676 2730 1732 solus
2761 1676 2830 1730 ita
2863 1687 3046 1744 natus;
3093 1692 3278 1747 passus
3313 1678 3366 1731 in
3406 1676 3644 1733 tenebris

2064 1769 2367 1826 Judacorum
2400 1781 2646 1842 tanquam
2675 1771 2726 1826 in
2759 1774 2936 1838 nacte,
2967 1772 3017 1825 in
3049 1772 3480 1842 praevaricatione
3521 1781 3643 1826 tan-

2065 1878 2222 1932 quam
2253 1863 2304 1916 in
2332 1863 2498 1918 ruinis
2531 1882 2544 1918 :
2574 1863 2696 1934 quid
2725 1865 2954 1932 postea?
2991 1863 3225 1934 Vigilavi.
3252 1865 3389 1934 Ergo
3408 1865 3644 1920 dormie-

2066 1969 2154 2008 ras
2181 1956 2232 2010 in
2259 1955 2563 2024 parietinis,
2589 1966 2644 2011 et
2671 1955 2882 2012 dixeras
2912 1975 2925 2010 :
2956 1956 3065 2028 Ego
3090 1943 3321 2010 dormivi.
3349 1956 3488 2026 Quid
3516 1967 3601 2012 est
3623 2000 3640 2022 ,

2066 2045 2179 2118 Ego
2217 2047 2474 2104 dormivi?
2499 2048 2631 2117 Quia
2671 2050 2847 2115 volui,
2876 2047 3140 2116 dormivi;
3172 2061 3380 2106 noctem
3415 2051 3644 2106 amando

2066 2139 2290 2194 dormivi
2319 2139 2456 2195 :‘sed
2483 2140 2553 2196 ibi
2580 2141 2839 2212 sequitur,
2867 2138 2936 2195 Et
2967 2141 3225 2196 exsurrexi
3249 2141 3420 2215 (Psal.
3450 2158 3528 2208 ιιι,
3560 2141 3640 2214 6).

2067 2227 2208 2300 Ergo
2235 2230 2321 2286 hic
2343 2271 2359 2298 ,
2395 2229 2629 2301 Vigilavi.
2677 2230 2782 2286 Sed
2821 2241 3174 2302 posteaquam.
3204 2233 3475 2303 vigilavit,
3515 2233 3644 2302 quid

2065 2323 2208 2392 egit?
2229 2322 2480 2377 Ascendit
2501 2323 2552 2378 in
2581 2324 2796 2389 etelum,
2830 2323 2996 2380 lactus
3017 2334 3097 2379 est
3120 2325 3246 2379 sicut
3267 2343 3440 2396 passer
3460 2327 3644 2381 volan-

2067 2412 2137 2466 do
2159 2455 2173 2474 ,
2204 2412 2256 2468 id
2287 2423 2368 2468 est
2392 2413 2732 2470 ascendendo
2763 2433 2776 2469 :
2804 2416 3076 2486 singularis
3113 2417 3165 2469 in
3201 2426 3328 2470 tecto
3350 2457 3365 2482 ,
3399 2415 3449 2471 id
3478 2426 3562 2471 est
3588 2418 3641 2472 in

2067 2505 2224 2560 coelo.
2249 2504 2389 2576 Ergo
2411 2501 2678 2574 pelicanus
2700 2507 2990 2572 nascendo,
3014 2507 3318 2578 nycticorax
3339 2508 3639 2574 moriendo,

2067 2608 2252 2665 passer
2276 2596 2604 2668 resurgendo
2635 2613 2648 2650 :
2677 2595 2748 2652 ibi
2778 2595 2830 2651 in
2855 2597 3156 2663 solitudine,
3183 2597 3328 2653 velut
3347 2599 3525 2663 solus;
3556 2597 3644 2652 hic

2069 2688 2123 2742 in
2149 2687 2442 2756 parietinis,
2473 2689 2613 2743 velut
2640 2687 2708 2743 ab
2733 2689 2810 2744 eis
2841 2689 3048 2744 occisus
3068 2731 3084 2757 ,
3126 2689 3214 2757 qui
3244 2699 3384 2746 stare
3411 2705 3516 2743 non
3548 2704 3644 2758 po-

2071 2787 2284 2832 tuerunt
2313 2779 2365 2833 in
2392 2778 2652 2848 aedilicio;
2696 2778 2782 2835 hic
2803 2795 2932 2834 vero
2953 2780 3061 2848 jam
3103 2780 3324 2850 vigilans
3364 2789 3419 2835 et
3455 2782 3644 2836 volans

2070 2869 2349 2940 singularis
2380 2871 2432 2924 in
2465 2880 2606 2926 tecto
2628 2911 2642 2932 ,
2690 2871 2759 2925 ibi
2799 2871 3120 2941 interpellat
3143 2886 3240 2940 pro
3280 2871 3431 2936 nobis
3464 2869 3640 2941 (Rem.

2068 2975 2182 3024 Vill,
2215 2959 2328 3028 54).
2356 2957 2528 3028 Caput
2550 2960 2691 3013 enim
2734 2971 2972 3015 nostrum
3001 2975 3186 3032 passer
3213 2971 3294 3016 est
3313 3003 3327 3024 ,
3355 2976 3548 3033 corpus
3576 2962 3642 3015 il-

2070 3051 2172 3105 lius
2203 3059 2394 3106 turtur.
2427 3051 2630 3106 Etenim
2658 3069 2832 3122 passer
2856 3053 3044 3106 invenit
3082 3053 3177 3106 sibi
3215 3053 3438 3106 domum.
3471 3059 3644 3119 Quam

2067 3141 2324 3196 domum?
2354 3143 2406 3198 In
2434 3144 2571 3198 caelo
2602 3153 2702 3208 est,
2730 3145 3033 3214 interpellat
3057 3160 3154 3215 pro
3179 3144 3352 3200 nobis.
3381 3144 3450 3198 Et
3479 3154 3647 3199 turtur

2067 3235 2242 3288 nidum
2285 3236 2399 3300 sibi,
2453 3235 2691 3291 Ecclesia
2749 3236 2838 3290 Dei
2895 3237 3074 3291 nidum
3129 3236 3195 3292 de
3264 3235 3420 3307 lignis
3465 3238 3647 3292 crucis

2049 3329 2271 3398 .ipsius;
2300 3328 2384 3381 ubi
2412 3338 2565 3398 ponat
2589 3328 2755 3398 pullos
2775 3345 2892 3382 suos
2920 3327 3084 3399 (Psal.
3127 3344 3331 3398 Lxxxut
3353 3371 3369 3392 ,
3399 3329 3452 3387 il
3473 3370 3487 3392 ,
3517 3343 3645 3398 par-

2068 3420 2220 3474 vulos
2247 3434 2391 3473 suos.
2437 3417 2649 3489 Vigilavi
2666 3460 2680 3484 ,
2707 3427 2755 3474 et
2790 3422 2955 3490 factus
2980 3436 3090 3474 sum
3119 3420 3246 3474 sicut
3276 3435 3448 3490 passer
3469 3420 3648 3490 singu-

2067 3512 2190 3566 laris
2219 3511 2270 3563 in
2299 3521 2443 3564 tecto.

2137 3603 2188 3658 9.
2221 3600 2370 3676 [vers.
2395 3601 2474 3675 9.]
2501 3600 2630 3655 Tota
2656 3601 2736 3655 die
2753 3601 3118 3671 exprobrabant
3147 3603 3270 3656 mihi
3297 3603 3490 3684 inimicii
3513 3605 3645 3669 mei,

2068 3703 2115 3748 et
2138 3694 2222 3762 qui
2249 3693 2520 3748 laudabant
2550 3710 2646 3758 me,
2669 3693 2906 3748 adversus
2944 3709 3022 3747 me
3034 3692 3298 3765 jurabant.
3329 3693 3434 3748 Ore
3459 3693 3647 3748 lauda-

2067 3784 2215 3852 bant,
2248 3785 2408 3840 corde
2433 3785 2650 3840 insidias
2679 3786 3065 3856 praeparabant.
3095 3784 3230 3840 Audi
3258 3785 3465 3841 laudem
3494 3786 3645 3856 ipso-

2070 3895 2210 3935 rum.
2231 3878 2495 3951 Magister,
2525 3880 2709 3934 scimus
2745 3880 2862 3951 quia
2891 3879 3023 3933 viam
3056 3879 3150 3932 Dei
3173 3879 3224 3932 in
3247 3879 3452 3932 ueritate
3472 3880 3645 3944 doces,

2069 3981 2116 4024 et
2160 3987 2425 4040 personam
2473 3987 2574 4024 non
2620 3970 2806 4039 accipis
2829 3985 2848 4023 :
2874 3969 2985 4023 licet
3013 3969 3251 4023 tributum
3298 3969 3423 4023 dare
3453 3967 3651 4023 σανδανί

2071 4061 2278 4135 (Matth.
2326 4080 2453 4125 nu,
2505 4064 2592 4129 16,
2639 4064 2772 4132 l7)?
2823 4063 2992 4130 Quem
3038 4063 3217 4118 laudas
3245 4104 3261 4129 ,
3311 4062 3645 4134 supplantas.

2068 4155 2242 4223 Quare
2287 4155 2388 4210 nisi
2435 4155 2554 4226 quia
2592 4157 2677 4226 qui
2702 4155 2973 4210 laudabant
2999 4171 3106 4218 me,
3132 4155 3371 4210 adversus
3400 4172 3477 4210 me
3490 4155 3648 4225 jura-

2071 4246 2228 4300 bant?
2255 4245 2405 4302 Unde
2431 4255 2606 4301 autem
2635 4246 2735 4300 hoc
2760 4247 3122 4316 opprobrium,
3151 4247 3249 4301 nisi
3275 4248 3396 4316 quia
3423 4247 3538 4308 veni
3561 4245 3648 4300 fa-

2069 4353 2190 4391 cere
2217 4337 2451 4391 membra
2482 4352 2597 4392 mea
2630 4347 2952 4406 peccatores,
2972 4347 3027 4391 ut
3046 4338 3250 4408 agendo
3281 4337 3644 4406 pumitentiam

2070 4429 2178 4482 sint
2202 4427 2254 4481 in
2281 4443 2503 4496 corpore
2533 4428 2692 4482 meo?
2730 4427 2854 4483 lude
2893 4438 3059 4482 totum
3104 4429 3482 4498 opprobrium,
3521 4429 3647 4484 inde

2072 4522 2369 4590 persecutio
2399 4538 2410 4574 :
2444 4520 2611 4585 Quare
2648 4522 2883 4592 niagister
2907 4531 3064 4577 uester
3092 4539 3209 4576 cum
3237 4521 3578 4591 peccatoribus
3596 4531 3648 4577 et

2072 4612 2349 4682 publicanis
2389 4612 2695 4665 manducat?
2725 4611 2843 4666 Non
2871 4623 2942 4667 est
2969 4627 3096 4680 Opus
3120 4614 3256 4667 sanis
3277 4613 3516 4678 medicus,
3556 4614 3647 4669 sed

2070 4703 2424 4774 wgrotantibus
2460 4703 2570 4774 (Id.
2610 4720 2680 4768 ις,
2713 4705 2772 4760 ll
2795 4714 2839 4758 et
2859 4703 3199 4773 12).Utinam
3249 4722 3342 4761 vos
3383 4715 3646 4776 mgrotare

2072 4796 2320 4858 nossetis,
2353 4806 2410 4848 ut
2435 4795 2697 4850 medicum
2725 4796 3061 4866 qumreretis;
3095 4812 3197 4850 non
3229 4797 3564 4865 occiderctis,
3593 4808 3646 4854 et

2071 4903 2165 4958 per
2189 4889 2469 4958 superbam
2493 4887 2814 4943 dementiam
2845 4887 2972 4942 falsa
3002 4890 3227 4944 sanitate
3249 4889 3511 4958 periretis.

2146 4981 2230 5035 l0.
2257 4979 2402 5053 [vers
2430 4978 2541 5052 10.]
2575 4978 2706 5033 Mihi
2742 4991 2917 5036 autem
2968 4979 3108 5035 unde
3136 4990 3237 5034 tota
3263 4981 3343 5034 die
3369 4983 3648 5048 exprobra-

2073 5072 2190 5125 bant
2219 5072 2408 5126 inimici
2431 5072 2562 5143 mei?
2585 5071 2726 5127 unde
2752 5072 2838 5143 qui
2865 5071 3138 5126 laudabant
3167 5070 3276 5140 me,
3305 5073 3544 5130 adversus
3568 5092 3649 5129 me

2062 5164 2345 5236 jurabant?
2369 5164 2616 5228 Quoniam
2641 5163 2855 5217 cinerem
2876 5164 3201 5234 sicutpanem
3234 5167 3561 5233 manducavi,
3597 5177 3648 5222 et

2072 5264 2244 5322 potum
2289 5270 2452 5308 meum
2486 5271 2598 5308 cum
2633 5255 2756 5324 ﬂetu
2793 5253 3078 5310 miscebam.
3117 5255 3250 5321 Quia
3291 5257 3404 5311 hanc
3447 5273 3646 5328 genera

2071 5345 2344 5400 hominum
2376 5345 2570 5402 habere
2601 5346 2656 5402 in
2684 5348 2796 5404 suis
2829 5348 3081 5403 membris
3115 5349 3350 5405 sananda
3391 5351 3554 5406 voluit
3592 5361 3649 5408 et

2070 5436 2360 5500 liberanda,
2413 5437 2535 5492 inde
2575 5440 2937 5509 opprobrium.
2987 5439 3262 5512 Hodieque
3312 5442 3646 5515 Paganorum

2071 5529 2414 5601 cpprobrium
2441 5530 2595 5598 quale
2625 5531 2675 5585 in
2707 5547 2805 5586 nos
2834 5532 2954 5587 est?
2983 5533 3107 5604 quid
3153 5536 3384 5605 putatis,
3431 5536 3650 5606 fratres,

2071 5623 2194 5694 quid
2223 5635 2317 5676 eos
2339 5620 2532 5691 putatis
2555 5620 2732 5677 dicere
2766 5623 2956 5678 nobis?
2977 5623 3084 5680 Vos
3111 5627 3452 5698 corrumpitis
3479 5628 3650 5684 disci-

2133 5761 2150 5825 ι
2185 5764 2312 5825 ιιῃυε
2332 5763 2434 5814 διε..
2453 5755 2780 5825 aludentibus,
2806 5765 2944 5825 Forte
2967 5757 3089 5822 leg,
3112 5758 3583 5825 abgintelligenlibus.

2133 5821 2154 5853 ι
2187 5817 2373 5881 Aliquot
2391 5825 2520 5882 διες..
2541 5827 2586 5871 et
2609 5819 2657 5870 in
2670 5818 2916 5884 parietinis
2937 5817 3084 5882 atm'tt,
3107 5829 3152 5873 et
3174 5821 3223 5874 in
3245 5817 3397 5874 ποί-ὥ.
