3984 6204
299 400 426 455 tam

295 520 512 586 ptinam,
535 507 813 584 moresque
832 511 1043 580 generis
1063 511 1277 566 humani
1298 512 1612 582 pervertitis.
1637 509 1770 578 Quid
1792 509 1870 562 in-

295 605 538 661 veharis?
554 605 1010 675 dicquamobrem;
1033 604 1158 675 quid
1182 604 1398 658 fecimus
1413 603 1437 656 ’ἔ
1457 603 1654 665 Dando,
1677 604 1863 672 inquit,

289 696 588 752 hominibus
611 695 932 766 paenitentia:
957 695 1168 774 locumk
1196 693 1551 764 promittendo
1581 694 1859 761 impunita-

290 801 394 844 tem
419 789 656 843 omnium
673 787 984 843 delictorum
1017 807 1030 843 :
1063 789 1178 842 ideo
1209 787 1447 843 homines
1473 789 1607 842 mala
1636 787 1825 842 faciunt
1845 829 1864 856 ,

288 885 460 936 securi
491 881 740 950 quodeis,
786 897 905 935 cum
925 882 1165 936 conversi
1224 881 1434 948 fuerint,
1469 883 1643 936 omnia
1690 882 1864 936 dimit-

287 981 480 1026 tuntur.
512 971 645 1025 llinc
670 986 794 1041 ergo
818 971 1180 1040 opprobrium,
1203 971 1450 1037 Quoniam
1481 974 1696 1027 cinerem
1738 973 1865 1027 sicut

289 1080 467 1130 panem
494 1065 813 1128 manducavi,
833 1074 878 1118 et
897 1075 1070 1135 potum
1098 1081 1263 1118 meum
1289 1082 1400 1118 cum
1425 1066 1546 1134 ﬂetu
1575 1066 1859 1120 miscebant.

286 1159 326 1212 Ο
359 1158 448 1226 qui
483 1159 735 1222 insultas,
773 1159 936 1212 invito
966 1169 1016 1213 te
1042 1158 1108 1211 ad
1137 1158 1290 1212 istum
1320 1174 1531 1228 panem.
1572 1157 1686 1211 Non
1717 1159 1858 1213 enim

285 1251 446 1305 audes
478 1260 528 1305 te
557 1251 738 1306 dicere
769 1267 872 1306 non
905 1267 1023 1306 esse
1064 1261 1417 1320 peccatorem.
1467 1252 1678 1308 Discutc
1731 1269 1859 1306 con-

286 1345 556 1398 scientiam
577 1354 740 1409 tuam,
769 1344 995 1400 ascende
1021 1345 1246 1398 tribunal
1271 1345 1461 1399 mentis
1489 1354 1608 1408 tuac,
1633 1345 1737 1400 noli
1767 1345 1856 1400 tibi

285 1450 535 1503 [κη-θεῖε,
568 1437 808 1492 examina
850 1444 929 1501 te,
983 1436 1226 1505 loquatur
1257 1436 1347 1502 tibi
1378 1435 1604 1489 medulla
1636 1435 1810 1489 cordis
1838 1453 1856 1502 ;

284 1529 398 1582 vide
430 1538 608 1582 utrum
649 1529 846 1583 audeas
885 1529 1237 1583 innocentiam
1283 1529 1536 1598 proliteri.
1583 1530 1675 1583 llic
1705 1529 1857 1599 plane

283 1619 323 1674 si
351 1633 411 1674 se
439 1621 757 1689 respexerit,
791 1621 1220 1688 conturbabitur;
1244 1619 1289 1674 si
1309 1636 1366 1675 se
1396 1636 1498 1675 non
1525 1622 1814 1690 palpaverit
1836 1663 1852 1687 ,

281 1711 635 1766 confitebitur.
660 1706 727 1766 Et
749 1713 869 1782 quid
893 1714 1004 1782 agis
1029 1713 1206 1777 miser,
1235 1713 1276 1766 si
1302 1728 1404 1766 non
1431 1715 1532 1767 erit
1552 1725 1730 1782 portus
1755 1714 1853 1766 im-

281 1803 564 1871 punitatis?
593 1803 648 1858 Si
677 1804 786 1858 sola
817 1803 912 1858 fuit
937 1789 1185 1873 peccandi
1215 1804 1446 1867 licentia,
1473 1813 1527 1858 et
1554 1806 1691 1858 nulla
1727 1822 1850 1874 pec-

281 1904 516 1946 catorum
546 1903 627 1947 est
652 1892 990 1963 indulgentia,
1023 1893 1108 1947 ttbi
1137 1893 1286 1948 eris?
1313 1910 1416 1963 quo
1445 1894 1581 1947 ibis?
1610 1894 1769 1950 Certe
1798 1905 1852 1950 et

280 1999 368 2051 pro
400 1993 453 2038 te
479 1982 676 2038 factum
698 1993 797 2050 est,
817 1995 876 2039 ut
899 2000 1094 2054 pauper
1120 1986 1216 2039 iste
1243 1984 1474 2038 cinerem
1507 1986 1640 2040 sicut
1664 2001 1849 2054 panem

279 2075 636 2136 nmnducaret,
665 2083 719 2129 et
744 2085 922 2144 potum
950 2091 1103 2129 suum
1126 2091 1244 2130 cum
1273 2075 1396 2129 ﬂetu
1427 2077 1690 2130 misceret.
1735 2076 1847 2130 Non

278 2176 324 2219 te
357 2165 469 2233 jam
498 2165 727 2219 delectat
772 2166 875 2220 tale
915 2166 1250 2220 convivium?
1281 2166 1384 2222 Sed
1415 2177 1610 2231 tamen,
1646 2169 1846 2236 inquit,

275 2266 463 2326 augent
510 2256 752 2310 homines
800 2268 1012 2326 peccata
1061 2273 1155 2326 spe
1206 2258 1392 2313 venite.
1446 2257 1555 2312 luto
1597 2267 1848 2327 angerent

276 2357 482 2415 peccata
537 2349 906 2418 desperatione
958 2351 1142 2405 veniae.
1184 2350 1370 2412 Nonne
1417 2349 1644 2404 attendis
1687 2366 1843 2420 quam

256 2437 544 2494 licentiosa
571 2441 884 2496 crudelitate
922 2441 1098 2495 vivant
1138 2443 1488 2512 gladiatores?
1529 2441 1680 2498 Unde
1719 2442 1840 2508 hoc,

247 2531 364 2585 nisi
414 2533 526 2600 jam
582 2540 826 2602 tanquam
891 2533 954 2586 ad
996 2533 1190 2588 ferrum
1247 2544 1300 2588 et
1354 2534 1619 2588 victimam
1683 2533 1845 2586 desti-

274 2624 394 2689 nati,
427 2624 648 2692 explere
691 2627 875 2680 volunt
916 2626 1187 2680 libidinem
1215 2668 1228 2690 ,
1285 2635 1566 2696 antequam
1624 2625 1842 2680 fundant

272 2717 621 2786 sanguinem?
650 2717 834 2773 Nonne
861 2727 915 2773 et
958 2729 1011 2773 ttt
1043 2719 1144 2774 hoc
1174 2718 1266 2773 tibi
1296 2718 1499 2774 diceres
1529 2739 1540 2773 :
1569 2720 1685 2773 .lam
1721 2735 1842 2788 pec-

272 2809 699 2878 t-atorsum,jam
731 2810 960 2880 iniquus,
991 2810 1098 2878 jam
1125 2810 1475 2876 damnandus,
1505 2812 1644 2864 nulla
1672 2812 1841 2864 venite

271 2915 384 2969 spes
407 2909 519 2965 est;
549 2915 644 2954 cur
669 2902 772 2969 jam
801 2918 905 2955 non
935 2903 1124 2956 faciam
1149 2903 1397 2974 quidquid
1427 2903 1572 2966 libet,
1605 2905 1702 2974 etsi
1736 2923 1840 2963 non

273 2992 420 3044 licet?
449 2991 557 3046 Cur
581 3009 684 3046 non
728 2994 996 3063 impleam,
1022 3003 1274 3063 quantum
1307 3009 1543 3064 possum,
1565 2973 1837 3066 quaeomn-

271 3101 363 3147 que
391 3083 684 3150 desideria,
718 3086 762 3138 si
803 3096 922 3154 p0st
952 3089 1064 3140 haec
1094 3101 1195 3140 non
1233 3095 1433 3141 restant
1463 3089 1561 3142 nisi
1591 3089 1700 3143 sola
1731 3098 1841 3143 tor-

271 3175 476 3227 menta?
500 3174 686 3230 Nonne
718 3175 816 3231 hoc
849 3177 939 3230 tibi
975 3177 1205 3242 diceres,
1241 3187 1294 3232 et
1327 3179 1695 3250 desperatione
1726 3181 1836 3249 ipsa

272 3267 412 3334 pejor
433 3266 625 3321 lieres?
651 3267 833 3321 Potius
872 3283 997 3338 ergo
1029 3278 1079 3322 te
1105 3268 1319 3338 corrigit
1339 3271 1427 3338 qui
1459 3270 1834 3340 indulgentiam

272 3359 545 3424 promittit,
576 3369 627 3411 et
651 3359 778 3412 dicit
806 3376 818 3411 :
851 3359 1029 3414 Redite
1062 3361 1468 3429 prwvaricatores
1495 3359 1561 3412 ad
1583 3360 1834 3430 cor(lsai.

272 3465 404 3513 ml,
435 3450 512 3519 8).
544 3450 680 3504 Nolo
710 3461 914 3504 mortem
943 3452 1117 3518 impii;
1151 3452 1431 3515 quantum‘
1457 3461 1510 3508 ut
1536 3461 1842 3520 revertatur,-

270 3555 310 3596 et
339 3547 470 3597 vivat
497 3543 704 3614 (Ezech.
754 3560 940 3608 xxxtn,
984 3545 1095 3615 ll).
1127 3543 1240 3598 Hoc
1273 3544 1456 3614 procul
1495 3543 1654 3598 dubio
1684 3552 1835 3613 portu

270 3636 553 3705 proposito,
585 3635 808 3703 deponis
836 3636 949 3690 vela
982 3635 1296 3705 iniquitatis,
1314 3635 1576 3689 convertis
1597 3650 1834 3705 proram,

268 3727 497 3780 veliﬁcas
524 3727 589 3780 ad
614 3725 894 3795 justitiam,
925 3735 977 3780 et
1003 3740 1222 3794 Sperans
1248 3726 1428 3787 vitam,
1468 3741 1572 3780 non
1610 3725 1834 3796 negligis

271 3816 596 3870 medicinam.
623 3816 732 3870 Nec
758 3817 809 3869 in
835 3815 937 3870 hoc
966 3815 1057 3870 tibi
1081 3816 1358 3886 displiceat
1393 3816 1548 3879 Deus,
1582 3824 1830 3884 tanquam

270 3925 356 3978 per
395 3912 545 3966 istam
591 3910 928 3980 indulgentiae
959 3909 1360 3980 promissionem
1406 3924 1622 3963 securos
1653 3907 1834 3964 lecerit

270 4012 587 4072 peccatores.
633 4001 842 4056 Etenim
889 4016 955 4056 ne
992 3999 1360 4070 deSperatione
1407 3998 1648 4054 homines
1685 3998 1833 4068 pejus

268 4099 500 4152 viverent
527 4139 541 4163 ,
602 4096 842 4166 promisit
887 4095 1222 4164 indulgentia:
1253 4102 1460 4162 portum
1480 4134 1496 4158 ,
1533 4108 1736 4158 rursus,
1765 4106 1834 4146 ne

267 4205 358 4257 spe
383 4189 546 4243 venize
568 4187 716 4258 pejus
736 4187 992 4253 viverent,
1011 4185 1130 4240 fecit
1151 4185 1288 4238 diem
1322 4184 1506 4238 mortis
1537 4183 1829 4237 incertum:

271 4278 723 4348 providentissime
753 4287 1030 4346 utrmnque
1055 4277 1401 4336 constituens.
1425 4283 1479 4328 et
1505 4282 1833 4329 revertentes

181 4406 183 4408 -
269 4386 375 4440 quo
415 4372 772 4440 recipiantur,
826 4377 881 4423 et
934 4368 1236 4422 differentes
1309 4367 1446 4420 unde
1513 4374 1830 4419 terreantur.

271 4463 511 4518 Manduca
541 4465 774 4518 cinerem
802 4461 944 4516 velut
981 4476 1165 4529 panem
1186 4502 1200 4526 ,
1233 4470 1286 4516 et
1313 4461 1494 4514 (letum
1524 4467 1667 4510 tutuo
1709 4469 1830 4509 eum

272 4569 393 4629 potu
422 4563 610 4626 misce;
654 4575 754 4629 per
785 4560 886 4616 hoc
929 4559 1223 4614 convivium
1272 4554 1453 4608 venies
1492 4552 1554 4604 ad
1592 4556 1829 4604 mensam

274 4655 382 4708 Dei.
413 4653 527 4708 Noli
558 4655 868 4722 desperare;
917 4651 1174 4722 promissa
1219 4658 1298 4703 est
1347 4645 1664 4714 indulgentia
1715 4642 1827 4696 tibi.

274 4745 377 4797 lleo
400 4746 615 4814 gratias,
639 4744 824 4815 inquit,
852 4745 972 4813 quia
1003 4742 1255 4811 pron'tissa
1283 4748 1390 4804 est;
1421 4747 1575 4792 teneo
1602 4736 1829 4806 promis-

267 4853 381 4894 sum
426 4839 539 4892 Dei.
583 4837 723 4906 Ergo
760 4837 866 4904 jam
915 4836 1052 4891 bene
1095 4834 1231 4886 vive.
1278 4833 1428 4895 Cras,
1474 4829 1661 4898 inquit,
1693 4827 1830 4881 bene

265 4929 454 4982 vivam.
486 4927 866 4998 lndulgentiam
896 4927 986 4980 tibi
1036 4927 1175 4979 Deus
1213 4922 1485 4992 promisit;
1538 4920 1826 4974 crastinum

269 5020 405 5074 diem
435 5021 525 5075 tibi
549 5035 708 5074 nemo
736 5019 995 5090 promisit.
1026 5017 1081 5073 Si
1121 5016 1257 5070 male
1295 5014 1502 5078 vixisti,
1535 5011 1671 5067 bene
1711 5011 1833 5065 vive

267 5112 370 5178 jam
399 5112 570 5166 hodie.
601 5111 766 5166 Stulte
786 5151 802 5178 ,
833 5111 926 5163 Itac
952 5120 1094 5163 nocte
1114 5111 1370 5180 auferetur
1397 5123 1428 5158 a
1453 5115 1500 5160 te
1524 5107 1692 5158 anima
1721 5113 1828 5158 tua.

270 5202 380 5257 Non
406 5204 545 5269 dico,
579 5200 708 5269 Qua:
731 5205 1046 5274 preparasti,
1072 5202 1214 5270 cujus
1242 5209 1384 5253 erunt
1406 5197 1553 5268 (Luc.
1582 5212 1678 5263 xu,
1699 5195 1830 5266 ‘20)?

269 5292 382 5357 sed,
411 5293 712 5349 Secundum
736 5293 876 5364 quod
917 5293 1124 5358 vixisti,
1168 5291 1250 5346 ubi
1295 5289 1434 5345 eris?
1458 5288 1675 5358 Corrige
1703 5301 1832 5356 ergo

271 5395 342 5450 te,
368 5394 420 5439 ut
445 5387 615 5456 possis
641 5387 691 5440 in
722 5400 942 5455 corpore
965 5382 1163 5439 Christi
1190 5381 1387 5436 habere
1417 5396 1597 5436 vocem
1627 5381 1785 5432 istam.
1810 5417 1831 5445 ,

269 5493 442 5546 quam,
490 5479 589 5533 nisi
636 5478 818 5542 fallor,
849 5477 1070 5532 libenter
1098 5473 1340 5544 agnoscis
1373 5489 1386 5526 :
1420 5473 1670 5539 Quoniam
1697 5465 1834 5523 ciuea

271 5585 371 5622 rem
395 5570 523 5624 sicut
551 5585 728 5640 panem
754 5569 1071 5632 manducavi,
1098 5575 1145 5622 et
1181 5574 1352 5636 potum
1380 5580 1544 5619 meum
1568 5580 1684 5618 cum
1707 5565 1831 5635 [ictu

269 5660 547 5716 miscebam.

331 5844 346 5878 ⁸
379 5845 452 5894 sic
472 5849 574 5892 Mss.
599 5817 655 5890 ist
679 5840 808 5903 cdd,
833 5845 1026 5892 tantum.

1417 391 1806 452 ENARRATIO
1845 389 1908 446 1N
1949 390 2268 453 PSALMUM
2310 399 2396 455 Cl.

3408 409 3544 470 1502

2045 510 2138 566 .ll.
2179 509 2328 584 [uers.
2372 513 2481 587 1L]
2521 515 2565 569 Α
2607 519 2734 588 [acie
2785 521 2876 576 ira:
2914 530 3012 577 tua
3050 524 3067 557 '
3098 533 3144 578 et
3182 524 3542 597 indignationi!

1976 615 2093 667 tute,
2120 608 2354 676 quoniam
2384 609 2586 676 levasti,
2609 612 2785 666 elisisti
2813 633 2907 669 me.
2934 616 3043 686 Ipsa
3075 629 3156 672 est
3189 618 3276 674 illa
3307 620 3384 675 ira
3412 631 3498 676 tua
3523 662 3539 687 ,

1974 696 2214 762 Domine,
2256 698 2306 752 in
2350 697 2552 767 Adam;
2587 702 2662 758 ira
2690 719 2811 760 cum
2835 699 2934 777 qua
2963 725 3147 766 omnes
3174 712 3282 765 nati
3311 727 3497 768 sumus
3520 756 3536 780 ,

1971 791 2053 844 cui
2085 791 2348 846 nascendo
2373 793 2718 861 coluesimus;
2738 797 2812 851 ira
2836 798 2901 854 de
2919 803 3203 872 propagine
3227 803 3537 874 iniquitatis,

1972 880 2045 934 ira
2072 881 2138 936 de
2168 897 2336 936 massa
2366 886 2563 953 peccati
2595 903 2609 937 :
2637 887 2925 943 secundum
2955 907 3111 960 quam
3141 893 3267 948 dicit
3303 895 3536 964 Aposto~

1969 971 2067 1032 lus,
2101 971 2316 1028 Fuimus
2341 983 2386 1027 et
2413 992 2504 1029 nos
2531 977 2801 1046 aliquando
2827 989 3010 1035 natura
3033 982 3127 1050 ﬁlii
3151 983 3242 1036 ira!
3264 1023 3279 1050 ,
3319 985 3448 1038 sicut
3488 994 3539 1039 et

1967 1052 2135 1118 ca’teri
2149 1081 2168 1128 ;
2195 1074 2248 1119 et
2277 1065 2415 1121 unde
2442 1067 2568 1122 dicit
2603 1070 2857 1126 Dominus
2880 1111 2896 1133 ,
2941 1071 3032 1125 Ira
3065 1072 3158 1127 Dei
3185 1087 3349 1130 manet
3385 1095 3537 1146 super

1965 1173 2097 1220 eum,
2125 1159 2242 1227 quia
2266 1176 2365 1213 non
2394 1160 2604 1214 credidit
2628 1163 2681 1215 in
2701 1163 3014 1234 unigenitum
3033 1165 3080 1218 F
3080 1166 3221 1220 ilium
3241 1166 3336 1222 Dei
3355 1169 3533 1241 (Joan.

1965 1265 2039 1310 ιιι,
2073 1249 2183 1314 56).
2215 1249 2330 1304 Non
2360 1252 2502 1306 enim
2547 1253 2651 1318 ait,
2693 1253 2772 1308 Ira
2823 1257 2913 1310 Dei
2951 1258 3128 1312 veniet
3163 1274 3323 1329 super
3367 1277 3532 1330 eum;

1962 1340 2076 1407 sed,
2105 1352 2270 1395 manet
2295 1360 2445 1414 super
2468 1361 2580 1397 eum
2611 1361 2629 1398 :
2653 1347 2770 1415 quia
2800 1363 2903 1401 non
2936 1350 3138 1403 tollitur
3177 1352 3225 1404 in
3254 1368 3355 1422 qua
3382 1365 3533 1412 natus

1929 1481 1932 1484 .
1961 1440 2061 1484 est.
2092 1431 2266 1496 Quare
2312 1448 2460 1503 ergo,
2489 1445 2540 1488 et
2560 1436 2691 1506 quid
2713 1437 2811 1491 sibi
2841 1439 2953 1492 vult
2976 1455 3074 1494 vox
3106 1441 3201 1494 ista
3228 1485 3243 1508 ,
3279 1443 3530 1509 Quoniam

1961 1521 2151 1585 levasti,
2174 1524 2348 1588 elisisti
2377 1542 2489 1579 me:
2515 1525 2628 1580 Non
2665 1528 2804 1581 enim
2831 1530 2920 1588 ait.
2942 1530 3198 1598 Quoniam
3227 1535 3409 1590 levasti
3434 1521 3457 1601 ,η
3479 1545 3530 1592 et

1959 1614 2140 1670 elisisti
2168 1632 2281 1682 me;
2309 1617 2421 1682 sed,
2447 1617 2696 1685 Quoniam
2713 1619 2903 1686 levasti,
2923 1623 3097 1676 elisisti
3119 1641 3213 1677 me.
3243 1623 3366 1680 Ideo
3383 1627 3530 1683 elisi-

1957 1706 2044 1771 sti,
2087 1707 2204 1775 quia
2236 1707 2439 1763 levasti.
2484 1707 2636 1764 Unde
2677 1711 2816 1765 hoc?
2857 1711 3026 1767 Homo
3054 1713 3103 1766 in
3141 1715 3345 1772 honore
3381 1715 3527 1785 posi-

1959 1807 2040 1852 tus
2065 1840 2079 1862 ,
2121 1797 2286 1853 factus
2329 1808 2411 1853 est
2445 1799 2509 1854 ad
2546 1800 2825 1873 imaginem
2872 1804 2962 1859 Dei
3012 1823 3028 1860 :
3067 1806 3267 1861 levatus
3297 1809 3347 1862 in
3388 1809 3528 1865 hunc

1956 1885 2234 1954 honorem,
2267 1900 2473 1944 erectus
2494 1907 2521 1944 a
2570 1893 2806 1962 pulvere,
2835 1905 3039 1951 erectus
3067 1913 3094 1950 a
3121 1906 3281 1964 terra,
3323 1904 3525 1972 accepit

1953 1981 2182 2036 animam
2200 1983 2528 2050 rationalem,
2549 1985 2859 2054 praepositus
2875 1990 3185 2043 est'rationis
3203 1991 3367 2058 ipsius
3383 1993 3525 2048 viva-

1952 2071 2110 2126 citate
2131 2073 2374 2126 omnibus
2395 2073 2596 2140 bestiis,
2621 2076 2920 2144 pecoribus,
2944 2079 3263 2143 volatilibus,
3292 2083 3522 2152 piscibus

1953 2163 2102 2234 (Cen.
2128 2181 2163 2231 ι,
2182 2164 2291 2234 26).
2315 2165 2450 2234 Quid
2477 2167 2616 2220 enim
2646 2167 2832 2222 horum
2873 2168 3027 2225 habet
3053 2172 3408 2243 intelligentia:
3436 2188 3526 2229 ra-

1952 2254 2180 2308 tionem?
2213 2255 2344 2322 Quia
2365 2256 2568 2310 nullum
2599 2257 2787 2311 horum
2819 2259 3011 2314 tactum
3044 2270 3124 2316 est
3151 2263 3214 2316 ad
3241 2264 3519 2336 imaginem

1953 2345 2064 2400 Dei.
2095 2345 2369 2412 Quomodo
2413 2347 2612 2401 nullum
2648 2349 2832 2402 horum
2871 2350 3032 2406 habet
3062 2351 3202 2407 hunc
3227 2353 3517 2421 honorem,

1949 2436 2026 2490 sic
2065 2437 2263 2490 nullum
2305 2437 2491 2492 horum
2533 2438 2692 2494 habet
2732 2441 2867 2496 hanc
2896 2443 3348 2512 miseriam.Qnod
3376 2449 3518 2504 enim

1949 2544 2105 2599 pecus
2121 2530 2315 2599 plangit
2328 2529 2393 2584 de
2403 2531 2777 2601 peccato?qu:e
2793 2533 2904 2587 avis
2920 2534 3370 2605 timetgehennam
3384 2537 3518 2608 ignis

1947 2621 2127 2673 aeterni
2146 2620 2168 2671 ?
2188 2619 2319 2687 Quia
2345 2619 2482 2674 nulla
2508 2621 2553 2674 ei
2577 2621 2908 2691 participatio
2929 2623 3093 2679 beatm
3109 2626 3251 2692 vitas,
3277 2626 3401 2680 nulli
3423 2629 3520 2683 sti-

1947 2711 2072 2764 muli
2096 2711 2424 2765 miseriarum
2438 2711 2640 2782 .jiomo
2661 2722 2854 2774 autem,
2898 2719 3014 2784 quia
3040 2716 3204 2772 iactus
3230 2728 3310 2773 est
3334 2720 3420 2789 qui
3447 2720 3519 2776 sit

1947 2802 1995 2855 in
2023 2802 2173 2856 beata
2200 2801 2323 2867 vita,
2355 2803 2398 2857 si
2419 2805 2552 2860 bene
2568 2805 2785 2870 vixerit;
2819 2806 2936 2861 ideo
2968 2807 3068 2862 erit
3095 2808 3147 2862 in
3169 2811 3358 2865 misera
3383 2811 3512 2878 vita,

1943 2894 2065 2961 quia
2096 2895 2232 2949 male
2260 2895 2404 2948 vixit.
2441 2896 2580 2966 Ergo
2601 2939 2614 2960 ,
2655 2897 2783 2963 Quia
2809 2899 3004 2964 levasti,
3032 2900 3204 2955 elisisti
3233 2919 3312 2956 me
3339 2919 3358 2957 :
3387 2892 3507 2959 ideo

1889 3027 1896 3039 ι
1943 2985 2180 3054 sequitur
2217 3000 2303 3040 me
2347 3001 2533 3054 pinna,
2578 2983 2912 3057 quia-dedisti
2946 2989 3072 3044 mihi
3098 2991 3322 3046 liberum
3369 2995 3509 3049 arbi-

1943 3080 2121 3132 trium.
2148 3078 2202 3133 Si
2231 3079 2370 3133 enim
2405 3078 2531 3133 mihi
2559 3095 2660 3133 non
2689 3079 2929 3136 dedisses
2960 3082 3178 3137 liberum
3206 3085 3504 3152 arbitrium,

1941 3178 1996 3225 et
2021 3185 2115 3239 per
2140 3169 2274 3226 hanc
2297 3170 2553 3225 rationem
2588 3171 2867 3242 pecoribus
2907 3188 2990 3227 me
3020 3189 3123 3228 non
3158 3173 3360 3230 faceres
3389 3192 3507 3232 nte-

1942 3261 2159 3327 liorem,
2206 3276 2309 3316 non
2345 3276 2430 3316 me
2459 3273 2772 3332 sequeretur
2798 3263 3065 3318 damnatio
3103 3265 3244 3336 justa
3285 3281 3513 3335 peccan-

1940 3361 2067 3407 tem.
2101 3352 2238 3422 Ergo
2266 3368 2358 3421 per
2385 3351 2659 3407 arbitrium
2689 3352 2912 3408 liberum
2943 3354 3127 3410 levasti
3169 3371 3275 3424 me,
3315 3367 3370 3412 et
3415 3367 3514 3428 per

1935 3443 2150 3513 justitia:
2175 3442 2427 3513 judicium
2455 3443 2638 3497 elisisti
2670 3459 2774 3498 me.

2011 3536 2096 3591 12.
2143 3534 2292 3608 [vers.
2319 3535 2432 3608 l2.)
2462 3535 2581 3589 Dies
2622 3536 2718 3590 mei
2751 3537 2878 3590 sicut
2911 3539 3086 3592 umbra
3111 3538 3507 3598 declinaverunt.

1939 3627 2227 3681 Potuerunt
2254 3627 2392 3682 enim
2420 3641 2538 3681 esse
2567 3627 2681 3681 dies
2708 3625 2782 3680 tui
2819 3643 2924 3681 non
2952 3627 3310 3694 declinantes,
3331 3630 3374 3684 si
3399 3638 3451 3684 tu
3476 3646 3510 3686 ιι

1937 3719 2023 3773 die
2050 3732 2176 3773 vero
2205 3733 2308 3771 non
2335 3717 2660 3772 declinasscs
2684 3734 2696 3770 :
2721 3715 3022 3782 declinasti,
3045 3727 3099 3772 et
3120 3719 3369 3788 accepisti
3391 3719 3508 3774 dies

1937 3809 2283 3863 declinantes.
2313 3807 2448 3875 Quid
2473 3807 2664 3861 mirum
2687 3807 2729 3861 si
2753 3806 2867 3861 dies
2899 3809 2973 3861 tui
3001 3806 3122 3862 facti
3151 3817 3277 3862 sunt
3301 3809 3508 3865 similes

1939 3901 2050 3955 tui?
2080 3900 2179 3970 Ipsi
2215 3913 2338 3954 sunt
2365 3899 2505 3953 enim
2546 3897 2660 3952 dies
2697 3897 3047 3967 declinantes,
3092 3899 3210 3969 quia
3245 3899 3504 3967 deviasti,

1935 3991 2021 4060 qui
2049 3999 2171 4044 sunt
2195 3989 2308 4043 dies
2332 3987 2481 4053 fumi,
2513 3989 2634 4056 quia
2664 3987 2916 4041 tumuisti.
2964 3987 3131 4058 Supra
3176 3989 3319 4044 enim
3358 3990 3507 4046 dixe-

1935 4090 2050 4147 rat,
2096 4081 2401 4150 Defecerunt
2428 4078 2558 4132 sicut
2596 4081 2766 4148 fumus
2795 4076 2902 4131 dies
2933 4079 3068 4142 mei;
3099 4086 3158 4133 et
3187 4093 3328 4134 nunc
3349 4079 3499 4146 dicit,

1936 4172 2057 4226 Dies
2088 4172 2181 4225 mei
2226 4171 2355 4225 sicut
2398 4167 2576 4222 umbra
2617 4167 3009 4221 declinaverunt.
3068 4169 3122 4222 lu
3169 4168 3270 4224 hac
3315 4171 3502 4226 umbra

1935 4262 2299 4334 agnoscendus
2327 4267 2411 4314 est
2429 4258 2565 4325 dies,
2596 4258 2646 4312 in
2671 4258 2769 4313 hac
2793 4257 2980 4313 umbra
3011 4258 3235 4313 videnda
3266 4268 3348 4314 est
3375 4260 3501 4326 lux;

1935 4373 2002 4411 ne
2049 4364 2228 4424 postea
2271 4367 2388 4407 sera
2430 4359 2484 4406 et
2531 4349 2857 4404 infructuosa
2904 4349 3211 4419 pmoitentia
3251 4350 3503 4405 dicatur:

1939 4448 2071 4512 Quid
2113 4445 2253 4499 nobis
2297 4444 2484 4514 profuit
2525 4442 2756 4511 superbia
2783 4441 2808 4493 1’
2854 4449 2900 4494 et
2941 4440 3227 4494 divitiarum
3262 4440 3505 4507 iactantia

1934 4540 2053 4609 quid
2081 4538 2288 4591 contulit
2309 4534 2494 4588 nobis?
2520 4533 2846 4587 Transierunt
2869 4533 3036 4585 omnia
3061 4543 3300 4601 tanquam
3331 4532 3506 4586 umbra

1935 4634 2089 4703 (Sap.
2115 4647 2164 4694 v,
2191 4631 2245 4693 8,
2278 4627 2356 4700 9).
2380 4627 2534 4680 Modo
2555 4627 2658 4691 dic,
2686 4623 3007 4679 Transihunt
3036 4624 3212 4677 omnia
3255 4632 3515 4693 tanquam'

1935 4726 2142 4790 umbra,
2172 4732 2225 4777 et
2255 4729 2310 4775 tu
2339 4734 2440 4772 non
2472 4727 2708 4772 transeas
2739 4724 2984 4783 tanquam
3025 4715 3230 4768 umbra.
3257 4712 3384 4768 Dies
3407 4713 3504 4766 mei

1933 4818 2060 4870 sicut
2087 4813 2264 4867 umbra
2283 4809 2687 4869 declinaverunt;
2706 4815 2752 4858 et
2769 4821 2858 4872 ego
2880 4803 3010 4858 velut
3025 4807 3193 4876 fenum
3211 4803 3344 4860 arui.
3369 4803 3504 4871 Quia

1934 4918 1987 4962 et
2013 4921 2172 4975 supra
2201 4904 2425 4964 dixerat,
2476 4901 2773 4952 Percussum
2799 4905 2872 4948 est
2898 4896 3027 4957 sicut
3061 4895 3230 4962 fenum
3254 4935 3269 4960 ,
3299 4902 3346 4947 et
3369 4895 3505 4948 omit

1933 5014 2019 5051 cor
2043 5012 2226 5049 meum.
2259 4991 2363 5046 Sed
2397 4990 2681 5044 revirescet
2719 4986 2896 5042 fenum
2941 4987 3210 5056 irrigatum
3249 4985 3504 5053 sanguine

1933 5088 2239 5144 Salvatorts.
2289 5081 2402 5152 Ego
2448 5080 2578 5134 sicut
2609 5079 2778 5148 fenum
2823 5078 2935 5129 arui
2979 5091 2998 5130 :
3040 5063 3141 5144 ego
3181 5077 3360 5139 homo,
3387 5082 3505 5141 post

1936 5182 2075 5235 illam
2115 5173 2636 5247 prmvarieationem;
2679 5169 2780 5225 hoc
2818 5184 2916 5239 ego
2948 5168 3095 5239 justo
3135 5166 3334 5237 judicio
3363 5175 3498 5221 tuo:

1938 5282 1990 5327 tu
2022 5280 2195 5325 autem
2223 5267 2386 5337 quid?

2009 5363 2095 5418 l5.
2127 5359 2275 5432 [vers,
2309 5354 2420 5428 15.]
2448 5353 2525 5408 Tu
2548 5369 2682 5419 vero,
2709 5351 2935 5412 Domine,
2967 5350 3018 5402 in
3047 5358 3289 5402 (etcrnum
3311 5364 3502 5403 ntanes.

1936 5455 2038 5511 Mei
2065 5454 2178 5508 dies
2200 5451 2334 5504 sicut
2363 5447 2547 5502 umbra
2569 5446 2984 5506 declinaverunt,
3006 5449 3058 5494 et
3081 5450 3135 5493 tu
3170 5441 3220 5493 in
3247 5449 3503 5495 :eternum

1940 5560 2122 5604 manes
2153 5561 2166 5598 ε
2193 5539 2541 5610 temporalem
2581 5539 2745 5590 salvet
2781 5543 3031 5589 teternus.
3058 5532 3174 5587 Non
3203 5533 3345 5588 enim
3381 5534 3504 5604 quia

1939 5656 2038 5712 ego
2066 5635 2252 5702 cecidi,
2281 5641 2335 5688 et
2368 5641 2420 5686 tu
2448 5627 2668 5685 secuisti
2695 5642 2708 5680 :
2743 5641 2864 5680 nam
2890 5625 3036 5696 viges
3071 5625 3136 5680 ad
3165 5640 3250 5679 me
3281 5625 3506 5679 liberan-

2007 5824 2022 5854 ³
2061 5817 2170 5868 Edd.
2204 5815 2445 5871 οωιιιιιιιι,
2469 5812 2563 5858 tut!
2593 5816 2610 5855 .'
2643 5801 2772 5868 quod
2794 5809 2898 5853 Mss.
2921 5801 3118 5863 habent,
3137 5803 3271 5864 juxta
3307 5804 3432 5848 Lxx.
