4012 6202
429 471 581 541 dum,
617 472 707 543 qui
737 468 945 543 viguisti
979 467 1045 524 ad
1074 481 1162 525 me
1188 466 1588 523 bumiiiandum.
1620 465 1699 521 Tu
1719 484 1864 532 vero,
1888 465 1994 521 Do-

431 565 583 630 mine,
614 564 667 618 in
691 573 928 618 teternum
956 576 1163 626 manes;
1197 570 1245 615 et
1275 560 1559 615 memoriale
1587 570 1727 614 tuum
1764 560 1816 614 in
1843 576 1994 630 gene-

427 657 671 711 rationem
712 664 759 708 et
796 653 1182 725 generationem.
1231 651 1526 708 Memoriale
1549 662 1706 716 tuum,
1739 653 1993 723 quianon

427 745 791 808 Oblivisceris;
821 747 872 799 in
894 726 1286 816 generationem,
1324 758 1429 799 non
1458 759 1637 810 unam,
1667 742 1759 800 sed
1786 761 1995 813 genera-

425 841 607 894 tionem
622 849 667 894 et
682 839 1047 911 generationem
1065 855 1083 893 :
1100 838 1501 909 promissionem
1522 839 1716 909 quippe
1737 837 1993 893 habemus

424 932 544 987 vita:
571 933 843 1001 praesentis
871 939 926 986 et
950 932 1136 986 futura:
1162 930 1220 1003 (Ι
1249 929 1378 984 Tim.
1408 945 1479 994 tv,
1501 929 1577 1000 8).

494 1022 581 1078 14.
623 1020 773 1095 [vers.
804 1019 917 1093 14.]
950 1020 1026 1076 Tu
1048 1036 1317 1093 exsurgens
1346 1019 1647 1075 misereberis
1678 1019 1828 1083 Sion,
1869 1036 1993 1085 quo-

422 1114 560 1170 aiant
582 1124 777 1183 tempus
816 1125 873 1168 ut
917 1114 1198 1168 miserearis
1224 1115 1350 1186 ejus.
1379 1112 1528 1182 Quod
1572 1112 1819 1181 tempus?
1865 1109 1991 1167 Cum

371 1197 388 1209 ”
421 1215 585 1260 autem
613 1206 743 1261 venit
753 1204 1007 1276 plenitudo
1032 1206 1286 1275 temporis,
1314 1205 1446 1259 misit
1462 1203 1600 1259 Deus
1622 1202 1985 1270 Filiumsuum,

421 1300 611 1367 factum
638 1312 702 1351 ea:
718 1296 944 1361 muliere,
975 1300 1165 1367 factum
1199 1295 1289 1351 sub
1332 1294 1481 1367 Lege.
1514 1294 1581 1350 Et
1606 1295 1691 1350 ubi
1712 1294 1874 1350 Sion?
1920 1293 1989 1348 Ut

418 1405 502 1443 eos
529 1388 615 1455 qui
639 1386 730 1442 sub
749 1386 881 1458 Lege
898 1397 1039 1442 erant
1065 1387 1324 1442 redimeret
1346 1385 1626 1460 (Galat.lv,
1642 1389 1695 1452 Δ,
1711 1385 1784 1457 5).
1802 1385 1989 1440 Primi-

419 1488 507 1537 tus
532 1494 658 1549 ergo
701 1478 869 1534 Judaei
902 1496 915 1532 :
946 1479 1070 1536 inde
1115 1479 1257 1537 enim
1301 1478 1563 1550 Apostoli,
1596 1478 1717 1534 inde
1754 1477 1828 1533 illi
1872 1478 1989 1547 plus

419 1585 577 1640 quam
605 1570 876 1641 quingenti
904 1570 1092 1633 fratres
1120 1569 1161 1642 (1
1190 1570 1306 1626 Cor.
1331 1586 1417 1635 xv,
1452 1569 1531 1641 6),
1562 1568 1683 1639 inde
1722 1569 1810 1624 illa
1838 1568 1988 1623 dein-

418 1676 549 1732 ceps
590 1661 892 1725 multitudo,
946 1662 1031 1716 cui
1076 1671 1190 1717 erat
1212 1661 1387 1716 anima
1413 1676 1517 1715 una
1538 1671 1591 1716 et
1609 1676 1701 1716 cor
1731 1676 1890 1715 otium
1931 1660 1984 1714 in

418 1750 585 1806 Deum
616 1751 749 1821 (Act.
787 1766 866 1819 tv,
905 1751 1019 1822 52).
1064 1752 1221 1822 Ergo,
1268 1751 1342 1805 Tu
1374 1767 1643 1820 exsurgens
1681 1751 1986 1805 misereberis

416 1843 564 1909 Sion,
588 1844 823 1915 quoniam
847 1853 1040 1912 tempus
1068 1853 1124 1897 ut
1148 1842 1426 1898 miserearis
1452 1842 1579 1912 ejus,
1596 1842 1829 1909 quoniam
1854 1844 1989 1896 venit

418 1948 632 2009 tempus.
665 1918 814 2006 Quod
843 1935 1087 2006 tempus?
1130 1935 1260 1990 Ecce
1282 1950 1415 1988 nunc
1442 1943 1637 2004 tempus
1662 1932 1980 2004 acceptabile,

415 2046 530 2085 ecce
561 2045 696 2083 nunc
734 2029 840 2083 dies
865 2027 1041 2083 salutis
1073 2024 1139 2100 (ll
1176 2025 1293 2082 Cor.
1322 2042 1394 2091 vt,
1433 2025 1512 2096 2).
1544 2025 1671 2093 Quis
1697 2024 1797 2079 hoc
1822 2023 1983 2080 dicit?

412 2120 606 2177 Servus
630 2120 717 2175 Dei
733 2120 1040 2185 tedificator,
1057 2120 1146 2190 qui
1170 2118 1399 2183 diccbat,
1416 2116 1513 2172 Dei
1533 2117 1804 2186 (edi/icium
1831 2116 1983 2182 estis;

412 2215 499 2284 qui
521 2214 752 2283 dicebat,
780 2214 924 2269 Sicut
949 2214 1151 2283 sapiens
1175 2214 1472 2267 architectus
1497 2211 1870 2282 fundamentum
1888 2226 1982 2280 po-

411 2306 528 2368 sui;
553 2314 625 2367 et.
657 2304 1066 2360 Fundamentum
1090 2303 1232 2358 aliud
1259 2320 1402 2358 nemo
1432 2312 1592 2373 potest
1618 2318 1819 2373 ponere,
1851 2318 1983 2370 pra:-

411 2407 637 2466 terquam
675 2396 812 2467 quod
855 2396 1071 2463 positum
1108 2404 1201 2462 est,
1245 2394 1379 2464 quod
1422 2402 1493 2448 est
1543 2391 1770 2447 Christus
1809 2390 1978 2446 Jesus.

413 2487 458 2561 (l
482 2488 600 2545 Cor.
626 2504 704 2555 lu,
729 2486 909 2559 9-11).

482 2582 570 2637 ib.
610 2575 760 2653 iners.
787 2578 901 2653 15.]
933 2580 1070 2650 Ergo
1092 2586 1147 2634 et
1170 2578 1257 2633 hic
1282 2577 1406 2649 quid
1432 2576 1559 2632 dicit
1578 2576 1602 2629 ‘I
1621 2575 1869 2641 Quoniam
1893 2573 1979 2628 be-

411 2674 718 2745 neplacitum
738 2671 1016 2727 habuerunt
1039 2671 1168 2731 servi
1193 2672 1266 2725 tui
1290 2671 1343 2725 in
1370 2670 1563 2739 lapides
1589 2670 1716 2740 ejus.
1746 2668 1801 2723 In
1849 2668 1982 2736 13ρί-

410 2766 506 2821 des
530 2764 712 2835 cujusl
735 2764 790 2819 lu
806 2763 1007 2834 lapides
1026 2761 1174 2819 Sion.
1201 2762 1306 2818 Sed
1329 2768 1451 2816 sunt
1472 2761 1541 2816 ibi
1563 2769 1613 2814 et
1635 2775 1738 2814 non
1755 2758 1976 2827 lapides.

409 2858 574 2929 Cujus
598 2872 702 2911 non
726 2856 965 2927 lapides?
1002 2854 1145 2926 Ergo
1170 2853 1294 2924 quid
1334 2850 1613 2924 sequitur?
1660 2848 1725 2904 Et
1761 2850 1979 2921 pulveris

409 2950 519 3020 ejus
559 2946 939 3003 miserebantur.
993 2948 1352 3016 Agnoscamus
1377 2943 1395 2975 ¹
1455 2942 1656 3013 lapides
1706 2942 1757 2996 in
1808 2942 1934 2997 Sion
1959 2981 1976 3007 ,

408 3052 758 3111 agnoscamus
783 3039 1055 3109 pulverem
1085 3037 1136 3091 in
1160 3036 1308 3091 Sion.
1341 3034 1453 3089 Non
1483 3034 1623 3089 enim
1645 3032 1790 3098 dicit,
1816 3032 1976 3102 Lapi-

408 3131 535 3187 dum
555 3130 673 3202 ejus
693 3128 1082 3186 miserebuntur
1105 3127 1243 3202 ;>sed
1263 3126 1388 3197 quid
1412 3126 1518 3180 ait?
1552 3126 1799 3192 Quoniam
1827 3125 1976 3178 bene-

408 3200 648 3293 placitum
673 3220 950 3274 habuerunt
973 3217 1105 3274 servi
1129 3200 1202 3271 tui
1224 3218 1278 3271 in
1316 3217 1509 3287 lapides
1529 3217 1659 3286 ejus,
1688 3224 1736 3268 et
1761 3215 1977 3281 pulveris

407 3314 518 3383 ejus
540 3312 923 3366 miserebantur.
951 3307 1337 3377 Beneplacitum
1364 3305 1661 3360 habuerunt
1697 3306 1748 3360 in
1777 3304 1977 3374 lapides

410 3401 567 3468 ejus;
596 3399 827 3471 pulveris
846 3408 1025 3453 autem
1052 3396 1461 3452 miserebantur.
1492 3394 1730 3465 intelligo
1775 3394 1976 3465 lapides

405 3491 555 3555 Sion,
600 3504 788 3547 omnes
812 3488 1103 3559 Prophetas
1131 3507 1145 3545 :
1178 3488 1246 3543 ibi
1273 3487 1543 3558 praemissa
1591 3497 1673 3542 est
1701 3503 1802 3541 vox
1835 3503 1974 3557 prae-

405 3584 708 3650 dicationis,
743 3582 865 3638 inde
915 3590 1242 3651 assumptum
1288 3580 1675 3651 Evangelicum'
1715 3577 1970 3644 ofﬁcium,

407 3674 655 3747 perillud
700 3672 1024 3744 praeconium
1072 3672 1315 3743 cognitus
1352 3670 1616 3726 Christus.
1649 3669 1789 3740 Ergo
1832 3671 1972 3726 servi

405 3767 480 3823 tui
512 3766 903 3837 beueplacitum
932 3763 1229 3820 habuerunt
1265 3764 1315 3818 in
1348 3763 1546 3835 lapides
1574 3761 1724 3819 Sion.
1765 3762 1868 3818 Sed
1898 3762 2001 3818 illi,

403 3858 861 3931 praevaricatores,
885 3857 1194 3912 recedentes
1216 3871 1246 3911 a
1278 3855 1518 3919 Domino,
1544 3854 1801 3924 malisque
1821 3852 1973 3944 factis

401 3951 515 4006 suis
563 3948 893 4017 oll'endentes
921 3948 1251 4014 Creatorem,
1279 3947 1330 4000 in
1376 3957 1568 4001 terram
1605 3946 1745 4002 unde
1773 3946 1971 4017 sumpti

403 4050 546 4103 sunt,
601 4014 890 4097 redierunt.
928 4039 1105 4094 Pulvis
1132 4037 1257 4093 facti
1284 4046 1426 4104 sunt,
1451 4039 1597 4108 impii
1639 4038 1762 4093 facti
1807 4014 1971 4093 sunt:
2018 4048 2025 4053 '

400 4131 471 4188 de
527 4131 719 4202 quibus
765 4130 989 4196 dicitur,
1047 4127 1167 4184 Non
1213 4129 1285 4183 sic
1333 4128 1514 4198 impii,
1569 4145 1668 4182 non
1720 4129 1828 4195 sic;
1884 4128 1973 4184 sed

402 4235 640 4295 tanquam
680 4223 843 4295 pulvis
887 4238 1035 4293 quem
1086 4220 1286 4291 projicit
1343 4228 1519 4274 ventus
1567 4235 1599 4273 a
1646 4219 1776 4288 [acie
1826 4230 1972 4274 terra

401 4316 571 4392 (Psal.
624 4332 662 4383 ι,
713 4317 793 4386 4).
838 4314 943 4370 Sed
980 4322 1258 4382 exspecta,
1303 4311 1556 4373 Domine;
1585 4311 1817 4377 sustine,
1870 4312 1973 4365 Do-

399 4408 578 4471 mine;
616 4406 823 4475 patiens
858 4412 1009 4467 esto,
1051 4402 1269 4457 Domine
1312 4419 1325 4455 :
1370 4416 1474 4455 non
1527 4402 1693 4456 irruat
1748 4410 1967 4468 ventus,

399 4507 456 4553 et
492 4496 697 4552 auferat
739 4494 878 4550 hunc
922 4493 1193 4565 pulverem
1232 4506 1262 4546 a
1309 4490 1444 4546 facie
1492 4502 1665 4546 terrae.
1709 4491 1967 4556 Veniant,

399 4589 617 4645 veniant
657 4586 799 4644 servi
847 4587 957 4654 tui,
1005 4592 1295 4656 agnoscant
1341 4584 1391 4638 in
1442 4582 1703 4652 lapidibus
1760 4584 1967 4654 eloquia

399 4690 526 4746 tua,
567 4678 916 4734 misereantur
950 4677 1178 4748 pulveris
1203 4676 1349 4739 Sion,
1394 4675 1649 4730 formetur
1692 4676 1849 4730 homo
1903 4675 1970 4730 ad

399 4772 682 4843 imaginem
744 4780 887 4825 tuam
922 4788 935 4824 :
970 4768 1113 4825 dicat
1157 4769 1325 4838 pulvis
1366 4783 1434 4823 ne
1464 4776 1677 4837 pereat,
1719 4764 1970 4821 Memento

395 4864 516 4935 quia
539 4861 703 4932 pulvis
721 4875 894 4916 sumus
921 4858 1090 4931 (Psal.
1117 4874 1209 4924 cu,
1242 4857 1351 4930 14).
1385 4856 1452 4911 Et
1495 4856 1710 4925 pulveris
1737 4858 1845 4926 ejus
1870 4852 1968 4910 mii-

397 4955 711 5012 serebuntur.
742 4952 865 5013 Hoc
898 4951 964 5006 de
998 4950 1146 5011 Sion.
1176 4949 1439 5019 Numquid
1469 4964 1572 5003 non
1618 4959 1731 5003 erat
1773 4948 1964 5018 pulvis,

397 5047 486 5117 qui
529 5046 808 5100 Dominum
836 5041 1142 5098 crucifixit?
1170 5040 1321 5108 Quod
1350 5040 1498 5109 pejus
1532 5048 1630 5102 est,
1678 5039 1850 5110 pulvis
1902 5037 1968 5093 de

402 5137 676 5209 parietinis
701 5135 994 5190 ruinarum.
1027 5133 1209 5188 Pulvis
1247 5143 1363 5187 erat
1407 5132 1662 5202 prorsus:
1705 5141 1967 5185 verumta-

398 5246 519 5284 men
531 5244 635 5283 non
657 5227 847 5282 frustra
872 5226 939 5281 de
959 5225 1173 5296 pulvere
1198 5223 1392 5278 dictum
1416 5232 1549 5286 erat,
1575 5220 1747 5287 Pater,
1771 5223 1969 5293 ignosce

396 5322 521 5387 illis,
564 5321 685 5392 quia
726 5318 950 5374 nesciunt
992 5317 1112 5388 quid
1137 5317 1329 5384 faciunt
1370 5313 1517 5389 (Luc.
1551 5331 1676 5370 xxm
1708 5357 1723 5381 ,
1749 5315 1860 5385 54).
1894 5316 1966 5368 De

396 5411 513 5479 ipso
540 5408 756 5480 pulvere
783 5410 930 5466 venit
969 5409 1142 5479 paries
1169 5415 1247 5462 tot
1283 5408 1503 5462 millium
1533 5406 1884 5471 credentium,
1912 5415 1967 5460 et

395 5504 565 5571 pretia
594 5518 771 5559 rerum
814 5516 1028 5558 suarum
1053 5500 1121 5556 ad
1166 5499 1326 5571 pedes
1356 5499 1727 5568 Apostolorum
1761 5513 1965 5567 ponen-

399 5591 552 5646 tium.
582 5592 723 5661 Ergo
746 5593 948 5648 exstitit
968 5592 1037 5651 de
1061 5591 1153 5647 illo
1192 5591 1408 5662 pulvere
1448 5590 1746 5645 humanitas
1774 5599 1828 5643 et
1852 5587 1962 5643 for-

391 5727 482 5841 ut;
511 5725 593 5774 ttic
617 5728 748 5785 Lov.,
776 5724 1071 5787 agnoscimus
1111 5736 1131 5776 :
1167 5722 1569 5776 dissentientibus
1607 5719 1721 5771 add.
1767 5718 1873 5772 shis
1914 5729 1966 5773 et

1657 348 1717 404 S.
1757 348 2118 407 AL'GUSTINI
2159 351 2452 411 EPISCOPI

3538 362 3558 417 l
3568 362 3668 419 ποσὶ

2100 480 2241 525 mata
2263 483 2316 527 et
2362 471 2616 529 formosa.
2637 476 2766 545 Quis
2796 478 2937 534 enim
2963 479 3031 534 de
3064 479 3324 538 Gentibus
3338 480 3463 537 sic?
3500 480 3672 549 Quam

2097 574 2295 628 paucos
2334 564 2589 620 miramur
2618 567 2723 623 huc
2766 567 2956 625 fecisse
3006 572 3071 626 ad
3111 573 3322 627 illorum
3354 581 3432 627 tot
3457 572 3670 627 millia?

2095 652 2483 739 Subitoprimo
2510 657 2630 722 tria,
2660 669 2842 730 postea
2871 663 3103 732 Quinque
3149 663 3354 729 millia;
3398 677 3589 718 omnes
3617 653 3671 717 in

2094 747 2297 802 unitate
2339 751 2596 816 viventes,
2638 768 2825 807 omnes
2853 755 3181 810 venditarum
3216 771 3396 812 rerum
3449 770 3669 811 suarum

2093 838 2261 908 pretia
2289 839 2356 894 ad
2386 842 2546 911 pedes
2565 844 2938 913 Apostolorum
2967 856 3244 916 ponentes,
3273 856 3333 901 ut
3375 845 3670 902 distribner

2092 938 2241 986 retur
2284 934 2564 1005 unicuique
2614 937 2749 992 sicut
2789 938 2980 1009 cuique
3015 954 3149 1009 opus
3185 949 3321 1002 erat,
3344 939 3533 1010 quibus
3549 946 3670 994 erat

2090 1019 2266 1077 anima
2296 1040 2396 1078 una
2418 1034 2472 1080 et
2495 1042 2770 1082 cornuum
2794 1029 2845 1083 in
2879 1030 3041 1085 Deum
3072 1030 3212 1099 (Act.
3247 1046 3305 1097 Il,
3335 1031 3424 1097 41,
3447 1041 3492 1085 et
3513 1047 3585 1096 tv,
3609 1033 3666 1094 εί,

2090 1111 2180 1177 32,
2202 1114 2342 1185 etc.).
2367 1116 2495 1184 Quis
2518 1118 2617 1173 hoc
2634 1119 2756 1174 fecit
2779 1121 2938 1175 etiam
2959 1120 3026 1176 de
3051 1121 3153 1176 isto
3180 1122 3419 1192 pulvere,
3447 1123 3544 1176 nisi
3574 1121 3676 1192 qui

2089 1211 2145 1257 et
2183 1204 2351 1273 ipsum
2382 1207 2547 1262 Adam
2587 1208 2710 1264 fet-it
2742 1225 2808 1265 ex
2836 1211 3092 1281 pulvere?
3129 1211 3243 1268 Hoc
3265 1227 3394 1284 ergo
3421 1212 3489 1268 de
3506 1212 3669 1275 Sion,

2091 1292 2185 1348 sed
2218 1310 2321 1350 non
2351 1305 2554 1352 tantum
2582 1299 2636 1354 in
2659 1298 2813 1356 Sion.

2159 1389 2245 1445 16.
2287 1387 2436 1462 [vers.
2485 1391 2600 1466 16.]
2636 1392 2774 1460 Quid
2819 1394 2980 1466 igitur
3005 1394 3289 1467 sequitur?
3320 1393 3384 1448 Et
3425 1395 3668 1448 timebunt

2088 1480 2267 1536 Gentes
2290 1499 2469 1537 nomen
2497 1493 2655 1551 tuum,
2689 1483 2923 1554 Domine,
2953 1497 3000 1541 et
3020 1503 3192 1559 omnes
3214 1504 3358 1559 reges
3386 1500 3531 1542 terra:
3551 1489 3668 1557 glo-

2085 1575 2216 1628 riam
2242 1584 2399 1630 tuam.
2427 1575 2543 1631 iam
2571 1562 2819 1648 quoniam
2846 1580 3098 1635 misertus
3126 1594 3186 1635 cs
3211 1580 3360 1641 Sion,
3388 1579 3497 1650 jam
3524 1595 3667 1651 quo.

2086 1665 2226 1719 niam
2253 1666 2393 1721 servi
2417 1667 2489 1721 tui
2512 1667 2892 1739 beneplaeitum
2916 1670 3212 1725 habuerunt
3232 1671 3281 1726 in
3302 1670 3500 1742 lapides
3519 1673 3661 1740 ejus,

2084 1759 2454 1828 cognoscendo
2481 1759 2879 1817 fundamentum
2901 1763 3276 1833 Apostolorum
3297 1772 3351 1818 et
3374 1762 3669 1833 Propheta-

2084 1861 2239 1909 rum;
2274 1847 2383 1915 jam
2431 1850 2679 1919 quoniam
2726 1850 2925 1906 miserti
2974 1859 3099 1906 sunt
3142 1852 3378 1923 pulveris
3420 1852 3554 1923 ejus,
3601 1864 3665 1909 ut

2083 1937 2420 2003 furmarctur,
2468 1940 2550 1995 vel
2598 1942 2771 2009 potius
2803 1940 3186 2009 reformaretur
3223 1943 3384 1998 homo
3414 1943 3563 1998 vivus
3589 1959 3661 1999 ex

2086 2028 2333 2099 pulvere;
2358 2028 2478 2084 hinc
2506 2029 2809 2099 praedicatio
2838 2031 3009 2087 crevit
3035 2032 3086 2086 in
3113 2032 3407 2088 Gentibus:
3436 2035 3660 2090 timeant

2084 2134 2275 2177 nomen
2307 2130 2449 2174 tuum
2489 2120 2705 2188 Gentes,
2752 2132 2806 2177 et
2832 2138 3018 2178 omnes
3062 2139 3214 2195 reges
3256 2134 3409 2180 terra:
3432 2125 3656 2195 gloriam

2084 2217 2260 2273 tuam;
2295 2212 2470 2265 veniat
2498 2220 2550 2266 et
2578 2212 2712 2266 alius
2736 2213 2908 2283 paries
2937 2213 3004 2269 de
3029 2213 3307 2279 Gentibus,
3335 2226 3661 2286 agnoscatur

2085 2300 2217 2369 lapis
2242 2302 2510 2370 angularis
2539 2302 2751 2374 (Ep/res.
2782 2319 2841 2366 ll,
2869 2303 2985 2375 20),
3012 2304 3093 2373 ibi,
3107 2304 3465 2360 haereantan
3488 2306 3556 2362 de
3573 2307 3660 2362 di-

2082 2406 2237 2447 verso
2261 2392 2553 2461 venientes,
2584 2394 2677 2449 sed
2698 2378 2807 2465 jam
2836 2410 2939 2449 non
2969 2395 3190 2450 adversa
3218 2396 3529 2453 sentientes.

2152 2483 2238 2537 17.
2280 2480 2428 2553 [vers.
2462 2481 2573 2556 17.)
2603 2483 2853 2551 Quoniam
2876 2486 3143 2555 atdiﬁcabit
3170 2486 3187 2517 ⁸
3215 2485 3464 2541 Dominus
3502 2486 3654 2549 Sion.

2082 2572 2194 2628 Hoc
2225 2573 2397 2645 agitur
2420 2590 2579 2629 nunc.
2610 2576 2701 2630 Eia
2729 2576 2927 2646 lapides
2946 2575 3052 2631 vivi
3084 2579 3134 2631 iu
3166 2586 3492 2633 structuram
3518 2594 3652 2634 cur-

2080 2666 2202 2728 rite,
2228 2682 2330 2720 non
2357 2648 2655 2722 in'ruinam.
2688 2667 3002 2723 AEdificatur
3029 2668 3155 2725 Sion
3182 2685 3198 2734 ;
3226 2680 3408 2726 cavete
3433 2671 3653 2741 [tarieti-

2081 2757 2537 2833 nasztediticatur
2581 2760 2774 2827 turris,
2825 2761 3113 2816 aedificatur
3161 2776 3319 2827 arca;
3370 2763 3654 2833 observate

2079 2850 2352 2905 diluvium.
2379 2851 2489 2907 Hoc
2512 2853 2686 2922 agitur
2714 2868 2873 2920 ttunc,
2905 2853 3155 2922 Quoniam
3173 2854 3439 2923 mdi/icubit
3462 2854 3653 2910 Domi-

2079 2958 2174 2995 nus
2197 2942 2343 2995 Sion.
2376 2941 2479 2996 Sed
2502 2942 2758 2997 aedificata
2799 2943 2925 2998 Sion
2949 2986 2965 3010 ,
2988 2944 3113 3014 quid
3144 2944 3265 2999 fiet?
3311 2944 3375 2998 Et
3402 2945 3652 3000 videbitur

2077 3033 2129 3087 in
2153 3033 2313 3101 gloria
2330 3050 2440 3086 sua.
2459 3032 2527 3090 Ut
2550 3034 2829 3089 aedificaret
2850 3034 2999 3102 Sion,
3017 3044 3075 3090 ut
3093 3047 3233 3091 esset
3254 3036 3655 3092 fundamentum

2079 3127 2131 3180 in
2158 3125 2307 3192 Sion,
2342 3126 2483 3180 visus
2511 3135 2594 3181 est
2616 3141 2646 3179 a
2676 3126 2825 3189 Sion,
2857 3128 2949 3183 sed
2972 3144 3078 3182 non
3102 3129 3154 3182 in
3186 3129 3351 3199 gloria
3378 3144 3505 3184 sua:
3551 3129 3643 3183 Vi-

2078 3217 2243 3270 dimus
2287 3232 2417 3281 eum,
2463 3226 2510 3271 et
2559 3233 2661 3271 non
2704 3217 2913 3272 habebat
2958 3220 3171 3289 speciem
3211 3236 3368 3291 neque
3415 3220 3652 3274 decorem

2078 3309 2229 3374 (lsai.
2257 3326 2366 3376 LIII,
2393 3308 2474 3382 2).
2503 3311 2570 3365 At
2593 3326 2720 3366 vero
2743 3326 2862 3366 cum
2893 3313 3094 3367 venerit
3115 3312 3355 3382 judicare
3384 3328 3502 3368 cum
3533 3315 3647 3366 An-

2076 3401 2208 3469 gelis
2232 3401 2363 3467 suis,
2415 3400 2627 3471 quando
2651 3402 3109 3472 congregabantur
3135 3411 3259 3456 ante
3300 3418 3421 3457 eum
3456 3418 3652 3458 mones

2077 3502 2282 3562 gentes,
2313 3492 2523 3561 quando
2548 3507 2676 3546 oves
2703 3492 2768 3547 ad
2795 3492 3087 3559 dexteram,
3120 3493 3253 3548 bmdi
3284 3493 3350 3549 ad
3378 3493 3652 3549 sinistram

2076 3581 2461 3652 separabuntur
2489 3582 2702 3653 (Matth.
2731 3599 2854 3649 xxv,
2885 3585 3095 3653 31-55),
3120 3600 3296 3639 nonne
3335 3596 3460 3641 tunc
3503 3585 3652 3640 vide-

2076 3675 2206 3729 bunt
2230 3675 2281 3728 in
2302 3690 2457 3746 quem
2485 3686 2819 3746 pupugerunt
2841 3675 3021 3743 (Zuch.
3052 3692 3145 3739 xu,
3173 3676 3308 3742 l0)?
3334 3678 3396 3731 Et
3419 3676 3651 3732 confun-

2076 3766 2269 3821 dentur
2288 3780 2429 3828 sero,
2457 3767 2545 3836 qui
2573 3767 2737 3835 prima
2763 3766 3070 3833 paenitentia
3093 3776 3145 3821 et
3172 3766 3368 3821 salubri
3394 3766 3647 3821 confundi

2076 3856 2375 3910 noluerunt.
2403 3854 2702 3926 xEdi/icabit
2731 3840 2978 3910 Dominus
3018 3856 3165 3922 Sion,
3212 3867 3259 3910 et
3301 3857 3547 3911 videbitur
3591 3859 3650 3912 in

2074 3948 2237 4018 gloria
2251 3964 2345 4002 sua
2360 3962 2379 4001 :
2398 3950 2485 4018 qui
2509 3950 2558 4001 in
2579 3947 2666 4001 illa
2686 3949 2854 4017 primo
2874 3948 3017 4003 visus
3032 3956 3113 4002 est
3133 3949 3183 4002 in
3206 3948 3512 4004 infirmitate
3527 3964 3646 4003 sua.

2148 4038 2236 4093 18.
2276 4035 2426 4110 [vers
2460 4036 2573 4111 18.]
2605 4038 2839 4109 Respexit
2869 4038 2923 4091 in
2967 4039 3243 4092 orationem
3285 4039 3565 4104 humilium,
3597 4049 3648 4095 et

2086 4143 2187 4181 non
2209 4128 2435 4198 despexit
2478 4144 2670 4199 precem
2693 4144 2882 4182 eorum.
2931 4129 2986 4183 In
3014 4118 3363 4185 irditicatioue
3388 4130 3512 4187 Sion
3544 4132 3649 4188 hoc

2074 4220 2247 4289 agitur
2260 4219 2443 4283 modo;
2462 4219 2782 4275 ardifieantes
2802 4221 2927 4276 Sion
2945 4230 3118 4286 orant,
3139 4232 3353 4292 genuum
3370 4239 3384 4275 :
3400 4223 3488 4278 ille
3509 4237 3657 4292 unus

2077 4323 2301 4379 pauper,
2328 4308 2469 4377 quod
2492 4324 2750 4378 pauperes
2780 4309 2964 4372 multi;
2993 4311 3113 4380 quia
3141 4311 3300 4369 millia
3325 4311 3377 4366 in
3411 4320 3487 4366 tot
3510 4327 3648 4382 geu-

2075 4398 2215 4453 tibus
2234 4414 2388 4464 unus,
2407 4400 2526 4468 quia
2549 4400 2722 4455 unitas
2743 4402 2885 4470 paris
2908 4401 3177 4456 Ecclesiae.
3212 4403 3326 4472 Ipse
3348 4418 3506 4468 unus,
3533 4404 3649 4473 ipse

2074 4490 2224 4543 multi
2257 4507 2269 4544 :
2299 4507 2455 4555 unus,
2486 4498 2701 4560 propter
2726 4491 3036 4547 cbaritatem
3062 4508 3076 4552 ;
3109 4493 3276 4557 multi,
3320 4505 3536 4563 prepter
3567 4495 3650 4548 la-
3720 4534 3723 4537 λ

2075 4579 2371 4634 titudinem.
2402 4581 2542 4651 Ergo
2569 4596 2707 4635 nunc
2726 4592 2926 4643 oratur,
2954 4597 3092 4638 nunc
3110 4585 3378 4649 curritur;
3407 4599 3568 4650 nunc,
3597 4584 3646 4640 si

2073 4670 2192 4740 quis
2207 4670 2361 4726 aliter
2382 4682 2517 4739 erat,
2550 4682 2603 4727 et
2622 4673 2776 4727 aliter
2812 4687 2870 4728 se
2906 4673 3155 4739 habebat,
3187 4676 3469 4730 manducet
3493 4679 3647 4731 eine-

2075 4776 2185 4815 rem
2212 4761 2347 4816 sicut
2392 4778 2600 4831 panem,
2647 4773 2702 4818 et
2731 4774 2908 4833 potum
2937 4778 3087 4818 suum
3115 4781 3236 4819 cum
3264 4766 3389 4821 fletu
3416 4768 3648 4822 counni-

2073 4860 2240 4906 secat.
2285 4851 2436 4907 Nunc
2464 4863 2669 4924 tempus
2705 4863 2806 4921 est,
2832 4869 2954 4909 cum
2977 4854 3271 4911 mdificatur
3308 4856 3470 4921 Sion;
3503 4874 3648 4915 nunc

2074 4945 2271 4998 intrant
2292 4944 2492 5014 lapides
2510 4944 2561 4998 in
2581 4956 2898 5000 structuram
2927 4963 2941 5000 :
2973 4944 3208 5016 perfecto
3231 4947 3451 5002 ardilicio
3477 4959 3533 5003 et
3551 4949 3651 5003 tle-

2073 5035 2242 5089 dicata
2275 5035 2455 5101 domo,
2497 5036 2620 5105 quid
2650 5036 2843 5100 curris,
2888 5051 3010 5090 sero
3037 5039 3373 5106 qumsilnrus,
3415 5039 3655 5095 inaniter

2074 5127 2354 5195 petiturus,
2401 5126 2593 5181 frustra
2630 5130 2948 5199 pulsaturus,
2990 5130 3117 5183 foris
3147 5145 3490 5185 remanSurus
3518 5147 3643 5185 cum

2072 5219 2304 5286 quinque
2325 5218 2611 5285 virginibus
2640 5216 2797 5273 fatuis
2831 5217 3039 5286 (Matth.
3068 5235 3189 5284 xxv,
3222 5219 3350 5291 l2)?
3377 5221 3528 5276 Nunc
3553 5237 3645 5275 er-

2069 5322 2138 5376 go
2163 5323 2315 5362 curre
2345 5326 2359 5363 :
2381 5307 2617 5378 Respexit
2637 5312 2777 5364 enim
2802 5313 2853 5364 in
2868 5312 3141 5371 orationem
3162 5315 3441 5381 humilium,
3470 5326 3645 5371 etnon

2071 5399 2295 5467 despexit
2324 5416 2516 5469 precem
2541 5417 2730 5453 eorum.
3224 5408 3227 5413 ’

2141 5491 2231 5547 19.
2270 5489 2419 5563 [vers.
2451 5491 2539 5556 19,
2564 5491 2678 5563 20.]
2725 5493 3022 5548 Scribuntur
3049 5494 3155 5549 haec
3183 5497 3235 5549 in
3271 5498 3646 5565 generationem

2070 5583 2300 5636 alteram.
2331 5582 2554 5649 Quando
2573 5585 2939 5639 scribebantur
2961 5587 3092 5652 hmc,
3127 5602 3229 5642 non
3253 5589 3320 5641 ita
3354 5589 3643 5657 proderant

2071 5679 2147 5733 eis
2191 5674 2328 5728 inter
2353 5689 2486 5743 quos
2514 5675 2927 5733 scribebantur:
2964 5679 3329 5736 scribebantur
3375 5680 3520 5736 enim
3567 5683 3640 5741 ad

2140 5787 2156 5818 ³
2191 5794 2293 5836 uss.
2316 5785 2565 5854 plerique,
2586 5783 2859 5848 artiﬁcum.
