4012 6202
519 394 658 452 1307

523 522 701 566 autem
732 508 842 577 ipse
896 507 1134 560 mortuus
1159 499 1365 556 nonnisi
1403 498 1543 556 imus
1566 499 1824 554 clamante
1869 495 2090 552 Domino

527 609 734 676 potest;
792 605 903 655 haec
934 600 1075 654 enim
1121 598 1258 652 Deus
1281 595 1505 650 interius
1530 593 1653 664 agit.
1684 593 1973 660 Loquimur
2013 585 2100 674 ad,

519 710 676 748 aures
704 699 936 754 vestras;
971 690 1109 744 unde
1159 689 1352 742 scimus
1402 685 1526 756 quid
1571 692 1754 754 agatur
1805 681 1858 735 in
1906 679 2083 735 cordi-

518 785 616 838 lms
661 780 1059 848 vcstris?Quod
1102 773 1277 834 autem
1307 779 1448 832 intus
1485 777 1673 846 agitur,
1703 789 1805 829 non
1829 789 1858 827 a
1891 773 2042 827 nobis
2064 814 2080 840 ,

518 875 610 928 sed
641 874 706 927 ab
733 874 821 927 illo
846 873 1036 942 agitur.
1424 940 1430 945 _

585 964 638 1018 4.
681 962 931 1032 Respexit
986 975 1111 1030 ergo
1157 968 1214 1013 ut
1259 959 1417 1012 solvat
1471 957 1602 1025 ﬁlios
1650 955 2082 1024 mortiﬁcatorum.

514 1055 750 1122 Quorum
783 1052 1211 1107 mortiﬁcatorum
1239 1049 1459 1104 audistis
1477 1090 1491 1112 ,
1526 1062 1658 1117 quos
1687 1045 1823 1100 ﬁlios
1845 1044 2082 1098 audistis.

514 1145 649 1211 Quid
675 1145 815 1198 enim
840 1143 995 1197 inde?
1016 1141 1082 1198 Ut
1106 1142 1427 1195 annuntietnr
1447 1139 1498 1192 in
1523 1139 1647 1193 Sion
1664 1153 1840 1191 nomen
1859 1134 2084 1188 Domini.
2111 1149 2117 1160 '

518 1240 697 1292 Primo
726 1238 863 1292 enim
896 1237 1227 1304 premebatur
1257 1233 1491 1288 Ecclesia
1512 1272 1527 1298 ,
1555 1229 1764 1301 quando
1797 1229 2083 1284 mortiﬁca-

519 1332 709 1384 bantur
728 1327 1009 1396 compediti
1039 1344 1051 1380 :
1081 1336 1201 1395 post
1230 1326 1345 1378 illas
1376 1333 1646 1393 pressuras
1670 1322 2009 1376 annuntiatur
2031 1319 2082 1373 in

513 1418 640 1474 Sion
669 1434 858 1474 nomen
882 1417 1122 1481 Domini,
1165 1431 1285 1471 cum
1329 1429 1514 1483 magna
1563 1413 1842 1476 libertate,
1877 1412 1930 1465 in
1973 1411 2082 1480 ipsa

477 1533 482 1538 -
515 1507 771 1564 Ecclesia.
807 1509 919 1579 Ipsa
949 1509 1090 1562 enim
1113 1507 1237 1561 Sion
1270 1524 1283 1559 :
1313 1521 1414 1560 non
1461 1505 1546 1558 ille
1581 1518 1717 1558 unus
1743 1503 1888 1558 locus
1914 1503 2085 1572 primo

514 1600 771 1666 superbus
794 1641 810 1665 ,
843 1607 1020 1668 po‘stca
1063 1599 1386 1668 captivatus;
1427 1595 1518 1651 sed
1560 1596 1685 1649 Sion
1723 1595 1875 1664 cujus
1901 1593 2081 1646 umbra

513 1683 626 1745 erat
655 1693 738 1746 illa
769 1690 916 1758 Sion,
937 1708 1053 1760 qua:
1089 1691 1459 1759 interpretatur
1488 1685 1821 1757 Speculatio;
1845 1693 2084 1755 propter-

515 1797 576 1838 ea
622 1782 744 1852 quia
791 1783 843 1835 in
887 1796 1044 1835 carne
1094 1781 1244 1850 positi
1285 1779 1522 1833 videmus
1559 1779 1609 1832 iu
1655 1778 1863 1848 priora,
1895 1784 2082 1829 exten-

518 1875 706 1928 dentes
739 1889 832 1928 nos
873 1890 980 1927 non
1006 1872 1070 1927 ad
1110 1886 1340 1941 praesens
1368 1869 1506 1940 quod
1533 1879 1633 1931 est,
1657 1868 1749 1923 sed
1770 1866 1834 1921 ad
1863 1865 1915 1921 id
1941 1864 2081 1935 quod

519 1964 749 2018 futurum
790 1973 890 2018 est.
920 1963 1040 2017 ideo
1065 1962 1372 2031 speculatio.
1394 1960 1578 2015 Omnis
1617 1960 1757 2015 enim
1784 1957 2084 2028 speculator

517 2057 668 2125 longe
681 2055 948 2126 prospicit.
966 2054 1187 2124 Speculo
1203 2053 1409 2119 dicitur,
1433 2052 1521 2108 ubi
1541 2050 2079 2118 ponuntur-custodes:

516 2149 644 2199 liunt
671 2147 785 2200 istac
811 2145 1036 2217 specula:
1063 2145 1114 2198 in
1145 2143 1372 2205 saxis,in
1401 2143 1688 2206 montibus,
1706 2143 1760 2196 in
1781 2141 2080 2209 arboribus,

515 2237 578 2291 ad
613 2237 710 2291 hoc
739 2247 795 2290 ut
833 2236 1038 2291 deloco
1079 2234 1424 2290 eminentiore
1455 2234 1608 2303 longe
1649 2233 1908 2288 videatur.
1953 2233 2079 2287 Sion

511 2344 637 2399 ergo
663 2329 971 2398 spcculatio,
997 2327 1228 2383 Ecclesia
1257 2325 1562 2398 speculatio.
1583 2323 1731 2381 Unde
1755 2323 2083 2394 speculatio?

515 2422 692 2491 Longe
711 2421 922 2485 videre,
955 2421 1056 2475 hoc
1077 2430 1160 2476 est
1183 2421 1490 2490 speculatio.
1519 2418 1687 2472 Labor
1705 2428 1774 2473 est
1796 2419 1936 2473 enim
1965 2426 2080 2471 ante

511 2529 614 2576 nte,
646 2511 802 2565 donec
829 2513 1072 2566 introeant
1095 2511 1148 2564 in
1181 2509 1523 2563 sanctuarinm
1564 2508 1658 2562 Dei
1679 2549 1696 2573 ,
1726 2518 1775 2562 et
1803 2509 2078 2578 intelligam

514 2603 564 2656 in
595 2603 859 2656 novissima
889 2600 1068 2673 (Psal.
1089 2615 1249 2666 Lxxn,
1273 2600 1399 2654 46et
1414 2599 1477 2652 l7
1499 2601 1538 2668 ).
1563 2597 1744 2665 Qualis
1766 2597 2074 2668 speculatio,

513 2693 806 2762 intelligere
838 2693 888 2746 in
919 2691 1198 2745 novissima
1218 2689 1507 2744 ‘iTransire
1533 2704 1678 2744 mare
1699 2685 1947 2753 videndo,
1973 2703 2078 2742 non

511 2783 802 2853 navigando
825 2823 840 2848 ,
890 2767 944 2837 et
995 2781 1231 2836 habitare
1279 2781 1328 2834 in
1356 2791 1590 2836 exterma
1622 2781 1638 2811 ⁸
1667 2779 1830 2833 maris
1867 2778 1886 2850 (
1930 2777 2074 2834 Psal.

510 2887 760 2939 cxxxvui,
792 2875 825 2930 9
847 2876 900 2946 );
930 2875 978 2929 id
1005 2883 1102 2939 est,
1138 2874 1207 2928 ibi
1231 2888 1426 2943 ponere
1452 2888 1620 2942 spem,
1646 2873 1696 2926 in
1719 2887 1783 2926 eo
1810 2872 1946 2941 quod
1977 2873 2079 2927 erit

513 2969 660 3020 linito
688 2967 902 3022 saeculo.
928 2967 1065 3036 Ergo
1085 2967 1131 3030 si
1154 2964 1385 3020 Ecclesia
1411 2963 1719 3033 speculatio,
1743 2961 1812 3017 ibi
1830 2963 1937 3032 jam
1981 2976 2078 3015 an-

509 3051 783 3113 nuntiatur’
803 3073 994 3113 nomen
1036 3058 1264 3112 Domini.
1305 3056 1418 3111 Non
1447 3057 1615 3111 solum
1644 3070 1837 3110 nomen
1867 3053 2075 3110 Domini

425 3205 430 3216 ,
509 3150 560 3203 in
592 3149 688 3203 hac
714 3149 838 3204 Sion
883 3147 1251 3213 annuutiatur,
1282 3147 1374 3200 sed
1401 3157 1446 3199 et
1469 3145 1581 3200 laus
1609 3147 1716 3216 ejus
1741 3185 1754 3208 ,
1791 3145 1992 3213 inquit,
2025 3142 2076 3197 in

507 3239 805 3294 Jerusalem.
1670 3254 1676 3259 '

581 3332 634 3385 5.
666 3330 681 3402 |
709 3347 836 3384 vers.
880 3330 969 3386 ‘25.
995 3327 1016 3401 ]
1050 3329 1120 3384 Et
1156 3327 1424 3398 quomodo
1451 3327 1832 3381 annuntiatur'l
1861 3326 1926 3380 In
1955 3341 2075 3380 con-

506 3418 744 3474 vcniendo
769 3421 980 3492 populos
993 3422 1046 3474 in
1067 3437 1239 3485 tutum,
1263 3430 1306 3471 et
1327 3433 1500 3488 regna,
1527 3428 1579 3472 ut
1597 3418 1812 3472 serviant
1835 3417 2070 3472 Domino.

510 3510 660 3567 Unde
687 3511 787 3565 hoc
807 3510 1021 3578 factum,
1044 3510 1143 3564 nisi
1167 3510 1419 3579 sanguine
1435 3510 1867 3564 mortilicatorum
1889 3509 1913 3563 ἲ
1934 3510 2072 3564 unde

508 3603 608 3659 hoc
637 3603 858 3668 factum,
885 3603 986 3657 nisi
1024 3602 1306 3673 gemitibus
1340 3600 1800 3672 compeditorum?
1829 3602 2074 3657 Exauditi

505 3710 632 3766 ergo
662 3702 787 3749 sunt
811 3694 900 3765 qui
919 3701 1071 3749 erant
1091 3693 1140 3746 in
1164 3705 1406 3762 pressura
1427 3701 1481 3747 et
1507 3692 1830 3758 humilitate;
1855 3703 1912 3748 ut
1932 3701 2075 3748 esset

507 3786 701 3841 nostris
727 3785 1053 3857 temporibus
1083 3784 1318 3840 Ecclesia
1345 3785 1396 3838 in
1421 3794 1560 3838 tanta
1585 3786 1773 3856 gloria,
1802 3800 1960 3856 quam
1995 3785 2075 3840 vi-

493 3871 692 3932 demus
712 3919 727 3943 ,
763 3887 820 3933 ut
851 3878 960 3947 jam
989 3891 1149 3947 regna
1178 3891 1296 3947 qua:
1326 3875 1795 3947 persequebantur,
1819 3875 1930 3945 ipsa
1955 3890 2071 3930 ser-

505 3972 651 4026 viant
667 3971 909 4026 Domino.
1382 4011 1386 4016 .

574 4063 628 4118 6.
668 4060 836 4135 [ιιει-ε.
865 4060 956 4115 24.
986 4058 1006 4132 ]
1055 4059 1329 4130 Respondit
1357 4059 1402 4113 ei
1425 4059 1477 4112 in
1502 4058 1582 4112 via
1608 4057 1920 4130 fortitudinis
1943 4073 2072 4114 suas.

504 4155 600 4210 Cui
630 4153 902 4224 respondit
925 4193 939 4214 .
968 4152 1067 4206 nisi
1096 4149 1361 4206 Domino?
1403 4150 1531 4217 Quis
1573 4149 1883 4218 respondit,
1915 4163 2072 4220 supra

509 4247 777 4302 videamus
806 4263 820 4298 :
848 4245 909 4298 Et
932 4245 1044 4298 laus
1063 4244 1187 4313 ejus,
1213 4243 1399 4312 inquit,
1425 4242 1480 4294 in
1492 4239 1805 4306 Jerusalem;
1825 4241 1877 4293 in
1897 4257 2074 4295 convc-

505 4338 688 4392 nimdo
715 4336 926 4408 populos
946 4336 998 4388 in
1024 4349 1200 4400 unum,
1223 4343 1270 4387 et
1296 4349 1472 4404 regna,
1503 4339 1559 4384 ut
1587 4333 1803 4387 serviant
1829 4331 2069 4386 Domino.

505 4427 782 4496 Respondit
806 4426 850 4479 ei
875 4425 927 4478 in
948 4425 1027 4478 via
1047 4423 1354 4495 fortitudinis
1380 4437 1505 4476 sum.
1527 4423 1658 4494 Quae
1682 4423 1756 4477 illi
1777 4423 2066 4493 respondit,

507 4526 599 4571 aut
622 4517 742 4587 quis
770 4516 843 4570 illi
873 4513 1173 4584 respondit,
1207 4515 1256 4568 in
1282 4513 1364 4566 via
1391 4511 1712 4567 fortitudinis
1738 4513 1882 4568 suae?
1909 4513 2070 4581 Quaen

505 4617 684 4664 ramus
713 4622 858 4677 ergo.
881 4607 1052 4675 primo
1091 4605 1210 4675 quis
1253 4601 1562 4683 respondit,
1594 4612 1646 4658 et
1670 4604 1747 4657 sic
1771 4619 2072 4674 quaeremus

502 4715 622 4768 quae
646 4699 715 4753 sit
743 4697 826 4752 via
854 4696 1172 4764 fortitudinis
1195 4696 1327 4765 ejus.
1350 4694 1633 4774 Superiora
1657 4695 1814 4750 verba
1837 4695 2072 4751 indicant

507 4788 939 4859 rcspondisseei,
965 4798 1056 4843 aut
1080 4787 1286 4842 laudem
1316 4786 1452 4857 ejus,
1483 4793 1574 4840 aut
1613 4785 1908 4841 Jerusalem
1940 4803 1952 4839 :
1980 4801 2072 4841 su-

507 4896 598 4952 pra
626 4881 768 4936 enim
790 4880 1015 4946 dixerat,
1047 4879 1110 4934 Et
1131 4880 1244 4934 laus
1263 4879 1372 4946 eius
1392 4880 1444 4933 in
1470 4865 1785 4942 Jerusalem;
1813 4879 1864 4933 in
1893 4895 2072 4934 conve-

508 4973 686 5029 niendo
711 4971 924 5043 papulas
949 4971 1003 5024 in
1031 4961 1187 5024 unum
1209 5011 1225 5036 ,
1249 4979 1294 5023 et
1315 4987 1488 5041 regna,
1511 4978 1563 5022 ut
1584 4970 1798 5024 serviant
1827 4969 2068 5026 Domina.

508 5064 783 5134 Respondit
812 5064 886 5130 ei,
909 5078 1040 5123 .non
1084 5077 1366 5132 possumus
1413 5061 1588 5116 dicere
1618 5102 1633 5127 ,
1663 5061 1876 5132 Regna;
1905 5062 2026 5131 quia
2050 5103 2065 5129 ,

505 5157 914 5228 RcSponderunt
957 5151 1198 5210 dixisset.
1232 5154 1510 5223 Respondit
1551 5155 1629 5217 ei,
1654 5169 1756 5208 non
1789 5169 2070 5224 possumus

503 5250 680 5305 dicere
699 5288 712 5312 ,
757 5245 978 5317 Populi;
1009 5247 1129 5315 quia
1158 5253 1213 5300 et
1236 5243 1322 5298 hic
1344 5286 1359 5309 ,
1386 5243 1792 5314 Responderunt
1828 5243 2068 5300 dixisset.

503 5339 636 5406 Quia
677 5353 804 5408 ergo
830 5337 1087 5407 respondit
1115 5335 1162 5390 ei
1180 5374 1194 5400 ,
1223 5333 1541 5404 singularem
1569 5349 1844 5390 numerum
1872 5336 2072 5406 quatrio

505 5445 624 5485 mus
681 5432 945 5501 superius,
972 5438 1024 5484 et
1076 5442 1182 5483 non
1220 5427 1554 5494 invenimus,
1594 5427 1694 5487 nisi
1720 5437 1811 5485 aut
1859 5427 2069 5484 laudem

503 5519 638 5587 ejus,
661 5519 750 5574 au't
767 5519 1083 5576 Jerusalem.
1102 5519 1166 5574 Et
1185 5518 1306 5590 quia
1332 5516 1430 5573 hoc
1450 5519 1749 5589 ambiguum
1769 5527 1870 5586 est,
1893 5528 2069 5575 utrum

503 5608 622 5664 laus
665 5609 812 5679 eius,
840 5625 908 5665 an
953 5611 1247 5667 Jerusalem
1272 5648 1290 5678 ,
1318 5608 1607 5666 secundum
1643 5617 1924 5681 utrumque
1965 5619 2071 5666 tras

497 5758 752 5876 rs;
775 5760 826 5813 in
846 5761 1086 5814 extremis.
1114 5770 1168 5816 At
1203 5765 1396 5826 Mss.,in
1415 5770 1630 5816 extrema
1652 5776 1670 5815 :
1694 5771 1745 5817 et
1781 5766 1852 5816 sic
1871 5764 1991 5817 intra
2024 5766 2073 5820 in

1737 384 1792 437 s.
1837 358 2194 438 AUGUSTINI
2234 375 2537 438 EPISCOPI

3621 401 3641 454 ί
3653 401 3768 457 508

2197 499 2420 548 ciemus.
2449 493 2725 562 Quomodo
2753 496 2802 554 ei
2841 502 3111 571 respondit
3135 501 3250 559 laus
3278 505 3434 574 ejus?
3455 505 3677 577 Quando
3712 517 3768 570 ei

2191 585 2383 652 gratias
2409 597 2572 658 agunt
2595 590 2764 664 vocati
2793 591 2860 646 ab
2887 592 2996 646 illo.
3031 593 3122 648 Ille
3151 598 3290 650 enim
3321 611 3470 652 vocat
3495 641 3510 664 ,
3544 617 3640 655 nos
3676 619 3766 659 re-

2189 675 2546 742 spondemus;
2576 691 2681 733 non
2709 695 2860 748 voce,
2885 683 2976 736 sed
3001 683 3131 749 ﬁde;
3164 703 3264 739 non
3295 687 3486 757 lingua,
3511 691 3601 745 sed
3627 695 3738 748 vita
3757 679 3798 745 ’ξ

2190 764 2246 819 Si
2273 767 2412 820 enim
2442 778 2592 824 vocat
2623 781 2673 825 te
2703 771 2836 826 Deus
2861 815 2874 838 ,
2903 783 2956 827 et
2984 775 3218 845 pra-cipit
3245 789 3298 831 ut
3329 779 3463 834 bene
3490 783 3633 838 vivas
3659 826 3674 849 ,
3709 801 3742 840 e

2191 866 2244 910 tu
2291 861 2429 915 male
2480 862 2612 916 vivis
2643 905 2659 929 ,
2705 867 2965 921 vocatioui
3003 871 3116 935 ejus
3155 887 3256 924 non
3300 874 3626 941 reSpondes,
3663 894 3768 933 nec

2189 949 2303 1005 laus
2331 952 2445 1021 ejus
2466 955 2749 1023 respondet
2776 957 2822 1011 ei
2851 956 2917 1012 de
2941 968 3025 1023 te;
3054 961 3173 1030 quia
3197 961 3271 1016 sic
3293 964 3445 1030 vivis,
3472 977 3523 1019 ut
3546 943 3635 1021 ille
3654 982 3769 1023 non

2190 1039 2452 1107 laudetur,
2481 1044 2573 1098 sed
2621 1046 2792 1114 potius
2843 1045 3236 1117 blasjihemetur
3266 1069 3358 1120 per
3393 1063 3443 1108 te
3473 1072 3486 1108 :
3518 1071 3638 1112 cum
3670 1073 3772 1111 au-

2189 1141 2294 1187 tem
2327 1134 2401 1188 sic
2430 1137 2680 1202 vivimus,
2705 1148 2761 1191 ut
2793 1155 2885 1207 per
2910 1157 3004 1193 nos
3026 1142 3270 1197 laudetur
3296 1145 3450 1210 Deus,
3481 1151 3772 1218 respondit
3817 1132 3834 1140 ‘

2187 1223 2234 1276 ei
2259 1224 2370 1278 laus
2397 1221 2528 1293 ejus.
2563 1226 2633 1280 De
2661 1230 2860 1282 vocatis
2877 1238 2931 1284 et
2959 1234 3154 1285 sanctis
3199 1234 3346 1304 ejus,
3381 1240 3652 1307 respondit
3711 1255 3774 1297 et

2187 1313 2497 1368 Jerusalem.
2523 1315 2712 1371 Vocata
2741 1327 2823 1372 est
2849 1320 2986 1374 enim
3017 1331 3071 1376 et
3121 1322 3406 1382 Jerusalem
3427 1370 3441 1395 ,
3493 1340 3540 1384 et
3589 1333 3765 1401 prima

2185 1404 2477 1461 Jerusalem
2509 1409 2673 1462 uoluit
2693 1412 2892 1479 audire,
2913 1425 2965 1467 et
2989 1414 3185 1470 dictum
3217 1427 3298 1474 est
3323 1421 3370 1474 ei
3401 1419 3568 1478 :Ecce
3584 1414 3768 1480 diruit.

2187 1509 2316 1552 tetar
2340 1502 2473 1556 vobis
2503 1503 2680 1558 domas
2707 1516 2866 1560 ucstra
2895 1507 3108 1582 deserta.
3136 1510 3452 1579 Jerusalem,
3476 1517 3766 1575 Jerusalem

2190 1591 2438 1684 (clamat
2463 1604 2518 1648 ct
2538 1609 2639 1649 n0u
2667 1599 3058 1672 respondetur),
3080 1607 3272 1673 quoties
3299 1607 3433 1662 volui
3455 1627 3769 1684 congregare

2187 1682 2320 1750 ﬁlios
2342 1695 2451 1737 tuos
2476 1727 2490 1750 ,
2519 1697 2755 1756 tanquam
2789 1691 2980 1760 gallina
3010 1692 3175 1762 pullos
3198 1714 3316 1752 suos
3351 1701 3441 1754 sub
3469 1703 3578 1756 alas
3602 1682 3725 1758 suas
3745 1749 3762 1772 ,

2185 1784 2234 1828 et
2262 1777 2463 1830 noluisti
2491 1780 2508 1847 (
2543 1779 2726 1835 Matth.
2756 1799 2904 1850 χχιιι,
2932 1785 3020 1853 58,
3053 1787 3156 1858 57)
3185 1789 3199 1842 l
3225 1788 3337 1845 Non
3360 1795 3718 1862 respondetur
3747 1817 3766 1854 :

2187 1870 2388 1938 pluitur
2414 1871 2664 1942 desuper.
2693 1883 2747 1931 et
2773 1887 2866 1945 pro
2900 1876 3068 1933 fructu
3099 1881 3264 1949 spina:
3309 1885 3665 1954 proferuntur.
3694 1893 3767 1947 At

2185 1973 2312 2014 vero
2337 1961 2424 2015 illa
2452 1961 2767 2031 Jerusalem,
2790 1967 2854 2021 de
2881 1983 2980 2038 qua
3012 1968 3208 2024 dictum
3241 1982 3354 2039 est,
3386 1974 3614 2042 Lwtare,
3659 1991 3768 2035 ste-

2184 2052 2312 2118 rilis,
2340 2069 2452 2124 qua:
2476 2072 2576 2109 non
2605 2058 2778 2127 paris;
2803 2077 3007 2129 erumpe
3037 2072 3083 2115 et
3109 2063 3351 2130 exclama,
3380 2084 3491 2136 quae
3517 2086 3616 2122 non
3638 2089 3767 2139 par-

2185 2145 2329 2210 turis,
2355 2146 2590 2215 quoniam
2621 2150 2765 2203 mulli
2787 2151 2883 2219 filii
2906 2151 3133 2220 desertae,
3165 2157 3324 2226 magis
3342 2175 3490 2225 quam
3519 2161 3628 2229 ejus
3643 2179 3766 2234 quia

2181 2234 2326 2289 habet
2357 2237 2515 2290 cirum
2537 2236 2598 2308 (Ι
2605 2239 2698 2292 sai.
2723 2255 2830 2306 LIV,
2855 2242 2879 2296 1
2909 2259 2924 2305 ;
2957 2240 3123 2296 Galat.
3157 2245 3389 2319 1v,27);
3413 2253 3668 2320 respondit
3691 2254 3763 2306 ei.

2182 2325 2315 2392 Quid
2369 2337 2451 2381 est
2475 2371 2491 2392 ,
2538 2331 2796 2399 respondit
2826 2333 2916 2386 ei?
2941 2332 3053 2388 Non
3093 2338 3414 2406 contempsit
3455 2352 3760 2399 vocantem.

2181 2416 2315 2483 Quid
2341 2427 2456 2483 est,
2502 2421 2761 2489 respondit
2785 2422 2829 2475 ei
2851 2423 2877 2476 ?
2903 2423 2992 2478 Ille
3026 2425 3192 2494 pluit,
3223 2427 3306 2482 illa
3333 2429 3552 2486 fructum
3585 2434 3763 2490 dedit.

2253 2507 2304 2560 7.
2331 2507 2606 2575 Respondit
2621 2511 2684 2577 ei,
2703 2512 2795 2566 sed
2816 2513 2928 2567 ubi?
2945 2512 3012 2568 In
3025 2515 3102 2568 via
3118 2519 3424 2588 fortitudinis
3447 2539 3563 2575 suae.
3583 2522 3762 2579 Num-

2180 2599 2302 2667 quid
2335 2599 2495 2655 iuse?
2513 2600 2645 2656 Nam
2673 2603 2798 2672 quid
2819 2607 3032 2660 essetin
3061 2623 3138 2674 se,
3158 2618 3249 2664 aut
3271 2626 3425 2681 quam
3444 2629 3622 2668 vocem
3655 2620 3760 2670 ha-

2182 2689 2332 2746 beret
2356 2692 2405 2745 in
2429 2708 2506 2758 se,
2546 2694 2612 2749 de
2640 2710 2718 2759 se,
2751 2697 2850 2751 nisi
2877 2701 3044 2754 solam
3071 2716 3252 2766 vocem
3295 2707 3532 2773 peccati,
3566 2725 3758 2765 vocem

2178 2780 2464 2852 iniquitatis
2491 2785 2514 2839 ?
2537 2787 2733 2842 Excute
2757 2805 2938 2844 vocem
2963 2793 3144 2860 ipsius,
3171 2795 3294 2863 quid
3336 2797 3536 2853 iuv'enis
3559 2803 3659 2856 nisi
3701 2815 3761 2858 ut

2179 2875 2399 2930 multum
2421 2878 2458 2941 ι,
2478 2877 2583 2948 Ego
2598 2881 2722 2946 dixi,
2742 2881 2971 2950 Domine,
2988 2886 3218 2942 miserere
3237 2890 3333 2942 mei
3349 2909 3367 2955 ,°
3382 2908 3504 2945 sana
3523 2895 3756 2950 animant

2179 2984 2368 3033 meam,
2399 2972 2515 3036 quia
2537 2975 2733 3041 peccavi
2753 2975 3019 3046 tibi(l_’sal.
3039 2994 3126 3040 XL,
3152 2967 3248 3050 5)?
3274 2982 3460 3049 Porro,
3489 2985 3529 3039 si
3551 2986 3762 3055 justiti-

2178 3069 2292 3114 cala
2310 3071 2404 3126 est,
2422 3064 2674 3132 respondit
2691 3066 2754 3132 ei,
2776 3083 2878 3120 non
2905 3084 2968 3123 ex
2997 3071 3195 3125 meritis
3213 3074 3344 3140 suis,
3365 3076 3456 3129 sed
3474 3093 3534 3130 ex
3566 3081 3751 3133 mani-

2179 3151 2276 3205 bus
2305 3153 2325 3183 ²
2353 3153 2533 3222 ipsius.
2567 3154 2780 3210 Ubi?1n
2807 3160 2886 3211 via
2910 3161 3216 3229 fortitudinis
3236 3182 3360 3220 sum.
3379 3167 3614 3223 Christus
3641 3181 3752 3239 est,

2085 3266 2094 3275 -
2179 3241 2291 3310 ipse
2315 3253 2396 3296 est
2435 3261 2446 3298 :
2487 3242 2597 3315 Ego
2624 3263 2756 3314 sum,
2789 3248 2986 3320 inquit,
3015 3253 3112 3320 via,
3140 3255 3351 3320 veritas,
3376 3267 3422 3310 et
3450 3259 3547 3312 vita
3567 3259 3753 3332 (Joan.

2179 3349 2284 3401 siv,
2318 3335 2349 3388 6
2371 3333 2420 3404 )._
2442 3336 2546 3390 Sed
2579 3348 2701 3392 ante
2744 3343 3182 3399 resurrectionem
3223 3362 3329 3400 non
3367 3352 3759 3418 agnoscebatur

2177 3439 2207 3478 a
2255 3425 2446 3495 populo
2490 3444 2616 3492 suo;
2645 3438 2697 3483 et
2752 3433 2981 3488 maxime
3033 3435 3317 3494 cruciﬁxus
3344 3455 3410 3493 ex
3444 3441 3758 3503 inﬁrmitate

2182 3513 2200 3584 (
2224 3513 2262 3566 ll
2285 3512 2402 3569 Cor.
2437 3532 2550 3577 xm,
2579 3517 2648 3587 4)
2680 3519 2832 3573 latuit
2855 3521 2972 3600 quis
2999 3533 3170 3592 esset,
3197 3526 3368 3582 donec
3397 3529 3545 3585 fortis
3571 3548 3756 3589 resur—

2176 3605 2351 3674 gendo
2397 3617 2694 3676 appareret.
2741 3610 2854 3664 Non
2885 3612 2933 3667 ei
2978 3630 3106 3685 ergo
3133 3619 3403 3687 respondit
3430 3621 3664 3678 Ecclesia
3697 3627 3754 3682 in

2177 3697 2260 3751 via
2292 3697 2612 3754 inﬁrmitatis
2637 3743 2652 3768 ,
2677 3699 2772 3756 sed
2802 3703 2854 3758 in
2880 3705 2958 3758 via
2985 3706 3295 3774 fortitudinis
3323 3728 3462 3779 sum;
3483 3715 3599 3784 quia
3629 3725 3754 3785 post

2177 3791 2622 3847 resurrectionem
2653 3796 2864 3850 vocavit
2892 3797 3179 3854 Ecclesium
3210 3801 3278 3858 de
3324 3813 3432 3858 toto
3476 3805 3607 3862 orbe
3636 3817 3752 3863 ter-

2176 3896 2372 3947 rarum,
2399 3882 2507 3952 jam
2533 3900 2635 3938 non
2666 3885 2906 3942 inﬁrmus
2927 3889 2978 3942 in
3004 3904 3182 3958 cruce,
3215 3893 3306 3948 sed
3337 3893 3488 3950 fortis
3517 3899 3565 3950 in
3588 3900 3749 3954 caelo.

2176 3973 2289 4028 Non
2320 3976 2459 4029 enim
2487 3977 2601 4033 laus
2631 3978 2754 4034 lidei
2783 3969 3203 4038 Christianorum
3235 3996 3346 4052 est,
3374 3989 3492 4058 quia
3522 3991 3755 4047 credunt

2176 4075 2440 4120 mortuum
2481 4067 2782 4134 Christum;
2810 4071 2903 4127 sed
2955 4074 3075 4143 quia
3123 4076 3347 4131 credunt
3393 4083 3757 4140 resurrexisse

2175 4155 2461 4212 Christum.
2489 4159 2621 4214 Nam
2663 4173 2924 4217 mortuum
2952 4174 3005 4219 et
3042 4181 3272 4237 paganus
3300 4170 3504 4236 credit;
3543 4179 3598 4226 et
3643 4167 3764 4230 hoc'

2177 4247 2270 4301 tibi
2294 4263 2390 4318 pro
2425 4250 2645 4305 crimine
2673 4253 2876 4321 objicit,
2909 4255 3028 4324 quia
3059 4257 3109 4310 in
3138 4268 3404 4314 mortuum
3451 4261 3752 4319 credidisti.

2176 4339 2305 4406 Quae
2333 4341 2490 4411 igitur
2512 4342 2626 4398 laus
2647 4343 2770 4396 tua?
2795 4346 3025 4402 Credere
3052 4352 3407 4406 resurrexisse
3437 4351 3750 4420 Christum,

2174 4441 2226 4485 et
2256 4447 2471 4500 sperare
2503 4443 2552 4488 te
2580 4443 2996 4492 resurrecturum
3028 4455 3145 4494 esse
3176 4457 3270 4511 per
3298 4440 3602 4498 Christum:
3629 4443 3753 4502 lucc

2175 4531 2256 4576 est
2279 4522 2390 4578 laus
2411 4524 2554 4578 ﬁdei.
2586 4523 2645 4580 Si
2672 4528 2802 4580 enim
2835 4529 3106 4584 credideris
3134 4532 3186 4584 in
3212 4532 3362 4585 corde
3387 4543 3470 4586 tuo
3497 4536 3614 4604 quia
3637 4534 3752 4590 Do-

2174 4614 2340 4666 minus
2367 4622 2436 4667 est
2467 4613 2618 4669 Jcsus
2642 4656 2657 4682 ,
2698 4624 2742 4670 et
2779 4618 3034 4686 confessus
3063 4621 3216 4690 fueris
3255 4638 3340 4674 ore
3381 4632 3466 4678 tuo
3491 4625 3609 4692 quia
3634 4642 3757 4680 eum

2177 4704 2314 4760 Dens
2341 4708 2591 4761 suscitavit
2618 4711 2894 4774 emortuis,
2925 4714 3090 4765 salvus
3121 4714 3234 4767 eris.
3265 4714 3379 4770 Non
3406 4717 3479 4769 ait
3500 4758 3514 4777 .
3543 4718 3597 4772 Si
3619 4733 3759 4775 con-

2174 4796 2346 4853 fessus
2377 4798 2537 4853 fueris
2570 4800 2686 4869 quia
2736 4801 2872 4856 Deus
2921 4818 3039 4856 eum
3093 4804 3306 4860 tradidit
3353 4807 3753 4876 occidendum;

2174 4889 2268 4943 sed
2293 4931 2308 4956 ,
2353 4892 2471 4960 quia
2499 4907 2613 4944 eum
2658 4891 2794 4944 Deus
2833 4893 3085 4946 suscitavit
3115 4911 3146 4947 α
3173 4897 3382 4951 mortuis
3408 4898 3468 4951 si"
3488 4903 3757 4969 confessus

2175 4983 2352 5051 fueris,
2387 4993 2508 5038 tunc
2530 4985 2696 5037 salvus
2725 4986 2841 5039 eris.
2890 4984 3054 5040 Corde
3093 4988 3222 5041 enim
3251 4990 3470 5044 creditur
3494 4991 3562 5044 ad
3589 4993 3758 5064 justi-

2177 5075 2334 5140 tiam;
2377 5092 2463 5130 ore
2507 5087 2671 5130 autent
2718 5078 2964 5148 confessio
3001 5079 3060 5147 ﬁt
3094 5080 3163 5132 ad
3204 5081 3416 5135 salutem
3447 5083 3466 5153 (
3494 5084 3643 5137 Rom.
3680 5102 3752 5151 ι,

2177 5165 2382 5237 9,10).
2429 5169 2602 5232 Quare
2651 5180 2825 5222 autem
2879 5170 3144 5225 credimus
3172 5179 3225 5225 et
3279 5174 3583 5228 mortuum?
3613 5173 3754 5243 Quia

2177 5259 2393 5314 credere
2423 5276 2540 5314 eum
2581 5263 2940 5317 resurrexisse
2979 5279 3082 5316 non
3125 5278 3440 5334 possumus,
3469 5267 3570 5321 nisi
3595 5271 3755 5337 prius

2175 5361 2440 5407 mortuum
2486 5352 2647 5408 fuisse
2672 5354 2972 5409 credamus.
3003 5356 3132 5422 Quis
3176 5358 3318 5412 enim
3346 5359 3612 5428 resurgit,
3648 5362 3753 5416 nisi

2177 5455 2416 5500 mortuus
2459 5444 2617 5500 fuerit
2643 5447 2666 5502 ?
2690 5448 2809 5517 quis
2854 5450 3271 5520 expergiscitur,
3303 5451 3401 5505 nisi
3432 5451 3580 5521 prius
3621 5451 3753 5506 (ἰοῖς

2156 5536 2394 5611 ,mierit?
2417 5536 2522 5592 Sed
2563 5539 2804 5608 numquid
2834 5540 2919 5611 qui
2947 5539 3130 5595 dormit
3151 5581 3168 5607 ,
3199 5558 3299 5595 non
3332 5543 3536 5612 adjiciat
3572 5552 3626 5595 ut
3669 5559 3755 5598 re-

2095 5694 2102 5697 _
2177 5639 2349 5701 surgat
2375 5628 2395 5700 (
2422 5627 2566 5684 Psal.
2595 5645 2682 5695 ιι,
2708 5628 2788 5701 9)?
2811 5629 2934 5686 Haec
2956 5631 3085 5688 tides
3111 5641 3192 5687 est
3218 5632 3664 5690 Christianorum.
3687 5633 3751 5690 lu

2243 5763 2259 5828 ξ
2294 5764 2367 5811 Sic
2389 5763 2615 5814 meliores
2769 5763 2880 5819 Edd.
2899 5777 3035 5828 vero,
3059 5763 3156 5818 nisi
3169 5764 3436 5816 tmtltmn.

2246 5827 2266 5859 ³
2299 5831 2456 5887 forte,
2476 5825 2764 5876 ntaneribus.
