3984 6204
203 386 328 446 1309

208 505 299 564 hac
321 517 444 573 ergo
467 500 592 568 llde,
620 513 722 572 qua
750 505 1065 569 congregata
1101 503 1186 551 est
1210 493 1445 551 Ecclesia
1469 533 1486 566 ,
1513 493 1660 550 multi.
1683 491 1756 547 illi

201 589 287 670 [itii
321 598 544 658 deserta,
567 593 727 664 magis
763 601 914 663 quam
956 591 1066 660 ejus
1122 605 1234 661 qua:
1276 587 1421 642 habet
1457 589 1650 652 virum;
1681 603 1761 642 re-

204 688 388 758 spondit
409 687 455 740 ei
472 726 487 750 ,
517 684 651 739 dixit
682 683 731 738 ei
760 681 966 737 laudem
991 680 1280 736 Secundum
1310 679 1426 750 ejus
1457 686 1716 760 praecepta
1742 694 1758 742 ;

202 783 246 835 in
271 780 346 833 sia
382 775 693 849 fortitudinis
718 777 826 846 ejus
850 816 865 840 ,
911 789 1016 828 non
1059 773 1113 828 in
1153 773 1234 826 via
1272 772 1594 827 inﬁrmitatis
1621 771 1756 840 ejus.

261 851 309 928 8.
345 869 627 938 Quomodo
672 868 721 923 ei
773 864 1277 936 responderit,jam
1321 879 1479 934 supra
1509 861 1753 918 audistis:

205 964 261 1020 in
284 962 620 1018 convenientia
650 959 866 1029 populos
890 959 942 1011 in
962 973 1117 1012 unum
1146 998 1162 1022 ,
1191 963 1237 1010 et
1263 971 1441 1027 regna,
1467 963 1522 1008 ut
1545 953 1761 1008 serviant

206 1055 425 1112 Domino.
456 1052 515 1109 in
545 1053 648 1108 hoc
689 1052 736 1108 ei
777 1065 903 1121 ergo
932 1049 1205 1120 reSpnndit
1232 1089 1249 1116 ,
1298 1049 1350 1102 in
1402 1049 1600 1102 unitate
1631 1047 1759 1117 :qui

205 1159 357 1204 autem
387 1161 493 1201 non
517 1156 602 1202 est
627 1144 679 1199 in
707 1144 926 1207 unitate,
958 1157 1062 1198 non
1093 1142 1142 1196 ci
1169 1139 1474 1210 respondet.
1507 1139 1598 1194 Ille
1616 1140 1759 1194 enim

207 1251 322 1292 llllllS
347 1245 434 1292 est
459 1278 475 1304 ,
506 1235 738 1290 Ecclesia
783 1233 958 1288 unitas
990 1250 1006 1287 :
1047 1247 1153 1287 non
1182 1229 1470 1301 respondet
1494 1230 1582 1284 uni
1611 1271 1625 1296 ,
1653 1229 1756 1284 nisi

208 1327 380 1382 unitas.
405 1326 512 1382 Sed
541 1325 774 1381 existunt
793 1323 879 1395 qui
901 1321 1099 1378 dicant.
1139 1321 1253 1378 Jam
1283 1324 1382 1376 hoc
1407 1319 1604 1375 factum
1633 1328 1715 1375 est
1741 1336 1758 1386 ;

208 1415 463 1485 respondit
505 1415 555 1470 ei
586 1415 638 1469 in
676 1414 921 1468 omnibus
947 1412 1193 1484 gentibus
1231 1411 1466 1466 Ecclesia
1493 1453 1507 1472 ,
1548 1410 1761 1480 pariens

210 1509 323 1563 ﬁlios
348 1507 533 1576 plures
559 1519 715 1574 quam
747 1503 834 1558 illa
861 1519 980 1574 qtae
1007 1502 1234 1558 habebat
1263 1502 1436 1559 virum
1463 1542 1478 1565 ,
1503 1500 1761 1572 respondit

209 1598 252 1651 in
277 1599 348 1650 sia
382 1595 695 1667 fortitudinis
715 1594 854 1664 ejus;
876 1593 1100 1649 credidit
1124 1592 1262 1647 enim
1291 1591 1557 1646 Christum
1584 1605 1762 1645 resur-

210 1688 388 1759 rexisse
415 1725 431 1748 ,
461 1683 800 1755 crediderunt
828 1682 880 1736 in
919 1698 1038 1736 eum
1074 1697 1261 1737 omnes
1284 1689 1469 1752 gentes
1509 1698 1521 1734 :
1555 1679 1646 1735 sed
1671 1679 1759 1734 illa

210 1776 426 1832 Ecclesia
453 1792 572 1846 quze
599 1775 695 1829 fuit
711 1759 958 1828 omnium
977 1773 1359 1844 gentium,,jam
1383 1789 1485 1826 non
1507 1781 1587 1826 est
1607 1791 1621 1836 ;
1642 1788 1763 1842 pcr-

209 1868 274 1923 iit.
301 1867 414 1921 lloc
465 1867 650 1921 dicunt
674 1869 761 1936 qui
788 1865 839 1920 iu
871 1866 959 1920 illa
1003 1879 1108 1919 non
1137 1874 1278 1920 sunt.
1320 1864 1364 1919 0
1403 1864 1759 1931 impudentem

210 1959 402 2014 vocem!
438 1959 527 2015 [lla
557 1974 663 2014 non
689 1967 788 2026 est,
819 1957 940 2028 quia
970 1967 1022 2012 tu
1051 1958 1104 2012 in
1134 1958 1218 2012 illa
1247 1973 1351 2012 non
1383 1959 1505 2014 est?
1532 1957 1665 2012 Vide
1691 1973 1762 2013 ne

211 2054 390 2109 tuideo
420 2069 527 2108 non
557 2052 632 2106 sis
651 2051 811 2117 ;'nam
837 2051 924 2105 illa
960 2051 1081 2115 erit,
1132 2051 1229 2105 etsi
1276 2057 1330 2104 tu
1358 2065 1462 2104 non
1492 2049 1584 2104 sis.
1615 2049 1763 2106 Ilaiic

211 2159 367 2198 vocem
395 2141 827 2204 abominabilem,
845 2141 1234 2205 detestabilem,
1269 2141 1694 2210 prmsumptionis
1709 2151 1763 2197 et

210 2237 432 2292 falsitatis
461 2236 696 2307 plenam,
743 2235 886 2290 nulla
924 2225 1148 2290 veritate
1170 2235 1435 2290 sutl'ultam
1459 2279 1473 2302 ,
1508 2235 1649 2290 nulla
1679 2251 1764 2291 sa-

210 2331 385 2400 pientia
419 2329 769 2384 illuminatam
790 2369 805 2392 ,
849 2327 996 2382 nullo
1043 2327 1154 2382 sale
1197 2326 1501 2391 conditam,
1526 2343 1711 2382 vanam
1743 2368 1759 2393 ,

210 2423 553 2489 temerariam,
585 2413 932 2492 praecipitem,
962 2419 1312 2490 perniciosam
1332 2462 1347 2486 ,
1381 2419 1620 2490 praevidit
1641 2419 1762 2490 Spi-

208 2513 320 2568 ritus
353 2513 453 2569 Dei
483 2555 498 2578 ,
547 2521 602 2568 et
632 2522 879 2583 tanquam
905 2523 1087 2567 contra
1120 2512 1239 2566 illos
1277 2527 1396 2565 cum
1426 2513 1764 2566 annuntiaret

209 2607 445 2661 unitatem
475 2623 490 2659 :
523 2605 593 2660 In
646 2606 986 2661 conveniendo
1048 2605 1262 2677 papulas
1299 2605 1352 2658 in
1377 2621 1530 2658 unum
1551 2645 1566 2672 ,
1598 2615 1644 2660 et
1683 2621 1762 2660 re-

207 2707 318 2766 gna,
346 2708 404 2750 ut
440 2698 659 2751 serviant
702 2696 938 2750 Domino.
985 2697 1221 2767 Cumque
1269 2695 1627 2765 subdidisset,
1663 2697 1764 2751 Re-

209 2789 392 2857 spondit
416 2790 488 2852 ei,
523 2790 704 2859 utique
733 2789 848 2845 laus
873 2789 1020 2859 ejus,
1055 2790 1236 2860 utique
1273 2788 1564 2845 Jerusalem
1594 2802 1763 2845 mater

209 2891 364 2936 nostra
430 2882 497 2937 de
555 2882 976 2954 peregrinatione
1030 2882 1366 2949 revocanda,
1417 2883 1582 2937 ietosa
1641 2898 1760 2938 cum

209 2972 368 3028 multis
400 2973 559 3035 ﬁliis,
602 2973 770 3042 magis
811 2988 970 3044 quam
1018 2988 1079 3027 ea
1127 2988 1244 3043 qua:
1274 2971 1503 3027 habebat
1551 2973 1759 3038 virum;

208 3066 440 3134 quoniam
471 3065 687 3133 quidam
731 3064 923 3120 dicturi
951 3074 1100 3121 erant
1134 3072 1315 3120 contra
1341 3107 1356 3129 ,
1386 3063 1544 3130 Fuit,
1575 3073 1628 3120 et
1657 3081 1759 3118 non

206 3163 316 3208 est:
352 3155 690 3226 Exiguitatem
713 3196 728 3221 ,
761 3154 965 3224 inquit,
1002 3156 1198 3209 dierum
1245 3172 1466 3209 meorum
1517 3156 1762 3210 annuntia

206 3247 332 3300 mihi.
363 3246 499 3314 Quid
525 3259 609 3302 est
637 3287 654 3312 ,
684 3246 821 3320 quod
868 3247 1046 3302 nescio
1074 3247 1162 3317 qui
1202 3246 1511 3301 recedentes
1555 3262 1586 3300 a
1635 3262 1721 3301 me
1742 3289 1758 3315 ,

206 3351 519 3396 murmurant
542 3348 726 3396 contra
753 3355 837 3395 me
852 3339 878 3393 ?
896 3338 1018 3410 quid
1039 3347 1139 3405 est,
1153 3337 1291 3409 quod
1311 3323 1504 3409 perditi
1525 3354 1610 3394 me
1634 3355 1754 3408 pcr-

207 3430 300 3486 isse
319 3428 697 3488 contendunt?
724 3429 878 3486 Certe
904 3430 1043 3485 enim
1067 3429 1166 3485 boc
1187 3430 1387 3497 dicunt,
1416 3429 1536 3500 quia
1567 3429 1635 3484 fui
1665 3471 1682 3495 ,
1708 3439 1763 3485 et

207 3536 298 3576 non
323 3538 441 3578 sum
471 3541 485 3577 :
511 3521 770 3577 Annuntia
797 3521 922 3575 mihi
954 3522 1274 3592 exiguitatem
1300 3522 1493 3575 dierum
1517 3538 1758 3576 meorum.

206 3613 307 3670 Non
329 3633 360 3670 a
387 3626 439 3670 te
462 3630 646 3687 quer
677 3615 795 3670 illos
818 3613 933 3668 dics
957 3623 1219 3668 aeternos:
1247 3613 1320 3667 illi
1345 3613 1463 3668 sine
1492 3612 1594 3667 ﬁne
1615 3621 1758 3680 sunt,

207 3708 283 3763 ubi
309 3723 435 3774 cro;
465 3723 570 3762 non
600 3707 742 3779 ipsos
768 3719 948 3778 quzero
975 3721 988 3757 :
1023 3703 1340 3777 temporales
1367 3719 1547 3775 qurere
1574 3745 1588 3768 ,
1632 3713 1765 3758 tem-

208 3801 404 3869 porales
453 3799 571 3856 dies
624 3798 756 3856 mihi
809 3797 1059 3851 annuntio
1109 3813 1125 3851 :
1177 3794 1515 3866 Exiguitatem
1570 3795 1774 3848 dierum.

206 3907 417 3944 ineorum
438 3933 454 3956 ,
484 3905 590 3944 non
616 3889 966 3944 aeternitatem
997 3885 1202 3941 dierum
1230 3901 1490 3949 meorum,
1518 3885 1764 3938 annuntia

207 3983 340 4036 mihi.
373 3981 633 4052 Quamdiu
673 3995 766 4035 cro
804 3979 856 4034 in
897 3979 998 4033 isto
1039 3978 1273 4045 saeculo,
1312 3976 1562 4031 annuntia
1610 3975 1760 4032 mihi.

206 4082 412 4143 prepter
435 4057 556 4129 illos
577 4072 666 4143 qui
690 4069 894 4134 dicunt,
915 4069 1058 4135 Fuit,
1083 4075 1135 4122 et
1151 4067 1258 4138 jam
1282 4082 1384 4121 non
1411 4075 1492 4122 est
1515 4083 1528 4119 :
1553 4073 1767 4136 propter

209 4163 317 4218 illos
342 4166 430 4235 qui
477 4163 675 4227 dicunt,
704 4161 938 4232 impleta:
957 4170 1081 4215 sunt
1104 4159 1408 4229 Scriptura,
1428 4156 1770 4214 crediderunt

205 4271 388 4312 omnes
411 4266 595 4328 gentes
618 4299 632 4322 ,
674 4255 767 4310 sed
814 4253 1130 4325 apostatavit
1159 4263 1212 4307 et
1251 4252 1404 4323 periit
1444 4251 1674 4308 Ecclesia
1701 4251 1769 4308 de

195 4334 451 4403 omnibus
477 4348 737 4419 gentibus.
761 4345 898 4413 Quid
927 4354 1008 4400 est
1037 4345 1136 4400 hoc
1161 4387 1176 4412 ,
1213 4343 1548 4416 Exiguitatem
1575 4344 1769 4399 dierum

206 4453 427 4493 summ
447 4439 690 4494 annuntio
716 4437 885 4491 mihi?
905 4438 971 4492 Et
992 4437 1322 4491 annuutiavit
1344 4478 1359 4504 ,
1387 4452 1485 4492 nec
1521 4437 1725 4491 vacavit
1751 4436 1767 4468 ί

208 4529 307 4582 ista
345 4544 460 4584 vox.
488 4529 617 4598 Quis
641 4528 971 4583 annnntiavit
1011 4525 1135 4582 mibi
1162 4570 1176 4594 ,
1203 4527 1300 4582 nisi
1331 4526 1443 4596 ipsa
1470 4526 1549 4582 via
1573 4527 1596 4580 τ
1625 4525 1769 4596 Quo-

208 4621 366 4675 modo
401 4620 780 4676 annuntiavit?
812 4619 943 4673 Ecce
983 4635 1072 4690 ego
1111 4617 1360 4672 vobiscum
1383 4635 1494 4671 sum
1528 4633 1682 4683 usque
1719 4619 1772 4672 in

207 4715 677 4768 consummationem
700 4711 872 4766 attenti
899 4709 1119 4782 (Matth.
1150 4725 1335 4774 xxvnt,
1365 4709 1434 4764 20

275 4808 329 4864 9.
359 4808 459 4864 Sed
506 4807 594 4863 hic
635 4808 905 4873 existunt,
951 4816 1005 4860 et
1041 4805 1267 4860 dicunt:
1318 4801 1584 4858 Vobiscum
1630 4817 1763 4869 sum,

210 4901 412 4971 inquit,
455 4916 613 4966 usque
654 4898 709 4952 in
749 4895 1226 4952 consummationem
1259 4895 1432 4949 steculi
1453 4909 1473 4958 ;
1513 4892 1632 4963 quia
1675 4907 1776 4947 nos

210 4992 546 5062 pnevidebat,
592 4990 714 5060 quia
745 5005 867 5060 pars
902 4989 1091 5042 Donati
1113 4987 1214 5041 erit
1237 4986 1289 5041 in
1320 4996 1479 5041 terra.
1511 4981 1776 5055 Numquid

209 5084 316 5154 ipsa
348 5095 426 5141 est
455 5100 575 5154 quae
601 5084 768 5150 dixit,
812 5081 1153 5153 Exiguitatem
1190 5080 1384 5134 dierum
1420 5095 1642 5133 meorum
1677 5095 1775 5132 an-

209 5181 380 5232 nuntio
417 5179 542 5232 mihi
559 5196 577 5243 ;
609 5171 679 5233 'ac
713 5193 819 5232 non
860 5176 944 5233 illa
977 5176 1151 5247 potius
1179 5191 1297 5246 quae
1322 5175 1566 5246 superius
1590 5175 1775 5245 loque-

208 5271 394 5337 batur,
435 5269 500 5324 In
522 5268 858 5324 convenientia
887 5271 1098 5338 populos
1122 5267 1174 5319 in
1204 5282 1362 5320 unum
1380 5305 1395 5330 ,
1430 5275 1480 5320 et
1506 5281 1659 5336 regna
1679 5305 1694 5331 ,
1724 5273 1779 5318 ut

206 5362 418 5414 miunt
460 5359 722 5414 Domino?
771 5357 918 5414 Unde
956 5358 1107 5413 vobis
1137 5359 1157 5389 ³
1185 5371 1280 5412 cor
1317 5356 1500 5412 dolet?
1550 5356 1682 5422 Quia
1725 5365 1780 5411 et

208 5451 557 5521 imperatores
603 5460 788 5506 contra
829 5447 1110 5503 luereticos
1155 5445 1296 5518 leges
1331 5454 1673 5518 proponunt:
1707 5445 1780 5502 ibi

209 5541 480 5612 impletum
505 5551 604 5608 est,
633 5540 708 5596 Et
721 5557 896 5612 regna,
922 5549 978 5595 ut
991 5541 1210 5595 seruiunt
1230 5537 1466 5604 Domino.
1496 5538 1612 5594 Non
1637 5537 1779 5593 enim

271 5695 289 5724 ι
325 5691 455 5755 Μαίη
475 5706 624 5756 uacua
644 5693 751 5756 fuit.
773 5699 875 5742 Duo
898 5701 1022 5752 uss,
1047 5689 1212 5756 tacuit.
1237 5689 1439 5756 tteliqui,
1465 5691 1665 5756 vacavit.

272 5757 294 5786 ι
331 5753 455 5816 an,
478 5755 624 5805 noon.
645 5753 819 5804 nelias
834 5761 962 5812 Mss,
988 5754 1110 5816 vobis
1137 5760 1156 5806 ':
1179 5753 1369 5807 scilicet
1380 5755 1653 5815 Donatistis,
1673 5764 1788 5803 con-

221 5819 290 5861 tra
312 5828 422 5877 quos
446 5819 586 5882 leges
605 5818 730 5868 datae
757 5825 868 5868 sunt
891 5829 969 5867 an.
994 5815 1087 5882 403

1325 374 1722 440 ENARRATIO
1759 374 1825 431 IN
1863 372 2187 431 PSALMUM
2225 371 2312 432 Cl.

3296 375 3443 436 .ιὸΙῦ

1872 509 1969 549 vos
1998 493 2087 551 ﬁlii
2112 493 2242 550 estis
2282 471 2491 548 illorum
2537 489 2970 546 mortilicatorum
2995 533 3011 556 ,
3064 506 3289 562 quorum
3332 509 3438 548 vox

1866 586 2285 655 compeditorum
2327 582 2573 639 exaudita
2622 593 2703 646 cst
2741 599 2768 636 a
2812 584 3053 638 Domino.
3107 585 3299 638 Absit:
3331 601 3437 639 non

1845 662 1968 732 ‘lioc
2012 677 2247 731 indicant
2287 673 2420 728 iacta
2459 685 2632 729 vestra
2658 716 2672 738 ,
2701 689 2806 728 non
2847 674 2946 728 hoc
2973 674 3168 728 indicat
3194 675 3442 744 superbia

1867 780 2062 833 vestra,
2091 784 2192 823 non
2219 767 2318 822 boc
2338 767 2533 821 indicat
2553 767 2756 820 vanitas
2783 751 2959 821 vestra.
2985 784 2998 821 ε
3029 783 3130 820 non
3159 767 3362 834 sapitis,
3387 777 3444 824 ct

1865 861 1995 916 foris
2020 862 2176 922 estis;
2221 860 2296 915 sal
2331 859 2640 914 inl'aluatum
2671 859 2799 914 estis
2823 899 2839 924 ,
2883 859 3001 914 idco
3027 867 3081 913 et
3116 859 3184 912 ab
3211 858 3442 913 hornini-

1865 951 1965 1007 bus
2011 951 2391 1006 conculcamini
2432 949 2643 1020 (Matth.
2674 966 2726 1013 v,
2762 947 2871 1020 15).
2900 949 3228 1020 Auditequitl
3254 949 3393 1004 dicat
3423 965 3442 1007 :

1865 1059 1982 1114 quae
2029 1043 2305 1100 Ecclesia?
2331 1043 2481 1110 Qua:
2529 1042 2870 1112 congregavit
2915 1042 3128 1114 populos
3163 1043 3214 1096 in
3257 1059 3436 1096 unum.

1865 1135 1992 1202 Qua:
2020 1135 2292 1190 Ecclesia?
2341 1136 2471 1202 Quae
2509 1135 2850 1205 congregavit
2891 1152 3081 1204 regna,
3129 1145 3181 1187 ut
3223 1137 3439 1190 serviant

1870 1219 2106 1279 Domino.
2161 1225 2295 1280 Mota
2327 1224 2546 1279 vocibus
2590 1225 2782 1279 vestris
2816 1234 2870 1279 et
2914 1225 3064 1288 falsis
3104 1225 3439 1294 opinionibus

1865 1316 2090 1381 vestris,
2129 1315 2320 1384 quasrit
2345 1330 2373 1368 a
2405 1314 2513 1369 Deo
2541 1324 2597 1369 ut
2621 1315 2960 1385 exiguitatem
2988 1315 3192 1369 dicrqu
3220 1330 3439 1370 suorum

1865 1409 2140 1463 auntmtiet
2183 1408 2321 1475 sibi,
2368 1419 2421 1463 ct
2471 1409 2674 1465 invenit
2708 1410 2985 1464 Dominum
3035 1410 3274 1464 dixisse:
3312 1409 3440 1465 Ecce

1866 1517 1955 1572 ego
1978 1501 2228 1554 vobiscum
2247 1517 2358 1554 sum
2379 1517 2534 1572 usque
2551 1501 2602 1554 in
2625 1502 3100 1555 consummationem
3121 1501 3312 1556 steculi.
3342 1501 3440 1558 Hic

1864 1607 1960 1648 vos
1994 1591 2168 1647 dicitis
2193 1610 2206 1646 :
2236 1588 2307 1647 De
2353 1593 2504 1647 nobis
2530 1593 2699 1659 dixit;
2741 1609 2837 1646 nos
2866 1608 3048 1647 sumus
3068 1634 3082 1654 ,
3112 1608 3212 1648 nos
3237 1594 3439 1648 erimus

1867 1698 2032 1753 usque
2062 1685 2113 1741 iu
2149 1686 2658 1740 consummationem
2686 1683 2888 1739 szeculi.
2943 1685 3300 1755 [interrogetur
3327 1686 3458 1754 ipse-

1866 1771 2129 1842 Cbristus,
2161 1777 2242 1830 cui
2269 1777 2464 1832 dictum
2493 1788 2592 1842 est,
2623 1794 2642 1828 ‹
2683 1776 3039 1846 Exiguitatcm
3061 1775 3266 1830 dierum
3291 1791 3438 1830 meo-

1866 1883 1982 1922 runt
2015 1869 2265 1922 annuntia
2293 1867 2442 1922 mihi.
2477 1867 2543 1922 Et
2571 1867 2960 1938 prmdicabitur,
3001 1886 3019 1919 ι
3054 1867 3242 1937 inquit,
3279 1885 3298 1918 t
3338 1867 3438 1922 hoc

1867 1950 2210 2029 Evangelium
2239 1959 2291 2013 in
2323 1960 2568 2014 universo
2593 1961 2756 2026 orbe,
2792 1961 2842 2014 in
2877 1961 3233 2014 testimonium
3265 1961 3439 2015 omni-

1866 2050 1964 2104 bus
1989 2051 2267 2120 gentibus’;
2311 2061 2367 2107 et
2410 2060 2538 2107 tunc
2575 2053 2752 2108 veniet
2784 2052 2903 2108 linis
2942 2073 2960 2104 ι
2993 2051 3102 2124 (Id.
3137 2069 3296 2118 xxnv,
3323 2053 3436 2124 Η).

1866 2137 2002 2207 Quid
2029 2149 2108 2198 εει
2139 2140 2279 2212 quod
2305 2141 2519 2198 dicebas
2555 2161 2568 2197 :
2598 2142 2709 2198 Hoc
2735 2153 2878 2198 certe
2907 2142 3004 2198 fuit
3029 2155 3082 2197 et
3110 2144 3301 2222 periit?
3330 2144 3436 2198 Do-

1866 2232 2068 2286 minum
2097 2231 2217 2286 audi
2247 2233 2647 2288 aummtiantem
2674 2233 3020 2302 exiguitatem
3052 2234 3254 2287 dierum
3286 2249 3437 2287 meo-

1867 2337 2004 2376 rum.
2038 2321 2404 2378 Prwdicabitur
2423 2365 2437 2387 ,
2470 2323 2666 2392 inquit,
2699 2322 2793 2377 hoc
2819 2320 3170 2393 Evangelium.
3200 2323 3340 2378 Ubi?
3369 2320 3440 2378 In

1867 2423 1968 2470 tota
1992 2414 2110 2469 orbe
2135 2426 2403 2470 terrarum.
2445 2414 2685 2483 Quibus?
2729 2412 2798 2468 In
2835 2415 3168 2468 testimonium
3204 2414 3434 2469 omnibus

1864 2506 2108 2578 gentibus.
2137 2506 2270 2575 Quid
2302 2507 2522 2577 postea?
2555 2505 2623 2560 Et
2658 2515 2773 2560 tunc
2794 2507 2952 2561 veniet
2981 2506 3118 2577 ﬁnis.
3149 2506 3261 2561 Non
3285 2506 3434 2562 vides

1865 2597 2038 2653 adhuc
2062 2613 2182 2654 esse
2203 2607 2387 2668 gentes
2419 2599 2470 2652 in
2501 2597 2692 2667 quibus
2722 2596 2954 2652 nondum
2984 2605 3067 2652 est
3091 2597 3433 2666 prtedicatum

1866 2687 2252 2760 Evangelium?
2280 2687 2413 2742 Cum
2438 2703 2566 2759 ergo
2591 2703 2812 2743 necesse
2837 2688 2905 2744 sit
2938 2689 3142 2756 impleri
3163 2687 3304 2759 quod
3337 2688 3441 2742 Do—

1795 2781 1808 2796 ‘
1865 2780 2039 2834 minus
2065 2780 2218 2842 dixit,
2253 2779 2592 2850 exiguitatem
2622 2779 2826 2834 dierum
2851 2794 3092 2834 meorum
3119 2779 3438 2836 annuntians

1865 2872 2139 2936 Ecclesiae,
2169 2882 2226 2928 ut
2256 2873 2576 2944 prmdicetur
2603 2873 2703 2930 hoc
2726 2874 3076 2944 Evangelium
3107 2874 3159 2930 in
3189 2875 3440 2933 omnibus

1863 2963 2128 3032 gentibus,
2157 2971 2212 3017 et
2239 2974 2363 3018 tunc
2385 2965 2563 3019 veniat
2585 2964 2735 3027 ﬁnis;
2765 2965 2890 3035 quid
2918 2974 2999 3019 cst
3019 2965 3155 3036 quod
3183 2965 3436 3036 dicisjam

1865 3055 2069 3124 perisse
2108 3050 2397 3108 Ecclesium
2423 3053 2491 3110 de
2527 3055 2774 3110 omnibus
2799 3056 3046 3125 gentibus
3069 3096 3086 3122 ,
3127 3057 3339 3127 quando
3367 3057 3435 3113 ad

1865 3143 1968 3201 hoc
2000 3133 2318 3214 praedicatur
2345 3146 2687 3216 Evangelium
2709 3189 2725 3213 ,
2753 3155 2812 3201 ut
2835 3148 3004 3218 possit
3032 3163 3150 3202 esse
3181 3149 3232 3203 in
3263 3149 3437 3204 omni-

1864 3234 1963 3289 bus
1986 3235 2268 3306 gentibus?
2297 3237 2435 3307 Ergo
2464 3253 2630 3307 usque
2654 3238 2705 3292 in
2731 3237 2890 3294 tinem
2911 3237 3093 3294 saeculi
3118 3239 3353 3296 Ecclesia
3381 3241 3434 3295 in

1863 3326 2112 3381 omnibus
2139 3326 2420 3396 gentibus;
2453 3335 2508 3383 et
2533 3328 2646 3398 ipsa
2673 3337 2754 3383 est
2771 3327 3032 3398 exiguitas
3057 3329 3284 3396 dierum,
3308 3332 3433 3401 quia

1863 3416 2109 3486 exiguum
2146 3426 2226 3472 est
2253 3431 2413 3473 omne
2446 3417 2586 3488 quod
2613 3419 2820 3483 ﬁnitur;
2868 3430 2924 3474 ut
2947 3420 3056 3489 jam
3084 3421 3137 3476 in
3166 3421 3436 3481 teteruita-
3481 3449 3493 3464 -

1866 3506 2065 3561 tenrab
2091 3507 2188 3561 ista
2214 3508 2500 3578 exiguitate
2530 3518 2850 3565 transeatur.
2906 3510 3135 3567 Pereunt
3173 3513 3433 3580 haeretici,
3490 3550 3495 3558 .

1866 3606 2084 3668 pereant
2110 3597 2251 3668 quod
2290 3608 2449 3677 spot,
2493 3609 2546 3654 et
2574 3600 2911 3656 inveniantur
2941 3610 2998 3656 ut
3025 3603 3134 3656 sint
3156 3604 3297 3672 quod
3328 3618 3433 3658 non

1864 3698 2008 3744 sunt.
2041 3689 2313 3760 Exiguitas
2340 3677 2546 3745 dierum
2577 3707 2743 3762 usque
2785 3693 2836 3746 in
2878 3693 3034 3747 linem
3073 3694 3256 3749 saeculi
3299 3695 3434 3749 erit:

1865 3780 2124 3850 exiguitas
2149 3779 2302 3848 ideo,
2332 3781 2454 3850 quia
2485 3791 2652 3836 totum
2682 3782 2783 3836 boc
2815 3792 3054 3851 tempus,
3087 3799 3192 3838 non
3224 3784 3344 3838 dico
3368 3785 3440 3840 ab

1867 3869 2126 3926 hodierno
2152 3871 2237 3926 die
2276 3887 2445 3942 usque
2487 3872 2540 3926 in
2577 3871 2733 3927 tinem
2777 3874 2956 3926 saeculi
2987 3915 3001 3939 ,
3050 3873 3144 3929 sed
3175 3874 3242 3929 ab
3265 3873 3434 3929 Adam

1869 3977 2035 4032 usque
2073 3961 2127 4016 in
2170 3962 2330 4018 linem
2358 3963 2540 4018 sazculi
2566 4004 2581 4027 ,
2625 3965 2989 4039 exigua'gutta
3017 3975 3100 4022 εει
3127 3976 3438 4038 comparata

1868 4053 2167 4129 afteriiitati.

1943 4145 2028 4202 10.
2061 4144 2208 4220 [verm
2236 4145 2353 4220 25.]
2379 4145 2492 4204 Non
2515 4161 2640 4218 ergo
2667 4147 3004 4205 blandiantur
3028 4150 3130 4206 sibi
3149 4160 3332 4206 contra
3355 4167 3443 4208 me

1872 4235 2131 4304 inuretici,
2160 4239 2279 4309 quia
2297 4238 2428 4306 dixi,
2453 4237 2789 4311 Eaiguitatem
2815 4241 3007 4294 dierum
3024 4257 3268 4309 meorum,
3290 4245 3443 4313 quasi

1872 4346 1978 4386 non
2013 4346 2410 4400 permansurum
2439 4347 2604 4400 usque
2629 4333 2682 4386 in
2710 4332 2867 4387 tinem
2897 4335 3095 4388 saeculi.
3127 4334 3262 4400 Quid
3294 4336 3444 4390 enim

1873 4421 2114 4497 addidit?
2144 4420 2230 4476 Ne
2262 4438 2456 4478 revoces
2493 4439 2572 4476 me
2605 4423 2656 4476 in
2693 4424 2959 4477 dimidium
2987 4425 3180 4480 dierum
3201 4443 3443 4480 ineorum.

1874 4513 2011 4581 Noli,
2045 4514 2310 4586 quomodo
2332 4514 2566 4570 haeretici
2598 4517 2902 4586 loquuntur,
2929 4517 3008 4573 sic
3037 4533 3242 4573 mecum
3265 4534 3444 4589 agere.

1879 4604 2053 4678 Usque
2086 4605 2138 4660 in
2166 4604 2324 4660 liuent
2356 4605 2536 4660 saeculi
2574 4622 2660 4662 me
2689 4607 2918 4677 perduc,
2951 4623 3056 4663 non
3089 4609 3140 4662 in
3171 4609 3446 4666 dimidium

1875 4687 2081 4754 dierum
2128 4713 2402 4765 nieorum;
2453 4709 2508 4753 et
2551 4701 2743 4768 perlice
2785 4699 2915 4756 mihi
2953 4700 3070 4756 dies
3111 4701 3358 4770 exiguos,
3387 4710 3450 4756 ut

1877 4787 2044 4844 dones
2070 4789 2198 4844 mihi
2231 4801 2414 4860 postea
2439 4789 2552 4845 dies
2590 4800 2840 4846 aeternos.
2884 4791 3059 4860 Quare
3087 4807 3215 4862 ergo
3239 4791 3308 4847 de
3330 4793 3451 4847 exi-

1877 4881 2076 4956 guitate
2119 4881 2322 4936 dierum
2365 4882 2671 4950 requisisti?
2713 4881 2930 4952 Quare?
2976 4883 3068 4940 Vis
3111 4885 3338 4940 audire?
3379 4883 3450 4939 In

1878 4972 2191 5042 generatione
2221 4973 2597 5043 generationum
2616 4973 2737 5026 anni
2764 4975 2854 5028 tui.
2889 4974 3013 5030 Ideo
3041 4991 3138 5045 ego
3167 4975 3235 5031 de
3263 4975 3452 5030 diebus

1880 5063 2082 5132 exiguis
2106 5063 2350 5132 quzxasivi,
2381 5065 2502 5136 quia
2529 5064 2654 5120 licet
2687 5079 2850 5136 usque
2879 5066 2932 5121 in
2962 5067 3118 5122 linem
3145 5068 3323 5124 seculi
3350 5065 3452 5122 du-

1882 5165 2003 5210 rent
2048 5170 2258 5210 mecum
2295 5155 2381 5209 isti
2409 5154 2524 5210 dies
2546 5197 2560 5220 ,
2609 5158 2784 5228 exigui
2813 5167 2937 5214 sunt
2966 5159 3019 5213 in
3055 5157 3453 5228 comparatione

1882 5247 2089 5302 dierum
2120 5258 2329 5302 tuorum
2355 5265 2368 5301 :
2398 5248 2532 5302 Anni
2551 5250 2692 5305 enim
2722 5251 2794 5304 tui
2817 5251 2869 5304 in
2899 5251 3216 5321 generatione
3237 5264 3454 5320 generu—

1883 5342 2094 5416 tionum.
2123 5341 2297 5408 Quare
2318 5357 2422 5396 non
2438 5343 2530 5410 ait,
2553 5344 2784 5399 Annitui
2815 5343 2869 5399 in
2889 5343 3079 5398 sazcula
3104 5341 3450 5407 saeculorum;

1883 5434 1964 5490 sic
1996 5433 2137 5490 enim
2170 5434 2336 5506 magis
2364 5435 2501 5490 solet
2529 5437 2796 5492 aeternitas
2839 5433 3125 5504 significari
3168 5433 3220 5488 in
3257 5434 3456 5490 sanctis

1885 5523 2171 5594 Scripturis
2199 5540 2215 5579 :
2243 5524 2335 5579 sed
2361 5525 2463 5588 ait,
2491 5524 2558 5581 In
2591 5525 2907 5596 generatione
2930 5525 3307 5596 generatiomtm
3332 5524 3454 5585 anni

1885 5619 2001 5674 tui?
2037 5617 2133 5675 sed
2165 5619 2252 5689 qui
2283 5618 2404 5672 anni
2445 5617 2563 5673 tui?
2604 5617 2736 5685 Qui,
2776 5617 2877 5674 nisi
2904 5617 2993 5687 qui
3020 5633 3125 5672 non
3155 5617 3373 5674 veniunt
3400 5627 3454 5675 et

1887 5712 2197 5769 transeunt?
2223 5712 2334 5784 qui,
2359 5711 2458 5767 nisi
2479 5711 2565 5782 qui
2587 5727 2690 5767 non
2713 5710 2833 5767 ideo
2854 5710 3092 5779 veniunt,
3110 5721 3167 5766 ut
3193 5725 3295 5766 non
3314 5711 3456 5768 sint!

1887 5795 2074 5859 Omnis
2097 5804 2242 5862 enim
2268 5803 2387 5863 dies
2415 5803 2470 5862 lu
2497 5803 2602 5863 hoc
2627 5790 2868 5878 tempore
2894 5803 3015 5863 ideo
3055 5802 3241 5874 venit,
3269 5811 3328 5860 ut
3349 5818 3458 5861 non
