3984 6204
460 355 594 415 1311
642 384 645 385 ν

456 473 560 536 sit;
590 466 764 524 omnis
788 463 914 519 hora
937 502 955 529 ,
983 458 1157 515 omnis
1175 457 1373 514 mensis
1393 497 1410 524 ,
1440 453 1614 511 omnis
1636 469 1808 509 annus
1841 472 1856 508 :
1885 451 2020 507 nihil

460 562 651 619 horum
679 566 820 622 stat;
865 562 1144 622 antequam
1170 550 1340 606 veniat
1367 589 1383 615 ,
1414 549 1517 611 erit
1545 547 1598 614 ‘;
1640 561 1762 623 eum
1785 544 2013 629 venerit,

460 668 568 709 non
605 649 725 706 erit.
774 644 855 700 illi
883 658 1011 715 ergo
1040 643 1162 697 anni
1189 641 1261 696 tui
1288 639 1506 707 interni,
1549 637 1673 693 anni
1702 637 1777 692 tui
1802 637 1893 706 qui
1915 650 2022 690 non

459 748 750 805 mutantur,
778 736 833 790 in
847 732 1169 806 generatione
1182 731 1557 803 generationum
1580 737 1755 784 erunt.
1777 727 1873 783 Est
1891 741 2029 797 qua:-

462 832 586 886 dam
622 828 896 900 generatio
933 825 1362 897 generationum;
1395 822 1446 877 in
1474 822 1560 876 illa
1590 830 1745 877 erunt
1771 819 1898 874 anni
1929 818 2026 874 tui.

460 926 591 991 Quae
617 930 697 978 est
727 907 876 975 ista?
921 917 1016 972 Est
1040 916 1278 987 quaedam
1296 956 1310 979 ,
1339 921 1394 969 et
1420 912 1464 965 si
1493 912 1628 969 bene
1661 923 2029 981 agnoscamus,

460 1017 513 1071 in
545 1015 633 1071 illa
660 1014 878 1078 erimus,
905 1019 960 1066 et
983 1010 1107 1064 anni
1142 1009 1235 1064 Dei
1266 1009 1319 1063 in
1350 1007 1505 1062 nobis
1534 1013 1714 1061 erunt.
1751 1001 2029 1070 Quomodo

461 1108 515 1162 in
551 1105 705 1161 nobis
743 1101 943 1160 erant?
986 1098 1263 1169 Quomodo
1304 1098 1416 1168 ipse
1446 1096 1585 1151 Deus
1614 1096 1666 1149 in
1705 1093 1857 1148 nobis
1885 1091 2027 1146 erit:
2072 1128 2073 1131 η

465 1197 608 1253 unde
630 1197 829 1252 dictum
854 1203 955 1263 est,
985 1192 1053 1249 Ut
1072 1195 1135 1248 sit
1160 1190 1299 1246 Deus
1319 1189 1488 1246 omnia
1510 1189 1562 1242 in
1587 1187 1814 1242 omnibus
1842 1185 1886 1255 (l
1908 1180 2026 1240 Lor.

462 1307 554 1356 xv,
579 1291 693 1360 ‘28).
724 1288 837 1344 Non
865 1288 1007 1344 enim
1034 1284 1175 1341 aliud
1199 1283 1321 1339 anni
1352 1282 1465 1347 Dei,
1493 1291 1547 1337 et
1573 1279 1715 1334 aliud
1745 1278 1860 1349 ipse
1893 1295 1906 1333 :
1934 1275 2029 1332 sed

464 1382 588 1437 anni
620 1382 733 1446 Dei,
759 1368 1027 1436 :cternitas
1049 1377 1143 1433 Dei
1176 1387 1294 1433 est:
1323 1375 1614 1441 mternitas,
1644 1374 1755 1444 ipsa
1782 1371 1875 1426 Dci
1901 1367 2030 1425 sub-

465 1472 659 1527 stantia
682 1481 795 1537 est,
843 1486 960 1543 qua:
1001 1469 1131 1524 nihil
1169 1469 1328 1524 habet
1367 1466 1653 1532 mutabile;
1698 1464 1770 1519 ibi
1797 1462 1924 1518 nihil
1950 1472 2033 1516 est

466 1563 790 1635 prieteritum
814 1604 829 1627 ,
874 1562 1023 1632 quasi
1048 1561 1156 1629 jam
1187 1575 1291 1613 non
1333 1558 1435 1623 sit;
1486 1556 1618 1611 nihil
1657 1562 1740 1611 est
1776 1554 2032 1619 futurum,

467 1632 618 1726 quasi
644 1632 874 1709 nondum
902 1653 991 1707 sit.
1034 1651 1149 1708 Non
1179 1660 1262 1715 est
1289 1650 1359 1704 ibi
1388 1648 1487 1704 nisi
1512 1689 1527 1714 ,
1557 1648 1680 1714 Est;
1708 1661 1813 1702 non
1837 1653 1920 1701 est
1940 1644 2031 1709 ibi,

469 1747 591 1803 Fuit
613 1756 667 1802 et
692 1744 826 1811 erit;
849 1746 969 1816 quia
1001 1754 1054 1800 et
1087 1744 1225 1814 quod
1250 1744 1364 1807 fuit,
1393 1741 1501 1811 jam
1537 1756 1642 1795 non
1672 1746 1786 1802 est;
1810 1745 1865 1793 et
1891 1734 2035 1806 quod

469 1838 595 1903 erit,
626 1836 862 1891 nondum
888 1844 970 1890 est
1001 1852 1016 1888 :
1043 1833 1137 1889 sed
1164 1831 1419 1903 quidquid
1443 1830 1513 1886 ibi
1538 1838 1620 1884 est
1646 1870 1661 1894 ,
1688 1827 1903 1882 nonnisi
1930 1832 2034 1880 est.

470 1927 661 1983 Merito
690 1927 768 1980 sic
802 1925 945 1980 misit
970 1925 1110 1980 Deus
1140 1921 1394 1977 famulum
1415 1935 1570 1976 suum
1598 1918 1839 1991 Moysen.
1872 1914 2033 1984 Quie-

471 2019 596 2073 sivit
617 2018 757 2073 enim
785 2031 981 2071 nomen
1010 2013 1273 2069 mittentis
1298 2026 1392 2078 se;
1429 2009 1671 2080 qmesivit
1689 2050 1705 2076 ,
1733 2016 1786 2063 et
1809 2005 2036 2071 audivit,

471 2125 575 2166 nec
597 2108 868 2165 desertum
908 2115 991 2163 est
1031 2103 1356 2161 desiderium
1385 2099 1832 2170 concupiscentia:
1856 2097 2037 2152 bonaz.

470 2200 727 2266 Quaesivit
743 2206 956 2263 autem,
995 2210 1098 2250 non
1136 2193 1287 2265 quasi
1324 2193 1631 2272 curiositate
1655 2187 2036 2261 praesumendi,

474 2289 568 2345 sed
595 2288 912 2344 necessitate
939 2284 1296 2340 ministrandi.
1331 2283 1486 2350 Quid,
1516 2282 1704 2353 inquit,
1733 2281 1897 2334 dicam
1917 2279 2040 2348 ﬁliis

475 2379 669 2445 Israel,
696 2379 740 2434 si
776 2378 992 2433 dixerint
1020 2376 1143 2430 milii
1165 2389 1183 2429 :
1214 2374 1338 2441 Quis
1367 2385 1413 2429 te
1440 2374 1572 2427 misit
1606 2371 1672 2425 ad
1696 2370 1829 2425 nos?
1858 2370 1922 2423 Et
1950 2367 2043 2424 ille

475 2469 713 2525 indicans
732 2484 790 2523 se
815 2476 1071 2523 creatura:
1104 2464 1411 2520 Creatorem
1431 2504 1447 2528 ,
1487 2463 1652 2518 Deum
1681 2460 1905 2525 homini,
1933 2461 2039 2513 im-

474 2559 751 2615 mortalem
778 2558 1016 2625 mortali,
1049 2567 1307 2612 aelernum
1334 2554 1611 2625 temporali
1638 2570 1653 2607 :
1684 2552 1793 2624 Ego
1814 2593 1828 2615 ,
1852 2552 2040 2623 inquit,

475 2667 588 2706 sum
625 2651 709 2719 qui
743 2665 875 2703 sum.
924 2648 1004 2702 'I‘u
1047 2647 1272 2710 diceres,
1324 2646 1432 2716 Ego
1474 2659 1612 2699 sum.
1661 2643 1827 2713 Quis?
1855 2642 2044 2709 Gaius;

477 2742 615 2796 alius
637 2781 654 2807 ,
685 2740 909 2807 Lucius;
940 2739 1074 2794 alius
1094 2780 1109 2804 ,
1151 2738 1374 2793 Marcus.
1423 2736 1649 2792 Aliudne
1675 2736 1882 2792 diceres
1900 2776 1915 2801 ,
1941 2734 2043 2791 nisi

479 2846 671 2889 nomen
711 2841 858 2887 tuum
902 2831 1152 2887 diceres?
1208 2829 1319 2886 lloc
1366 2828 1772 2899 exspectabatur
1805 2827 1885 2899 de'
1913 2827 2045 2882 Deo.

440 2960 446 2966 -
480 2926 596 2982 lloc
629 2926 772 2981 enim
799 2932 910 2979 erat
938 2923 1239 2994 quaesitum.
1286 2920 1423 2988 Quid
1456 2920 1709 2975 vocaris?
1754 2920 1799 2974 A
1828 2933 1934 2988 quo
1961 2932 2049 2973 me

480 3017 699 3072 missum
750 3029 870 3071 esse
918 3012 1253 3084 respondebo
1302 3009 1701 3082 quaerentibus?
1752 3008 1864 3080 Ego
1913 3025 2046 3063 sum.

478 3108 649 3177 Quis?
682 3107 782 3175 Qui
799 3120 930 3162 sum.
967 3106 1078 3160 Hoc
1103 3114 1395 3161 estnomen
1419 3103 1607 3157 tuum?
1648 3101 1747 3156 hoc
1773 3110 1854 3157 est
1880 3110 2048 3155 totum

479 3199 619 3269 quod
645 3197 888 3253 vocaris?
913 3197 1064 3251 Esset
1085 3195 1176 3251 tibi
1205 3209 1397 3249 nomen
1424 3193 1593 3263 ipsum
1619 3206 1759 3255 esse,
1786 3189 1887 3244 nisi
1906 3188 2050 3259 quid-

481 3287 605 3359 quid
627 3296 708 3343 est
735 3286 898 3354 aliud,
926 3284 1019 3341 tibi
1046 3291 1429 3354 comparatum,
1456 3282 1781 3359 inveniretur
1807 3295 1910 3336 non
1930 3294 2052 3336 esse

447 3397 458 3410 -
482 3380 649 3435 vere?
678 3379 788 3434 lloc
816 3387 899 3434 est
925 3392 1117 3432 nomen
1149 3385 1294 3432 tuum
1325 3393 1339 3430 :
1369 3375 1610 3445 exprime
1636 3376 1736 3429 hoc
1764 3373 1904 3429 idem
1931 3388 2050 3429 me-

446 3496 449 3501 ν
485 3471 605 3526 lius.
660 3468 799 3523 Vade
818 3510 832 3532 ,
869 3467 1070 3538 inquit,
1098 3476 1144 3520 et
1163 3466 1245 3520 die
1269 3465 1388 3534 ﬁliis
1414 3462 1577 3519 Israel
1600 3454 1622 3520 .°
1653 3463 1755 3530 Qui
1780 3471 1890 3530 est,
1917 3462 2053 3516 misit

484 3579 563 3616 me
588 3560 656 3613 ad
680 3576 784 3614 eos.
818 3556 928 3629 Ego
952 3558 1168 3627 sum‘qui
1187 3573 1297 3611 sum
1325 3571 1344 3610 :
1372 3556 1457 3624 qui
1480 3564 1583 3621 est,
1610 3556 1742 3609 misit
1763 3571 1840 3608 me
1857 3552 1925 3607 ad
1944 3569 2046 3609 eos.

486 3650 729 3721 Magnum
756 3663 881 3704 ecce
905 3647 1035 3715 Est,
1078 3661 1324 3718 magnum
1355 3645 1481 3701 Est!
1508 3644 1587 3701 Ad
1613 3645 1714 3700 hoc
1742 3645 1899 3700 homo
1927 3643 2054 3715 quid

485 3742 610 3811 est?
635 3740 714 3797 Ad
745 3740 869 3796 illud
896 3750 1002 3795 tam
1030 3754 1276 3809 magnum
1300 3737 1411 3803 Est,
1437 3738 1597 3793 homo
1624 3736 1759 3808 quid
1773 3745 1876 3804 est,
1901 3735 2055 3807 quid-

486 3833 612 3904 quid
637 3832 756 3889 est?
783 3830 911 3900 Quis
932 3829 1295 3901 apprehendat
1320 3828 1445 3885 illud
1472 3827 1628 3885 esse?
1656 3829 1773 3899 quis
1797 3829 1913 3899 ejus
1934 3843 2065 3897 par-

493 3924 660 3994 ticeps
696 3922 829 3977 ﬁat?
861 3904 1262 3993 quis’anhelet?
1305 3920 1423 3990 quis
1460 3918 1697 3990 aspiret?
1733 3919 1852 3990 quis
1891 3919 1963 3974 ibi
1996 3933 2057 3975 se

488 4031 612 4072 esse
637 4030 791 4086 posse
831 4014 1152 4085 praesumat?
1196 4012 1312 4068 Noli
1341 4012 1656 4082 desperare,
1688 4010 1915 4066 humana
1946 4009 2056 4066 fra—

490 4110 686 4179 gilitas.
718 4106 827 4178 Ego
841 4122 973 4172 sum,
997 4105 1182 4175 inquit,
1211 4102 1347 4159 Deus
1373 4104 1644 4171 Abraham,
1662 4112 1711 4159 et
1733 4103 1870 4157 Deus
1886 4101 2055 4171 Isaae,

491 4201 539 4255 et
565 4196 704 4253 Deus
743 4194 902 4251 Iacob
928 4194 1120 4268 (Exod.
1161 4210 1254 4258 tu,
1285 4193 1494 4261 l5-l5).
1550 4193 1756 4248 Audisti
1795 4192 1920 4264 quid
1957 4192 2058 4247 sim

495 4290 635 4360 apud
665 4303 784 4354 me,
825 4287 945 4344 audi
971 4295 1027 4343 et
1061 4286 1186 4357 quid
1226 4287 1327 4341 sim
1371 4294 1587 4356 propter
1620 4294 1694 4340 te.
1751 4285 1874 4339 lla:e
1903 4284 2061 4354 igitur

494 4380 767 4438 aeternitas
802 4378 1011 4435 vocavit
1054 4393 1152 4433 nos
1174 4418 1189 4442 ,
1220 4385 1273 4431 et
1298 4377 1472 4448 erupit
1505 4388 1571 4430 ex
1603 4376 1899 4432 aeternitate
1926 4373 2059 4431 Ver-

497 4475 641 4529 bum.
663 4473 779 4529 Jam
797 4472 1083 4533 :eternitas.
1106 4470 1214 4539 jam
1236 4469 1489 4535 Verbum,
1512 4478 1568 4525 et
1583 4469 1813 4524 nondum
1831 4476 2058 4539 tempus.

497 4568 675 4633 Quare
705 4563 935 4620 nondum
965 4564 1210 4634 tempus?
1251 4562 1397 4629 Quia.
1428 4562 1620 4617 factum
1646 4569 1727 4617 est
1751 4570 1803 4618 et
1833 4544 2061 4636 tempus.

498 4657 776 4724 Quomodo
817 4655 1010 4710 factum
1040 4664 1123 4711 est
1161 4662 1213 4709 et
1256 4653 1497 4723 tempus?
1557 4651 1740 4707 Omnia
1781 4670 1868 4724 per
1902 4654 2067 4725 ipsum

500 4748 637 4819 facta
655 4756 806 4815 sunt,
847 4755 892 4803 et
931 4747 1040 4802 sine
1063 4747 1173 4819 ipso
1210 4750 1397 4810 factum
1442 4753 1513 4800 est
1539 4745 1667 4799 nihil
1693 4743 1871 4815 (Joan.
1906 4760 1953 4811 ι,
1984 4743 2063 4815 5).

504 4842 550 4897 0
588 4839 819 4896 Verbum
844 4847 968 4894 ante
1005 4846 1243 4909 tempora
1272 4880 1287 4905 ,
1319 4852 1417 4909 per
1439 4836 1578 4906 quod
1620 4834 1755 4890 facta
1786 4843 1908 4890 sunt
1935 4844 2069 4891 tem-

503 4947 657 5007 pora,
687 4940 868 4987 natum
892 4939 947 4986 et
970 4929 1024 4984 in
1055 4939 1294 4999 tempore
1312 4970 1328 4993 ,
1358 4943 1477 4984 cum
1499 4927 1569 4982 sit
1593 4927 1699 4981 vita
1722 4936 1942 4990 aiterna,
1970 4940 2068 4979 vo-

503 5039 635 5083 cans
657 5022 992 5094 temporales,
1024 5019 1223 5077 faciens
1248 5021 1505 5075 aeternos!
1534 5019 1657 5073 Hinc
1684 5019 1954 5089 generatio
1979 5032 2067 5089 ge~

507 5117 865 5173 nerationum.
909 5113 1193 5171 Generatio
1219 5113 1357 5168 enim
1389 5113 1563 5181 vadit,
1590 5122 1646 5167 et
1671 5112 1944 5181 generatio
1976 5126 2070 5166 ve-

508 5211 593 5266 nit
618 5207 813 5278 (Eecle.
842 5223 895 5273 ι,
926 5208 1006 5276 4).
1058 5206 1127 5261 Et
1157 5204 1343 5260 videtis
1388 5205 1756 5276 generationes
1797 5203 2070 5270 hominum

508 5300 732 5356 sieesse
760 5299 814 5353 in
845 5307 986 5353 terra
1010 5336 1025 5360 ,
1081 5307 1326 5366 tanquam
1368 5296 1420 5349 in
1445 5295 1636 5351 arbore
1688 5294 1843 5357 folia;
1883 5292 1974 5349 sed
2021 5294 2072 5348 in

506 5389 701 5445 arbore
727 5388 911 5456 olivae,
954 5386 1038 5442 vel
1064 5386 1230 5453 lauri,
1273 5385 1357 5440 vel
1402 5384 1659 5455 cujusque
1697 5384 1916 5439 alterius
1958 5398 2076 5453 qua:

517 5489 633 5536 toto
661 5490 898 5551 tempore
927 5478 1113 5535 fronde
1153 5477 1341 5533 vestita
1376 5486 1478 5532 est.
1526 5475 1615 5532 Sic
1654 5485 1901 5545 tanquam
1947 5472 2076 5528 folia

487 5584 687 5644 .genus
724 5570 1010 5627 humanum
1044 5579 1182 5626 terra
1210 5577 1389 5641 portat
1414 5584 1427 5622 :
1459 5567 1614 5641 plena
1639 5576 1720 5622 est
1751 5564 2074 5651 hominibus,

581 5704 599 5738 ⁸
632 5705 705 5755 Sic
741 5712 839 5753 Am.
880 5707 958 5757 Er.
989 5712 1042 5757 et
1075 5703 1239 5768 plures
1261 5710 1365 5756 uss.
1391 5708 1446 5753 At
1478 5708 1610 5766 Lov.,
1646 5712 1739 5752 non
1759 5698 1866 5752 erit.
1887 5698 2080 5761 quidam

518 5773 645 5829 In,
665 5778 757 5818 non
777 5772 896 5817 erat.
1704 5804 1714 5815 .

1678 339 1736 397 S.
1775 335 2137 397 AUGUSTINI
2174 336 2470 396 EPISCOPI

3560 342 3708 400 l3l2

2138 452 2232 507 sed
2269 452 2394 508 dum
2428 449 2544 508 aliis
2568 451 2921 511 morientibus
2957 453 3050 511 alii
3093 456 3359 513 nascendo
3386 459 3699 517 succedunt.

2120 542 2355 613 Semper
2381 544 2522 599 enim
2550 543 2710 600 arbor
2737 544 2825 600 illa
2862 555 3011 601 veste
3039 546 3192 603 viridi
3230 556 3415 603 ornata
3441 559 3526 606 est
3556 569 3571 607 :
3599 551 3704 609 sed

2133 634 2316 690 subter
2341 635 2555 693 attende
2576 652 2732 710 quam
2756 637 2918 693 multa
2948 638 3122 694 calces
3141 638 3288 696 arida
3317 640 3462 698 folia.

2207 727 2462 807 llaErgo
2507 728 2604 783 fuit
2631 730 2903 800 generatio
2931 730 3031 787 sub
3052 730 3257 811 Adam,
3304 734 3534 790 transiit.
3580 735 3708 792 Nati

2132 826 2255 873 sunt
2297 818 2419 874 inde
2458 819 2669 889 quidam
2716 819 2886 876 futuri
2920 822 3203 892 participes
3249 826 3564 882 aeternitatis
3606 826 3707 883 Dei

2080 968 2087 975 ,
2132 908 2289 962 etiam
2317 909 2408 965 illo
2434 918 2675 981 tempore
2708 929 2721 968 :
2754 911 2876 968 inde
2900 914 3045 969 enim
3071 913 3228 981 Abel,
3257 915 3379 971 inde
3402 916 3553 987 Seth,
3576 919 3711 976 inde

2134 996 2338 1053 Enoeh.
2385 999 2620 1055 Transiit
2663 1001 2750 1056 illa
2790 1003 3095 1073 generatio,
3126 1006 3268 1060 venit
3293 1006 3581 1073 diluvium,
3611 1025 3710 1064 re-

2135 1094 2327 1146 mansit
2352 1108 2453 1147 una
2482 1092 2690 1148 domus.
2741 1093 2810 1149 Et
2849 1094 2935 1151 illa
2971 1097 3245 1166 generatio
3285 1096 3433 1153 dedit
3468 1099 3710 1169 aliquos.

2136 1179 2306 1251 ipsum
2333 1182 2443 1238 Noe
2463 1225 2477 1247 ,
2505 1192 2555 1240 et
2588 1193 2697 1239 tres
2725 1185 2742 1216 ί
2774 1184 2910 1240 ﬁlios
2940 1186 3057 1256 ejus
3078 1227 3095 1253 ,
3132 1196 3189 1242 et
3214 1197 3322 1242 tres
3350 1205 3513 1245 nurus
3533 1190 3655 1257 ejus
3688 1208 3708 1246 :

2136 1269 2189 1325 in
2217 1281 2324 1326 tota
2352 1274 2489 1329 enim
2515 1274 2674 1331 domo
2701 1275 2799 1330 ista
2821 1278 3087 1331 octonaria
3116 1278 3261 1332 solus
3290 1271 3423 1334 unus
3454 1290 3714 1351 peccator

2136 1364 2376 1420 inventus
2401 1373 2501 1422 est.
2531 1367 2767 1422 Accessit
2796 1383 3047 1424 numerus
3073 1370 3333 1440 superiori
3351 1374 3716 1442 generationi.

2137 1457 2336 1513 Deinde
2360 1458 2426 1514 de
2457 1459 2623 1514 tribus
2653 1459 2773 1513 filiis
2798 1459 2909 1515 Noe
2931 1501 2948 1528 ,
2991 1470 3240 1534 tanquam
3270 1462 3338 1518 de
3365 1463 3531 1520 tribus
3560 1480 3716 1522 men-

2137 1552 2274 1605 suris
2303 1549 2520 1617 farinae,
2568 1552 2813 1622 impletus
2854 1560 2936 1609 est
2963 1553 3126 1607 orbis.
3177 1553 3388 1610 Electus
3416 1565 3499 1612 est
3530 1557 3716 1613 Abra—

2139 1640 2258 1695 ham
2279 1683 2294 1704 ,
2325 1641 2469 1697 Isaac
2491 1683 2507 1707 ,
2535 1651 2588 1697 et
2616 1642 2816 1709 Jacob;
2866 1646 3037 1698 sancti
3063 1642 3199 1711 viri,
3224 1645 3560 1714 patriarchas,
3588 1649 3719 1717 pla-

2137 1742 2362 1788 cuerunt
2387 1733 2497 1788 Deo
2524 1732 2674 1803 (Gen.
2705 1736 2999 1807 iv-xxuu).
3055 1735 3207 1790 Dedit
3239 1744 3293 1791 et
3315 1736 3400 1791 illa
3429 1739 3715 1808 generatio

2140 1835 2423 1894 sequentes
2449 1829 2606 1881 etiam
2649 1837 2967 1898 generantes
2995 1830 3015 1860 ¹
3035 1870 3051 1895 ,
3085 1827 3349 1885 dederunt
3387 1830 3719 1901 Prophetas,

2139 1913 2401 2007 dederunt
2439 1931 2709 1986 praecones
2752 1918 2863 1972 Dei.
2919 1916 3074 1973 Venit
3115 1920 3273 1976 etiam
3303 1931 3485 1991 postea
3512 1934 3566 1978 et
3594 1924 3717 1994 ipse

2143 2010 2397 2065 Dominus
2426 2021 2606 2067 noster
2629 2011 2782 2066 Jesus
2807 2011 3081 2079 Christus,
3126 2013 3270 2068 misit
3308 2013 3626 2070 fermentum
3656 2018 3723 2070 iis

2144 2109 2253 2156 tres
2282 2116 2555 2157 mensuras
2586 2102 2769 2157 farinae
2788 2145 2812 2171 ,
2835 2119 3112 2174 quousque
3142 2104 3555 2162 fermentaretur
3578 2108 3599 2138 ³
3623 2118 3721 2163 to-

2142 2199 2253 2246 tum
2303 2191 2514 2261 (Matth.
2543 2209 2667 2258 xui,
2696 2194 2808 2264 53).
2871 2194 3217 2265 Temporibus
3262 2196 3315 2250 in
3360 2205 3501 2251 terra
3530 2199 3727 2255 carnis

2145 2284 2283 2340 illius
2310 2284 2521 2340 fuerunt
2540 2286 2777 2354 Apostoli
2796 2327 2811 2351 ,
2844 2286 3052 2341 fuerunt
3076 2286 3280 2352 sancti;
3328 2296 3446 2357 post
3471 2289 3590 2345 illos
3617 2290 3721 2345 alii

2145 2375 2313 2430 sancti
2344 2391 2357 2428 :
2386 2382 2441 2429 et
2479 2389 2619 2429 nunc
2644 2375 2695 2429 in
2741 2376 2956 2453 nomine
2995 2374 3191 2432 Christi
3232 2378 3548 2450 quicumque
3588 2392 3721 2436 sunt

2146 2465 2334 2530 sancti,
2362 2472 2417 2520 et
2440 2474 2559 2535 post
2576 2480 2673 2519 nos
2680 2467 3003 2537 quicumque
3022 2476 3195 2534 erunt,
3211 2477 3266 2523 et
3284 2484 3450 2539 usque
3476 2471 3528 2524 iu
3551 2470 3733 2526 ﬁnem

2149 2558 2327 2612 smeuli
2358 2557 2676 2629 quicumque
2709 2558 2900 2613 sancti.
2930 2559 3005 2614 De
3035 2568 3112 2614 tot
3143 2560 3575 2631 generationibus
3597 2564 3723 2619 col-
3820 2559 3825 2562 ’

2118 2647 2281 2717 ,liges
2307 2662 2495 2703 omnes
2520 2657 2732 2704 sanctas
2756 2650 2933 2719 p’roles
2957 2650 3190 2704 omnium
3214 2658 3640 2721 generattouum,
3661 2663 3727 2710 et

2152 2737 2312 2794 facies
2340 2738 2463 2812 inde
2503 2755 2660 2794 unam
2703 2741 3102 2810 generationem
3134 2739 3244 2795 ειη
3271 2741 3369 2796 ista
3396 2746 3730 2813 generatione

2151 2833 2526 2901 generationum
2548 2833 2668 2886 anni
2688 2833 2760 2886 tui
2774 2874 2788 2896 ,
2813 2832 2864 2887 id
2889 2842 2992 2900 est,
3023 2833 3291 2890 aeternitas
3317 2833 3407 2890 illa
3434 2837 3485 2890 in
3513 2836 3598 2890 illa
3620 2851 3729 2908 ge-

2154 2926 2427 2979 neratione
2451 2924 2553 2978 erit
2574 2963 2590 2986 ,
2635 2939 2752 2995 quae
2785 2923 2854 2979 de
2883 2924 3128 2980 omnibus
3156 2926 3588 2996 generationibus
3606 2929 3733 2983 eul-

2155 3016 2350 3086 ligitur,
2370 3026 2423 3072 et
2443 3017 2494 3071 in
2515 3032 2668 3070 unam
2692 3015 2986 3088 redigitur;
3020 3018 3131 3087 ipsa
3154 3018 3417 3088 particeps
3442 3018 3542 3073 erit
3557 3029 3732 3075 arter-

2155 3107 2334 3161 nitatis
2361 3116 2481 3160 tua}.
2522 3103 2741 3162 Caetera:
2784 3108 3156 3178 generationes
3190 3107 3470 3187 implendis
3513 3117 3733 3179 tempo-

2156 3199 2302 3253 ribus
2325 3209 2664 3268 generantur,
2706 3213 2771 3252 ex
2796 3198 2985 3269 quibus
3010 3199 3097 3254 illa
3127 3199 3179 3254 in
3210 3209 3466 3255 aeternum
3495 3215 3729 3272 regene-

2156 3300 2331 3357 ratur;
2373 3300 2574 3345 mutata
2614 3290 2995 3359 viviﬁcabitur,
3033 3293 3137 3348 erit
3173 3292 3364 3349 idonea
3393 3302 3605 3364 portare
3644 3303 3726 3359 te,

2156 3382 2298 3436 vires
2344 3382 2608 3454 accipiens
2648 3397 2680 3437 a
2725 3392 2795 3438 te.
2860 3382 2929 3438 In
2978 3385 3294 3457 generatione
3344 3385 3734 3457 generationem

2158 3473 2279 3526 anni
2309 3474 2400 3526 tui.
3624 3532 3633 3540 ο
3706 3489 3711 3492 ’

2230 3565 2316 3619 12.
2349 3560 2509 3638 [vers.
2542 3563 2734 3620 26-28.
2759 3563 2782 3638 ]
2808 3563 2872 3618 In
2910 3565 3156 3636 principio
3186 3574 3370 3620 terram
3402 3575 3455 3620 tu
3480 3566 3731 3637 fundasti,

2158 3654 2392 3709 Domine.
2421 3655 2550 3710 Novi
2571 3656 2920 3710 aeternitatem
2945 3666 3106 3723 tuam,
3143 3673 3244 3726 qua
3273 3658 3524 3726 praecedis
3549 3662 3735 3713 omnia

2159 3764 2276 3815 qum
2307 3746 2493 3802 fecisti.
2526 3745 2784 3819 Principio
2821 3759 3004 3801 terram
3047 3758 3098 3800 tu
3116 3748 3359 3816 fundasti,
3391 3746 3646 3816 Domine;
3679 3761 3734 3804 et

2160 3854 2313 3910 Opera
2337 3856 2572 3892 manuum
2595 3847 2793 3892 tuarum
2819 3848 2935 3894 sunt
2961 3839 3090 3893 creti.
3119 3837 3241 3909 Ipsi
3270 3841 3533 3910 peribunt;
3561 3852 3615 3894 tu
3632 3858 3735 3894 au-

2163 3940 2259 3985 tem
2280 3947 2538 4002 permanes
2556 3947 2575 3985 :
2595 3940 2644 3985 et
2670 3948 2840 3986 omnes
2864 3931 2991 3985 sicut
3025 3932 3366 3986 vestimentum
3405 3942 3733 4000 eeterascent,

2163 4031 2211 4076 et
2236 4022 2362 4076 sicut
2390 4022 2693 4094 apertorium
2716 4021 2925 4076 mutabis
2950 4037 3055 4087 eos,
3082 4031 3128 4076 et
3156 4021 3477 4077 mutabuntur
3502 4040 3521 4087 ,'
3546 4034 3737 4079 tneero

2163 4113 2296 4167 idem
2322 4111 2462 4184 ipse‘
2482 4129 2550 4167 es.
2571 4112 2650 4168 Tu
2675 4114 2795 4183 quis
2829 4128 2887 4168 es
2910 4113 2932 4168 ?
2957 4112 3103 4168 Idem
3130 4116 3238 4185 ipse
3274 4131 3346 4169 es.
3369 4115 3448 4170 Tu
3472 4116 3559 4187 qui
3587 4115 3735 4171 disi-

2165 4204 2252 4267 sti,
2277 4202 2385 4273 Ego
2401 4219 2511 4256 sum
2534 4204 2622 4274 qui
2665 4219 2797 4268 sum,
2834 4203 2963 4257 idem
2992 4205 3098 4274 ipse
3122 4221 3193 4259 es.
3222 4205 3286 4260 Et
3313 4207 3552 4275 quamvis
3571 4206 3735 4261 etiam

2166 4297 2279 4367 ipsa
2306 4311 2410 4350 non
2436 4302 2615 4350 essent
2639 4295 2737 4351 nisi
2765 4312 2829 4351 ex
2853 4305 2920 4360 te,
2952 4306 3007 4352 et
3037 4313 3130 4368 per
3166 4308 3239 4366 te,
3260 4299 3392 4354 etin
3432 4308 3505 4364 te,
3557 4307 3737 4353 tamen

2169 4403 2272 4442 non
2294 4384 2431 4456 quod
2471 4386 2809 4456 ipse’eszTu
2855 4388 2995 4443 enim
3040 4389 3171 4442 idem
3197 4390 3304 4460 ipse
3330 4406 3401 4444 es.
3426 4388 3494 4443 Et
3515 4389 3640 4443 anni
3662 4391 3740 4442 tui

2168 4494 2268 4532 non
2293 4477 2540 4546 deﬁcient.
2565 4477 2641 4531 Illi
2662 4477 2784 4533 anni
2808 4478 2876 4532 tui
2901 4494 3003 4532 non
3016 4479 3285 4546 deﬁcient,
3314 4480 3387 4535 illi
3416 4479 3627 4544 anuitqi
3645 4480 3741 4549 qui

2169 4581 2325 4627 erunt
2350 4572 2401 4627 in
2416 4567 2754 4642 generatione
2764 4573 3186 4642 generatiomun,
3207 4589 3310 4628 non
3325 4573 3591 4630 deﬁcient.
3612 4572 3739 4628 llazc

2170 4663 2503 4733 crgosciens,
2531 4663 2866 4734 exiguitatem
2900 4662 3104 4718 dierum
3160 4679 3398 4718 meorum
3440 4676 3735 4733 quaererem

2171 4769 2202 4809 a
2232 4765 2302 4821 te,
2332 4756 2430 4809 nisi
2457 4755 2646 4810 scirem
2675 4770 2861 4811 omnes
2884 4755 2997 4810 dies
3022 4754 3201 4834 saeculi
3236 4754 3305 4809 ab
3327 4755 3474 4809 initio
3493 4771 3656 4825 usque
3684 4755 3743 4810 in

2175 4848 2332 4903 finem
2348 4848 2564 4918 exiguos
2591 4862 2709 4902 esse
2733 4847 2785 4902 in
2814 4847 3209 4917 comparatione
3262 4848 3572 4902 mternitatis
3613 4857 3741 4902 tua).

2174 4938 2304 4995 Novi
2334 4955 2459 5009 ergo
2484 4938 2624 4995 unde
2651 4940 3103 5010 interrogaverim.
3132 4938 3246 4994 Non
3263 4955 3322 4995 se
3351 4939 3607 4995 extollant
3634 4938 3749 4992 hae-

2176 5030 2522 5101 retici,quasi
2561 5031 2737 5101 exigui
2767 5031 2880 5086 dies
2935 5031 3125 5086 fuerint
3172 5031 3445 5099 Ecclesiae,
3479 5039 3591 5087 toto
3611 5032 3750 5087 orbe

2176 5122 2382 5178 dill‘usaz
2409 5139 2424 5189 ;
2453 5138 2571 5177 nam
2595 5133 2647 5177 et
2666 5139 2833 5193 usque
2854 5124 2904 5178 in
2921 5124 3079 5179 ﬁnem
3104 5140 3223 5178 cum
3252 5125 3378 5189 sint,
3399 5124 3569 5195 exigui
3598 5135 3742 5178 sunt.

2179 5216 2352 5285 Quare
2376 5215 2719 5285 exiguisunt?
2742 5215 2998 5284 Quoniam
3024 5216 3339 5287 quandoque
3365 5216 3579 5271 ﬁniendi
3594 5226 3743 5271 sunt.

2181 5308 2317 5364 Auni
2350 5308 2423 5361 illi
2473 5307 2560 5376 qui
2606 5316 2763 5361 erunt
2807 5310 2859 5361 in
2909 5310 3229 5377 generatione
3255 5310 3652 5379 generationum,
3687 5309 3743 5365 lii

2180 5396 2389 5451 amandi
2415 5438 2429 5457 ,
2472 5397 2524 5451 hi
2550 5396 2906 5465 desiderandi,
2956 5397 3039 5453 bis
3082 5398 3451 5470 suspirandum
3482 5415 3496 5465 ;
3533 5410 3757 5470 propter

2247 5510 2264 5542 ί
2297 5508 2504 5561 Melioris
2523 5516 2649 5559 notae
2694 5516 2825 5568 Mss.-,
2850 5509 2984 5559 duos.

2182 5572 2425 5684 ’ἐυὲξνη
2445 5568 2768 5637 generationes
2794 5584 2812 5621 :
2836 5571 2972 5634 cujus
2992 5569 3099 5621 loco
3120 5571 3228 5622 add.
3253 5574 3352 5635 alii,
3376 5579 3431 5624 et
3447 5579 3579 5638 κει,
3609 5587 3757 5638 gene-

2247 5695 2270 5765 f
2299 5700 2427 5753 Mss,
2446 5695 2767 5765 [ennentctnn
2909 5757 2920 5765 _
2991 5756 3000 5765 .

2250 5759 2270 5787 δ
2305 5766 2419 5820 \‘ox,
2443 5756 2559 5821 ipse,
2581 5756 2719 5807 abest
2734 5770 2761 5807 a
2780 5756 3029 5820 praecipuis
3048 5762 3151 5807 Mss.
