3984 6204
204 299 322 353 liii?)

203 413 284 466 hos
312 413 360 463 in
405 409 598 462 unitate
645 404 1080 476 permanendum,
1113 413 1324 472 propter
1369 401 1466 456 hos
1493 395 1745 469 quidquid

201 503 543 558 hereticorum
567 499 690 554 mali
719 496 1168 559 estdevitandum,
1200 501 1414 563 propter
1455 492 1552 544 hos
1573 487 1746 558 perdi-

202 597 256 648 tis
280 591 719 661 respondendum,
741 597 953 658 propter
1004 587 1100 640 hos
1154 583 1389 638 lucrandi
1418 582 1505 650 qui
1534 593 1748 634 errave-

201 692 322 743 rant.
350 691 402 736 et
438 680 718 734 revocandi
744 680 830 748 qui
860 678 1126 748 perierant
1157 694 1169 729 :
1214 675 1318 729 illic
1351 673 1507 727 debet
1527 685 1644 725 esse
1664 669 1750 722 de-

198 773 453 828 siderium.
483 770 588 824 Sed
634 779 807 824 tamen
839 767 1175 830 utverbosis,
1208 775 1264 818 ut
1318 765 1455 818 male
1495 760 1739 832 garrulis,

199 878 244 916 nt
267 865 619 928 calumniosis,
648 861 1068 924 susurrantibus,
1119 856 1504 912 detractoribus
1530 868 1752 922 respon-

198 954 349 1019 deam,
382 954 496 1008 ideo
523 954 646 1006 mihi
674 954 916 1005 annuntia
936 951 1251 1022 exiguitatem
1272 949 1463 1000 dierum
1489 959 1709 997 meorum
1732 957 1751 1005 ;

203 1055 321 1099 etne
342 1062 416 1098 me
438 1061 635 1099 revoces
655 1045 709 1097 in
734 1043 997 1096 dimidium
1039 1043 1232 1094 dierum
1279 1053 1518 1096 meorum,
1547 1043 1603 1088 ut
1631 1043 1753 1087 aute

200 1153 270 1191 me
290 1135 490 1190 auferas
515 1135 582 1189 de
610 1145 769 1196 terra.
797 1151 952 1205 quam
981 1142 1120 1187 totus
1174 1132 1318 1186 orbis
1363 1126 1647 1197 Evangelia
1668 1142 1754 1179 re-

201 1228 398 1296 pleatur,
422 1234 610 1279 contra
639 1225 1034 1294 reSponsionem
1069 1223 1274 1277 Domini
1317 1221 1418 1275 mei
1442 1262 1456 1284 ,
1485 1219 1706 1273 dicentis
1736 1233 1749 1269 :

205 1317 386 1387 Oportet
407 1318 678 1387 praedicari
698 1319 792 1370 hoc
817 1316 1137 1386 Evangeliunt
1156 1316 1207 1368 in
1226 1323 1326 1367 toto
1346 1314 1461 1366 orbe
1482 1322 1748 1374 terrarum,

199 1395 240 1463 ίιι
280 1409 613 1463 testimonium
653 1408 878 1462 omnibus
921 1409 1144 1479 gentibus
1174 1425 1192 1470 ;
1217 1416 1259 1460 et
1302 1416 1417 1458 tunc
1455 1403 1608 1458 veniet
1638 1401 1753 1470 ﬁnis

202 1505 214 1569 (
241 1501 406 1556 Matth.
443 1517 591 1566 nm,
613 1501 678 1555 l4
700 1500 735 1568 ).
755 1499 889 1568 Quid
915 1500 978 1554 ad
1001 1500 1132 1564 lure,
1156 1497 1384 1552 fratres?
1413 1496 1572 1550 Plana
1599 1502 1742 1558 sunt,

202 1592 452 1645 manifesta
481 1601 606 1645 sunt
637 1610 650 1644 :
683 1592 819 1645 Deus
845 1589 1084 1643 fundavit
1105 1599 1318 1652 terram,
1345 1587 1539 1641 scimus
1567 1602 1582 1649 ;
1611 1599 1740 1652 ope-

200 1697 498 1736 ramauuum
536 1680 653 1750 ejus
678 1689 804 1735 sunt
848 1680 988 1736 εαξη.
1046 1676 1122 1734 Ne
1171 1679 1365 1748 putetis
1415 1677 1552 1730 enim
1596 1674 1745 1745 quasi

199 1770 315 1823 aliud
341 1770 508 1824 Deum
534 1769 705 1824 facere
724 1785 901 1831 manu,
925 1768 1066 1822 aliud
1089 1768 1268 1821 verbo.
1292 1767 1440 1834 Quod
1470 1765 1590 1819 facit
1620 1780 1741 1818 ver-

200 1861 270 1924 ho,
295 1862 386 1914 hoc
407 1861 534 1914 facit
553 1877 708 1914 manu
740 1876 754 1924 ;
789 1875 890 1914 non
912 1860 1050 1913 enim
1072 1859 1350 1912 distinctus
1371 1866 1451 1911 est
1471 1855 1742 1925 corporeis

201 1951 449 2016 membris,
477 1952 567 2022 qui
599 1952 748 2018 dixit,
779 1950 889 2021 Ego
932 1967 1041 2004 sum
1066 1950 1148 2020 qui
1176 1965 1305 2021 sum.
1358 1948 1424 2002 Et
1463 1946 1602 2000 forte
1627 1960 1751 1999 ver-

206 2045 307 2099 bum
330 2046 449 2114 ejus
478 2055 561 2100 est
587 2061 772 2098 manus
798 2045 932 2113 ejus.
955 2043 1111 2098 Certe
1139 2057 1323 2095 manus
1350 2041 1462 2110 ejus
1483 2049 1564 2094 est
1585 2040 1751 2095 virtus

206 2136 315 2202 ejus.
335 2135 470 2202 Quia
520 2135 661 2189 enim
709 2135 905 2188 dictum
951 2143 1065 2200 est,
1097 2130 1215 2185 Fiat
1265 2134 1649 2201 ﬁrmamentum,
1700 2138 1755 2185 et

208 2224 370 2277 factum
402 2235 486 2278 est
518 2226 903 2278 firmamentum
929 2239 942 2289 ;
974 2222 1139 2277 verbo
1186 2222 1491 2292 intelligitur
1518 2220 1748 2274 fecisse:

203 2317 305 2383 quia
332 2332 463 2371 vero
485 2317 653 2381 dixit,
687 2316 960 2370 Faciamus
1000 2315 1248 2368 hominem
1278 2315 1345 2366 ad
1396 2314 1663 2383 imaginem
1705 2320 1752 2366 et

203 2408 557 2462 similitudinem
605 2418 824 2462 nostram
853 2409 867 2476 (
901 2406 1025 2461 Gen.
1057 2423 1094 2468 ι,
1149 2405 1198 2468 6,
1231 2405 1334 2475 26)
1361 2424 1374 2471 ;
1417 2405 1564 2475 quasi
1593 2420 1751 2458 manu

203 2501 373 2554 videtur
410 2495 620 2566 fecisse.
667 2499 802 2554 Audi
851 2515 1022 2568 ergo:
1066 2498 1230 2569 Opera
1263 2515 1499 2551 manuum
1551 2508 1752 2550 tuarum

203 2591 440 2644 suntccli.
474 2591 615 2645 Ecce
639 2589 777 2659 quod
820 2584 982 2644 verbo
1012 2589 1152 2652 fecit,
1185 2589 1361 2658 utique
1390 2589 1549 2642 etiam
1576 2588 1748 2641 mani-

204 2681 282 2736 bus
300 2683 420 2738 fecit
447 2700 464 2748 ;
508 2684 628 2753 quia
655 2684 846 2737 virtute
885 2697 998 2746 sua,
1050 2681 1170 2751 quia
1202 2689 1460 2750 potestate
1485 2696 1575 2735 sua
1608 2681 1749 2734 fecit.

204 2773 406 2828 Attende
433 2775 608 2843 potius
638 2773 761 2843 quid
791 2773 990 2838 fecerit,
1015 2781 1068 2826 et
1092 2772 1196 2826 noli
1223 2787 1462 2841 qumrerc
1490 2770 1752 2840 quomodo

205 2867 372 2921 fecerit.
412 2868 631 2922 Multum
659 2875 742 2922 est
788 2866 854 2919 ad
883 2875 933 2920 te
989 2863 1440 2934 comprehendere
1487 2863 1753 2933 quomodo

209 2958 384 3026 fecerit;
413 2975 532 3014 cum
564 2962 786 3027 tcipsum
833 2959 908 3012 sic
959 2958 1161 3024 fecerit,
1195 2965 1250 3012 ut
1273 2957 1418 3027 prius
1445 2957 1520 3012 sis
1569 2973 1753 3011 servus

209 3051 456 3117 ohediens,
479 3060 532 3104 et
557 3060 737 3120 postea
775 3050 997 3104 fortasse
1021 3049 1222 3103 amicus
1246 3047 1563 3116 intelligens.
1595 3047 1749 3116 Ergo,

211 3139 349 3209 Opera
373 3157 619 3194 manuum
647 3150 843 3194 tuarum
858 3149 971 3193 sunt
1005 3139 1135 3192 caeli.

268 3235 340 3289 i3.
367 3233 481 3303 Ipsi
513 3232 740 3302 peribunt
762 3248 782 3296 ,'
807 3242 859 3286 tu
887 3242 1052 3284 autem
1083 3247 1359 3301 permanes.
1402 3231 1596 3300 Aperte
1622 3229 1756 3284 dixit

212 3326 294 3381 hoc
312 3326 582 3398 apostolus
625 3325 812 3380 Petrus
842 3341 856 3377 :
902 3323 1024 3377 ϐατιί
1043 3333 1184 3377 erant
1203 3325 1322 3377 olim
1361 3322 1422 3376 de
1448 3339 1577 3389 aqua
1601 3333 1644 3375 et
1669 3338 1756 3391 per

211 3434 365 3487 aquom
401 3419 660 3472 constituti
709 3415 808 3470 Dei
849 3415 1033 3479 verba;
1075 3431 1164 3484 per
1187 3431 1297 3482 quin
1319 3416 1335 3446 ¹
1358 3415 1440 3484 qui
1483 3417 1645 3486 factus
1683 3423 1754 3466 est

212 3512 422 3575 orandus,
445 3526 578 3578 aqua
605 3508 876 3561 inundatus
908 3506 1153 3574 deperiit:
1179 3515 1312 3559 terra
1361 3515 1527 3558 autent
1572 3514 1618 3558 et
1645 3504 1755 3556 ειηιὶ

212 3601 280 3666 qui
298 3619 421 3655 nunc
441 3611 580 3662 sunt.
609 3599 780 3656 eodem
804 3597 945 3651 verba
978 3597 1319 3672 repositi'sunt
1347 3597 1451 3667 igni
1476 3595 1756 3648 reservandi

214 3691 229 3757 (
253 3689 285 3743 ll
320 3691 454 3746 Petr.
490 3706 567 3754 ιιι,
606 3690 703 3745 5-7
732 3690 770 3758 ).
799 3688 912 3743 Jatn
940 3703 1066 3755 ergo
1090 3673 1221 3740 dixit
1255 3687 1453 3754 perisse
1473 3686 1635 3741 caelos
1665 3700 1756 3754 per

215 3783 480 3837 diluvium:
515 3783 716 3852 perisse
744 3789 917 3835 autem
970 3781 1211 3834 novimus
1253 3777 1418 3832 caelos
1468 3778 1756 3832 secundum

214 3878 534 3943 quantitatem
578 3883 632 3929 et
673 3873 840 3941 spatia
894 3872 1033 3925 aeris
1082 3870 1255 3938 hujus.
1322 3869 1566 3923 Excrevit
1617 3869 1756 3921 enim

215 3978 349 4034 aqua,
376 3975 425 4020 et
457 3975 619 4019 totam
649 3963 801 4017 istam
840 3962 1182 4031 capacitatem
1212 3959 1296 4013 ubi
1341 3973 1468 4012 aves
1517 3959 1753 4020 volitant,

215 4057 496 4124 occupavit;
529 4069 594 4109 ac
646 4055 725 4108 sic
767 4054 946 4123 utique
995 4051 1114 4106 σαειί
1164 4050 1450 4118 perierunt:
1485 4049 1757 4118 propinqui

217 4149 390 4202 terris:
447 4148 590 4210 caeli,
647 4145 935 4200 secundum
989 4157 1121 4213 quos
1166 4141 1409 4194 dicuntur
1451 4155 1574 4194 aves
1618 4140 1756 4193 cmli.

214 4238 334 4294 Sunt
373 4250 544 4295 autem
573 4249 625 4294 et
647 4238 769 4293 (εωιί
797 4237 1048 4291 caelorum
1072 4234 1369 4303 superiores
1398 4233 1445 4286 in
1463 4232 1760 4286 ﬁrmamen-

216 4341 264 4385 to
291 4351 305 4385 :
331 4333 418 4386 sed
436 4343 601 4387 utrum
627 4340 682 4387 et
731 4331 828 4400 ipsi
871 4329 1084 4400 perituri
1133 4329 1237 4381 sint
1276 4327 1412 4396 igne,
1458 4342 1523 4380 an
1556 4327 1605 4381 hi
1662 4328 1759 4382 soli

215 4423 328 4477 coeli
357 4423 438 4493 qui
466 4425 620 4478 etiam
647 4423 844 4477 diluvio
885 4422 1169 4489 perierunt,
1201 4419 1509 4487 disceptatio
1558 4429 1637 4474 est
1661 4421 1761 4474 ali-

216 4527 400 4584 quanto
418 4517 771 4584 scrupulosior
798 4514 932 4568 inter
973 4512 1176 4576 doctos,
1210 4527 1305 4564 nec
1334 4509 1502 4576 facile,
1534 4512 1762 4566 maxime

217 4607 262 4660 in
309 4609 535 4678 angusda
584 4606 854 4675 temporis,
905 4602 1149 4672 explicari
1197 4609 1384 4671 potest.
1431 4601 1762 4656 Dimittamus

217 4715 333 4770 ergo
365 4717 474 4755 eam
505 4701 584 4755 vel
631 4687 971 4761 differamus;
1020 4695 1321 4749 noverimus
1370 4703 1543 4747 tamen
1594 4694 1765 4762 perire

219 4791 325 4855 ista.
355 4793 512 4846 Deum
544 4806 776 4845 manere.
810 4789 874 4843 Et
899 4789 942 4844 si
968 4794 1180 4840 manent
1215 4785 1452 4855 qumdam
1479 4801 1597 4838 cmn
1631 4784 1761 4850 Deo,

219 4897 323 4950 qme
353 4882 482 4938 facta
523 4891 648 4936 sunt
686 4895 715 4934 a
745 4882 870 4946 Deo,
900 4895 1002 4934 non
1032 4887 1244 4932 manent
1264 4878 1404 4943 inse,
1427 4875 1519 4930 sed
1553 4876 1602 4929 in
1636 4877 1762 4940 Deo,

222 4989 312 5028 non
367 4974 716 5031 reccdendoa
765 4973 892 5027 De‘o.
937 4971 1070 5038 Quid
1117 4969 1513 5026 enim?dicturi
1563 4983 1765 5034 sumus,

221 5063 412 5127 fratres.
431 5065 569 5136 quod
601 5063 782 5134 Angeli
812 5062 1027 5133 perituri
1056 5071 1178 5116 sunt
1226 5061 1363 5130 igne,
1387 5074 1490 5129 quo
1518 5059 1768 5114 incende-

220 5162 295 5208 tur
321 5156 543 5209 mundus
566 5154 592 5208 ι
620 5153 790 5207 Absit.
817 5151 921 5207 Sed
970 5151 1092 5221 quid
1116 5152 1141 5204 ?
1173 5149 1406 5204 dicemus
1429 5148 1563 5218 quod
1593 5149 1767 5216 Ange-

220 5247 290 5302 los
325 5249 457 5302 Deus
484 5262 586 5301 non
624 5243 847 5301 fecerit?
873 5243 1039 5297 Absit.
1073 5241 1176 5296 Sed
1230 5240 1351 5310 quid
1395 5239 1678 5293 dicemus?
1705 5238 1770 5293 Ει

221 5341 347 5395 unde
371 5349 564 5403 essent,
592 5339 637 5393 si
666 5353 770 5392 non
799 5336 864 5390 ab
892 5336 980 5390 illo
1011 5334 1129 5388 facti
1153 5332 1366 5387 essent?
1391 5331 1510 5402 Ipse
1538 5331 1694 5395 dixit,
1725 5339 1771 5383 et

221 5438 344 5501 {acta
379 5447 525 5497 sunt;
567 5434 675 5500 ipse
700 5429 953 5483 mandavit
986 5437 1030 5482 et
1055 5437 1219 5480 creata
1251 5436 1364 5479 sunt
1393 5423 1560 5497 (Psal.
1595 5439 1768 5487 xxxu,

227 5525 297 5578 9t.
325 5525 525 5580 Dictum
555 5532 636 5577 est
662 5522 802 5575 enim
833 5519 954 5584 hoc,
994 5534 1114 5574 cum
1141 5532 1359 5588 operum
1387 5515 1502 5586 ejus
1531 5529 1770 5570 comme-

279 5700 307 5787 ξ
333 5707 402 5752 ετ.
423 5709 542 5750 Ven.
567 5707 618 5751 et
662 5705 790 5760 Lov.,
815 5697 939 5761 quod
1033 5703 1084 5744 Μ.

1261 280 1648 344 ΕΝΔΒΒᾹΤΙΟ
1688 278 1752 335 IN
1791 271 2106 332 PSALMUM
2143 274 2226 330 Cl.

3273 281 3417 338 i3.”

1857 387 2081 442 moratio
2125 387 2309 451 fieret,
2357 387 2408 442 in
2452 387 2644 458 quibus
2670 396 2722 443 et
2748 387 2931 459 Angeli
2971 391 3223 447 nominati
3272 403 3417 448 sunt.

1856 476 2025 532 Erunt
2048 492 2173 546 ergo
2213 493 2331 532 cum
2371 477 2459 531 illo
2482 479 2699 548 Angeli,
2754 479 2910 533 etiam
2950 480 3146 535 mundo
3175 483 3293 552 igne
3323 485 3417 538 fla-

1853 579 2070 637 grante;
2103 577 2156 622 et
2176 569 2276 622 erit
2306 569 2600 622 incendium
2629 571 2829 637 mundi,
2857 586 2959 624 non
2990 571 3274 628 incendens
3298 591 3421 630 san-

1857 668 1973 712 ctos
2024 658 2168 712 Dei:
2210 658 2349 727 quod
2402 657 2500 712 fuit
2547 659 2782 713 matutinus
2830 663 2974 730 regis
3025 665 3189 718 tribus
3243 669 3422 734 pueris

1858 747 2015 820 (Dan.
2049 750 2168 821 ιιι),
2201 749 2301 804 hoc
2327 751 2428 804 erit
2450 749 2641 805 ardens
2663 752 2887 807 mundus
2907 753 3063 823 justis
3086 758 3138 808 in
3167 756 3425 812 ’Iriuitate

1857 841 2095 909 signatis.

1929 931 2014 985 14.
2047 929 2206 986 Forte
2248 931 2332 986 hic
2359 931 2524 988 caelos
2563 933 2716 987 etiam
2746 950 2848 987 non
2898 934 3194 1005 importune
3235 938 3427 994 intelli-

1857 1023 2030 1090 gimus
2057 1023 2198 1090 ipsos
2230 1021 2403 1090 justus
2429 1063 2442 1083 ,
2486 1032 2694 1076 sanctos
2724 1024 2815 1077 Dei
2843 1066 2856 1085 ,
2901 1025 2950 1077 in
2992 1027 3180 1094 quibus
3207 1043 3425 1086 manens

1859 1112 1998 1166 Deus
2026 1112 2250 1166 intonuit
2277 1114 2574 1181 prmccptis,
2603 1115 2896 1167 coruscavit
2927 1117 3210 1179 miraculis,
3238 1121 3423 1175 imbri-

1858 1202 2037 1256 ficavit
2064 1212 2254 1257 terram
2285 1203 2541 1271 sapientia
2569 1205 2837 1267 veritatis;
2877 1208 2999 1260 coeli
3039 1210 3177 1263 enim
3206 1227 3420 1268 enarra-

1859 1304 2051 1346 veruut
2097 1294 2317 1363 gloriam
2369 1295 2456 1348 Dei
2505 1294 2670 1364 (Psal.
2703 1313 2828 1350 xvm
2855 1339 2868 1359 ,
2898 1298 2977 1368 9.).
3039 1299 3140 1354 Sed
3173 1304 3422 1372 numquid

1857 1383 2014 1438 etiam
2044 1385 2141 1454 ipsi
2171 1386 2412 1453 peribunt
2433 1386 2456 1422 ¹²
2483 1389 2560 1439 An
2583 1386 2873 1442 secundum
2900 1389 3180 1457 quemdam
3209 1392 3421 1448 modum

1856 1477 2148 1545 peribunt?
2187 1477 2485 1532 Secundum
2513 1494 2667 1548 quem
2701 1480 2952 1532 modum?
2999 1481 3298 1537 Secundum
3328 1500 3420 1539 ve-

1857 1568 2182 1622 stimentum.
2227 1568 2361 1633 Quid
2390 1579 2505 1630 est,
2544 1570 2831 1622 secundum
2872 1572 3280 1627 vestimentum?
3325 1573 3426 1628 Se-

1857 1660 2085 1714 cundum
2116 1675 2329 1729 corpus.
2375 1661 2755 1715 Vestimentmn
2802 1661 2939 1716 enim
2972 1663 3160 1717 animae
3191 1680 3423 1734 corpus;

1859 1750 2115 1804 Dominus
2168 1752 2331 1825 enim_
2360 1753 2736 1806 vestimentum
2782 1755 3107 1820 nominavit,
3162 1757 3250 1810 tthi
3302 1759 3418 1813 ait:

1858 1839 2042 1895 Nonne
2067 1842 2234 1895 anima
2258 1841 2370 1911 plus
2399 1853 2470 1897 est
2498 1860 2648 1913 quam
2677 1861 2788 1898 esca
2808 1886 2820 1907 ,
2866 1857 2910 1898 et
2933 1863 3112 1917 corpus
3142 1849 3254 1917 plus
3275 1866 3422 1914 quam

1857 1933 2193 1985 vestimentum
2217 1932 2426 2002 (Matth.
2460 1950 2531 1995 vt,
2558 1934 2649 2004 25)
2672 1936 2696 1988 ?
2720 1934 2993 2002 Quomodo
3019 1953 3144 2006 ergo
3171 1940 3305 2006 perit
3334 1955 3428 1992 ve-

1857 2024 2196 2078 stimentum?
2227 2024 2338 2077 Etsi
2363 2027 2574 2079 exterior
2599 2026 2747 2079 homo
2767 2037 2932 2080 noster
2952 2027 3308 2096 corrumpitur,
3335 2030 3424 2082 sed

1857 2113 2060 2167 interior
2089 2128 2351 2170 renouatur
2379 2117 2441 2170 de
2469 2117 2547 2168 die
2567 2123 2616 2170 tn
2643 2118 2772 2170 diem
2799 2119 2860 2188 (ll
2893 2119 3006 2171 Cor.
3042 2135 3115 2185 Iv,
3147 2121 3252 2190 16).
3286 2122 3425 2190 Ergo

1859 2202 1959 2270 ipsi
1991 2203 2270 2272 peribunt,
2301 2205 2394 2259 sed
2424 2207 2711 2260 secundmn
2751 2222 2942 2276 corpus
2967 2226 2979 2260 :
3012 2209 3086 2260 Tu
3114 2221 3278 2264 autem
3304 2230 3420 2280 per-

1857 2309 2047 2346 manes.
2087 2293 2142 2348 Si
2187 2310 2312 2365 ergo
2339 2296 2625 2350 secundum
2655 2312 2848 2364 corpus
2885 2298 3164 2367 peribunt,
3190 2301 3276 2355 ubi
3299 2318 3426 2371 ergo

1857 2385 2176 2438 resurrectio
2206 2386 2418 2440 carnis?
2450 2386 2538 2439 ubi
2561 2388 2858 2456 exemplum
2893 2392 3248 2444 membrorum
3282 2394 3422 2462 quod

1858 2474 2127 2541 praacessit
2148 2475 2425 2542 ineapite?
2453 2475 2575 2530 ubi?
2609 2477 2695 2531 Vis
2718 2477 2937 2532 audire?
2966 2479 3284 2547 Mutabitur;
3319 2500 3424 2537 non

1859 2563 1961 2616 tale
2000 2564 2100 2617 erit
2141 2565 2297 2633 quale
2338 2565 2451 2618 fuit.
2498 2566 2634 2619 Audi
2677 2569 2982 2635 Apostolmn
3015 2571 3319 2626 dicentem:
3361 2573 3425 2627 Et

1857 2655 2042 2727 mortui
2075 2667 2328 2727 resurgant
2350 2658 2644 2727 incorrupti,
2675 2669 2720 2712 et
2748 2676 2837 2712 nos
2866 2661 3254 2718 immutabimur.
3278 2666 3424 2733 Quo-

1857 2748 2015 2801 modo
2052 2748 2481 2803 immutabimur?
2526 2750 2816 2805 Sentinatur
2836 2769 3018 2822 eorpus
3048 2757 3285 2822 animale,
3309 2775 3422 2811 sur-

1857 2848 1936 2908 get
1959 2855 2139 2908 corpus
2166 2842 2436 2907 spirituale
2467 2843 2506 2914 (I
2539 2841 2658 2898 Cor.
2684 2861 2773 2909 xv,
2804 2845 2890 2908 52,
2919 2846 2993 2914 tl).
3025 2848 3163 2917 Ergo
3191 2850 3424 2904 semina-

1860 2938 1944 2983 tur
1969 2932 2192 2986 mortale
2213 2973 2226 2994 ,
2257 2943 2496 3003 resurget
2538 2936 2833 2990 immortale
2858 2953 2872 3002 ;
2921 2940 3208 2994 seminatur
3237 2957 3424 2996 corru-

1861 3019 2073 3088 ptibile,
2121 3034 2364 3092 resurget
2413 3025 2828 3094 iucorruptibile.
2881 3028 3218 3084 Mutationem
3249 3033 3426 3102 itaque

1857 3122 2222 3179 exslieclamus
2255 3116 2362 3169 :ita
2413 3117 2661 3184 peribunt
2703 3120 2855 3185 caeli,
2907 3129 2959 3174 et
3010 3122 3429 3178 immntabuntur

1857 3204 1998 3257 cmli.
2044 3203 2145 3259 Sed
2190 3207 2410 3262 fortasse
2439 3221 2739 3264 sanetorum
2780 3227 3001 3281 corpora
3032 3230 3132 3266 non
3167 3225 3308 3269 recte
3337 3217 3422 3270 di-

1859 3303 2050 3348 cuntur
2088 3296 2250 3350 caeli?
2290 3297 2342 3353 Si
2376 3315 2478 3352 nou
2523 3311 2728 3368 portant
2771 3301 2977 3366 Deum,
3011 3320 3114 3356 non
3144 3305 3248 3358 sint
3275 3309 3420 3360 caui.

1861 3383 1926 3438 Et
1958 3386 2094 3441 unde
2117 3429 2132 3452 ,
2180 3388 2380 3457 inquit,
2432 3390 2556 3442 mihi
2607 3391 2798 3460 probas
2825 3394 2943 3462 quia
2974 3403 3181 3462 portant
3213 3395 3425 3450 Deum?

1860 3475 2038 3546 Usque
2067 3479 2267 3533 adeone
2293 3481 2487 3534 excidit
2510 3482 2620 3546 tibi,
2646 3481 2936 3551 Gloriﬁcate
2970 3495 3013 3538 et
3043 3498 3236 3555 portate
3263 3487 3430 3542 Deum

1859 3568 1912 3622 in
1948 3586 2155 3639 corpore
2193 3582 2351 3624 vestro
2394 3571 2502 3642 (Id.
2535 3588 2584 3625 vr
2609 3615 2624 3640 ,
2665 3573 2793 3644 20)?
2825 3575 2962 3645 Ergo
2999 3578 3129 3631 tales
3157 3578 3277 3632 caeli
3311 3594 3432 3648 per-

1857 3660 2044 3733 ibunt,
2072 3661 2163 3715 sed
2217 3677 2316 3716 non
2350 3664 2399 3715 in
2423 3672 2714 3727 mteruum;
2763 3666 3003 3731 peribunt
3043 3677 3099 3720 ut
3139 3679 3427 3723 mutentur.

1861 3751 1942 3804 An
1983 3765 2086 3804 non
2131 3750 2228 3804 hoc
2273 3751 2399 3805 dicit
2444 3752 2720 3806 Psalmus?
2771 3753 2908 3823 Lege
2959 3760 3230 3824 sequentia
3266 3775 3278 3810 :
3313 3776 3330 3808 ι
3370 3761 3433 3812 ιιι

1862 3856 2050 3896 omnes
2079 3842 2212 3895 sicut
2244 3843 2611 3898 vestimentum
2645 3854 2993 3911 veterascent,
3025 3858 3078 3901 et
3106 3848 3241 3902 sicut
3268 3866 3427 3921 opt-r-

1864 3933 2053 3985 torium
2084 3933 2310 3988 mutabis
2336 3949 2427 3987 eos
2450 3975 2465 3998 ,
2497 3943 2552 3988 et
2580 3929 2956 3997 mutabuntur;
2992 3948 3043 3990 tu
3074 3948 3247 3993 autem
3283 3941 3423 3996 idem

1864 4022 1977 4091 ipse
2001 4038 2078 4086 es,
2103 4033 2156 4078 et
2183 4025 2302 4077 anui
2336 4024 2404 4077 tui
2434 4041 2537 4078 non
2563 4025 2810 4080 deficient
2845 4047 2862 4079 ι
2889 4028 3098 4083 Vestem
3131 4033 3297 4091 audis.
3333 4049 3425 4089 co-

1864 4116 2185 4183 Opertorium
2214 4115 2363 4170 audis
2383 4158 2398 4181 ,
2448 4127 2500 4171 et
2526 4117 2665 4171 aliud
2709 4135 2866 4187 quam
2897 4135 3091 4190 corpus
3141 4124 3386 4194 intelligis
3408 4128 3434 4178 1'

1864 4204 2150 4275 Speremus
2190 4222 2316 4277 ergo
2365 4209 2522 4263 etiam
2564 4209 2980 4264 immutationem
3020 4227 3302 4281 corporum
3335 4232 3432 4269 no-

1866 4307 2097 4352 strorum
2121 4340 2137 4364 ,
2188 4297 2282 4351 sed
2311 4306 2484 4352 tamen
2513 4300 2580 4354 ab
2618 4299 2708 4353 illo
2736 4300 2822 4370 qui
2851 4312 2958 4355 erat
2988 4313 3040 4356 et
3067 4313 3188 4358 ante
3218 4319 3313 4358 nos
3339 4347 3354 4368 ,
3383 4317 3436 4360 ct

1867 4397 2046 4444 manet
2069 4399 2187 4458 post
2216 4406 2340 4454 nos;
2368 4406 2397 4444 a
2424 4407 2527 4460 quo
2555 4406 2736 4445 sumus
2767 4392 2905 4461 quod
2937 4408 3119 4448 smnus
3143 4439 3157 4459 ,
3189 4398 3252 4452 ad
3276 4411 3432 4468 quem

1867 4483 2141 4536 veniemus
2171 4497 2288 4536 cum
2320 4481 2579 4536 fuerimus
2595 4484 2776 4537 mutati
2801 4501 2816 4549 ;
2847 4493 3156 4550 mutantem,
3186 4503 3289 4542 non
3317 4507 3434 4543 mu.

1873 4584 2064 4637 latum;
2112 4575 2389 4630 facientem
2416 4617 2431 4642 ,
2484 4591 2588 4630 non
2619 4575 2846 4641 factum;
2887 4587 2938 4632 et
2971 4590 3266 4634 moventem
3295 4624 3310 4647 ,
3341 4583 3436 4637 sed

1869 4675 2170 4721 manentem
2195 4683 2208 4729 ;
2233 4677 2286 4720 et
2312 4667 2578 4736 quomodo
2608 4667 2826 4737 intelligi
2855 4683 2882 4719 a
2912 4684 3071 4723 carne
3099 4681 3153 4725 et
3181 4674 3437 4742 sanguine

1871 4767 2080 4828 potest,
2127 4756 2239 4828 Ego
2274 4773 2384 4810 sum
2429 4758 2512 4828 qui
2540 4772 2692 4810 sum:
2723 4757 2798 4810 Tu
2836 4772 2950 4811 vero
2983 4760 3114 4813 idem
3139 4762 3245 4831 ipse
3271 4779 3357 4827 es,
3393 4772 3438 4816 et

1871 4849 1992 4900 anni
2013 4849 2085 4900 tui
2114 4838 2213 4900 itan
2237 4845 2490 4914 deﬁcient.
2538 4845 2641 4900 Sed
2671 4860 2765 4899 nos
2786 4847 2848 4899 ad
2882 4847 2999 4902 illos
3020 4865 3186 4903 annos
3211 4867 3331 4905 eum
3355 4851 3436 4905 his

1870 4943 2120 5014 pannosis
2161 4944 2312 4994 annis
2339 4940 2463 5009 quid
2508 4939 2736 4994 sumus?
2785 4939 2851 4994 Et
2886 4942 2957 4995 illi
2989 4943 3075 5011 qui
3116 4945 3277 4997 sunt?
3330 4944 3437 4998 Nec

1875 5049 2050 5090 tamen
2093 5034 2374 5101 desperare
2418 5032 2688 5085 debemus.
2735 5032 2850 5085 .latn
2900 5034 3039 5086 enim
3071 5035 3439 5104 magnitudine

1873 5126 2096 5197 quadam
2127 5136 2180 5179 et
2204 5123 2516 5178 excellentia
2542 5124 2812 5187 sapientia:
2835 5124 3056 5189 dixerat,
3091 5123 3200 5193 Ego
3220 5141 3328 5177 sum
3351 5126 3435 5194 qui

1873 5237 1982 5276 sum
2006 5235 2024 5284 ;
2054 5227 2106 5273 et
2134 5227 2307 5272 tamen
2339 5216 2404 5270 ad
2438 5232 2533 5270 nos
2555 5217 2924 5275 eormlandos.
2951 5216 3058 5285 Ego
3083 5233 3212 5280 sum,
3244 5216 3435 5284 inquit,

1874 5312 2011 5367 Deus
2032 5311 2284 5364 Abraham
2311 5350 2325 5375 ,
2362 5318 2408 5360 et
2435 5307 2569 5362 Deus
2594 5307 2742 5361 Isaac
2762 5350 2774 5369 ,
2805 5319 2850 5360 et
2875 5307 3008 5360 Deus
3033 5306 3193 5360 Jacob
3217 5323 3235 5362 :
3265 5318 3317 5362 et
3341 5322 3439 5364 nos

1876 5402 2101 5460 Abrahae
2131 5417 2312 5456 semen
2340 5417 2520 5454 sumus
2552 5399 2741 5472 ((ἐηιαι.
2770 5417 2842 5462 ιιι,
2872 5398 2961 5466 ‘29)
2998 5418 3010 5453 :
3043 5412 3096 5454 et
3127 5415 3222 5454 nos
3251 5416 3440 5470 quam-

1877 5499 1956 5552 vis
1982 5495 2172 5565 abjecti
2196 5533 2211 5556 ,
2236 5493 2474 5562 quamvis
2513 5500 2651 5545 terra
2681 5501 2732 5544 et
2758 5491 2908 5550 cinis,
2943 5489 2991 5542 in
3023 5490 3112 5543 illo
3140 5504 3440 5559 speramus.

1875 5585 2026 5642 δεῐνί
2069 5597 2282 5643 sumus;
2326 5579 2419 5634 sed
2453 5589 2672 5649 propter
2702 5593 2796 5631 nos
2820 5578 3072 5632 Dominus
3107 5592 3288 5636 noster
3327 5580 3434 5636 for-

1880 5693 2019 5736 mam
2040 5674 2174 5731 servi
2206 5671 2408 5740 accepit
2434 5667 2691 5743 (Philipp.
2722 5685 2777 5735 ιι,
2809 5669 2862 5738 7)
2889 5687 2902 5720 :
2937 5679 3151 5740 propter
3177 5686 3274 5728 nos
3299 5687 3440 5727 mor-
