4012 6202
553 285 696 342 1315

545 402 689 456 ιιδΙθε
714 401 732 434 ί
757 398 1070 456 InnnortaIis
1090 398 1228 454 mori
1248 395 1436 466 voluit,
1465 407 1682 472 propter
1698 413 1794 454 nos
1820 398 1920 455 hoc
1943 414 2119 455 exem-

556 490 701 559 plum
743 488 1148 544 resurrectionis
1182 488 1438 543 ostendit.
1469 488 1609 558 Ergo
1633 503 1907 558 speremus
1935 498 2121 543 ventu-

554 596 644 635 ros
671 594 766 635 nos
787 579 854 634 ad
885 579 982 632 hos
1004 592 1174 632 annos
1201 565 1403 633 stantes
1425 621 1440 645 ,
1471 579 1522 632 in
1551 579 1741 648 quibus
1771 595 1875 633 non
1896 579 2120 634 circuitu

554 673 684 727 solis
711 679 1033 739 peraguntur
1053 669 1196 734 dies,
1227 669 1322 724 sed
1348 678 1527 724 msmct
1561 669 1698 740 quod
1727 680 1812 726 est
1837 671 1988 725 siculi
2015 678 2116 735 est,

553 762 674 832 quia
707 761 806 813 hoc
835 759 1006 813 solum
1037 769 1161 814 vere
1181 768 1281 814 est.

619 853 705 908 15.
737 850 883 924 [υετε.
909 850 1023 924 29.]
1051 851 1159 906 Nos
1187 862 1362 905 autem
1391 860 1564 906 utrum
1591 850 1873 922 aliquando
1901 851 1970 906 ibi
1998 865 2118 906 esse

547 945 811 1016 possimus
838 945 942 1000 die.
967 945 1123 1008 Audi,
1153 953 1208 999 et
1228 943 1350 999 vide
1374 954 1545 999 utrum
1575 944 1768 999 debeas
1796 943 2114 1012 desperare;

545 1036 670 1090 audi
711 1036 849 1106 quod
882 1039 1122 1106 sequitur
1155 1054 1168 1089 :
1204 1035 1328 1089 Filii
1356 1052 1607 1090 servorum
1642 1045 1841 1089 tuorum
1873 1034 2121 1088 inhabita-

547 1131 692 1183 bant.
728 1127 826 1183 Ubi
859 1127 958 1180 nisi
983 1127 1032 1179 in
1059 1127 1210 1180 annis
1241 1143 1344 1180 non
1369 1125 1774 1180 deficientibus?
1804 1123 1930 1178 Filii
1957 1141 2120 1178 servo-
2193 1147 2200 1156 κ

547 1236 661 1272 ram
693 1230 892 1271 tuorum
917 1217 1296 1280 inhabitabant;
1324 1227 1368 1269 et
1397 1233 1562 1270 semen
1591 1233 1762 1270 eorum
1795 1217 1847 1268 in
1882 1215 2119 1269 swcalant

547 1309 791 1378 dirigetur
811 1309 831 1339 ‘
863 1327 876 1361 :
902 1308 951 1361 in
973 1308 1224 1362 sarculum
1252 1308 1451 1373 saeculi,
1481 1307 1530 1361 in
1561 1307 1812 1361 szeculum
1836 1316 2115 1381 aeternum,

547 1399 602 1451 in
631 1399 881 1460 szeculum
912 1412 1154 1452 manens.
1181 1396 1284 1454 Sed
1315 1398 1412 1466 ﬁlii
1431 1437 1447 1462 ,
1479 1396 1681 1466 inquit,
1713 1413 1966 1451 servorum
2004 1407 2118 1450 tuo-

547 1506 658 1542 t'ttm
685 1504 703 1542 :
725 1489 1064 1544 metuendum
1090 1505 1156 1544 ne
1185 1505 1280 1544 nos
1297 1489 1435 1544 servi
1463 1490 1551 1544 Dei
1565 1489 1818 1556 simus,et
1843 1489 1933 1544 lilii
1952 1489 2118 1544 nostri

544 1581 619 1635 ibi
637 1581 791 1634 futuri
808 1581 930 1644 sint,
957 1598 1058 1635 non
1073 1599 1168 1638 nos
1186 1581 1326 1638 ?Aut
1346 1581 1389 1638 si
1411 1597 1506 1640 nos
1524 1581 1616 1636 lilii
1626 1596 1808 1637 sumus
1821 1563 2120 1652 servorum,

543 1674 664 1747 quia
683 1673 772 1732 lilii
795 1693 974 1732 sumus
989 1678 1383 1748 Apostolorum,
1400 1677 1524 1746 quid
1542 1677 1930 1754 dicturisumus
1941 1677 1964 1730 ἵ
1975 1676 2120 1745 Quae.

546 1785 666 1824 nam
683 1769 886 1824 tandem
900 1770 1116 1824 audacia
1130 1780 1233 1824 tam
1248 1769 1422 1824 infelix
1439 1769 1662 1824 filiorum
1676 1768 2120 1830 subnascentium,

545 1867 602 1914 et
623 1861 820 1914 recenti
839 1861 1180 1915 successione
1199 1859 1557 1930 gloriantium,
1576 1875 1694 1928 quae
1705 1859 1895 1913 audeat
1910 1857 2116 1914 dicere:

548 1952 755 2007 Nosibi
786 1953 1016 2019 erimus;
1048 1953 1287 2022 Apostoli
1315 1951 1387 2007 ibi
1417 1965 1523 2006 non
1552 1949 1751 2006 emat?
1790 1951 1941 2004 Absit
1967 1950 2067 2004 hoc
2089 1965 2119 2005 a

549 2044 743 2113 pietate
757 2043 1002 2106 ﬁliorum,
1025 2043 1163 2098 absit
1177 2059 1206 2096 a
1225 2043 1326 2098 fide
1344 2043 1700 2112 parvulorum,
1721 2043 1857 2096 absit
1875 2041 1941 2096 ab
1961 2037 2118 2096 intel-

554 2135 766 2204 ligentia
815 2135 1113 2205 grandiutn.
1165 2133 1238 2206 Ibi
1281 2141 1436 2189 erunt
1473 2141 1529 2188 et
1574 2132 1813 2203 Apostoli
1863 2149 1879 2186 :
1927 2132 2118 2186 arietes

453 2268 458 2285 .
545 2227 873 2295 praecedunt,
904 2227 1024 2297 agni
1062 2235 1372 2295 sequuntur.
1403 2225 1578 2292 Quare
1615 2239 1772 2294 ergo,
1803 2224 1924 2278 Filii
1949 2241 2118 2278 servo-

541 2333 655 2370 rum
681 2327 914 2381 morum;
936 2325 991 2370 et
1013 2331 1116 2370 non
1142 2315 1209 2371 de
1235 2315 1552 2386 compendio
1575 2357 1591 2383 ,
1623 2314 1774 2370 Servi
1801 2313 1914 2368 ttti?
1943 2315 2010 2369 Et
2037 2314 2117 2368 illi

539 2408 676 2462 servi
701 2407 791 2472 lui,
820 2416 874 2460 et
901 2407 988 2460 lilii
1024 2422 1206 2461 eorum
1244 2407 1383 2461 servi
1421 2406 1520 2470 tui,
1550 2414 1604 2461 et
1628 2405 1846 2460 istorum
1887 2404 1977 2459 lilii
2021 2420 2116 2459 ne-

541 2507 691 2566 potes
717 2498 944 2560 illorum,
968 2496 1117 2566 quid,
1146 2497 1245 2550 nisi
1274 2497 1413 2551 servi
1441 2495 1549 2550 tui?
1575 2495 1772 2550 Omnes
1800 2493 2117 2564 compendio

541 2588 842 2643 includeres
866 2631 880 2654 ,
922 2590 964 2643 si
996 2589 1206 2642 diceres
1239 2606 1251 2641 :
1284 2587 1434 2643 Servi
1478 2587 1549 2640 tui
1593 2586 1980 2641 inhabitabant.
2026 2585 2118 2639 Vi-

539 2661 759 2734 deamus
784 2679 909 2749 quid
947 2693 1042 2734 nos
1077 2678 1306 2732 voluerit
1329 2677 1639 2732 admonere.
1668 2677 1762 2731 Est
1789 2677 1932 2731 enim
1965 2675 2118 2746 quid-

535 2771 656 2824 dam
683 2779 886 2840 gestnm
914 2770 964 2823 in
990 2768 1254 2839 prioribus
1273 2768 1508 2823 sacculis.
1529 2768 1633 2824 Per
1652 2767 1994 2838 quadraginta
2023 2782 2118 2821 an-

538 2878 634 2918 nos
665 2862 758 2917 lilii
798 2862 955 2916 Israel
1000 2863 1163 2916 attriti
1193 2870 1317 2916 sunt
1355 2861 1407 2915 in
1454 2875 1680 2916 eremo:
1712 2860 1890 2914 nullus
1931 2875 2114 2914 corum

541 2954 757 3006 intravit
811 2953 861 3006 in
913 2962 1105 3006 terram
1151 2951 1542 3020 promissionis,
1595 2949 1688 3006 sed
1737 2949 1829 3005 lilii
1881 2964 2105 3014 eorum;

534 3049 799 3100 Intrarunt
824 3059 973 3111 sane,
1004 3046 1126 3116 quia
1155 3047 1223 3100 ita
1252 3044 1614 3108 recordamur,
1648 3045 1747 3098 nisi
1780 3042 1957 3106 fallor,
1983 3043 2110 3107 duo,

531 3137 708 3192 ca-teri
737 3153 840 3191 non
871 3135 1057 3206 (Nam.
1088 3151 1202 3202 11v,
1231 3135 1324 3202 29,
1352 3133 1464 3207 '50).
1495 3135 1762 3189 Intrarunt
1784 3133 1853 3188 de
1877 3143 1955 3188 tot
1981 3134 2104 3188 mil-

533 3229 670 3283 libus
699 3229 825 3283 dno.
863 3227 1180 3282 Laboratmn
1209 3216 1291 3281 est
1316 3241 1436 3280 cum
1465 3226 1543 3280 eis
1577 3232 1777 3278 tantum
1811 3241 1824 3278 :
1852 3223 1944 3278 sed
1974 3223 2113 3278 Deus

466 3327 474 3334 °
533 3333 636 3371 non
667 3318 900 3378 laborat;
929 3327 1074 3371 certe
1105 3316 1482 3370 laboraverunt
1510 3315 1649 3369 servi
1681 3313 1866 3384 ipsius.
1897 3315 2107 3382 Quanta

533 3399 776 3477 pertulit,
804 3415 998 3476 quanta
1044 3405 1244 3460 audivit
1281 3404 1490 3476 Moyses
1529 3419 1627 3474 pro
1664 3403 1964 3458 hominibus
2001 3420 2108 3459 non

530 3497 803 3553 intraturis
833 3499 884 3552 in
922 3508 1116 3551 terram
1150 3495 1559 3566 promissionis?
1601 3495 1864 3550 Intrarunt
1896 3496 1987 3550 lilii
2014 3512 2110 3552 eo-

533 3605 676 3654 rum,
705 3589 830 3659 quid
848 3587 1110 3658 significat
1129 3587 1152 3642 ?
1173 3587 1436 3642 Intrarunt
1462 3587 1582 3642 novi
1605 3585 1867 3651 homines,
1895 3595 2105 3643 veteres

527 3697 633 3737 non
663 3682 940 3736 intrarunt.
977 3680 1099 3736 Inde
1116 3689 1291 3736 tamen
1319 3681 1583 3735 intrarunt
1600 3680 1726 3747 duo,
1754 3697 1889 3735 unus
1909 3691 1962 3736 et
1983 3683 2106 3736 uni-

529 3783 638 3846 tas,
678 3782 925 3843 tanquam
956 3781 1114 3842 caput
1147 3781 1201 3828 ct
1227 3787 1423 3842 corpus
1443 3814 1458 3838 ,
1486 3772 1726 3828 Christus
1752 3781 1805 3828 et
1843 3773 2105 3841 Ecclesia,

526 3881 648 3920 cum
679 3865 820 3918 omni
855 3864 940 3919 illa
978 3867 1210 3918 novitate
1234 3905 1248 3928 ,
1281 3863 1334 3918 id
1360 3871 1443 3919 est
1481 3863 1729 3918 ﬁliorum.
1775 3863 1915 3934 Ergo
1939 3904 1953 3930 ,
1980 3863 2108 3918 Filii

525 3967 1001 4016 scrvaranttaoram
1028 3955 1394 4010 inhabitabant.
1446 3953 1570 4010 Filii
1611 3971 1901 4020 servarunt,
1946 3969 2107 4025 opera

525 4066 798 4105 servorum
829 4058 955 4104 sunt
981 4065 996 4113 ;
1055 4063 1211 4104 nemo
1240 4048 1308 4102 ibi
1362 4047 1645 4114 habitabit,
1696 4047 1796 4101 nisi
1824 4063 1919 4117 per
1941 4062 2104 4117 opera

523 4155 640 4195 sua.
668 4139 800 4206 Quid
823 4139 978 4209 igitur
1005 4147 1108 4206 est,
1140 4149 1194 4194 et
1220 4138 1311 4191 lilii
1344 4137 1692 4192 habitabant?
1719 4137 1886 4191 Nemo
1912 4137 2105 4207 glorie-

524 4242 611 4284 tur
635 4245 694 4285 se
721 4229 1107 4292 habitatorum,
1137 4228 1182 4282 si
1209 4227 1338 4282 dicit
1363 4241 1422 4281 se
1450 4242 1662 4281 servum
1696 4226 1813 4292 Dei,
1845 4235 1899 4280 et
1939 4219 2102 4296 opera

524 4337 627 4376 non
657 4321 850 4382 habet;
895 4301 999 4374 non
1027 4320 1167 4372 enim
1199 4318 1510 4372 habitabant
1551 4320 1654 4374 nisi
1699 4319 1813 4372 lilii.
1854 4319 1989 4385 Quid
2020 4328 2103 4374 est
2163 4342 2169 4347 ’

521 4424 648 4478 ergo
667 4449 681 4471 ,
705 4407 842 4461 'Filii
881 4423 1151 4461 servorum.
1165 4399 1368 4461 tuorum
1404 4407 1752 4462 inhabitabant
1775 4409 1801 4462 ξ)
1827 4408 1980 4464 Servi
2007 4425 2102 4480 per

520 4513 682 4568 opera
708 4513 802 4552 sua
833 4496 1216 4560 inhabitabunt,
1247 4494 1386 4550 servi
1417 4510 1510 4563 per
1531 4495 1666 4550 filios
1690 4512 1817 4553 suos
1840 4497 2101 4554 inhabita-

520 4587 672 4644 bunt.
692 4587 806 4643 Noli
836 4603 963 4658 ergo
992 4602 1111 4643 esse
1135 4586 1351 4651 sterilis,
1380 4585 1426 4640 si
1442 4586 1520 4641 vis
1541 4586 1808 4654 habitare;
1841 4590 2100 4659 przcmitte

522 4678 662 4734 fetus
680 4694 814 4750 quos
832 4679 1089 4749 sequaris,
1120 4677 1506 4748 praemittendo,
1533 4694 1636 4733 non
1664 4678 1950 4736 efferendo.
1978 4682 2098 4738 Filii

506 4771 601 4836 ptui
651 4783 700 4826 te
728 4769 993 4825 deducant
1019 4769 1085 4824 ad
1118 4779 1310 4825 terram
1336 4769 1703 4840 promissionis
1726 4811 1741 4835 ,
1780 4779 1972 4838 terram
2013 4775 2096 4828 vi-

517 4863 749 4917 ventium
768 4877 896 4928 ,non
922 4861 1258 4917 morientium
1288 4877 1302 4914 :
1333 4876 1454 4917 cum
1471 4860 1565 4915 hic
1597 4861 1729 4917 vivis
1757 4862 1810 4916 in
1839 4862 1936 4916 hac
1963 4879 2090 4934 per-

514 4953 875 5024 egrinatione.
903 4952 981 5007 illi
1029 4952 1376 5019 antecedant,
1406 4951 1699 5021 suscipiant
1727 4962 1778 5007 te
1797 4952 1842 5005 ⁸.
1870 4953 2095 5023 Propter

516 5044 861 5101 refectionem
889 5043 1176 5110 carnalem,
1205 5044 1342 5098 ﬁlius
1372 5045 1654 5100 antecessit
1677 5044 1840 5100 Jacob
1860 5046 1910 5101 in
1928 5045 2093 5118 :Egy-

515 5148 665 5208 ptum
687 5179 702 5202 ,
731 5149 787 5195 et
813 5137 889 5192 ait
913 5137 1050 5207 patri
1075 5151 1172 5191 suo
1200 5145 1254 5190 et
1283 5135 1532 5191 fratribus
1561 5138 1671 5190 suis
1699 5155 1713 5191 :
1743 5137 1853 5209 Ego
1876 5140 2090 5210 pravorti

515 5248 807 5304 praeparare
849 5231 985 5289 nobis
1008 5246 1146 5287 escas
1173 5228 1323 5302 (Gen.
1348 5246 1476 5296 χιιι,
1509 5231 1586 5302 7).
1627 5232 1933 5289 Prmcedant
1961 5247 2090 5306 ergo

515 5423 525 5434 .
575 5365 596 5434 ξ
626 5365 710 5416 nte
734 5377 846 5426 vox,
867 5362 1110 5424 mortales,
1137 5368 1188 5413 et
1217 5360 1437 5425 proximo
1458 5360 1580 5412 infra
1616 5362 1740 5422 loco,
1766 5376 1868 5424 nos,
1891 5377 1986 5416 non
2011 5373 2088 5417 est

510 5432 560 5473 tn
584 5432 688 5474 MSS.

574 5487 594 5548 ξ
628 5486 758 5544 add,
781 5483 834 5537 in
852 5484 1082 5538 streahun
1101 5481 1266 5548 δίκαιιὶ
1289 5481 1542 5548 dirigetiu'.
1561 5486 1722 5545 Abest,
1739 5485 1925 5545 seculi,
1939 5494 2082 5538 aMss.

575 5547 596 5578 ³
627 5548 698 5616 sic
739 5548 921 5616 aliquot.
943 5557 1044 5616 ttss.
1070 5544 1173 5616 alii,
1197 5544 1478 5616 accipiente
1501 5544 1760 5616 te_pr0pter
1779 5544 2086 5616 redactam

511 5606 752 5678 carnalem
774 5606 1186 5678 ﬁlios._Antec¢ssit
1215 5606 1395 5678 tose'plt
1423 5606 1585 5678 tacuit,
1611 5606 1704 5658 etc.
1731 5606 1846 5678 εόᾷὶ
1871 5612 2082 5678 vertile-

511 5669 720 5732 rebaa‘t:
754 5669 1011 5732 suscipiant
1032 5678 1077 5718 te
1098 5675 1290 5732 propter
1313 5669 1614 5732 refectionem
1641 5675 1904 5722 carnalem.
1935 5672 2082 5725 tilias

511 5727 684 5789 Joseph
709 5727 955 5778 antecessit
985 5727 1150 5793 λαιοῦ,
1175 5727 1269 5780 etc.

1778 283 1837 343 S.
1877 284 2012 343 AUC
2021 283 2240 343 USTINI
2277 287 2573 348 EPISCOPI

3656 309 3680 363 ί
3693 309 3810 364 δῒϐ

2231 401 2324 456 lilii
2364 404 2434 458 tui
2457 446 2470 467 ,
2511 406 2812 475 praecedant
2839 417 2896 466 te
2931 398 3092 483 opera
3123 423 3208 470 tua
3238 433 3252 470 :
3280 415 3464 489 quales
3494 416 3629 474 ﬁlios
3653 437 3805 486 pra:-

2225 492 2456 562 misoris,
2477 500 2612 552 tales
2640 499 2657 529 ¹
2689 507 2744 555 et
2767 505 3023 573 sequeris.
3691 517 3699 527 '

2241 624 3792 659 ____________*

2717 707 2800 768 IN
2832 709 3206 773 PSALMUM
3248 713 3354 777 CII

2787 829 3202 889 ENARRATIU.

2853 958 3024 1000 senato
3061 948 3163 1017 (α).
3257 915 3264 918 Π

2295 1073 2346 1126 1.
2377 1070 2525 1144 [νει-ε.
2558 1075 2631 1149 1.]
2658 1076 2711 1132 In
2741 1081 2886 1134 omni
2917 1097 3135 1138 munere
3165 1085 3373 1142 Domini
3405 1088 3495 1144 Dei
3529 1093 3725 1157 nostri,
3752 1093 3806 1149 in

2223 1165 2368 1217 Omni
2398 1166 2512 1233 ejus
2538 1170 2920 1236 consolatione,
2955 1172 3006 1227 in
3035 1175 3177 1228 omni
3207 1179 3562 1248 correptione,
3597 1182 3648 1236 in
3681 1201 3807 1253 gra-

2225 1256 2292 1308 tia
2340 1274 2496 1342 quam
2539 1259 2737 1317 donare
2778 1262 3021 1332 dignatus
3061 1275 3175 1332 est,
3223 1267 3276 1321 in
3327 1269 3645 1340 indulgentia
3697 1291 3807 1343 qua

2222 1347 2376 1401 nobis
2423 1363 2528 1403 non
2582 1350 2682 1406 hoc
2733 1353 2959 1407 reddidit
2990 1349 3140 1424 'quod
3167 1356 3431 1422 debebat,
3464 1361 3516 1414 in
3547 1364 3806 1418 onmibus

2224 1439 2472 1508 operibus
2497 1441 2630 1510 ejus,
2655 1443 2930 1499 benedicat
2954 1446 3127 1500 anima
3149 1460 3326 1504 nostra
3354 1451 3655 1509 Dominum.
3689 1456 3807 1512 Iloc

2222 1532 2361 1584 enim
2399 1535 2762 1598 cantavimus;
2794 1535 2915 1592 inde
2943 1537 3124 1606 incipit
3151 1539 3419 1608 Psalmus,
3462 1542 3528 1598 de
3567 1560 3676 1614 quo
3721 1547 3805 1600 lo-

2221 1638 2464 1693 quemur,
2496 1623 2727 1683 donante
2756 1625 2891 1698 ipso,
2923 1629 3061 1700 quod
3093 1644 3394 1702 possumus,
3425 1649 3580 1709 quem
3613 1649 3805 1697 nostra

2223 1716 2395 1770 anima
2425 1717 2707 1775 benedicit.
2739 1719 3108 1793 Unusquisque
3138 1714 3378 1780 nostrum
3401 1729 3597 1785 excitet
3621 1740 3679 1786 et
3711 1749 3805 1788 cx-

2224 1807 2464 1864 bortctnr
2490 1813 2717 1866 animam
2748 1829 2896 1868 suam
2917 1857 2934 1881 ,
2971 1826 3026 1871 et
3053 1818 3194 1871 dicat
3217 1818 3264 1873 ei
3301 1837 3314 1873 :
3345 1818 3598 1887 Benedic,
3623 1825 3805 1879 auium

2223 1913 2366 1964 mea,
2396 1898 2684 1956 Dominum.
2714 1903 2781 1958 Et
2806 1919 2992 1960 omnes
3033 1921 3161 1974 nos,
3207 1899 3262 1963 et
3299 1911 3387 1979 qui
3434 1912 3629 1982 ubique
3670 1924 3805 1970 sunt

2225 1989 2413 2046 fratres
2443 1992 2494 2046 in
2524 1992 2766 2059 Christo,
2797 2011 2931 2051 unus
2969 1996 3163 2063 homo,
3193 1999 3344 2066 cujus
3377 2010 3535 2072 caput
3575 2004 3626 2058 in
3656 2008 3804 2060 caelo

2223 2091 2323 2147 est,
2353 2082 2664 2138 exhortetur
2692 2085 2802 2154 ipse
2832 2103 2969 2142 unus
2995 2087 3153 2142 homo
3178 2091 3409 2146 animam
3435 2107 3606 2157 suam,
3634 2106 3693 2150 et
3721 2098 3802 2150 di-

2221 2181 2304 2226 cat
2330 2173 2377 2227 ei
2403 2190 2415 2226 :
2445 2171 2662 2228 Benedic
2683 2216 2697 2238 ,
2736 2177 2904 2230 anima
2928 2194 3067 2244 mea,
3101 2178 3389 2235 Dominam.
3420 2183 3666 2248 Obaudit,
3700 2188 3802 2241 ob-

2223 2272 2508 2332 temperat,
2558 2265 2680 2320 facit
2726 2265 2858 2329 ltoc.
2908 2269 3254 2338 persuadetur
3281 2271 3366 2339 ei,
3409 2288 3512 2328 non
3548 2290 3614 2329 ex
3637 2275 3803 2332 donis

2223 2353 2452 2418 nostris,
2479 2355 2573 2410 sed
2599 2371 2664 2410 ex
2700 2357 2841 2412 illius
2865 2375 3021 2428 quem
3062 2359 3329 2415 benedicit
3365 2365 3539 2418 anima
3587 2376 3797 2423 nostra.

2219 2442 2462 2511 Suscepit
2507 2446 2647 2499 enim
2690 2448 2923 2515 psalmus
2974 2449 3072 2503 iste
3114 2450 3394 2528 ostendere
3439 2454 3591 2511 nobis
3629 2472 3802 2526 quare

2221 2532 2502 2589 benedicat
2526 2537 2698 2589 anima
2725 2547 2900 2592 nostra
2927 2539 3224 2602 Dominum,
3247 2543 3394 2610 quasi
3417 2545 3465 2598 ei
3484 2548 3799 2614 respondis-

2220 2634 2303 2678 set
2329 2627 2502 2680 anima
2529 2641 2623 2685 sua
2647 2645 2661 2680 :
2691 2627 2865 2695 Quare
2888 2630 3015 2685 mihi
3039 2631 3190 2698 dicis,
3217 2633 3442 2689 Benedic
3471 2635 3797 2694 Dominum?

2219 2715 2510 2786 Audiamus
2541 2733 2687 2789 ergo,
2718 2719 2898 2774 audiat
2929 2722 3239 2792 ipsaanima
3263 2734 3457 2791 nostra,
3487 2728 3802 2784 consideret

2219 2809 2396 2862 omnia
2424 2809 2612 2882 quibus
2638 2812 2929 2878 excitetur,
2963 2829 3028 2868 ne
3067 2815 3215 2884 pigra
3243 2817 3310 2869 sit
3336 2817 3386 2870 in
3425 2817 3802 2878 benedictione

2220 2897 2460 2962 Domini;
2494 2909 2546 2953 et
2573 2899 2744 2954 videat
2772 2917 2836 2954 an
2863 2901 3062 2969 justum
3094 2905 3161 2957 sit
3189 2905 3328 2974 quod
3368 2907 3417 2961 ei
3443 2907 3655 2976 dicitur,
3688 2911 3798 2966 Be-

2182 3039 2188 3044 .
2218 2992 2359 3043 nedic
2378 3032 2393 3053 ,
2433 2992 2602 3046 anima
2627 3009 2735 3046 mea
2755 3033 2769 3056 ,
2799 2992 3070 3048 Dominam
3094 3012 3114 3049 :
3139 2996 3315 3052 videat
3357 2999 3401 3052 si
3445 2999 3606 3056 debet
3644 3002 3798 3058 aliud

2219 3080 2529 3137 benedicere
2559 3094 2750 3153 printer
2777 3087 3077 3142 Dominum.
3105 3087 3324 3144 Benedic
3341 3132 3357 3158 ,
3388 3090 3591 3162 inquit,
3618 3096 3797 3151 anima

2217 3187 2346 3236 mea,
2380 3171 2668 3227 Dominam.

2285 3264 2338 3317 2.
2367 3265 2576 3334 Repetit
2614 3266 2750 3331 hoc,
2780 3279 2834 3324 et
2863 3269 3324 3338 expressius‘dicit
3365 3273 3506 3343 quod
3547 3274 3792 3344 ἀίξαι-ιιι,

2215 3353 2449 3420 Benedic,
2469 3359 2637 3411 anima
2659 3376 2788 3424 mea,
2813 3359 3078 3414 Dominam
3100 3377 3121 3416 .'
3141 3372 3190 3416 et
3209 3364 3378 3417 omnia
3397 3366 3634 3419 interiora
3654 3385 3792 3434 mea,

2215 3463 2391 3502 nomen
2417 3460 2642 3502 sanctam
2671 3453 2799 3516 eius.
2831 3453 2963 3507 Puto
2988 3456 3108 3524 quia
3143 3471 3250 3510 non
3279 3457 3343 3511 ad
3381 3458 3632 3514 interiora
3658 3476 3788 3516 cor-

2219 3540 2366 3609 poris
2405 3539 2666 3610 loquitur;
2708 3553 2836 3613 pnto
2879 3559 3000 3598 eum
3041 3561 3143 3600 non
3171 3546 3272 3610 hoc
3295 3547 3494 3610 dicere,
3523 3559 3579 3603 ut
3607 3552 3794 3620 pulmo

2215 3641 2395 3687 noster
2421 3641 2475 3688 ct
2497 3631 2669 3704 jecur,
2697 3644 2751 3689 et
2775 3636 2817 3689 si
2844 3651 2945 3706 qua
2973 3646 3096 3690 sum
3116 3636 3360 3692 intestina
3381 3639 3578 3706 carnis,
3603 3657 3789 3697 erum-

2215 3732 2340 3791 pant
2391 3723 2444 3778 in
2491 3739 2675 3777 vocem
2723 3725 3105 3783 benedictionis
3151 3729 3377 3782 Domini.
3428 3729 3523 3784 Est
3569 3731 3790 3801 quidem

2215 3813 2393 3882 pulmo
2425 3815 2651 3882 pectoris
2677 3819 2840 3870 nostri
2872 3817 3021 3884 quasi
3067 3817 3205 3873 follis
3232 3820 3444 3889 quidam
3483 3822 3742 3880 anhelans
3765 3827 3788 3856 '

2209 3904 2450 3972 spirituum
2482 3905 2841 3973 reciprocum,
2873 3908 2961 3976 qui
2994 3909 3211 3978 spiritus
3257 3913 3501 3981 concepti
3546 3915 3686 3967 aeris
3733 3915 3787 3969 in

2210 4011 2392 4051 vocem
2418 4005 2473 4051 et
2500 4012 2685 4051 sonum
2713 3999 3044 4068 exprimitur,
3071 4017 3192 4056 cum
3222 4003 3379 4058 verba
3409 4004 3697 4076 digerimus
3724 4007 3785 4069 ’ς

2211 4100 2310 4140 nec
2351 4095 2522 4155 potest
2564 4087 2759 4158 aliquid
2790 4090 2935 4142 vocis
2964 4105 3158 4146 sonare
3201 4093 3268 4146 ab
3310 4110 3403 4148 ore
3434 4104 3612 4149 nostro
3633 4137 3648 4161 ,
3680 4097 3789 4153 nisi

2208 4176 2350 4246 quod
2381 4177 2556 4244 pulmo
2583 4192 2866 4246 expressus
2885 4181 3121 4235 emiserit
3147 4200 3160 4236 :
3184 4183 3277 4238 sed
3307 4201 3410 4239 non
3435 4185 3556 4240 hinc
3583 4187 3785 4256 agitur;

2209 4267 2310 4321 hoc
2334 4276 2500 4321 totum
2528 4268 2592 4320 ad
2623 4283 2778 4323 aures
2804 4269 3096 4326 hominum.
3116 4273 3285 4327 Habet
3313 4289 3469 4331 aures
3493 4276 3653 4342 Deus,
3684 4277 3788 4333 ha-

2207 4358 2297 4413 bet
2322 4368 2378 4412 et
2403 4373 2591 4414 sonum
2619 4374 2729 4414 cor.
2759 4360 3015 4417 Interiora
3061 4379 3155 4418 sua
3187 4365 3470 4435 alloquitur
3499 4367 3688 4434 homo,
3725 4379 3786 4426 ut

2206 4448 2521 4504 benedicant
2549 4450 2827 4505 Dominum
2849 4491 2864 4518 ,
2895 4461 2948 4507 et
2988 4453 3115 4507 dicit
3153 4455 3231 4509 eis
3259 4474 3272 4509 :
3304 4457 3488 4511 Omnia
3523 4459 3783 4516 interiora

2203 4555 2322 4596 mea
2365 4557 2556 4597 nomen
2606 4552 2844 4598 sanctum
2892 4544 3008 4615 ejus
3057 4545 3368 4602 benedicite.
3413 4548 3624 4616 Quaeris
3656 4569 3784 4622 qua:

2201 4643 2324 4689 sunt
2353 4636 2598 4691 interiora
2631 4637 2754 4690 tua?
2780 4638 2894 4708 Ipsa
2923 4640 3116 4694 anima-
3143 4650 3249 4694 tua.
3295 4641 3445 4709 Quod
3491 4659 3620 4711 ergo
3660 4645 3776 4709 ait,

2201 4725 2437 4793 Benedic,
2463 4728 2634 4782 anima
2667 4745 2805 4794 mea,
2838 4729 3110 4784 Dominam
3128 4749 3148 4799 ;
3181 4732 3282 4788 hoc
3305 4733 3378 4786 ait
3402 4775 3418 4800 ,
3449 4735 3620 4788 omnia
3642 4735 3781 4790 inte-

2199 4817 2336 4871 n’om
2356 4834 2484 4881 mea,
2515 4834 2692 4873 nomen
2718 4829 2948 4872 sanctam
2973 4822 3080 4890 ejus
3105 4837 3123 4874 :
3148 4822 3461 4877 subauditur
3486 4823 3653 4891 enim,
3679 4825 3783 4880 Be-

2197 4907 2444 4963 nedicitc.
2470 4908 2655 4964 Clama
2680 4907 2702 4941 ⁸
2732 4925 2865 4964 voce
2888 4951 2904 4980 ,
2932 4911 2976 4964 si
3003 4919 3086 4966 est
3108 4911 3270 4979 homo
3299 4915 3384 4984 qui
3415 4914 3599 4970 audiat
3625 4932 3640 4968 :
3675 4917 3783 4971 sile

2195 5016 2348 5077 voce,
2379 5000 2590 5071 quando
2616 5016 2720 5056 non
2749 5011 2830 5057 est
2855 5003 2944 5074 qui
2973 5002 3190 5070 attdiat;
3222 5004 3472 5062 interiora
3505 5015 3593 5062 tua
3627 5024 3774 5062 ιιιιιιο

2194 5111 2349 5165 quam
2391 5095 2540 5149 deest
2581 5095 2670 5165 qui
2719 5096 2916 5149 audiat.
2963 5096 3144 5168 Itaque
3193 5098 3417 5154 SOnabat
3453 5099 3777 5168 jamdudum

2195 5189 2495 5254 benedictio
2537 5187 2604 5242 de
2633 5203 2728 5243 ore
2759 5199 2971 5256 nostro,
3017 5200 3069 5245 et
3097 5189 3211 5245 haec
3241 5191 3352 5261 ipsa
3384 5192 3541 5248 verba
3582 5205 3774 5248 canta-

2190 5281 2381 5338 bamus
2404 5300 2417 5337 :
2446 5281 2684 5348 Benedic,
2708 5283 2879 5336 anima
2899 5300 3030 5350 mea,
3054 5282 3328 5338 Dominam
3341 5300 3362 5351 ;
3381 5294 3429 5339 et
3447 5285 3616 5339 omnia
3640 5285 3773 5341 inte-

2253 5429 2270 5460 ί
2306 5433 2370 5476 tta
2392 5434 2494 5478 MSS.
2516 5434 2572 5477 At
2590 5427 2722 5487 Edd.,
2740 5427 2867 5478 talis.
3375 5454 3380 5468 -

2252 5492 2272 5552 ξ
2305 5492 2376 5552 sic
2398 5487 2579 5552 aliquot
2601 5497 2705 5540 Mss.
2733 5498 2788 5552 At
2826 5491 2956 5550 ωδ..
2982 5489 3264 5542 anhelantis.
3305 5535 3312 5541 .

2251 5551 2273 5583 ³
2296 5549 2514 5612 Plerique
2537 5557 2662 5605 Mss,
2688 5549 2956 5613 din'gimns.

2248 5613 2271 5644 ο
2303 5613 2374 5660 sic
2414 5618 2520 5662 ass.
2547 5619 2602 5679 At
2634 5619 2732 5661 Am.
2761 5612 2943 5679 et__Er.,
2965 5612 3140 5664 clamat
3169 5626 3187 5665 :
3212 5622 3264 5665 et
3299 5613 3443 5679 infra,
3465 5612 3588 5666 silet.
3615 5615 3682 5668 Ed

2188 5681 2354 5724 autem
2375 5680 2504 5731 Lov.,
2529 5673 2708 5724 clamas
2735 5684 2754 5723 :
2775 5673 2906 5724 siles.

2254 5733 2325 5797 (τι)
2362 5741 2409 5784 ιιι
2431 5741 2682 5799 Martyrum
2704 5733 2964 5789 festivitate
2978 5735 3187 5790 habitus.
