4012 6202
201 300 336 356 1317

195 415 331 469 riora
371 426 516 474 mea,
558 414 739 463 nonten
779 413 1006 462 sanctum
1052 404 1181 472 eius.
1213 401 1480 471 Quantum
1512 397 1644 453 satis
1671 395 1768 450 fuit

199 505 419 575 tempori
444 504 460 534 ³
491 500 843 562 cantavimus,
870 511 924 554 et
947 498 1192 552 siluimus
1219 512 1233 548 :
1264 491 1518 562 numquid
1545 489 1768 544 interio-

197 614 250 653 ra
285 608 462 652 nostra
489 595 648 650 silere
675 594 872 649 debent
919 607 951 646 a
994 588 1366 647 benedictione
1405 584 1644 640 Domini?
1673 581 1768 636 Al-

197 699 368 744 ternet
395 704 490 758 pro
521 696 758 756 tempore
784 699 948 739 sonus
975 697 1162 739 vocum
1188 723 1203 748 ,
1241 687 1498 749 perpetua
1541 676 1610 730 sit
1659 688 1767 728 vox

197 780 526 835 interiorum.
569 778 704 832 Cum
753 775 1010 831 cenvenis
1059 773 1124 827 ad
1181 770 1461 827 ecclesiam
1512 768 1768 838 hymnum

196 871 372 926 dicere
395 911 410 933 ,
442 880 599 924 sonat
627 883 728 923 vox
764 877 850 922 tua
899 865 1082 920 laudes
1113 863 1207 918 Dei
1234 880 1248 916 :
1277 859 1465 915 Dixisti
1515 865 1769 928 quantum

201 961 433 1030 potuisti,
464 959 790 1023 discessisti;
820 965 976 1012 sonet
1002 956 1176 1010 anima
1205 966 1290 1008 tua
1319 951 1501 1006 laudes
1527 950 1639 1004 Dei.
1663 947 1771 1002 Ne-

198 1055 390 1123 gotium
420 1054 569 1123 agis;
600 1051 778 1107 laudet
809 1052 972 1105 Deum
1001 1048 1178 1103 anima
1221 1055 1329 1100 tua.
1357 1044 1548 1099 Cibum
1589 1044 1768 1110 capis;

199 1146 309 1199 ride
337 1144 466 1214 quid
496 1145 571 1196 ait
598 1141 888 1212 Apostolus
915 1158 929 1194 :
962 1140 1083 1195 Sive
1101 1138 1436 1214 manducatis,
1462 1136 1564 1189 sive
1586 1134 1770 1198 bibitis,

201 1209 436 1289 omnia—in
459 1209 674 1306 gloriam
707 1234 799 1287 Dei
825 1233 974 1304 facite
1001 1232 1018 1304 (
1040 1231 1058 1285 l
1084 1230 1202 1286 Cor.
1227 1245 1261 1284 Χ
1280 1272 1294 1296 ,
1318 1230 1380 1285 51
1479 1226 1665 1282 Audco
1692 1225 1796 1280 di--

201 1344 348 1382 cere:
375 1342 501 1381 cum
532 1326 765 1391 dormis,
795 1325 1078 1380 benedicat
1118 1325 1296 1379 anima
1336 1332 1423 1377 tua
1469 1320 1768 1376 Dominum.

201 1421 302 1476 Non
331 1431 386 1476 te
414 1421 612 1476 excitet
634 1419 886 1490 cogitatio
915 1417 1120 1490 ﬂagitii,
1146 1433 1254 1471 non
1283 1424 1334 1471 te
1357 1414 1561 1471 excitet
1591 1413 1771 1482 dispo-

206 1513 352 1567 sitio‘
378 1511 528 1576 furti,
560 1525 664 1564 non
696 1522 746 1565 te
771 1511 971 1565 excitet
1009 1509 1256 1564 condicta
1303 1507 1442 1562 forte
1480 1505 1771 1574 corruptio.

206 1602 497 1659 innocentia
520 1611 606 1656 tua
629 1603 785 1656 etiam
811 1602 862 1654 in
896 1600 1197 1655 dormiente
1217 1614 1314 1653 vos
1340 1607 1420 1653 est
1437 1584 1627 1652 animi:
1649 1605 1773 1650 tute.

205 1693 448 1758 Benedic,
496 1695 667 1746 anima
711 1709 821 1746 mea
843 1735 858 1759 ,
911 1691 1220 1754 Dominum;
1259 1699 1305 1745 et
1345 1690 1512 1744 omnia
1538 1687 1792 1742 interiora

209 1803 325 1846 mea,
358 1802 544 1839 nomen
570 1795 800 1840 sanctum
829 1787 958 1855 ejus.

265 1878 315 1930 5.
347 1874 507 1948 [vers.
529 1874 612 1948 2.]
641 1874 888 1942 Benedic,
913 1875 1084 1929 anima
1107 1889 1248 1940 mea,
1281 1872 1582 1938 Dominum,
1603 1879 1649 1924 et
1674 1870 1778 1925 noli

207 1967 423 2021 oblivisci
439 1984 610 2022 omnes
625 1967 973 2022 retributiones
992 1968 1119 2036 ejus.
1143 1965 1379 2029 Benedic,
1404 1963 1591 2033 inquit,
1611 1963 1779 2016 anima

209 2076 305 2112 .nea
332 2059 633 2113 Dominum.
656 2059 792 2128 Quid
823 2068 906 2114 est
931 2059 1108 2113 anima
1149 2058 1271 2112 tua?
1297 2055 1486 2112 Omnia
1527 2056 1778 2110 interiora

209 2160 302 2206 tua.
331 2150 575 2217 Benedic,
605 2153 774 2205 anima
795 2166 904 2205 mea
923 2192 938 2218 ,
968 2148 1265 2204 Dominum.
1292 2148 1555 2218 Repetitio
1590 2148 1655 2202 ad
1682 2162 1779 2202 ex-

211 2243 554 2298 hortationem
583 2237 746 2297 valet.’
773 2242 842 2298 Ut
878 2250 1058 2296 autem
1094 2239 1378 2297 benedicas
1425 2253 1636 2308 semper
1676 2238 1780 2292 Do-

212 2338 423 2388 minum.
475 2333 603 2388 Noli
653 2333 878 2387 oblivisci
923 2347 1094 2386 omnes
1145 2331 1495 2386 retributiones
1540 2330 1668 2400 ejus.
1722 2328 1779 2383 Si

211 2415 795 2489 oblivisceris,tacebis.
823 2423 938 2478 NOII
969 2431 1144 2477 autem
1175 2430 1426 2492 poterunt
1448 2430 1570 2475 ante
1598 2419 1780 2474 oculos

213 2525 314 2570 tuos
334 2531 459 2571 esse
491 2514 864 2569 retributiones
894 2513 1136 2578 Domini,
1170 2512 1270 2566 nisi
1301 2520 1423 2566 ante
1442 2511 1623 2564 oculos
1661 2519 1780 2562 tuos

215 2606 389 2661 fuerint
416 2619 640 2679 peccata
665 2615 772 2660 tua.
798 2605 911 2659 Non
943 2606 1014 2659 sit
1042 2613 1167 2660 ante
1193 2603 1378 2659 oculos
1405 2611 1522 2656 tuos
1541 2600 1780 2656 delecta-

217 2699 278 2754 tio
303 2698 561 2770 ρι’-κιειίιί
588 2699 811 2768 peccati,
834 2696 927 2752 sed
961 2697 1030 2752 sit
1052 2704 1174 2750 ante
1198 2694 1383 2748 oculos
1413 2702 1531 2747 tuos
1559 2692 1780 2746 damna-

216 2792 276 2845 tio
302 2790 509 2860 peccati
533 2808 545 2842 :
570 2789 841 2863 damnatio
861 2803 889 2842 a
914 2797 984 2853 te,
1012 2788 1256 2842 remissio
1281 2800 1310 2839 a
1335 2785 1462 2839 Deo.
1487 2783 1610 2837 Hiec
1638 2785 1778 2837 enim

213 2885 447 2940 retribuit
487 2882 772 2949 Dominus,
804 2889 859 2934 ut
893 2881 1064 2950 possis
1093 2880 1309 2934 dicere:
1342 2876 1477 2942 Quid
1511 2875 1782 2930 retribuam

213 2974 443 3040 Domino,
470 2991 562 3044 pro
579 2973 806 3028 omnibus
821 2988 932 3043 quin
950 2963 1172 3027 retribuit
1196 2971 1320 3024 mihi
1339 2967 1504 3042 (Psal.
1524 2984 1646 3033 cxv,
1667 2967 1782 3040 ην

216 3069 313 3124 lloc
337 3070 482 3124 enim
504 3066 904 3122 considerantes
923 3073 1205 3135 martyres,
1229 3077 1456 3132 quorum
1483 3061 1642 3115 etiam
1671 3075 1784 3115 me-

215 3165 425 3215 moriam
474 3160 630 3214 hodie
671 3157 1001 3212 celebramus
1025 3195 1039 3220 ,
1068 3163 1122 3209 ct
1149 3169 1333 3208 omnes
1361 3153 1576 3206 omnino
1615 3150 1781 3204 sancti

214 3254 292 3322 qui
320 3253 480 3306 vitam
513 3251 668 3305 istam
696 3256 1164 3316 contempserunt,
1207 3256 1262 3300 et
1307 3244 1443 3298 sicut
1477 3242 1698 3296 audistis
1730 3242 1783 3294 in

219 3344 442 3413 Epistula
484 3341 733 3405 Joannis,
763 3339 970 3394 animas
1010 3353 1134 3392 suas
1174 3351 1270 3407 pro
1309 3335 1562 3390 fratribus
1593 3348 1783 3403 posnc-
1816 3365 1826 3373 -

218 3445 329 3490 runt
357 3432 596 3505 (lloan.
628 3448 683 3486 Ill
707 3473 721 3496 ,
757 3431 824 3486 16
849 3434 866 3500 )
887 3472 904 3497 ,
936 3445 1053 3500 quae
1082 3439 1164 3484 est
1194 3427 1450 3499 perfectio
1479 3425 1782 3490 eharitatis,

216 3526 414 3581 dicente
443 3523 688 3588 Domino,
715 3521 963 3590 Maiorem
981 3520 1268 3573 charitatem
1286 3533 1426 3571 nemo
1447 3517 1613 3580 habet,
1633 3531 1786 3584 quam

217 3626 266 3668 ut
287 3617 506 3669 animam
526 3630 673 3668 suam
704 3621 853 3680 ponat
873 3627 964 3683 pro
987 3609 1162 3664 amicis
1187 3609 1291 3663 suis
1315 3607 1502 3678 (Joan.
1526 3621 1617 3668 xv,
1641 3605 1743 3672 l5)
1768 3622 1782 3657 :

219 3707 310 3762 hoc
333 3722 462 3778 ergo
488 3704 892 3761 considerantes
929 3702 1098 3757 sancti
1131 3711 1420 3771 martyres,
1450 3706 1786 3767 contempse-

220 3811 336 3855 runt
362 3801 568 3854 animas
594 3813 718 3852 suas
745 3797 831 3850 hic
853 3837 869 3860 ,
897 3805 955 3849 ιιι
986 3794 1055 3849 ibi
1088 3808 1179 3848 eas
1209 3792 1526 3857 invenirent,
1555 3804 1788 3859 sequen-

221 3902 295 3947 tes
322 3892 481 3947 i'erba
509 3889 719 3945 Domini
747 3883 977 3943 dicentis‘
995 3927 1010 3953 ,
1046 3884 1148 3952 Qui
1174 3892 1309 3937 amat
1344 3883 1566 3939 animam
1601 3896 1746 3933 suam
1767 3917 1784 3942 ,

220 3984 383 4054 perdet
408 3999 555 4047 eam;
585 3991 631 4035 et
657 3978 743 4050 qui
768 3977 1042 4049 perdiderit
1067 3991 1178 4030 eam
1203 3983 1406 4045 propter
1429 3984 1527 4037 me,
1553 3971 1608 4024 in
1635 3970 1788 4022 vitam

217 4086 451 4128 tetanum
486 4073 702 4127 inveniet
727 4087 837 4124 eam
867 4070 885 4140 (
909 4069 992 4123 Id.
1026 4083 1102 4123 xu
1125 4107 1141 4132 ,
1165 4066 1236 4121 25
1255 4064 1296 4137 ).
1329 4059 1619 4119 Voluerunt
1645 4062 1787 4117 enim

219 4167 547 4221 retribuere:
576 4163 703 4236 qui?
742 4171 796 4218 et
829 4162 990 4232 quid?
1027 4170 1082 4216 et
1114 4159 1238 4214 cui?
1269 4157 1520 4211 Homines
1546 4155 1790 4209 ministe-

216 4259 352 4313 rium
382 4273 532 4312 suum
559 4271 726 4326 usque
750 4255 815 4308 ad
844 4263 1066 4308 mortem
1095 4253 1206 4305 Deo
1231 4249 1606 4304 retribueruut.
1630 4246 1784 4315 Quid,

215 4350 360 4421 quod
412 4350 497 4403 ille
539 4365 641 4403 non
687 4345 1161 4412 donaverit?Quid
1187 4343 1481 4405 dederunt,
1515 4340 1654 4411 quod
1683 4355 1786 4395 non

215 4440 556 4510 acceperint?
584 4439 848 4494 Retribuit
874 4452 1001 4506 ergo
1026 4437 1113 4490 iFle
1140 4450 1288 4500 vere,
1306 4435 1394 4504 qui
1420 4433 1566 4488 solus
1589 4432 1787 4486 donat:

217 4532 308 4584 sed
345 4545 449 4584 non
477 4529 719 4584 retribuit
743 4528 974 4599 peccatis
1002 4526 1231 4591 nostris;
1265 4540 1384 4579 nam
1415 4524 1790 4578 retributiones

219 4623 370 4677 nobis
410 4623 526 4676 alite
565 4620 914 4685 debebantur,
958 4610 1168 4674 et'alia’.
1208 4617 1427 4673 redditae
1459 4626 1602 4672 sunt.
1643 4613 1788 4681 Noli,

217 4712 406 4782 inquit,
452 4712 674 4767 oblivisci
714 4728 885 4766 omnes
912 4710 1258 4764 retributiones
1299 4711 1446 4780 ejus:
1490 4723 1594 4763 non
1622 4707 1800 4762 tribu-.

218 4809 425 4874 tiones,
466 4805 561 4861 sed
608 4801 971 4860 retributiones.
1000 4803 1154 4859 Aliud
1198 4804 1338 4858 enim
1383 4802 1691 4866 debebatur,
1739 4810 1794 4871 et

221 4902 480 4956 redditum
505 4909 587 4955 est
614 4899 752 4970 quod
779 4913 880 4953 non
911 4897 1222 4953 debebatur.
1250 4895 1404 4952 Unde
1427 4905 1482 4950 et
1506 4895 1594 4950 ille
1617 4913 1632 4950 :
1658 4894 1793 4962 Quid

221 4995 491 5048 retribuam
519 4992 756 5056 Domino,
785 5009 876 5062 pro
897 4991 1126 5044 omnibus
1144 5031 1159 5053 ,
1200 4989 1365 5058 inquit
1383 5030 1395 5051 ,
1431 5003 1544 5059 ante
1568 4986 1795 5041 retribuit

223 5087 344 5140 mihi
374 5083 543 5152 (Psat.
566 5081 843 5152 cxv,12)?
871 5082 984 5136 Non
1006 5081 1100 5146 ait,
1131 5096 1248 5149 quae
1273 5079 1454 5135 tribuit
1477 5078 1645 5143 mihi;
1674 5077 1787 5143 sed,

221 5192 334 5245 qua
361 5176 584 5229 retribuit
605 5173 747 5226 mihi.
776 5171 1082 5241 Retribuisti
1115 5181 1167 5224 tu
1190 5171 1326 5224 mala
1359 5185 1456 5240 pro
1485 5170 1674 5234 bouis;
1704 5185 1791 5223 re-

222 5267 405 5322 tn'buit
430 5267 543 5337 ipse
567 5267 704 5322 bona
736 5279 830 5336 pro
857 5265 1029 5319 malis.
1058 5261 1337 5330 Quomodo
1374 5263 1663 5318 retribuisti
1706 5271 1792 5337 tu,

221 5374 255 5413 ο
281 5335 465 5424 homo,
491 5360 601 5412 Deo
621 5335 756 5412 mala
777 5372 875 5428 pro
894 5357 1080 5411 bonis?
1100 5356 1198 5422 Qui
1223 5357 1368 5427 prius
1389 5355 1534 5410 fuisti
1551 5335 1798 5424 blasphe-

221 5466 367 5517 mus,
399 5465 452 5506 et
479 5447 804 5519 persecutor,
837 5458 892 5504 et
921 5447 1207 5518 iujuriosus
1237 5447 1287 5519 (I
1320 5446 1454 5502 Tim.
1489 5462 1526 5512 ι,
1553 5444 1677 5518 15),
1707 5461 1794 5501 re-

223 5541 458 5597 tribuiin
490 5540 864 5611 blaSphemias.
884 5538 989 5594 Pro
1017 5538 1214 5610 quibus
1234 5537 1425 5592 bonis?
1452 5536 1649 5603 Primo,
1673 5533 1794 5606 quia

287 5677 306 5738 ε
341 5678 419 5725 Sic
440 5682 536 5725 Am.
563 5682 615 5725 et
636 5683 740 5738 Mss.
762 5679 817 5738 at
838 5679 909 5722 Er.
937 5679 988 5738 et
1012 5679 1141 5734 Lov.,
1165 5670 1406 5738 temporis.

287 5737 314 5770 ³
342 5739 416 5787 sic
439 5733 1029 5812 Iss.at&ld.,depositio:
1128 5733 1133 5734 “
1259 5733 1270 5738 ⁷
1367 5755 1370 5758 ·

1329 283 1724 343 ENAlmATlO
1761 281 1829 336 IN
1866 280 2186 340 PSALHUM
2223 285 2327 342 Cll.

3307 289 3446 364 itus

1873 409 1933 451 es
1955 414 1969 452 :
1992 397 2082 452 sed
2097 408 2180 452 est
2193 409 2248 455 et
2267 398 2418 470 lapis.
2443 399 2661 466 Deinde,
2681 401 2804 472 quia
2821 401 2956 457 vivis
2978 421 2993 458 :
3014 403 3111 462 sed
3129 403 3326 460 vlvitet
3353 421 3445 473 pe-

1873 503 1986 543 cus.
2034 489 2169 556 Quid
2223 491 2485 548 retribues
2529 493 2785 560 Domino,
2836 511 2938 566 pro
2979 512 3050 556 eo
3093 495 3235 565 quod
3286 513 3448 567 super

1873 583 2047 635 omnia
2077 598 2264 652 pecora
2293 593 2347 638 et
2372 599 2528 652 super
2557 587 2731 641 omnia
2763 589 2990 648 volatilia
3013 589 3134 645 fecit
3155 602 3204 647 te
3225 592 3287 647 ad
3312 592 3444 647 iina-

1873 671 2046 742 ginem
2073 683 2124 726 et
2153 674 2550 729 similitudinem
2581 673 2729 730 suam
2760 677 2908 748 (Cen.
2932 696 2970 745 ι,
3002 681 3130 752 26)?
3153 683 3267 737 Noli
3287 700 3440 752 quur-

1873 778 1992 819 rcre
2020 764 2142 834 quid
2169 765 2216 819 ei
2259 765 2519 821 retribuas
2549 785 2562 820 :
2591 769 2986 828 similitudinem
3018 773 3184 842 ipsius
3209 773 3444 829 retribue

1874 855 1946 910 illi
1969 899 1984 922 ,
2013 873 2114 911 non
2147 857 2263 926 plus
2293 860 2511 927 quaerit;
2541 875 2812 916 nummum
2841 877 2994 918 suum
3033 863 3195 934 exigit
3225 865 3449 935 (Matth.

1874 962 1980 1008 xxii
2003 988 2016 1011 ,
2043 948 2104 1002 2|
2135 948 2173 1019 ).
2205 949 2282 1002 Tu
2312 937 2488 1004 autem
2518 965 2613 1020 pro
2635 952 2817 1021 gratiis
2842 954 3078 1022 agendis,
3108 971 3205 1025 pro
3236 957 3444 1011 humili-

1875 1047 2000 1101 tate,
2031 1053 2124 1106 pro
2149 1039 2422 1110 obsequio,
2451 1056 2546 1110 pro
2575 1043 2719 1097 cultu
2742 1043 3008 1113 religioso,
3040 1046 3088 1100 id
3116 1056 3215 1110 est,
3245 1064 3339 1116 pro
3365 1049 3448 1101 bis

1875 1131 2120 1185 onmibus
2149 1132 2299 1186 b0nis
2320 1149 2437 1202 quae
2464 1133 2696 1189 debebas
2729 1136 2840 1190 Deo
2873 1145 2962 1190 tuo
2982 1179 2996 1195 .
3027 1153 3124 1207 pro
3148 1138 3301 1194 bonis
3329 1156 3447 1210 qum

1875 1220 2164 1289 accepisti,
2201 1238 2319 1292 qua:
2359 1223 2464 1283 disi
2489 1265 2505 1292 ,
2555 1227 2843 1281 retribuisti
2897 1227 3270 1296 blaSphemias.
3311 1232 3446 1296 Quid

1875 1327 2003 1382 ergo
2047 1312 2171 1367 ille?
2213 1314 2508 1381 Confitere,
2558 1317 2794 1387 ignosco.
2835 1318 3084 1373 Relribuo
3111 1330 3166 1374 et
3192 1336 3325 1391 ego,
3356 1323 3450 1376 sed

1878 1417 1980 1455 non
2020 1403 2158 1472 quod
2195 1413 2250 1458 tu
2281 1406 2569 1460 retribuisti
2597 1427 2608 1458 :
2642 1417 2696 1460 tu
2728 1407 3015 1466 retribuisti
3061 1410 3197 1464 mala
3230 1427 3325 1480 pro
3361 1412 3454 1466 bo-

1878 1495 1992 1558 nis;
2017 1510 2115 1564 ego
2146 1497 2382 1550 retribno
2411 1497 2545 1552 bona
2575 1514 2671 1568 pro
2702 1500 2874 1556 malis.

1907 1625 1916 1632 .
1947 1586 2000 1639 4.
2031 1585 2212 1655 Cogita
2249 1603 2406 1657 ergo,
2438 1589 2613 1643 anima
2636 1632 2651 1656 ,
2692 1607 2880 1646 omnes
2919 1594 3293 1648 retributiones
3321 1595 3452 1660 Dei,

1879 1676 2160 1747 cogitando
2191 1679 2366 1732 omnia
2398 1679 2533 1732 mala
2577 1680 2710 1735 facta
2740 1691 2827 1736 tua
2860 1699 2873 1738 :
2905 1699 3064 1752 quam
3110 1685 3274 1740 multa
3309 1686 3452 1740 enim

1881 1768 2014 1819 mala
2043 1766 2179 1822 facta
2211 1777 2325 1835 tua,
2359 1778 2462 1823 tam
2496 1771 2672 1824 multae
2714 1772 2866 1827 bonae
2909 1775 3286 1830 retributiones
3313 1776 3451 1845 ejus.

1880 1857 1946 1911 Et
1971 1857 2097 1927 quid
2128 1859 2203 1912 illi
2235 1861 2428 1915 oll'eres
2466 1860 2604 1916 forte
2633 1863 2906 1932 seniorum
2926 1865 2950 1917 ?
2974 1865 3098 1934 quid
3131 1881 3407 1921 munerum
3432 1867 3456 1920 1

1879 1949 2004 2018 quid
2047 1950 2468 2007 sacrificiorum?
2494 1953 2754 2022 Quoniam
2799 1971 2902 2010 non
2943 1957 3272 2013 oblivisceris
3302 1961 3456 2013 retri-

1879 2040 2124 2098 butiones
2163 2044 2314 2114 ejus,
2361 2046 2461 2100 inec
2503 2046 2765 2104 sacriﬁcio
2806 2049 3100 2106 delectatur
3142 2068 3156 2105 :
3203 2050 3454 2119 Benedic,

1880 2135 2069 2199 anima,
2097 2133 2391 2188 Dominum.
2425 2137 2745 2204 Sacri/icium
2787 2139 2954 2193 (mulis
2991 2141 3293 2210 glori/icabit
3331 2161 3411 2197 me
3437 2137 3478 2198 ε’

1880 2224 2087 2277 immota
2127 2223 2235 2279 Deo
2273 2227 2574 2295 sacriﬁcium
2603 2229 2790 2293 laudis,
2821 2241 2867 2282 et
2887 2234 3039 2290 redde
3062 2234 3320 2288 Altissimo
3349 2248 3458 2288 rota

1828 2327 1833 2335 ·
1881 2322 1964 2371 tua
1985 2313 2153 2384 (Psal.
2181 2331 2332 2378 χιιι.
2354 2317 2440 2381 id,
2461 2317 2574 2387 25).
2601 2317 2824 2374 Laudari
2852 2336 2910 2374 se
2933 2322 3042 2376 vult
3069 2323 3206 2378 Deus
3225 2335 3306 2386 ;et
3333 2323 3453 2387 huc,

1883 2413 1940 2456 ut
1970 2414 2020 2458 tu
2043 2392 2312 2472 profici-as,
2342 2421 2446 2460 non
2475 2416 2534 2461 ut
2561 2407 2647 2462 ille
2678 2410 3007 2464 sublimetur.
3036 2411 3152 2464 Non
3183 2422 3262 2466 est
3289 2416 3461 2467 omni-

1882 2509 1954 2550 no
1989 2495 2128 2564 quod
2161 2495 2234 2549 illi
2263 2496 2556 2552 retribuere
2583 2499 2598 2529 ¹
2629 2515 2644 2552 :
2677 2509 2730 2554 et
2755 2499 2896 2569 quod
2943 2502 3138 2572 exigit,
3183 2519 3287 2559 non
3319 2507 3457 2568 sibi,

1823 2591 1836 2598 “
1883 2587 1976 2644 sed
2007 2588 2097 2641 tibi
2123 2584 2330 2658 exigit;
2359 2589 2451 2642 tibi
2482 2590 2737 2658 proderit,
2771 2591 2862 2644 tibi
2895 2603 3156 2648 servatur.
3194 2595 3310 2650 Non
3361 2598 3462 2653 hoe

1882 2692 1914 2734 a
1943 2687 1993 2732 te
2021 2687 2184 2743 amat,
2210 2679 2351 2748 quod
2383 2666 2529 2734 illum
2571 2689 2792 2752 augeat,
2823 2681 2918 2736 sed
2960 2683 3098 2752 quod
3142 2694 3193 2740 te
3219 2686 3286 2742 ad
3314 2687 3460 2741 illum

1882 2767 2155 2838 perducat.
2185 2768 2469 2839 Propterea
2495 2772 2808 2839 quaerebant
2830 2783 3116 2844 martyres,
3141 2775 3468 2846 deficiebant

1883 2858 2273 2928 quodammodo
2299 2875 2404 2914 non
2431 2859 2769 2928 inveniendo,
2794 2875 2846 2918 et
2868 2864 3133 2925 dicebant.
3165 2868 3300 2930 Quid
3320 2879 3464 2921 rem-

1885 2949 2034 3004 bnam
2052 2948 2292 3016 Domino,
2328 2967 2420 3022 pro
2444 2953 2671 3007 omnibus
2697 2970 2812 3030 qua:
2833 2955 3061 3010 retribuit
3085 2958 3246 3011 mihi?
3267 2959 3331 3013 lit
3359 2977 3464 3018 non

1885 3042 2201 3099 invenerunt
2227 3043 2765 3113 quid'retriluterent,
2800 3048 2901 3102 nisi
2921 3089 2936 3111 ,
2974 3047 3194 3104 Calicem
3227 3051 3467 3107 salutaris

1884 3134 2145 3204 accipiam,
2171 3142 2217 3188 et
2237 3151 2415 3189 nomen
2434 3133 2643 3190 Domini
2660 3137 2896 3193 invocabo
2915 3137 3082 3210 (Pent.
3105 3155 3224 3205 cxv,
3245 3141 3331 3206 19.,
3351 3143 3463 3212 15).

1885 3224 2304 3293 Quidretribnes
2327 3227 2587 3281 Domino?
2612 3226 2894 3298 Cogitabas
2918 3231 3084 3294 enim,
3109 3243 3162 3285 et
3190 3247 3292 3286 non
3318 3233 3464 3288 iuve-

1888 3317 2071 3370 uiebas
2096 3336 2108 3370 :
2133 3315 2353 3372 Calicem
2377 3318 2613 3385 salutatis
2642 3319 2912 3389 accipiam.
2940 3320 3115 3387 Quid?
3141 3323 3349 3376 calicem
3375 3341 3464 3376 sa-

1887 3408 2068 3463 lutaris
2114 3424 2289 3464 nonne
2338 3411 2449 3480 ipse
2494 3410 2746 3468 Dominus
2792 3411 2973 3466 dedit?
3016 3413 3090 3466 De
3140 3423 3232 3468 tuo
3264 3415 3466 3484 aliquid

1889 3498 2138 3567 retribue,
2169 3503 2213 3558 si
2245 3513 2413 3573 potes.
2437 3502 2572 3567 Non,
2606 3503 2865 3567 dixerim;
2894 3520 2959 3559 ne
2992 3505 3184 3560 feceris
3205 3548 3219 3569 ,
3256 3508 3360 3559 noli
3393 3507 3461 3559 de

1890 3601 1980 3648 tuo
2010 3593 2305 3650 retribuere
2333 3611 2348 3658 ;
2375 3611 2481 3648 non
2513 3595 2625 3648 vult
2649 3595 2788 3649 Deus
2813 3595 2878 3649 de
2909 3605 2999 3648 tuo
3025 3597 3121 3649 sibi
3149 3599 3385 3660 retribui.
3409 3599 3465 3652 Si

1889 3684 1957 3740 de
2001 3695 2092 3740 tuo
2137 3685 2414 3748 retribuis,
2463 3694 2737 3754 peccatum
2780 3685 3050 3739 retribuis.
3089 3686 3275 3740 Omnia
3321 3687 3465 3742 enim

1891 3794 2008 3847 qua:
2033 3777 2217 3843 babes,
2246 3778 2314 3832 ab
2343 3778 2434 3832 illo
2464 3777 2627 3831 babes
2653 3795 2665 3830 :
2701 3787 2848 3833 tuum
2880 3789 3149 3846 peccaturo
3181 3781 3350 3834 solum
3373 3781 3468 3834 ba-

1890 3868 2006 3923 bes.
2036 3868 2152 3923 Non
2183 3869 2295 3922 vult
2319 3869 2419 3924 sibi
2447 3867 2667 3923 retribui
2693 3867 2759 3923 de
2791 3877 2898 3930 tuo,
2931 3867 2999 3922 de
3027 3885 3127 3922 suo
3157 3869 3285 3923 vult.
3318 3871 3468 3936 Quo-

1892 3959 2051 4015 modo
2080 3959 2345 4030 agricolae,
2374 3959 2440 4013 de
2473 3968 2612 4012 terra
2639 3974 2796 4029 quam
2827 3959 3128 4020 seminavit,
3161 3961 3202 4014 si
3227 3973 3461 4030 segetem

1893 4053 2151 4114 attuleris,
2183 4053 2249 4105 de
2278 4052 2521 4121 agricola:
2551 4050 2722 4105 fructu
2753 4051 3071 4113 retribuisti;
3099 4052 3142 4104 si
3170 4053 3368 4120 spinas,
3399 4053 3469 4110 de

1897 4155 1986 4199 tuo
2024 4143 2279 4199 obtulisti.
2315 4143 2599 4197 Veritatem
2645 4141 2911 4206 retribue,
2943 4142 2993 4194 in
3025 4143 3246 4196 veritate
3289 4143 3467 4197 Domi-

1895 4253 2021 4292 num
2051 4236 2202 4291 lauda
2234 4253 2246 4288 :
2275 4236 2320 4290 si
2350 4235 2416 4290 de
2449 4244 2538 4289 tuo
2569 4233 2818 4296 volueris,
2851 4235 3142 4289 mentieris.
3168 4235 3264 4304 Qui
3296 4237 3466 4307 loqui-

1898 4336 1985 4384 tur
2009 4329 2362 4392 mendacium,
2393 4327 2458 4382 de
2488 4343 2587 4381 suo
2617 4327 2848 4396 loquitur
2887 4325 3076 4396 (Joan.
3109 4344 3220 4396 vm,
3252 4329 3320 4382 M
3343 4330 3382 4397 ).
3410 4329 3469 4386 Si

1895 4422 1982 4490 qui
2016 4419 2244 4490 loquitur
2277 4418 2628 4481 mendacium,
2661 4417 2729 4471 de
2753 4433 2852 4471 suo
2879 4417 3144 4485 loquitur;
3177 4420 3264 4488 qui
3295 4420 3468 4488 loqui.

1897 4519 1982 4566 tur
2006 4511 2280 4565 veritatem
2304 4550 2318 4569 ,
2347 4509 2418 4564 de
2448 4507 2818 4578 Deoioquitur.
2844 4506 2977 4573 Quid
3019 4517 3102 4562 est
3127 4517 3302 4563 autem
3330 4511 3469 4565 aceio

1896 4616 2023 4672 pere
2045 4601 2260 4657 calicem
2291 4599 2559 4664 salutaris,
2586 4598 2684 4652 nisi
2715 4598 2984 4665 passiones
3007 4596 3216 4652 Domini
3239 4600 3472 4666 imitari!

1896 4695 2010 4751 Hoc
2031 4704 2294 4766 martyres
2329 4692 2589 4748 fecerunt.
2621 4691 2732 4744 lloe
2774 4690 3199 4759 superbientibus
3227 4693 3389 4754 dixit,
3418 4705 3471 4750 et

1898 4787 2054 4842 sedes
2085 4786 2338 4841 sublimes
2361 4785 2470 4852 jam
2498 4781 2878 4851 quaerentibus,
2907 4791 2960 4836 et
2979 4783 3271 4841 convallem
3301 4785 3472 4852 plora-

1898 4877 2055 4933 tionis
2105 4875 2494 4938 devitantibus,
2549 4872 2637 4942 qui
2687 4873 2934 4927 volebant
2982 4873 3191 4939 sedere,
3226 4891 3361 4929 unus
3403 4875 3471 4931 ad

1898 4968 2200 5029 dexteram,
2238 4965 2372 5020 alius
2399 4963 2466 5018 ad
2496 4962 2784 5016 sinistram.
2811 4962 2947 5028 Quid
2971 4978 3099 5031 ergo
3127 4964 3232 5018 ait?
3252 4963 3470 5020 Potestis

1899 5060 2061 5114 bibere
2084 5059 2290 5112 calicem
2315 5071 2460 5124 quem
2487 5070 2576 5125 ego
2605 5053 2846 5107 bibiturus
2873 5070 2984 5107 sum
3003 5054 3212 5124 (Matth.
3237 5073 3328 5123 xx,
3356 5059 3475 5123 22)?

1899 5152 2014 5208 Jam
2043 5165 2171 5218 ergo
2199 5157 2400 5218 martyr
2423 5154 2635 5217 paratus
2661 5145 2727 5201 ad
2757 5145 3025 5200 victimam
3057 5157 3293 5200 sanctam
3320 5143 3473 5199 dicit.

1897 5243 2118 5300 Calicem
2145 5239 2383 5295 salutaris
2407 5237 2655 5307 accipiam
2680 5253 2699 5290 :
2726 5236 2979 5306 accipiam
3009 5237 3225 5292 calicem
3246 5235 3464 5302 Christi,

1885 5334 2075 5390 .bibam
2096 5330 2394 5402 passionem
2421 5327 2648 5384 Domini.
2669 5327 2811 5382 Cave
2827 5341 2894 5382 ne
2913 5326 3149 5382 delicias.
3173 5325 3276 5381 Sed
3294 5344 3478 5382 nomen

1901 5424 2109 5479 Domini
2149 5420 2406 5474 invocabo.
2452 5419 2585 5486 Quid
2633 5431 2758 5487 ergo
2805 5415 3143 5481 deiecerunt,
3191 5416 3470 5474 Dominum

1904 5530 2010 5570 non
2029 5514 2442 5576 invocaverunt;
2467 5509 2533 5566 de
2557 5522 2652 5565 sua
2670 5505 2978 5566 fortitudine
2999 5520 3470 5578 praesumpserant.

1972 5668 1988 5700 ι
2025 5673 2090 5716 tta
2114 5665 2341 5728 principui
2378 5671 2484 5714 Mss.
2521 5660 2716 5723 Quidam
2755 5671 2891 5724 vero,
2933 5661 3196 5714 retiibuere
3433 5662 3472 5712 Α

1907 5728 2040 5792 8414.,
2063 5721 2312 5779 reiribuds.
2543 5721 2553 5723 “
2874 5721 2882 5724 ’
3233 5721 3244 5728 ’
3272 5721 3283 5753 ’·
