4012 6202
528 252 664 310 ιδιο
752 223 757 228 ’

527 369 606 424 Tu
635 371 712 425 sic
737 369 920 434 redde,
945 379 1000 423 ut
1022 379 1072 423 te
1101 368 1368 438 accepisse
1393 361 1734 438 quod'reddis
1760 369 2087 422 memineris.

524 459 616 515 Sic
640 477 767 531 ergo
796 461 1073 516 benedicat
1097 459 1268 513 anima
1301 469 1386 514 tua
1415 459 1712 525 Dominum,
1742 467 1798 514 ut
1824 475 1928 513 non
1956 458 2092 514 obli-

523 552 752 605 viscatnr
780 565 962 605 omnes
991 549 1362 604 retributiones
1389 550 1524 618 ejus.

593 642 647 696 5.
706 631 855 704 [vm.
896 638 1044 713 5-5.]
1085 639 1278 695 Audite
1302 654 1490 695 omnes
1527 639 1906 695 retributiones
1948 639 2086 709 ejus.

525 750 544 783 ι
583 731 680 798 Qui
705 729 959 800 prOpitius
983 731 1041 785 fit
1064 732 1308 786 omnibus
1333 731 1693 801 iniquitatibus
1723 732 1846 795 tuis,
1887 733 1975 802 qui
2001 747 2089 786 sa-

519 835 610 878 nat
645 838 830 878 omnes
871 825 1148 895 languores
1179 833 1315 879 tuos.
1363 824 1461 893 Qui
1507 824 1752 879 redimit'
1792 825 1858 879 de
1903 841 2088 879 corru-

517 915 696 984 ptione
736 916 897 968 vitam
928 925 1068 968 tuam
1090 956 1104 978 ,
1136 915 1223 984 qui
1258 924 1474 968 coronat
1505 924 1556 968 te
1586 916 1638 968 in
1669 915 2004 970 miseratione
2033 925 2088 970 et

517 1009 896 1067 misericordia.
940 1008 1040 1074 Qui
1070 1007 1303 1062 satiatin
1345 1009 1496 1062 bonis
1521 1007 1838 1063 desiderium
1882 1015 2027 1062 tuum
2068 1024 2082 1061 :

514 1100 857 1153 renovabitur
896 1099 1032 1153 sicut
1060 1100 1250 1168 aquilae
1280 1099 1529 1169 juventus
1557 1109 1663 1153 tua.
1704 1119 1722 1152 ι
1761 1100 1898 1154 Ecce
1929 1098 2086 1154 retri-

513 1191 777 1246 butiones.
802 1192 935 1259 Quid
966 1193 1256 1247 debebatur
1281 1193 1565 1262 pedcatori,
1595 1192 1694 1247 nisi
1723 1191 2084 1263 supplicium?

512 1281 636 1350 quid
663 1282 953 1337 debebatur
971 1282 1299 1352 blaspheme,
1330 1283 1429 1338 nisi
1457 1283 1695 1354 gebenna
1724 1283 1857 1353 ignis
1885 1282 2082 1338 arden-

511 1376 624 1429 tis?
648 1373 762 1429 Non
791 1376 901 1444 ipsa
931 1376 1174 1430 retribuit
1206 1392 1218 1427 :
1260 1391 1326 1429 ne
1351 1390 1690 1444 expavescas,
1733 1389 1800 1429 ne
1829 1375 2084 1430 exhorre-

509 1486 722 1535 scas,ne
732 1470 847 1524 sine
862 1485 1042 1524 amore
1059 1469 1265 1524 timeas.
1281 1469 1395 1524 Noli
1411 1469 1646 1523 oblivisci
1659 1483 1844 1523 omnes
1854 1467 2084 1522 retribu-

510 1565 682 1618 tiones
702 1551 813 1632 ejus
835 1563 1032 1626 bonas;
1060 1570 1113 1615 et
1135 1571 1338 1615 mutare
1356 1561 1486 1630 jam.
1520 1575 1586 1614 ne
1607 1558 1897 1629 experiaris
1925 1558 2080 1613 retri-

510 1656 755 1710 butiones
779 1655 950 1723 ’ejus:
979 1654 1104 1725 quid
1149 1653 1359 1709 dicam?
1390 1652 1593 1707 malas?
1638 1653 1693 1707 Si
1733 1652 1904 1722 justas
1925 1692 1938 1714 ,
1971 1666 2076 1704 non

507 1749 691 1802 malas.
726 1745 804 1800 Ad
835 1756 884 1801 te
911 1761 1037 1817 ergo
1064 1746 1260 1810 malas;
1292 1745 1356 1798 ad
1396 1745 1559 1798 Deum
1595 1753 1772 1797 autem
1804 1757 1900 1797 nec
1930 1741 2075 1802 ha-c!

468 1873 473 1881 ι
505 1853 622 1906 qua:
647 1835 838 1906 pateris
867 1837 1024 1900 mala,
1055 1835 1188 1889 mala
1219 1844 1342 1890 sunt
1367 1853 1380 1889 :
1408 1835 1452 1890 si
1473 1834 1614 1889 enim
1641 1833 1782 1903 jnsta
1812 1840 1954 1895 sunt,
1983 1831 2079 1886 bo-

507 1945 571 1985 na
603 1928 880 1994 sunt;-sed
909 1928 1000 1983 tibi
1031 1928 1245 1994 patienti
1279 1927 1393 1981 [nec
1422 1927 1555 1980 mala
1583 1933 1724 1980 sunt.
1768 1924 1883 1979 Non
1915 1924 1993 1977 vis
2017 1933 2078 1978 ut

505 2021 641 2075 mala
669 2021 774 2073 sint
800 2005 924 2083 tibi,
957 2034 1074 2088 quae
1105 2018 1242 2086 jnsta
1279 2026 1402 2072 sunt
1439 2016 1572 2071 Dei?
1609 2015 1723 2071 Non
1755 2016 1828 2070 sit
1855 2015 1990 2070 mala
2020 2015 2074 2073 in

504 2119 793 2180 conSpectn
823 2109 915 2164 Dei
943 2109 1189 2178 iniquitas
1217 2117 1323 2162 tua.
1352 2107 1466 2162 Non
1494 2107 1634 2161 enim
1665 2105 1892 2161 cessavit
1919 2119 2077 2159 voca-

501 2217 600 2266 re,
637 2209 729 2255 aut
756 2208 1000 2255 vocatum
1044 2199 1275 2270 neglexit
1311 2198 1592 2258 instruere,
1641 2204 1732 2250 aut
1761 2197 2072 2249 instructum

501 2294 730 2349 cessavit
763 2291 1051 2363 perlicere,
1087 2301 1176 2344 aut
1204 2290 1491 2360 perfectum
1531 2289 1761 2359 neglexit
1785 2301 2068 2343 coronare.

501 2385 636 2451 Quid
672 2384 839 2439 dicis?
862 2380 1004 2452 Quia"
1020 2397 1077 2438 es
1112 2382 1396 2453 peccator?
1430 2381 1780 2447 Convertere,
1807 2389 1862 2434 et
1887 2381 2070 2448 accipe

500 2477 872 2532 retributiones
902 2459 1029 2530 istas
1054 2493 1069 2542 ;
1100 2475 1344 2544 propitius
1385 2475 1441 2543 ﬁt
1468 2474 1697 2528 omnibus
1715 2473 2072 2537 iniquitatibus

501 2571 618 2624 mis.
647 2569 774 2624 Post
809 2549 1177 2623 remissionem
1206 2576 1542 2637 peccatorum
1570 2579 1763 2632 corpus
1794 2565 2061 2619 infirmum

495 2662 641 2731 geris
671 2679 685 2715 :
730 2673 950 2714 necesse
987 2651 1070 2712 est
1105 2657 1212 2711 sint
1253 2655 1494 2725 quaedam
1536 2654 1799 2725 desideria
1836 2654 2066 2708 carnalia

496 2769 616 2821 quae
643 2760 694 2806 te
734 2750 980 2815 titillent,
1021 2757 1074 2803 et
1100 2763 1218 2819 quae
1245 2747 1334 2802 tibi
1373 2755 1656 2818 suggerant
1689 2745 2068 2801 delectationes

497 2843 740 2906 illicitas;
771 2841 838 2896 de
860 2841 1112 2911 languore
1141 2849 1230 2895 tuo
1258 2840 1498 2894 veniunt.
1531 2837 1718 2894 Adhuc
1745 2838 1886 2894 enim
1915 2837 2068 2893 infir-

497 2949 637 2987 mam
659 2947 871 2987 carnem
901 2932 1060 3002 geris,
1090 2930 1322 2986 nondum
1354 2939 1435 2985 est
1461 2930 1707 3000 absorpta
1734 2945 1880 2985 mors
1903 2929 1960 2983 in
1987 2929 2066 2983 vi-

492 3024 736 3086 ctoriam,
759 3021 992 3078 nondum
1019 3021 1360 3091 corruptibile
1387 3020 1487 3074 hoc
1518 3018 1686 3074 induit
1713 3019 2068 3089 incorruptio-

495 3132 615 3170 nem
641 3115 682 3187 (ι
709 3113 825 3168 Cor.
858 3129 945 3179 xv,
976 3113 1063 3178 53,
1097 3110 1186 3182 5-4)
1213 3129 1228 3166 :
1257 3111 1430 3165 adlmc
1450 3109 1761 3180 quibusdam
1791 3109 2063 3180 perturba-

489 3208 726 3263 tionibus
749 3207 907 3261 etiam
933 3206 1044 3273 ipsa
1072 3204 1248 3258 anima
1279 3202 1513 3272 quatitur
1539 3212 1656 3270 post
1692 3202 2060 3256 remissionem

492 3307 874 3370 peccatorum;
903 3289 1075 3350 adhuc
1111 3295 1167 3356 in
1195 3293 1446 3362 periculis
1490 3293 1840 3347 tentatiottum
1879 3307 2064 3349 γενεθ-

492 3398 597 3456 tur,
629 3387 938 3459 quibusdam
963 3385 1387 3456 suggestionibus
1407 3383 1720 3448 delectatur,
1745 3382 2058 3454 quibusdam

490 3497 596 3536 non
627 3479 936 3541 delectatur,
969 3486 1024 3533 et
1053 3477 1103 3530 in
1129 3461 1207 3531 eis
1228 3475 1418 3544 quibus
1439 3475 1751 3541 delectatur,
1774 3473 2062 3544 aliquando

487 3571 800 3644 quibusdam
831 3568 1124 3635 consentit,
1153 3569 1377 3638 capitur.
1422 3566 1668 3636 Languor
1694 3575 1807 3630 est;
1834 3577 1980 3620 sanat
2007 3575 2063 3622 et

488 3680 659 3719 omnes
705 3662 970 3733 languores
1014 3670 1143 3713 tuos.
1173 3657 1509 3715 Sanabttntur
1546 3673 1734 3714 omnes
1777 3657 2059 3726 languores

487 3757 582 3816 tui,
615 3755 720 3809 noli
755 3755 958 3808 timere.
991 3751 1162 3822 Magni
1199 3761 1343 3817 sunt,
1385 3750 1624 3821 inquies:
1655 3750 1748 3804 sed
1784 3751 1956 3819 major
1978 3761 2061 3807 est

487 3848 743 3902 medicus.
767 3845 1126 3917 Omnipotenti
1156 3844 1365 3900 medico
1399 3844 1576 3898 nullus
1603 3844 1824 3915 languor
1849 3845 2058 3899 insana.

485 3941 604 3995 bilis
625 3939 855 3995 occurrit
885 3957 898 3994 :
929 3947 1130 3992 tantum
1162 3947 1214 3991 tu
1241 3936 1412 3992 curari
1452 3945 1502 3990 te
1537 3936 1684 4000 sine,
1728 3950 1919 3990 manus
1940 3936 2056 4006 ejus

485 4051 552 4088 ne
581 4033 838 4102 repellas;
878 4031 1028 4086 novit
1052 4029 1177 4097 quid
1216 4039 1352 4099 agat.
1397 4028 1512 4083 Non
1543 4038 1743 4082 tantum
1775 4029 2056 4085 delecteris

484 4139 601 4180 cum
630 4122 804 4186 fovet,
836 4121 930 4176 sed
955 4121 1112 4176 etiam
1150 4120 1344 4194 toleres
1371 4135 1509 4174 cum'
1531 4128 1677 4174 secat
1706 4137 1718 4172 :
1749 4120 1916 4175 tolera
1943 4135 2056 4175 me-

484 4217 760 4271 dicinalem
797 4213 1064 4275 dolorem,
1104 4210 1334 4265 futuram
1360 4212 1597 4281 cogitans
1640 4211 1940 4266 sanitatem.
1964 4211 2055 4266 Vi-

483 4309 626 4372 dete,
650 4305 842 4361 fratres
872 4303 996 4369 mei,
1025 4303 1079 4357 in
1096 4303 1211 4357 istis
1235 4297 1575 4373 languoribus
1595 4304 1834 4373 corporis
1857 4312 2054 4374 quanta

486 4397 728 4452 homines
754 4395 996 4460 tolerent,
1022 4403 1079 4448 ut
1101 4408 1297 4464 paucos
1319 4393 1433 4448 dies
1453 4393 1638 4449 victuri
1660 4395 1971 4461 moriantur,
1999 4404 2054 4450 et

486 4488 585 4543 hos
625 4501 818 4557 paucos
853 4485 966 4541 dies
1000 4485 1248 4540 incertos.
1295 4483 1438 4538 Multi
1467 4485 1608 4539 enim
1655 4493 1773 4554 post
1818 4485 2051 4541 toleran-

485 4582 610 4636 tiam
638 4593 946 4650 magnorum
971 4577 1236 4643 dolorum,
1267 4591 1386 4631 cum
1413 4591 1444 4630 a
1469 4575 1691 4632 medicis
1719 4573 2048 4645 secarentur,

481 4682 573 4728 aut
596 4673 735 4727 inter
753 4685 940 4726 manus
967 4668 1291 4724 medicorum
1322 4668 1515 4723 mortui
1544 4675 1686 4733 sunt,
1727 4667 1938 4737 autjam
1961 4683 2049 4724 sa-

481 4765 557 4828 ni,
591 4763 827 4817 irruente
861 4760 1036 4831 aliqua
1061 4759 1402 4830 tegritudine,
1429 4758 1660 4814 defuncti
1685 4767 1826 4812 sunt.
1851 4759 1908 4814 Si
1940 4767 2045 4814 tam

479 4857 578 4912 sibi
605 4855 950 4926 propinquam
991 4861 1216 4908 mortem
1260 4862 1571 4922 Sperarent,
1603 4851 1722 4906 illos
1757 4851 2047 4906 immensos

478 4949 690 5004 dolores
733 4946 1067 5016 susciperent
1108 4941 1441 4998 tolerandos?
1475 4941 1552 4996 Tu
1595 4956 1698 4995 non
1743 4941 1948 5000 toleras,
1981 4942 2049 4997 ad

479 5043 738 5098 incertum
767 5056 778 5092 :
808 5039 895 5109 qui
939 5037 1180 5108 promisit
1218 5036 1532 5100 sanitatem,
1568 5049 1672 5087 non
1713 5043 1888 5103 potest
1919 5034 2047 5091 falli.

474 5133 698 5188 Fallitur
725 5130 961 5185 medicus
1009 5126 1311 5197 aliquando,
1363 5134 1414 5180 et
1462 5125 1720 5193 promittit
1765 5127 2042 5180 sanitatem

474 5225 542 5280 de
569 5201 794 5292 corpore
838 5223 1086 5274 humano.
1118 5217 1292 5284 Quare
1331 5216 1563 5270 fallitur?
1607 5215 1737 5284 Quia
1786 5231 1888 5270 non
1946 5216 2046 5272 hoc

473 5322 625 5370 curat
651 5311 794 5385 quod
823 5309 965 5366 fecit.
996 5307 1138 5364 Deus
1173 5305 1296 5361 fecit
1324 5321 1518 5375 corpus
1557 5313 1725 5370 tuum,
1758 5307 1894 5362 Deus
1923 5305 2046 5362 fecit

537 5514 554 5545 ι
588 5511 810 5574 Plerique
831 5517 937 5559 Mss.
963 5511 1236 5558 constanter
1257 5504 1456 5561 habent,
1480 5501 1702 5574 redimet.

537 5576 557 5606 ¹
589 5573 661 5621 sic
679 5564 911 5622 meliores
934 5579 1037 5619 MSS.
1072 5577 1124 5618 At
1161 5576 1290 5629 Lov.;
1317 5578 1352 5615 Α
1375 5574 1420 5616 te
1441 5578 1555 5629 ergo
1576 5564 1746 5624 malas,
1783 5579 1813 5613 α
1839 5573 1934 5615 Deo
1954 5577 2042 5613 au-

473 5643 567 5684 tem
590 5634 746 5687 bonas.
775 5641 866 5682 Nec
886 5631 1119 5692 Iuccrqute
1141 5628 1334 5692 pateris,
1360 5637 1453 5677 etc.
1483 5628 1581 5674 Am.
1620 5636 1672 5678 et
1690 5634 1783 5676 F.r.:
1808 5638 1840 5675 ,4
1865 5635 1908 5677 te
1930 5639 2043 5691 ergo

472 5695 618 5757 mula,
642 5709 674 5744 ιι
698 5702 795 5744 Deo
816 5699 974 5743 autem
992 5691 1126 5742 bona.
1142 5691 1242 5744 Nec
1264 5691 1368 5742 hac
1391 5700 1518 5752 quae,
1543 5697 1638 5736 etc.

1729 251 1789 309 S.
1830 251 2170 308 AUGUSTIN
2177 252 2192 306 ι
2234 253 2532 312 EPISCOPI

3620 267 3636 318 l
3649 267 3757 321 5ὲο

2200 369 2427 423 animam
2470 379 2643 437 tuam;
2673 373 2818 427 novit
2865 375 3308 444 quemadmodum
3361 387 3566 445 recreet
3611 382 3756 448 quod

2194 463 2414 525 creavit,
2465 463 2610 516 novit
2661 467 3107 533 quemadmodum
3153 469 3410 525 reformet
3455 471 3596 540 quod
3643 474 3758 542 ipse

2195 549 2438 605 formavit
2467 570 2482 606 :
2514 561 2569 606 tu
2609 562 2813 610 tantum
2857 557 2956 610 sub
2987 559 3228 612 manibus
3257 560 3444 615 medici
3471 573 3616 623 esm;
3648 563 3756 618 odit

2194 641 2334 694 enim
2363 643 2712 716 repellentem
2744 661 2932 710 manus
2957 663 3100 701 suas.
3137 649 3248 703 Non
3281 649 3339 703 ﬁt
3373 650 3544 704 hocin
3566 652 3758 708 medici

2194 728 2421 787 hominis
2440 735 2698 789 manibus.
2729 736 2899 807 Ligari
2927 755 2985 793 se
3003 740 3181 795 volunt
3203 742 3460 806 homines,
3477 750 3531 797 et
3553 743 3761 810 secari;

2193 821 2364 876 daturi
2406 839 2502 894 pro
2533 825 2727 880 incerta
2755 829 2978 883 sanitate
2998 844 3198 884 certum
3237 830 3494 897 dolorem,
3518 849 3761 904 magnam

2192 914 2509 968 mercedem:
2560 917 2695 972 Deus
2727 928 2806 985 te,
2833 935 2988 990 quem
3021 920 3160 987 fecit,
3204 931 3258 976 et
3293 932 3468 977 certus
3507 933 3677 989 curat,
3710 931 3768 977 tt

2189 1005 2370 1072 gratis.
2400 1006 2558 1062 Ferte
2585 1025 2712 1079 ergo
2741 1026 2926 1066 manus
2949 1013 3084 1082 ejus,
3113 1030 3146 1067 ο
3183 1015 3379 1080 anima,
3400 997 3516 1085 qua!
3535 1016 3765 1071 benedi-

2189 1096 2269 1151 cis
2304 1113 2445 1162 eum,
2496 1115 2598 1152 non
2641 1101 2961 1158 obliviscens
3008 1103 3379 1161 retributiones
3417 1106 3565 1176 ejus;
3611 1118 3764 1162 sanat

2189 1188 2331 1242 enim
2357 1206 2526 1246 omnes
2550 1193 2816 1262 languore:
2843 1184 2972 1249 tuos.

2261 1282 2312 1334 6.
2340 1281 2438 1348 Qui
2457 1285 2656 1337 redimit
2677 1285 2739 1339 de
2765 1288 3080 1357 corruptione
3105 1289 3255 1342 vitam
3277 1299 3433 1344 tuam.
3458 1291 3582 1346 Inde
3605 1302 3764 1346 sanat

2187 1385 2374 1428 omnes
2420 1375 2696 1445 languores
2740 1387 2886 1445 tuos,
2919 1380 3036 1448 quia
3077 1382 3286 1436 redimit
3327 1382 3392 1436 de
3420 1384 3766 1452 corruptione

2186 1465 2343 1518 vitam
2377 1474 2537 1520 tuam.
2570 1468 2706 1523 Ecce
2730 1484 2922 1538 corpus
2941 1471 3079 1540 quod
3104 1475 3476 1542 corrumpitur,
3507 1482 3762 1544 aggravant

2185 1555 2413 1610 animam
2443 1559 2460 1626 (
2487 1556 2616 1626 Sap.
2647 1575 2724 1623 ιχ,
2758 1558 2881 1631 13).
2917 1560 3085 1616 Vitam
3125 1577 3252 1632 ergo
3295 1562 3453 1618 habet
3486 1566 3658 1619 anima
3705 1568 3760 1625 in

2184 1637 2409 1720 eorp'ore
2453 1653 2801 1729 corruptibili.
2839 1654 3058 1720 Qualem
3095 1655 3292 1711 vitam?
3339 1657 3508 1713 Oncra
3538 1661 3759 1729 patitur,

2185 1743 2414 1810 pondera
2443 1728 2685 1798 sustinet.
2717 1745 2796 1800 Ad
2838 1746 3006 1816 ipsum
3040 1748 3204 1803 Deum
3229 1750 3583 1824 cegitandum,
3613 1754 3765 1810 sicut

2181 1832 2398 1900 dignum
2426 1843 2508 1888 est
2530 1835 2596 1888 ab
2621 1835 2836 1891 homine
2871 1838 3088 1908 cogitari
3118 1839 3281 1894 Deum
3308 1880 3324 1904 ,
3363 1851 3555 1911 quanta
3586 1845 3759 1914 impe-

2182 1923 2353 1988 diunt,
2385 1924 2544 1980 veluti
2569 1927 2952 1997 interpellantia
2977 1931 3045 1985 de
3065 1932 3376 1988 necessitate
3395 1938 3761 2006 corruptionis

2183 2013 2462 2071 humanae?
2489 2027 2682 2087 quanta
2720 2021 3010 2075 revocant?
3039 2031 3230 2092 quanta
3268 2038 3294 2077 a
3323 2026 3533 2082 sublimi
3572 2030 3759 2084 inten-

2182 2109 2334 2162 tione
2375 2108 2731 2180 detorquent?
2781 2123 2976 2183 qnanta
3023 2115 3395 2186 interpellant?
3435 2136 3551 2187 quae
3595 2123 3757 2179 turba

2182 2198 2646 2267 phantasmatum?
2673 2203 2760 2272 qui
2783 2205 2958 2274 populi
2979 2208 3414 2276 suggestionum?
3437 2210 3625 2272 Totum
3648 2213 3761 2270 hoc

2181 2290 2231 2343 in
2259 2290 2419 2345 corde
2447 2290 2697 2359 humano,
2731 2302 2975 2364 tanquam
2999 2295 3065 2352 de
3089 2299 3354 2354 vermibus
3393 2303 3761 2372 corruptionis

2179 2380 2336 2449 hujus
2379 2391 2566 2439 scatet.
2597 2383 3042 2455 Exaggeravimns
3081 2388 3322 2444 morbum
3344 2431 3358 2456 ,
3399 2391 3673 2449 laudemus
3702 2406 3760 2451 et

2177 2473 2462 2530 medicum.
2490 2463 2604 2530 Non
2633 2491 2761 2547 ergo
2800 2486 2853 2534 te
2877 2480 3102 2547 sanabit,
3131 2483 3217 2551 qui
3248 2484 3368 2538 fecit
3394 2485 3550 2541 talem
3575 2489 3760 2556 qualis

2177 2581 2281 2620 non
2313 2575 2617 2637 zegrotares,
2659 2569 2706 2623 si
2735 2570 2902 2639 legem
2944 2573 3184 2627 sanitatis
3225 2585 3493 2646 acceptam
3531 2593 3760 2636 servare

2175 2658 2476 2714 voluisses?
2505 2658 2688 2714 Nonne
2724 2659 2816 2715 tibi
2841 2672 2894 2716 et
2923 2661 3183 2732 disposuit
3224 2675 3279 2720 et
3320 2667 3588 2722 mandavit
3616 2671 3758 2739 quid

2177 2758 2441 2820 tangeres,
2468 2750 2594 2820 quid
2625 2767 2728 2806 non
2760 2761 3027 2823 tangeres,
3070 2754 3136 2810 ad
3163 2757 3488 2825 retinendam
3519 2760 3756 2818 salutent

2175 2837 2324 2908 (Gen.
2353 2855 2411 2905 tt,
2444 2839 2528 2905 16,
2561 2840 2694 2912 l7)?
2719 2841 2940 2898 Noluisti
2967 2843 3153 2910 audire
3177 2845 3242 2900 ad
3263 2848 3614 2916 retinendam,
3641 2867 3756 2907 auo

2172 2929 2224 2983 di
2270 2929 2335 2983 ad
2373 2930 2752 3000 recipiendam.
2796 2931 3072 3003 Languore
3102 2944 3192 2989 tuo
3215 2945 3463 3005 expertus
3492 2953 3552 2994 es
3579 2955 3754 3010 quam

2172 3038 2299 3078 vera
2327 3023 2414 3078 ille
2431 3023 2696 3092 jussisset.
2731 3023 2845 3080 Jam
2875 3025 3082 3081 tandem
3109 3027 3394 3098 aliquando
3421 3029 3577 3086 homo
3600 3033 3755 3102 quod

2169 3111 2275 3169 non
2303 3115 2468 3170 tenuit
2493 3117 2743 3175 monitus.
2781 3116 2958 3171 audiat
2987 3118 3068 3173 vel
3091 3129 3360 3189 expertus.
3391 3123 3519 3188 Quze
3544 3123 3752 3182 duritia

2169 3216 2250 3261 est
2269 3247 2284 3272 ,
2315 3222 2470 3276 quam
2499 3221 2597 3262 nec
2621 3207 2945 3278 experientia
2976 3209 3170 3264 docet?
3197 3211 3309 3266 Non
3342 3228 3470 3284 ergo
3498 3223 3548 3269 te
3583 3229 3753 3270 sana-

2168 3297 2246 3352 bit
2273 3299 2359 3368 qui
2391 3299 2546 3353 talem
2579 3301 2772 3354 fecerat
2809 3315 2867 3356 ut
2908 3318 3174 3372 nunquam
3211 3317 3518 3375 tegrotares,
3551 3309 3596 3364 si
3622 3310 3751 3379 ejus

2170 3399 2429 3459 praecepta
2453 3405 2666 3446 servare
2689 3393 2990 3464 voluisses?
3029 3410 3131 3450 non
3162 3403 3214 3450 te
3241 3399 3467 3462 sanabit,
3497 3401 3583 3469 qni
3614 3401 3751 3458 fecit

2168 3479 2400 3549 Angelos
2422 3521 2436 3545 ,
2467 3489 2522 3535 et
2548 3489 2598 3536 te
2625 3480 2881 3537 refectum
2912 3493 3215 3554 mquaturus
3244 3497 3325 3542 est
3353 3490 3607 3558 Angelis?
3630 3507 3748 3548 non

2167 3570 2373 3626 sanabit
2416 3570 2610 3626 factum
2640 3573 2704 3626 ad
2737 3575 3014 3644 imaginem
3059 3591 3207 3630 suam
3231 3618 3247 3644 ,
3275 3579 3363 3648 qui
3395 3578 3515 3636 fecit
3542 3581 3747 3637 cmlutn

2165 3668 2220 3714 et
2257 3669 2449 3715 terram
2473 3661 2495 3714 ?
2525 3661 2745 3716 Sanabit
2772 3675 2820 3717 te
2844 3679 2860 3727 ;
2889 3679 3024 3734 opus
3049 3673 3131 3720 est
3160 3675 3216 3721 ut
3249 3670 3426 3723 sanari
3454 3669 3604 3724 velis.
3635 3671 3748 3726 Sa-

2166 3761 2259 3806 nat
2285 3754 2502 3808 omnino
2539 3754 2625 3822 ille
2651 3755 2939 3824 quemlibet
2967 3757 3290 3826 languidum,
3319 3758 3411 3813 sed
3449 3775 3552 3815 non
3583 3771 3747 3817 sanat

2166 3845 2405 3901 invitum.
2433 3845 2568 3913 Quid
2600 3855 2779 3902 autem
2807 3856 2858 3902 te
2885 3847 3111 3913 beatius,
3140 3864 3295 3920 quant
3323 3860 3382 3905 ut
3406 3860 3652 3923 tanquam
3688 3854 3744 3908 in

2163 3951 2322 3991 manu
2347 3947 2430 3991 tua
2449 3937 2488 4004 ⁸,
2518 3937 2594 3992 sic
2618 3936 2812 3993 habeas
2829 3939 2877 3991 in
2900 3939 3166 3994 voluntate
3186 3941 3461 3995 sanitatem
3484 3944 3662 3996 luant?
3684 3945 3745 3999 Si

2164 4028 2328 4082 velles
2349 4043 2469 4084 esse
2493 4029 2544 4082 in
2572 4029 2748 4098 aliquo
2773 4029 2984 4084 sublimi
3012 4029 3211 4086 honore
3234 4031 3285 4086 in
3315 4032 3412 4088 bac
3438 4044 3608 4097 terra;
3632 4034 3746 4089 du-

2129 4171 2132 4176 ,
2162 4127 2336 4172 catum
2362 4161 2376 4182 ,
2424 4119 2850 4188 proconsulatum
2877 4159 2891 4184 ,
2924 4119 3288 4189 prmfecturam
3308 4122 3364 4193 si
3393 4124 3746 4193 concupisce-

2162 4225 2250 4265 res
2289 4228 2302 4264 :
2337 4210 2584 4280 numquid
2623 4212 2874 4264 continuo
2907 4226 3092 4281 posses
3140 4221 3196 4267 ut
3233 4213 3436 4269 velles?
3481 4217 3745 4284 numquid

2163 4301 2488 4356 voluntatem
2519 4310 2657 4354 tuam
2701 4309 2937 4373 potestas
2976 4303 3324 4373 sequeretur?
3354 4304 3499 4359 Multi
3525 4305 3592 4360 ad
3629 4293 3743 4364 ista

2162 4391 2343 4446 volunt
2372 4391 2667 4462 pervenire,
2690 4400 2741 4446 et
2766 4407 2869 4447 non
2897 4403 3112 4462 possunt
3142 4411 3155 4445 :
3186 4395 3280 4450 sed
3309 4395 3352 4449 si
3377 4397 3742 4466 pervenirent,

2160 4481 2284 4552 quid
2328 4481 2542 4550 prodest
2568 4481 2736 4536 honos
2770 4484 3013 4553 mgrotis?
3039 4484 3169 4552 Quis
3196 4486 3334 4539 enim
3381 4500 3484 4542 non
3510 4497 3746 4556 aegrotat

2162 4577 2213 4630 in
2247 4575 2344 4630 hac
2370 4575 2514 4629 vita?
2543 4575 2662 4646 quis
2691 4589 2797 4628 non
2828 4575 3133 4646 languorem
3159 4576 3372 4647 longum
3398 4576 3594 4632 trahit?
3631 4578 3745 4632 Na-

2162 4670 2236 4725 sci
2264 4669 2350 4723 hic
2371 4669 2420 4724 in
2441 4684 2665 4740 corpore
2687 4669 2916 4734 mortali,
2941 4670 3173 4739 incipere
3194 4678 3453 4740 aagrotare
3467 4679 3568 4727 est.
3591 4671 3743 4740 Quo.

2161 4760 2370 4815 tidianis
2399 4760 2796 4814 medicamentis
2841 4758 3124 4812 fulciuntur
3163 4759 3464 4829 indigentia:
3497 4771 3700 4816 nostrae
3720 4805 3740 4828 ,

2157 4849 2458 4920 quotidiana
2488 4849 2871 4905 medicamenta
2897 4857 3019 4903 sunt
3043 4847 3362 4904 refectiones
3388 4851 3624 4905 omnium
3657 4853 3742 4906 in-

2157 4941 2525 5010 digentiarum.
2549 4939 2740 4995 Fames
2769 4954 2948 4994 nonne
2976 4950 3026 4993 te
3052 4939 3336 5004 occideret,
3362 4941 3462 4994 nisi
3496 4941 3738 4995 medica-

2157 5042 2390 5089 mentum
2426 5033 2541 5101 ejus
2578 5032 2914 5102 apponeres?
2943 5032 3057 5088 sitis
3090 5047 3268 5087 nonne
3307 5041 3358 5086 te
3405 5032 3687 5101 perimeret
3712 5069 3734 5092 ,

2153 5125 2256 5179 nisi
2295 5139 2411 5178 eam
2455 5135 2508 5177 tu
2537 5123 2791 5189 bibendo,
2833 5139 2936 5177 non
2984 5123 3192 5192 penitus
3221 5123 3605 5192 exstingueres,
3637 5125 3735 5176 sed

2155 5215 2434 5271 differres?
2458 5213 2705 5269 Reditnra
2730 5224 2812 5269 est
2835 5215 2975 5268 enim
2998 5214 3112 5269 silis
3132 5214 3393 5283 paululum
3414 5221 3738 5279 temperata.

2155 5307 2535 5377 Temperamns
2558 5323 2684 5378 ergo
2712 5307 2827 5361 istis
2863 5304 3110 5361 fomentis
3143 5319 3432 5360 aerumnam
3460 5302 3745 5372 aegritudi-

2154 5402 2236 5456 nis
2261 5410 2473 5454 nostrac.
2503 5398 2703 5454 Stando
2742 5397 2966 5452 lassatus
3003 5411 3120 5452 eras
3139 5436 3156 5458 ,
3184 5393 3419 5451 sedendo
3447 5395 3718 5450 reticens;

2153 5492 2324 5562 ipsum
2363 5490 2548 5545 sedere
2578 5489 2838 5558 medicina
2868 5470 2950 5543 est
2983 5487 3307 5544 lassitudinis
3335 5502 3348 5540 :
3382 5489 3438 5542 in
3465 5486 3579 5556 ipsa
3612 5497 3726 5536 me-

2203 5626 2234 5733 ;
2257 5631 2328 5673 tir.
2348 5632 2397 5674 et
2423 5631 2548 5684 Lov.,
2569 5625 2620 5674 iu
2644 5634 2788 5673 manu
2811 5626 2892 5673 tua
2915 5624 3072 5673 vuum.
3098 5619 3260 5672 Abest.
3283 5618 3442 5679 vitam,
3460 5613 3644 5665 abAm.
3675 5618 3733 5664 et.

2152 5700 2177 5736 a
2203 5700 2304 5735 MSS.
