3984 6204
221 412 242 467 Ι
250 410 342 466 321

215 524 376 578 dicina
404 536 588 576 rursus
617 522 826 576 lassaris
850 541 864 587 ;
892 522 980 578 diu
1007 523 1193 579 sedere
1235 541 1337 577 non
1361 528 1559 594 ptiteris
1605 528 1772 595 Quid-

213 615 327 687 quid
355 626 434 669 est
460 615 546 668 ubi
573 615 894 684 fatigationi‘
923 618 1270 682 succurritur,
1301 619 1400 671 alia
1430 619 1665 684 fatigatio
1694 621 1774 673 in-

211 709 440 765 choatur.
468 707 602 777 Quid
625 724 753 779 ergo
780 709 877 762 ista
899 709 1168 765 desideras
1194 710 1510 780 languidus?
1540 713 1686 766 Prius
1707 713 1774 767 de

212 800 365 854 salute
404 809 492 852 tua
529 799 721 870 cogita.
749 801 1046 870 Aliquando
1088 811 1308 872 aegrotat
1352 801 1511 857 homo
1539 803 1590 858 in
1615 803 1773 858 domo

212 907 310 951 sua,
345 892 395 943 in
418 890 554 944 lecto
574 905 690 955 suo,
714 893 1024 962 aegritudine
1048 893 1442 959 tnanil‘estiore;
1471 912 1770 964 quanquam

210 997 257 1038 et
283 985 374 1038 ista
406 984 683 1039 manifesta
710 985 812 1050 sit,
843 1001 1001 1055 quam
1033 987 1221 1040 nolunt
1269 987 1508 1041 homines
1537 989 1724 1043 intueri
1753 1007 1766 1042 :

212 1087 367 1131 tamen
392 1091 455 1130 ea
483 1077 814 1146 argritudine,
847 1077 912 1132 ad
940 1092 1097 1146 quam
1127 1089 1434 1148 quaeruntur
1463 1079 1650 1134 medici
1674 1081 1770 1134 ho-

211 1166 381 1228 mines,
411 1175 634 1237 :egrotat
655 1167 876 1236 quisque
897 1167 948 1221 in
976 1167 1135 1221 domo
1155 1183 1270 1233 sua,
1298 1167 1512 1223 anhelat
1535 1169 1768 1225 febribus

213 1263 254 1315 in
277 1261 405 1314 lecto
436 1275 571 1324 suo;
606 1262 728 1315 velit
757 1261 893 1316 forte
931 1263 1164 1331 cegitare
1194 1261 1260 1316 de
1286 1277 1342 1316 re
1373 1263 1634 1326 familiari,
1666 1263 1764 1315 ali-

211 1351 314 1421 quid
336 1351 524 1421 juberc.
550 1351 634 1406 vel
664 1353 715 1406 in
741 1352 919 1417 domo,
943 1354 1024 1408 vel
1051 1351 1307 1416 infando,
1330 1363 1420 1408 aut
1446 1354 1748 1423 disponere;

210 1445 362 1498 statim
389 1459 516 1499 cura
555 1460 772 1500 suorum
809 1446 1284 1515 circumstrepente
1311 1456 1364 1502 et
1400 1458 1766 1503 murmurante

212 1546 468 1591 revocatur
495 1553 524 1588 a
563 1537 752 1592 talibus
771 1539 914 1592 euris
934 1580 948 1601 ,
982 1549 1034 1592 et
1069 1538 1262 1592 dicitur
1286 1539 1380 1605 illi,
1405 1540 1616 1596 Dimitte
1643 1542 1760 1603 ista,

216 1628 333 1694 prius
351 1626 425 1681 de
449 1627 622 1682 Salute
649 1637 734 1681 tua
757 1629 947 1697 cogita.
975 1628 1114 1698 Ergo
1138 1629 1239 1684 hoc
1262 1630 1351 1684 tibi
1377 1630 1571 1685 dicitur
1597 1650 1610 1686 :
1637 1631 1763 1686 0m-

211 1719 275 1769 nis
298 1717 476 1782 homo,
501 1718 544 1770 si
573 1733 679 1772 non
707 1728 963 1788 a‘grotas,
989 1721 1088 1774 alia
1118 1721 1287 1790 Cogita
1310 1738 1325 1784 ;
1355 1722 1398 1774 si
1423 1731 1473 1776 te
1499 1734 1762 1792 :rgrotan-

209 1818 293 1861 tem
315 1811 536 1877 languor
557 1811 668 1878 ipse
693 1811 976 1874 convincit,
1007 1812 1149 1879 prius
1171 1811 1239 1866 de
1265 1813 1433 1876 salute
1457 1823 1541 1868 tua
1561 1815 1757 1884 cogita.

209 1901 334 1955 Salus
357 1910 446 1954 tua
476 1901 719 1956 Chrisrus
747 1913 829 1956 est
857 1920 869 1954 :
900 1904 1164 1958 Christum
1192 1920 1318 1974 ergo
1341 1907 1533 1976 Cogita.
1565 1909 1760 1978 Accipe

206 1994 401 2047 calicem
421 1995 670 2049 salutaris
686 1997 822 2065 ejus,
848 1996 948 2062 Qui
968 2007 1112 2050 sanat
1135 2014 1304 2052 omnes
1327 1999 1590 2070 lauguores
1611 2011 1721 2055 tuas
1741 2017 1759 2054 :

208 2088 316 2138 hanc
343 2086 572 2139 salutem
603 2088 644 2139 si
686 2087 932 2150 volneris,
965 2088 1246 2142 obtinebis.
1278 2089 1516 2146 llonores
1542 2102 1596 2146 et
1620 2091 1755 2146 divi-

205 2179 284 2230 tias
301 2193 420 2231 cum
463 2179 805 2248 requisieris,
841 2196 942 2231 non
970 2181 1226 2234 continuo
1251 2181 1291 2234 si
1321 2182 1565 2246 volueris,
1599 2182 1756 2238 habe-

207 2271 271 2323 bis
299 2289 310 2324 :
352 2271 456 2324 hoc
481 2281 533 2322 rt
560 2271 842 2341 pretio-ius
868 2282 948 2326 est
967 2313 981 2337 ,
1019 2283 1073 2326 et
1106 2275 1344 2341 sequitur
1367 2274 1688 2330 voluntatem
1711 2277 1754 2327 ².

205 2363 286 2428 Qui
298 2375 443 2415 sanat
455 2380 626 2416 omnes
639 2364 899 2433 languet-es
919 2374 1042 2427 tuos,
1062 2366 1147 2435 qui
1162 2367 1359 2419 redimit
1370 2367 1432 2420 de
1443 2368 1757 2438 corruptione

202 2458 324 2508 vitam
368 2469 530 2508 tuam.
577 2457 646 2510 lbi
678 2457 949 2511 sanabitur
977 2462 1150 2512 omnis
1190 2460 1410 2526 languor
1450 2471 1602 2524 tuus,
1633 2479 1752 2517 cum

199 2549 522 2618 carruptibile
569 2549 668 2603 hoc
718 2549 897 2602 induet
947 2551 1414 2618 incorruptionem.
1463 2553 1754 2623 Redempta

200 2643 422 2694 cstcnim
448 2641 550 2694 vita
586 2651 670 2695 tna
699 2641 763 2695 tle
789 2643 1158 2711 corruptione;
1195 2643 1304 2710 jam
1347 2662 1562 2699 securus
1603 2657 1750 2701 esto:

199 2733 332 2788 initus
366 2745 452 2786 est
477 2735 632 2787 bona:
674 2734 792 2787 ﬁdei
823 2747 1153 2797 contraetus;
1197 2751 1352 2789 nemo
1383 2737 1513 2790 fallit
1542 2737 1752 2792 redem-

201 2838 379 2892 ptorem
411 2838 578 2892 tuum,
610 2844 766 2882 nemo
791 2829 1135 2883 circumvenit
1155 2870 1168 2888 ,
1203 2845 1359 2882 nemo
1387 2831 1599 2900 premit.
1634 2833 1752 2902 Egit

198 2919 266 2971 hic
286 2921 684 2977 conmercium.
711 2920 816 2988 jam
853 2921 1077 2990 pretium
1115 2921 1290 2982 solvit,
1324 2923 1636 2991 sanguinem
1666 2923 1751 2978 fu-

197 3008 274 3060 ilit.
301 3010 654 3074 Sanguinem,
700 3011 930 3078 inquam,
962 3010 1088 3063 fudit
1119 3012 1304 3065 unicus
1334 3011 1498 3066 Filius
1530 3013 1623 3068 Dei
1656 3030 1751 3084 pro

195 3103 358 3155 nobis:
396 3120 426 3153 o
454 3103 650 3164 anima,
681 3104 823 3171 erige
858 3112 926 3161 te.
961 3104 1088 3157 tanti
1113 3104 1275 3158 vales.
1311 3103 1529 3158 Redimit
1560 3107 1622 3159 de
1638 3123 1752 3159 cor-

194 3197 408 3262 ruptione
431 3197 580 3249 vitam
607 3205 762 3248 utam.
788 3193 1029 3250 Ostendit
1051 3197 1311 3265 exemplo,
1343 3198 1480 3268 quod
1510 3200 1752 3270 promisit

195 3288 238 3337 in
264 3287 492 3352 premio.
521 3286 760 3341 Mortuus
786 3297 864 3340 est
896 3298 1112 3355 propter
1135 3288 1325 3343 delicta
1355 3301 1554 3352 nostra,
1578 3301 1632 3346 et
1659 3308 1746 3347 re-

196 3380 407 3433 surrexit
450 3389 668 3448 propter
692 3379 1118 3445 jnstiticationem
1160 3391 1391 3434 nostram
1435 3380 1628 3454 (Rom.
1673 3400 1742 3449 tv,

193 3469 252 3522 9.5
272 3472 304 3535 ).
332 3471 559 3536 Spercnt
591 3470 824 3522 membra
867 3470 1005 3538 quod
1037 3470 1088 3523 in
1115 3471 1287 3539 capite
1324 3472 1744 3529 demonstratum

187 3571 278 3614 Cal.
304 3561 413 3614 Non
441 3561 648 3614 curabit
678 3560 911 3613 membra
949 3575 1040 3612 sua
1064 3603 1078 3624 ,
1108 3577 1331 3628 quorum
1355 3573 1509 3632 eaput
1557 3564 1750 3622 levavit

194 3651 235 3704 in
261 3653 488 3707 malum?
515 3652 652 3718 Ergo
680 3639 878 3705 redimit
911 3650 974 3704 de
995 3653 1312 3720 corruptione
1335 3654 1485 3706 vitam
1518 3664 1672 3708 tuam.

251 3745 297 3796 .7.
324 3742 422 3808 Qui
448 3752 654 3795 coronat
682 3751 727 3793 te
752 3741 802 3794 in
831 3743 1147 3795 miseratione
1165 3753 1212 3795 et
1242 3745 1601 3798 misericordia.
1631 3747 1744 3799 .lalu

191 3833 315 3886 enim
341 3834 475 3887 forte
503 3833 652 3897 quasi
675 3847 928 3901 arrogans
949 3848 1066 3886 esse
1084 3848 1344 3902 emperas.
1369 3850 1487 3888 cum
1510 3836 1747 3902 audires,

191 3936 380 3978 coronat
403 3937 466 3980 te.
492 3924 632 3994 Ergo
661 3939 879 3993 magnus
906 3940 1045 3985 sum,
1074 3939 1201 3992 ergo
1228 3925 1455 3978 luctatus
1481 3940 1618 3979 sum.
1642 3925 1748 3980 Cu-

189 4019 263 4084 jus
283 4017 513 4072 viribus?
539 4015 688 4080 Tuis,
709 4015 801 4070 sed
831 4014 899 4068 ab
924 4015 1017 4069 illo
1042 4015 1469 4069 subministratis.
1502 4016 1630 4070 Nam
1664 4017 1745 4069 ln-

187 4109 366 4175 CIaris,
419 4105 758 4162 manifestum
802 4114 922 4169 est;
973 4116 1026 4159 et
1069 4104 1188 4158 ideo
1217 4107 1590 4172 coronabcris,
1623 4110 1743 4176 quia

189 4175 355 4253 vinces
385 4217 397 4252 :
425 4197 516 4253 sed
540 4197 656 4252 vide
682 4197 801 4266 quis
830 4195 973 4265 prior
1000 4195 1202 4258 vicerit,
1234 4195 1352 4250 vide
1374 4197 1492 4266 quis
1517 4205 1565 4252 te
1591 4175 1746 4252 faciat

184 4292 336 4346 etiam
373 4290 602 4345 secundo
633 4288 908 4344 victorem.
940 4287 1052 4358 Ego
1072 4329 1088 4353 ,
1123 4287 1322 4356 inquit,
1355 4287 1448 4341 uici
1468 4290 1704 4342 statutum
1725 4332 1739 4352 ,

185 4385 393 4454 gaudete
417 4381 586 4445 tloan.
611 4398 724 4448 xvi,
753 4383 862 4450 55).
892 4381 958 4434 Et
985 4380 1122 4435 unde
1151 4380 1460 4450 gaudemus,
1485 4382 1526 4435 si
1556 4382 1640 4436 ille
1671 4383 1746 4436 vi-

185 4478 251 4529 cit
277 4475 558 4529 smculum?
582 4477 732 4544 quasi
761 4487 857 4526 nos
884 4473 1204 4527 vicerimus?
1233 4472 1308 4526 ιω
1337 4474 1490 4542 plane
1518 4475 1746 4543 gaudea-

187 4584 328 4636 mus,
359 4569 470 4636 quia
500 4583 598 4622 θος
625 4567 866 4622 vicimus.
913 4565 1011 4631 Qui
1042 4565 1091 4618 in
1125 4565 1274 4618 nobis
1302 4566 1423 4619 victi
1454 4581 1658 4628 sumus,
1693 4568 1742 4620 in

185 4661 268 4715 illo
287 4661 524 4716 vicimus.
551 4660 691 4730 Ergo
715 4668 931 4714 corona:
959 4667 1030 4722 te,
1063 4658 1182 4726 quia
1212 4657 1348 4712 dona
1376 4672 1469 4711 sua
1503 4669 1752 4721 coronat,

187 4768 278 4808 non
302 4755 482 4809 merita
505 4763 615 4806 tua.
642 4750 767 4806 Pius
787 4750 1013 4805 omnibus
1028 4750 1134 4804 illis
1161 4749 1398 4812 laboravi,
1417 4749 1495 4804 ait
1521 4751 1746 4818 Aposto-

184 4845 258 4900 lus
284 4863 296 4898 :
326 4845 417 4901 sed
446 4846 564 4900 vide
586 4844 710 4914 quid
739 4843 996 4912 adjungit,
1031 4840 1151 4894 Non
1176 4858 1267 4911 ego
1290 4851 1477 4903 autem,
1511 4842 1598 4895 sed
1623 4859 1743 4912 gra-

183 4938 246 4988 tia
281 4937 375 4993 Dei
399 4953 590 4991 mecum
621 4935 663 5007 (l
688 4935 803 4989 Cor.
833 4950 921 4999 xv,
951 4933 1062 5003 10).
1095 4933 1158 4987 Et
1184 4942 1301 5003 post
1327 4934 1533 4988 labores
1557 4948 1746 4989 omnes

184 5038 442 5098 exspectat
471 5029 640 5099 ipsam
671 5041 945 5090 coronam,
971 5037 1025 5079 et
1050 5024 1207 5084 dicit,
1247 5041 1266 5074 ι
1295 5023 1494 5077 Bonum
1517 5039 1743 5094 agonem

179 5121 402 5186 certavi,
425 5135 642 5174 cursum
673 5116 1065 5180 consummavi,
1099 5115 1252 5168 [idem
1280 5114 1483 5168 servavi
1509 5132 1520 5166 :
1550 5115 1616 5169 de
1643 5129 1747 5168 cae-

163 5205 289 5264 'tero
317 5221 556 5280 superest
585 5209 714 5263 mihi
743 5223 941 5262 corona
961 5206 1196 5274 justitim,
1223 5222 1379 5274 quam
1412 5205 1538 5259 mibi
1561 5205 1748 5260 reddet

180 5301 425 5358 Dominus
455 5304 506 5356 in
535 5302 622 5356 illa
649 5301 735 5355 die
757 5309 933 5369 justus
959 5298 1118 5366 judex
1145 5317 1164 5349 ι
1197 5297 1274 5368 (II
1304 5297 1431 5351 Tim.
1463 5314 1534 5362 tv,
1562 5299 1624 5363 7,
1654 5299 1743 5367 8).

178 5396 385 5460 Quare?
433 5395 562 5464 Quia
604 5408 816 5464 agonem
860 5391 1065 5444 certari.
1097 5390 1326 5457 Quare?
1362 5390 1497 5457 Quia
1544 5407 1744 5444 cursum

179 5488 524 5542 consummavi.
553 5484 767 5553 Quare?
801 5483 932 5550 Quia
961 5481 1113 5552 [idem
1152 5481 1360 5534 servavi.
1398 5480 1547 5537 Unde
1571 5492 1746 5536 certa-

180 5577 277 5635 sti?
307 5581 442 5636 unde
474 5581 628 5634 ﬁdem
664 5575 929 5633 servasti?
973 5574 1093 5628 Non
1119 5591 1210 5646 ego
1234 5585 1432 5639 autem,
1472 5574 1561 5628 sed
1585 5577 1749 5645 gratia

179 5670 270 5726 Dei
296 5689 502 5726 mecum.
534 5670 674 5740 Ergo
695 5681 744 5724 et
777 5666 917 5738 quod
947 5667 1243 5732 coronat-is,
1273 5665 1414 5720 illius
1443 5666 1746 5720 miscrieor-

237 5761 672 5827 ξθιξξηῑαιξθαιοι-
781 5819 793 5827 .
974 5818 984 5827 .
1070 5824 1077 5827 _
1483 5816 1496 5827 .
1614 5815 1701 5827 ..

236 5825 261 5858 ί
293 5816 606 5875 Εδᾶξὲιόόῖωι
629 5823 720 5883 hic,
746 5819 868 5883 ejus,
886 5818 1012 5869 unde
1033 5824 1078 5869 et
1095 5817 1312 5869 subditur
1328 5829 1346 5866 :
1372 5816 1497 5880 quod
1530 5829 1556 5867 a
1581 5816 1753 5880 pleris-

176 5894 275 5945 que
289 5891 394 5938 uss.
408 5890 564 5940 abest.

536 5961 806 6022 PATROL.
854 5954 1179 6021 XXXVII.

1333 411 1724 468 ENAﬂllATlU
1767 415 1827 469 IN
1869 415 2192 472 PSMMUM
2228 418 2338 471 (Ill.

3326 437 3454 492 13ἓῖ

1887 530 1968 586 dia
1999 534 2292 585 coronaris.
2331 532 2598 602 Nusquam
2637 537 2708 589 sis
2733 540 3023 608 superbus;
3064 556 3275 614 semper
3300 548 3456 605 lauda

1889 623 2199 685 hominum,
2243 639 2427 678 omnes
2469 627 2842 684 retributiones
2877 630 2993 698 ejus
3034 634 3141 687 noli
3189 637 3452 694 obliviscn.

1886 714 2178 768 Retributio
2199 725 2299 774 est.
2328 732 2446 769 cum
2481 726 2724 784 peccator
2747 730 2802 774 et
2830 721 3021 790 impius
3050 735 3266 780 vocatus
3283 744 3366 795 es,
3401 741 3458 786 ut

1878 804 2264 869 jllSliﬁcarL‘l'iS.
2293 805 2588 860 Retributio
2624 819 2724 872 est,
2748 826 2867 864 cum
2898 821 3106 868 erectus
3126 817 3140 846 ¹
3171 828 3223 871 et
3259 821 3456 887 guber-

1883 906 2036 951 natus
2073 914 2133 952 es
2172 914 2237 953 ne
2267 898 2505 954 caderes.
2546 900 2840 955 Retributio
2884 914 2994 970 est,
3043 923 3160 961 cum
3193 911 3286 965 tibi
3316 913 3454 968 vires

1880 989 2289 1044 subministrata:
2317 1001 2442 1045 sunt
2465 1033 2479 1056 ,
2515 1001 2570 1046 ut
2601 1009 2766 1063 usque
2793 995 2843 1049 in
2873 997 3030 1052 tinem
3063 1016 3451 1068 perseverares.

1878 1077 2174 1133 Rettihutio
2199 1091 2300 1146 est,
2327 1089 2382 1134 ttt
2407 1083 2565 1136 etiam
2592 1099 2718 1138 caro
2743 1084 2840 1138 ista
2866 1096 2953 1140 tua
2974 1103 3071 1158 qua
3098 1094 3450 1160 prcmebaris,

1880 1178 2138 1238 resurgat,
2167 1181 2218 1224 et
2247 1187 2344 1226 nec
2369 1175 2553 1242 capitis
2581 1175 2651 1228 tui
2680 1176 2903 1244 capillus
2930 1177 3171 1236 intereat.
3202 1183 3448 1241 Retribu-

1878 1259 1950 1311 tio
1977 1270 2078 1325 est,
2123 1271 2177 1316 ut
2205 1271 2322 1331 post
2348 1265 2788 1321 resurrectionem
2821 1272 3116 1325 coroneris.
3147 1272 3447 1331 Betributio

1873 1360 1974 1415 est,
2009 1361 2064 1406 ut
2095 1353 2147 1407 in
2187 1363 2439 1409 aeternum
2468 1355 2633 1410 Deum
2664 1357 2832 1426 ipsum
2866 1361 2983 1415 sine
3009 1360 3218 1419 defectu
3248 1366 3445 1422 laudes.

1873 1441 2070 1498 Omnes
2096 1445 2472 1502 retributiones
2497 1447 2610 1516 ejus
2638 1449 2745 1503 noli
2780 1450 3056 1519 oblivisci,
3088 1455 3131 1508 si
3160 1455 3239 1511 vis
3267 1467 3322 1511 ut
3352 1459 3444 1528 be-

1874 1535 2080 1587 nedicat
2104 1535 2277 1589 anima
2309 1546 2394 1590 tua
2428 1538 2728 1602 Dominum,
2757 1543 2842 1609 qui
2863 1554 3068 1597 coronat
3093 1557 3140 1600 te
3158 1547 3218 1600 in
3244 1550 3440 1608 misera-

1871 1625 2004 1682 tione
2037 1637 2083 1680 et
2109 1630 2466 1684 misericordia.

1940 1716 1993 1770 8.
2036 1717 2100 1771 Et
2127 1717 2252 1787 quid
2278 1735 2429 1789 agam
2455 1724 2775 1777 coronatus?
2805 1725 2943 1780 Ecce
2985 1726 3274 1797 adjuvahar
3310 1748 3440 1788 eum

1872 1809 2119 1876 luctarer,
2152 1810 2300 1866 linito
2332 1815 2622 1870 certamine
2650 1818 2976 1883 coronahor;
3002 1819 3111 1883 iam
3141 1823 3283 1878 nulla
3311 1828 3444 1880 resi-

1872 1835 2119 1876 quturcr,
2152 1835 2300 1866 mth
2332 1835 2622 1870 certamine
2650 1835 2976 1883 cerouaoor;
3063 1837 3111 1874 ηι
3141 1835 3283 1878 nulla
3311 1835 3442 1880 resi-

1867 1901 1969 1955 dua
1999 1903 2100 1956 erit
2129 1904 2338 1960 inimica
2368 1907 2637 1976 suggestio
2662 1909 2741 1963 vel
2771 1835 3188 1980 corruptigcum
3227 1932 3328 1986 qua
3357 1919 3442 1973 lu-

1865 2004 1995 2048 cter.
2024 1996 2247 2066 Semper
2285 1999 2426 2053 enim
2473 1999 2524 2053 in
2558 2000 2654 2056 hac
2684 2002 2792 2057 vita
2827 2003 3089 2076 luctamur
3111 2024 3230 2063 cum
3259 2025 3442 2067 corru-

1866 2085 2044 2153 ptione
2071 2087 2202 2141 ista:
2228 2089 2320 2143 sed
2348 2089 2471 2159 quid
2499 2093 2751 2161 scriptum
2780 2096 2899 2149 est?
2924 2096 3211 2152 Novissima
3236 2101 3441 2156 inimica

1863 2176 2144 2231 destruetur
2170 2196 2324 2233 mors.
2358 2181 2496 2236 Post
2523 2183 2938 2241 destructionem
2985 2191 3190 2256 mortis,
3237 2193 3439 2249 nullum

1823 2317 1830 2322 ,
1865 2272 2074 2326 timebis
2099 2272 2368 2328 inimicum
2395 2294 2407 2328 :
2436 2275 2559 2331 inde
2585 2277 2820 2347 absorpta
2834 2291 2914 2333 est
2941 2297 3075 2336 mors
3094 2283 3153 2336 in
3183 2285 3438 2340 uictoriam

1866 2364 2048 2434 (lCor.
2080 2381 2166 2429 xv,
2193 2366 2284 2431 26,
2316 2367 2428 2435 54).
2458 2367 2607 2422 Tunc
2635 2384 2761 2439 ergo
2787 2371 2889 2425 erit
2911 2372 3155 2439 .victoria,
3189 2385 3313 2431 tunc
3345 2393 3436 2432 co-

1863 2471 2012 2510 rona.
2054 2457 2180 2512 Post
2219 2468 2490 2514 certamen
2535 2475 2662 2531 ergo
2687 2463 3007 2529 coronabor,
3036 2477 3156 2535 post
3180 2483 3434 2526 coronam

1860 2547 1984 2620 quid
2010 2550 2199 2618 agam?
2232 2550 2330 2616 Qui
2353 2552 2506 2605 satiat
2531 2552 2582 2605 in
2607 2552 2748 2607 bonis
2767 2553 3072 2610 desiderium
3097 2567 3256 2612 tuum.
3281 2560 3436 2616 Modo

1859 2641 2000 2693 enim
2031 2641 2180 2695 audis
2211 2641 2429 2708 bonum,
2460 2650 2516 2697 et
2549 2642 2801 2710 anhelas;
2831 2646 2982 2702 audis
3011 2649 3227 2717 bonum,
3260 2661 3314 2706 et
3339 2669 3434 2707 su~

1859 2731 2065 2800 Spir-as:
2095 2743 2149 2787 et
2178 2733 2279 2788 hoc
2300 2734 2469 2802 ipsum
2500 2735 2641 2804 quod
2665 2736 2799 2792 forte
2821 2753 3028 2807 peccas,
3054 2741 3285 2812 eligendi
3306 2743 3431 2800 boni

1860 2822 2108 2877 aviditate
2151 2823 2379 2888 falleris;
2410 2835 2466 2880 et
2503 2831 2554 2880 ln
2581 2841 2646 2882 eo
2674 2843 2796 2882 reus
2829 2828 3104 2895 detineris,
3134 2833 3276 2903 quod
3334 2835 3433 2890 bo-

1861 2929 1982 2967 num
2025 2916 2306 2970 consilium
2349 2917 2442 2972 Dei
2473 2932 2579 2972 non
2622 2919 2796 2986 audis,
2827 2921 2952 2991 quid
2979 2927 3429 2982 contemnendum

1858 3012 1909 3056 et
1936 3005 2058 3074 quid
2082 3005 2382 3074 eligendum
2402 3008 2505 3073 sit;
2537 3008 2677 3079 quod
2706 3009 2843 3065 forte
2871 3013 3090 3083 negligis
3123 3014 3353 3083 discere,
3382 3019 3430 3073 si

1857 3092 1908 3146 in
1944 3095 2194 3166 eligendo
2218 3095 2359 3151 bono
2384 3097 2670 3154 fallebaris.
2702 3097 3033 3173 Ubicumque
3061 3120 3250 3174 peccas
3274 3113 3428 3178 quasi

1855 3183 2052 3238 bonum
2095 3187 2311 3255 queris,
2355 3187 2506 3258 quasi
2545 3187 2892 3247 refectionem
2935 3192 3228 3252 desideras.
3281 3197 3431 3253 Bona

1854 3285 1978 3329 sunt
2006 3277 2104 3330 ista
2143 3293 2264 3347 qua:
2287 3279 2514 3348 qumris;
2544 3279 2641 3335 sed
2678 3282 2820 3337 mala
2860 3283 2953 3338 tibi
2993 3294 3170 3354 erunt,
3214 3286 3430 3344 deserto

1855 3367 1946 3422 illo
1973 3383 2006 3422 a
2031 3383 2137 3438 quo
2162 3369 2298 3425 bona
2333 3369 2474 3427 facta
2515 3381 2656 3428 sunt.
2712 3375 2915 3430 Bonum
2965 3386 3113 3433 tuum
3153 3395 3359 3450 quaere,
3391 3398 3428 3436 ο

1853 3460 2048 3514 anima.
2080 3460 2177 3516 Est
2201 3462 2343 3517 enim
2376 3462 2572 3517 bonum
2597 3463 2738 3520 aliud
2774 3466 2946 3531 alteri,
2974 3477 3028 3522 et
3057 3483 3244 3526 clunes
3273 3485 3429 3526 crea-

1855 3561 1988 3607 tura:
2007 3553 2200 3608 habent
2220 3554 2484 3625 quoddam
2517 3556 2714 3612 bonum
2744 3571 2921 3623 suum,
2951 3560 3272 3630 integritatis
3291 3578 3424 3627 suae,

1852 3655 1906 3699 et
1931 3645 2274 3715 perfectionis
2311 3655 2513 3701 natura:
2535 3663 2681 3702 suae:
2714 3648 2935 3704 interest
2962 3650 3087 3717 quid
3133 3652 3327 3722 cuique
3350 3655 3429 3707 rei

1853 3737 2172 3806 imperfecta:
2221 3738 2576 3793 necessarium
2619 3739 2719 3801 sit,
2766 3750 2824 3793 ut
2867 3739 3196 3809 perﬁciatur;
3251 3759 3430 3810 qua-re

1853 3840 1996 3884 tuum
2017 3831 2232 3885 bonum.
2263 3829 2427 3885 Nemo
2452 3830 2609 3884 bonus
2632 3830 2729 3884 nisi
2758 3847 2886 3886 unus
2917 3830 3283 3901 Deus(Matth.
3307 3850 3423 3900 xu,

1853 3921 1963 3989 l7).
2009 3920 2283 3976 Summum
2326 3921 2545 3986 bonum,
2596 3920 2697 3984 hoc
2736 3929 2818 3976 est
2860 3930 3008 3978 tuum
3034 3923 3257 3980 bonum.
3287 3924 3427 3995 Quid

1851 4026 1976 4080 ergo
2003 4010 2152 4065 deest
2179 4013 2264 4064 cui
2279 4025 2543 4066 summum
2561 4011 2972 4068 bonumbonum
2993 4014 3110 4070 est?
3132 4015 3426 4073 Suntenim

1851 4113 1903 4156 et
1927 4102 2173 4156 inferiora
2197 4103 2354 4167 bona,
2387 4119 2504 4172 quae
2527 4103 2648 4158 aliis
2673 4111 2730 4158 et
2753 4104 2872 4158 aliis
2901 4104 3039 4161 bona
3065 4116 3207 4162 sunt.
3237 4109 3425 4164 Pecori

1851 4193 1972 4262 quid
2005 4193 2199 4248 bonum
2223 4202 2322 4256 est,
2352 4193 2562 4258 fratres,
2588 4194 2690 4248 nisi
2714 4193 2935 4264 implere
2957 4206 3218 4266 ventrem,
3238 4213 3428 4254 carere

1853 4284 2158 4354 indigentia,
2189 4285 2442 4349 dormire,
2472 4286 2692 4355 gestire,
2720 4286 2921 4352 vivere,
2949 4301 3138 4342 sanum
3169 4303 3308 4356 esse,
3336 4304 3430 4360 ge-

1853 4382 2075 4435 nerare?
2094 4363 2294 4435 Bonum
2327 4381 2401 4436 illi
2427 4391 2528 4447 est,
2559 4390 2610 4435 ct
2634 4396 2800 4452 usque
2821 4381 2891 4437 ad
2913 4383 3193 4453 quemdam
3213 4384 3428 4441 modum

1853 4475 2011 4529 habet
2039 4473 2159 4527 boni
2186 4474 2266 4528 sui
2299 4489 2605 4528 mensuram
2637 4475 2910 4539 tributam,
2943 4483 2997 4529 et
3021 4490 3333 4531 concessam
3359 4477 3430 4531 ab

1849 4567 2087 4620 omnium
2117 4581 2294 4620 rerum
2324 4575 2565 4621 creatore
2597 4566 2725 4620 Deo.
2751 4566 2881 4620 Tale
2908 4575 2961 4619 tu
2980 4565 3178 4620 bonum
3205 4568 3428 4634 quieris?

1852 4659 1948 4711 Dat
1974 4666 2029 4712 et
2052 4655 2152 4710 hoc
2182 4657 2348 4722 Deus;
2376 4656 2470 4712 sed
2499 4656 2607 4712 noli
2651 4657 2822 4712 solum
2861 4672 3124 4728 quaerere.
3173 4658 3429 4716 Cobzeres

1849 4746 2064 4812 Christi,
2095 4748 2220 4819 quid
2246 4748 2473 4818 gaudes,
2522 4749 2643 4819 quia
2683 4748 2861 4804 socius
2907 4763 2967 4804 es
3009 4751 3240 4823 pecori?
3267 4751 3428 4823 Erige

1849 4857 1995 4912 Spem
2028 4853 2170 4895 tuam
2215 4841 2283 4895 ad
2328 4842 2524 4894 bonum
2570 4840 2828 4896 bonorum
2876 4842 3136 4898 omnium.
3181 4843 3296 4913 Ipse
3325 4843 3430 4899 erit

1849 4935 2046 4987 bonum
2080 4943 2245 4992 ttmm,
2275 4947 2302 4984 a
2333 4947 2440 5001 quo
2479 4939 2530 4986 tu
2566 4931 2619 4985 in
2662 4941 2752 4986 tuo
2795 4947 2993 5002 genere
3042 4934 3208 4988 factus
3237 4949 3300 4988 es
3326 4935 3427 4988 bo-

1849 5039 1970 5089 nus,
2002 5032 2054 5077 et
2081 5023 2258 5077 omnia
2291 5023 2343 5076 in
2371 5035 2468 5076 suo
2491 5017 2688 5091 genere
2719 5021 2853 5077 facta
2895 5031 3018 5078 sunt
3069 5023 3228 5079 bona.
3279 5023 3431 5079 Fecit
3494 5033 3502 5044 ‘

1848 5118 1988 5172 enim
2010 5116 2151 5170 Deus
2176 5115 2349 5169 omnia
2376 5114 2512 5169 bona
2539 5115 2710 5170 valde.
2739 5115 2878 5186 Ergo
2903 5114 3032 5170 illud
3057 5116 3256 5171 bonum
3282 5116 3426 5186 quod

1855 5210 1991 5262 Deus
2019 5216 2122 5272 est,
2148 5207 2191 5261 si
2221 5206 2459 5260 dicamus
2483 5205 2636 5260 valde
2667 5207 2888 5271 bonum,
2915 5206 3027 5276 jam
3072 5215 3127 5261 et
3161 5205 3230 5260 de
3267 5221 3424 5262 crea-

1853 5312 1966 5355 tura
1997 5301 2195 5354 dictum
2223 5308 2338 5352 est:
2370 5295 2510 5352 Fecit
2527 5296 2674 5351 'Deus
2696 5299 2867 5352 omnia
2894 5300 3022 5352 bona
3041 5297 3185 5351 valde
3211 5297 3366 5372 (Gen.
3388 5314 3428 5363 t,

1851 5396 1964 5464 51).
1994 5391 2129 5461 Quid
2157 5407 2283 5462 ergo
2304 5390 2432 5445 illud
2463 5391 2656 5446 bonum
2681 5391 2750 5445 de
2777 5405 2884 5460 quo
2904 5390 3103 5445 dictum
3127 5397 3232 5454 est,
3261 5388 3428 5445 Nemo

1854 5490 2010 5542 bonus
2038 5487 2134 5540 nisi
2159 5502 2288 5538 unus
2314 5483 2494 5540 Deus?
2520 5483 2747 5539 dicimus
2773 5485 2896 5553 quia
2925 5483 3122 5538 bonum
3149 5493 3232 5539 est
3253 5485 3430 5540 valde?

1855 5580 2100 5636 ltecurrit
2125 5578 2278 5632 nobis
2303 5577 2598 5632 recordatio
2625 5575 2692 5630 de
2717 5574 2968 5632 omnibus
2996 5577 3277 5643 creaturis,
3309 5579 3430 5646 quia

1855 5673 2050 5726 dictum
2080 5680 2180 5731 est,
2231 5665 2371 5722 Fecit
2421 5667 2558 5720 Deus
2587 5668 2754 5721 omnia
2781 5666 2926 5721 valde
2951 5666 3101 5719 bona.
3145 5665 3280 5736 Quid
3305 5681 3430 5735 ergo
3511 5653 3516 5664 ’

1856 5763 2051 5820 dicturi
2076 5761 2292 5848 sumus?
2315 5759 2598 5814 Delicimus
2627 5759 2678 5814 in
2705 5773 2855 5823 voce,
2887 5758 2979 5814 sed
3011 5774 3118 5813 non
3145 5759 3196 5813 in
3222 5757 3430 5824 aﬂectu.

1927 5876 1944 5907 ⁸
1981 5881 2112 5922 Mss.
2144 5883 2320 5922 rectus.

1981 5881 2112 5936 uss,
2144 5883 2320 5925 mnis.

2708 5949 3306 6031 (Quarante-dcux.)
