4012 6202
482 419 620 475 ίῧὲῧ

484 533 697 587 γρηῑιιιι
719 530 771 583 in
808 534 1040 581 mentem
1063 535 1259 574 recens
1290 518 1375 572 illa
1417 517 1660 571 tractatio
1691 516 1922 571 Psalmi:
1950 529 2047 570 ex-

485 622 681 691 plicare
729 633 830 671 non
874 626 1175 685 possumus.
1201 609 1510 679 jubilemus.
1548 607 1753 661 Bonum
1779 615 1860 662 est
1886 606 2048 661 Deus.

484 713 649 780 Quale
662 712 878 773 bonum,
890 705 1011 775 quis
1022 702 1198 758 dicat?
1212 700 1353 755 Ecce
1370 713 1475 753 non
1490 713 1771 769 possumus
1787 697 1985 761 dicere,
1999 706 2052 751 et

487 817 590 855 non
612 795 964 869 permittimur
986 803 1180 847 tacere.
1198 790 1339 860 Ergo
1365 793 1409 843 sl
1426 804 1530 843 non
1550 803 1832 858 possumus
1853 787 2049 850 dicere,

488 905 539 948 et
564 908 671 963 pne
690 888 882 961 gaudio
908 903 1014 941 non
1033 882 1389 955 permittimur
1405 890 1579 935 tacere
1595 872 1736 946 ;‘nec
1756 881 2050 951 loquamur,

492 998 589 1038 nec
615 994 904 1037 taceamus.
930 974 1071 1046 Quid
1090 965 1223 1045 lergo
1252 972 1525 1037 faciamus,
1558 987 1666 1025 non
1695 972 1973 1039 loquentes
2000 978 2054 1022 et

486 1090 588 1129 non
610 1070 885 1129 tacentes?
899 1067 1212 1123 Jubilemus.
1235 1063 1465 1119 .lubilate
1491 1063 1599 1117 Deo
1615 1061 1833 1116 salutari
1848 1069 2051 1123 nostro,

485 1167 706 1221 Jubilate
722 1158 1031 1227 Deo,-omnis
1050 1170 1181 1211 terra
1194 1155 1291 1229 (a).
1309 1154 1443 1222 Quid
1465 1151 1839 1218 est,Jubilate?
1863 1150 2055 1206 Eﬂ’erte

485 1273 665 1311 vocem
698 1252 1019 1309 ineffabilem
1052 1247 1361 1319 gaudiorum
1389 1253 1708 1325 vestrorum,
1738 1250 1792 1297 et
1817 1249 2054 1297 eructate

490 1351 540 1401 in
564 1361 694 1400 eum
734 1341 945 1399 lmtitias
971 1347 1195 1394 vestras.
1226 1336 1293 1390 Et
1312 1334 1434 1404 quid
1454 1333 1556 1387 erit
1575 1332 1660 1386 illa
1686 1330 1911 1385 ructatio
1938 1337 2057 1399 post

489 1441 749 1509 saginam,
779 1436 822 1488 si
848 1432 1008 1486 modo
1032 1437 1151 1499 post
1169 1425 1407 1481 modicas
1435 1424 1562 1477 istas
1600 1421 1915 1477 refectioues
1943 1428 2060 1472 tan-

496 1541 605 1584 tum
636 1527 863 1581 aflicitur
887 1523 1064 1576 anima
1095 1517 1310 1574 nostra?
1326 1514 1449 1586 quid
1473 1514 1595 1580 erit,
1615 1511 1826 1583 quando
1842 1510 1927 1565 liet
1939 1517 2058 1579 post

476 1619 902 1687 redemptionem
934 1613 1002 1667 ab
1029 1610 1173 1667 omni
1200 1605 1565 1676 corruptione,
1594 1602 1735 1673 quod
1757 1601 1955 1656 dictum
1975 1610 2057 1655 est

488 1712 538 1767 iu
569 1712 670 1766 isto
697 1708 919 1779 psalmo,
952 1704 1052 1772 Qui
1075 1704 1222 1757 satiat
1250 1702 1304 1754 in
1328 1698 1470 1754 bouis
1488 1697 1788 1752 desiderium
1808 1694 1986 1748 tuum?

554 1803 610 1857 9.
654 1801 719 1856 Et
744 1799 893 1869 quasi
925 1808 1213 1896 sumeres,
1258 1788 1483 1858 Quando
1504 1786 1698 1843 satiat?
1726 1784 2055 1896 modoqenim

480 1908 590 1946 non
618 1892 816 1955 satior;
843 1886 911 1941 ad
927 1876 1311 1955 'qundcumque
1339 1896 1423 1935 me
1446 1886 1785 1943 convertere,
1847 1876 2057 1931 vilescit

484 1984 613 2038 mihi
638 1981 910 2050 adeptum,
933 1975 1173 2047 quamvis
1193 1971 1496 2028 accenderit
1520 1968 1880 2024 desideratum
1902 1982 2056 2022 :eum

486 2074 664 2130 omnia
692 2086 810 2143 qua:
838 2069 965 2123 dum
999 2083 1103 2121 non
1134 2065 1305 2120 habeo
1332 2076 1474 2127 amo,
1507 2076 1627 2115 cum
1654 2058 1890 2113 habuero
1919 2072 2056 2111 con-

487 2180 686 2241 temno,
715 2162 856 2235 quod
886 2161 1080 2215 bonum
1107 2173 1192 2213 me
1217 2155 1459 2211 satiabit?
1493 2153 1634 2208 Laus
1678 2151 1793 2206 Dei.
1825 2152 1890 2205 Et
1918 2152 2052 2220 ipsa,

485 2276 604 2315 cum
635 2272 827 2328 corpus
852 2254 993 2327 quod
1023 2250 1380 2319 corrumpitur
1420 2254 1672 2317 aggravat
1717 2246 1969 2311 animam,
2003 2254 2058 2299 et

485 2352 732 2425 deprimit
764 2360 973 2405 terrena
1004 2343 1319 2401 inliabitatio
1343 2355 1560 2396 sensum
1602 2340 1766 2394 multa
1811 2338 2052 2409 cogitau-

486 2456 614 2513 tem,
647 2459 754 2499 nou
784 2440 1033 2510 impletur
1056 2437 1231 2490 anima
1256 2447 1373 2487 mea
1392 2434 1431 2497 ί,
1460 2446 1567 2485 non
1608 2429 1877 2499 perﬁcitur
1901 2447 1914 2481 :
1939 2429 2059 2482 alia:

483 2538 551 2592 de
575 2535 917 2604 corruptione
953 2527 1373 2584 deleCtationes’
1416 2522 1830 2592 indigentiarnm
1875 2518 2059 2573 detor-

484 2635 643 2697 qneut
671 2639 757 2680 me
786 2623 855 2676 ab
880 2622 986 2674 illa.
1006 2617 1231 2686 Quando
1246 2613 1523 2668 satiabitur
1539 2610 1859 2665 desiderium
1883 2625 2059 2662 meum

486 2719 543 2771 in
568 2714 754 2771 bonis?
795 2710 1031 2783 quando,
1073 2704 1303 2777 quaeris?
1334 2700 1671 2757 Honorabitur
1706 2700 1833 2753 sicut
1879 2701 2062 2763 amula!

424 2806 438 2823 ⁴
485 2812 714 2881 juventus
758 2815 864 2857 tua.
910 2800 1115 2867 Qnmris
1166 2810 1295 2865 ergo
1340 2791 1551 2863 quando
1577 2790 1800 2846 satietur
1827 2790 1878 2842 iu
1910 2789 2061 2881 bouis

487 2880 662 2954 anima
688 2896 808 2951 tua?
834 2891 1057 2962 Quando
1084 2894 1337 2943 requ
1366 2884 1527 2940 fuerit
1554 2883 1806 2952 juventus
1843 2890 1952 2934 tua.
1992 2880 2062 2934 Et

485 2990 707 3053 addidit,
737 2988 864 3041 sicut
891 2983 1093 3052 aquilis.
1121 2976 1368 3034 Profecto
1395 2974 1481 3031 hic
1501 2973 1699 3044 aliquid
1727 2973 1885 3026 latet:
1916 2971 2057 3040 quod

488 3094 664 3139 tamen
687 3081 790 3135 dici
820 3078 887 3132 de
914 3075 1085 3144 aquila
1116 3071 1270 3133 solet,
1303 3083 1414 3122 non
1430 3075 1687 3130 tacemus,
1715 3065 1835 3135 quia
1855 3080 1958 3118 non
1977 3074 2060 3119 est

487 3179 581 3234 alis
602 3191 663 3232 re
687 3176 787 3228 hoc
829 3169 1142 3236 intelligere.
1173 3161 1305 3217 Illud
1342 3157 1710 3213 tantummodo
1738 3155 2057 3209 insinuatum

487 3269 555 3321 sit
579 3263 828 3321 cordibus
856 3259 1074 3321 nostris,
1122 3267 1229 3308 non
1273 3251 1390 3307 sine
1433 3262 1592 3306 causa
1638 3245 1840 3301 dictum
1883 3259 2060 3300 essea

486 3360 682 3431 Spiritu
713 3363 919 3419 sancto,
948 3347 1284 3404 Renovabitur
1309 3344 1435 3397 sicut
1467 3340 1651 3431 aquilte
1679 3332 1923 3431 juventus

489 3427 951 3504 livesnrrcctiouem
980 3439 1122 3494 enim
1148 3430 1436 3507 quamdam
1459 3428 1771 3501 signiﬁcavit
1803 3429 1974 3483 nobis.
1995 3427 2063 3481 Et

487 3541 698 3614 quidem
724 3541 1012 3590 renovatur
1033 3529 1353 3598 etjuventus
1373 3518 1706 3593 aquilze,sed
1733 3534 1838 3573 non
1867 3517 1933 3573 ad
1957 3517 2058 3614 im-

488 3609 883 3690 mortalitatem.
927 3626 1056 3679 Data
1084 3630 1164 3677 est
1190 3619 1332 3675 enim
1358 3613 1669 3680 similitudo,
1708 3620 1964 3683 quantum
1993 3609 2061 3665 de

490 3741 548 3782 re
578 3722 789 3778 mortali
830 3717 1000 3788 potuit
1027 3714 1162 3769 trahi
1189 3711 1256 3766 ad
1285 3725 1399 3774 rem
1430 3716 1716 3776 utcumque
1754 3702 2057 3775 signiﬁcari.

486 3820 609 3877 dam
654 3810 1023 3873 immortalem,
1072 3820 1181 3860 non
1222 3802 1289 3857 ad
1332 3796 1820 3857 demonstrandam.
1858 3795 2060 3850 Dicitur

487 3910 679 3981 aquila,
710 3921 831 3961 cum
861 3909 1133 3976 senectute
1161 3894 1399 3965 corporis
1425 3906 1609 3963 pressa
1641 3888 1822 3955 fuerit,
1862 3889 2056 3943 immo-

488 4000 760 4057 deratione
787 3993 944 4050 rostri
971 3987 1258 4046 crescentis
1301 3984 1475 4039 cibum
1500 3995 1692 4051 capere
1731 3992 1837 4033 non
1879 3990 2057 4046 posse.

490 4096 618 4150 Pars
638 4092 780 4147 enim
806 4086 965 4143 rostri
990 4084 1104 4153 ejus
1135 4080 1399 4149 superior,
1422 4090 1540 4145 qua:
1568 4086 1727 4142 supra
1750 4079 1952 4140 partem
1976 4069 2059 4122 in-

491 4188 735 4240 ret-iorem
766 4181 1078 4237 aduncatnr,
1121 4187 1239 4226 cum
1284 4184 1389 4238 pne
1419 4170 1629 4220 senecta
1661 4160 2061 4216 immoderatius

491 4277 735 4339 creverit,
767 4267 1039 4340 longitudo
1074 4267 1191 4331 ejus
1222 4255 1534 4314 incrementi
1565 4268 1671 4307 non
1700 4267 1817 4307 eam
1846 4251 1973 4305 sinit
1999 4265 2061 4303 os

492 4370 716 4441 aperire,
758 4373 817 4418 ut
850 4363 922 4416 sit
957 4354 1166 4426 aliquod
1213 4349 1542 4405 intervallum
1589 4347 1725 4400 inter
1755 4342 2060 4397 inferiorem

495 4432 695 4526 partem
723 4464 775 4507 et
802 4462 997 4505 uncum
1039 4442 1385 4512 superiorem.
1417 4435 1524 4491 Nisi
1552 4436 1693 4491 enim
1736 4432 1949 4503 aliquod
1980 4432 2063 4485 in-

497 4525 768 4606 tervallum
798 4551 988 4614 pateat,
1019 4554 1123 4591 non
1154 4534 1313 4588 habet
1338 4543 1545 4585 morsus
1582 4526 1732 4597 quasi
1779 4525 2055 4594 forcipem,

496 4641 635 4697 unde
659 4637 802 4693 velut
829 4631 1042 4688 tondeat
1073 4626 1212 4698 quod
1258 4621 1574 4678 transmittat
1617 4618 1679 4673 iu
1710 4616 1909 4671 fauces.
1941 4615 2065 4670 Cre-

496 4742 678 4789 scente
706 4731 882 4797 itaque
909 4722 1184 4792 superiore
1206 4726 1376 4787 parte,
1398 4722 1451 4768 et
1474 4711 1633 4766 nimis
1661 4709 1938 4769 aduncata,
1958 4723 2063 4760 nou

496 4824 687 4898 poterit
712 4834 774 4874 os
797 4816 1002 4887 aperire
1027 4822 1082 4866 et
1107 4806 1303 4879 aliquid
1349 4818 1559 4874 capere.
1606 4800 1715 4898 lloc
1743 4799 1794 4854 ei
1822 4797 1946 4898 facit
1974 4812 2064 4898 ve-

497 4890 681 4972 lnstast
730 4913 1093 4980 Prmgravatur
1134 4903 1387 4971 languore
1425 4893 1751 4954 senectutis,
1792 4900 1847 4947 et
1890 4890 2064 4958 inopia

496 5004 807 5066 comedendi
848 4998 1139 5069 languescit
1159 4992 1343 5057 nimis;
1381 4998 1601 5058 utraque
1627 5001 1711 5049 re,
1741 4993 1799 5043 et,
1818 4983 1989 5036 :etatis
2014 4990 2067 5035 et

499 5091 1068 5174 cgestatis.aceedentc
1088 5087 1131 5141 ³.
1158 5085 1340 5154 Itaque
1370 5080 1528 5135 modo
1574 5077 1798 5147 quodam
1839 5072 2065 5174 naturali

501 5164 557 5249 id
593 5203 839 5249 mensura
879 5185 899 5216 ⁵
936 5176 1245 5250 reparanda:
1286 5174 1433 5244 quasi
1458 5169 1767 5242 jnventutis,
1797 5166 1968 5236 aquila
1990 5164 2067 5219 di-

496 5290 631 5340 citur
659 5280 909 5337 collidere
935 5284 988 5330 et
1017 5279 1293 5343 percutere
1340 5265 1407 5318 ad
1454 5271 1653 5333 petram
1704 5262 1873 5330 ipsum
1914 5259 2065 5328 quasi

498 5377 694 5432 lanium
723 5386 878 5428 suum
909 5363 1172 5436 superius,
1205 5375 1308 5430 quo
1351 5358 1508 5411 nimis
1553 5361 1828 5409 crescente
1874 5350 2067 5407 edendi

496 5467 669 5521 aditus
692 5460 984 5517 clauditur:
1010 5463 1168 5525 atque
1190 5452 1259 5505 ita
1287 5446 1608 5504 contcrcudo
1635 5445 1760 5499 illud
1780 5443 1845 5497 ad
1869 5452 2068 5513 petram

554 5618 569 5645 ι
613 5605 762 5670 nostri
782 5615 952 5654 omnes
970 5608 1099 5670 Mss,2
1120 5597 1171 5670 in
1193 5592 1351 5646 anima
1373 5603 1495 5641 mea.

554 5676 574 5705 ³
616 5669 803 5728 Aliquot
822 5673 950 5721 Mss,
974 5665 1295 5728 cogitationes.

554 5735 577 5767 ³
611 5738 689 5779 Er.
701 5727 819 5775 Ven.
835 5731 1024 5775 etlam.
1047 5727 1247 5780 utraque

492 5830 690 5906 ὶυυιιῖίῖξ
708 5830 1033 5906 ἦῖιάὶιέῄιοᾴο
1053 5830 1259 5906 quodam
1280 5830 1505 5906 naturali.
1528 5830 1624 5905 inm
1647 5830 1783 5889 cura,
1808 5838 1903 5881 etc.
1961 5837 2018 5877 at.

801 5893 961 5954 linart‘.
989 5903 1039 5951 in
1061 5893 1174 5949 l'sal.
1205 5908 1435 5955 xcux,'uu.
1472 5893 1511 5953 i,
1545 5893 1592 5940 ὅ,

1709 401 1766 458 S.
1807 400 2167 459 AUGUSTINI
2202 399 2500 458 EPISCOPI

1266 5729 1337 5781 re,
1352 5717 1549 5781 artutc‘ct
1567 5714 1769 5781 egestate
1802 5707 2071 5781 decedente.

553 5796 575 5827 δ
605 5769 1129 5843 ἦὸξόιῖὲιὸὦζρζίιὶοη
1210 5769 1545 5843 160,’ᾳοιιῇὶςςὶι⁵
1568 5769 1636 5819 sic
1662 5770 1921 5843 legendum
1946 5769 2076 5843 hunc

3587 401 3728 457 ηυξι

2152 515 2373 580 excutit,
2405 524 2459 570 ct
2485 521 2631 569 caret
2660 513 2850 584 prioris
2874 513 3031 569 rostri
3059 527 3241 579 onere,
3263 528 3369 584 quo
3386 511 3731 583 cibns'impe‘

2154 607 2413 662 diebatur.
2445 605 2663 661 Accedit
2701 606 2768 660 ad
2810 606 3008 671 cibum,
3054 613 3109 659 et
3150 606 3331 659 omnia
3377 614 3730 674 reparantur:

2152 700 2256 755 erit
2282 710 2402 770 post
2442 708 2768 756 senectutem
2814 708 3062 769 tanquam
3103 698 3312 768 juvenis
3353 698 3555 767 aquila;
3590 699 3733 754 redit

2156 792 2303 861 vigor
2325 792 2560 847 omnium
2596 791 2977 856 membrorum,
3007 790 3147 843 nitor
3180 790 3495 859 plumarum,
3524 790 3734 861 subere

2156 880 2339 934 uacula
2366 895 2681 950 pennarum,
2714 880 2857 933 volat
2882 881 3098 935 excelsa
3125 880 3263 935 sicut
3285 890 3461 944 antea,
3495 878 3552 934 tit
3577 880 3630 935 in
3662 896 3734 935 ea

2154 971 2394 1040 quadam
2423 971 2761 1026 resurrectio.
2791 970 2872 1024 Ad
2898 970 2999 1025 hoc
3025 971 3166 1025 enim
3210 972 3451 1041 exposita
3495 980 3578 1025 est
3625 971 3739 1027 ista

2155 1059 2478 1116 similitudo:
2509 1062 2646 1115 sicut
2685 1061 2752 1115 de
2778 1062 2901 1117 luna
2946 1061 3174 1131 ponitur,
3204 1062 3329 1131 quia
3371 1061 3642 1117 deminuta
3684 1073 3740 1116 et

2154 1150 2547 1222 quodammodo
2571 1151 2859 1221 intercepta
2890 1152 3010 1206 luna
3054 1166 3238 1207 rursus
3280 1154 3511 1208 nascitur
3533 1162 3587 1208 et
3622 1153 3738 1209 im-

2158 1244 2358 1312 pletur;
2381 1252 2437 1297 et
2456 1243 2714 1314 signiﬁcat
2734 1243 2887 1297 nobis
2907 1244 3377 1306 resurrectionem;
3405 1243 3498 1299 sed
3512 1245 3739 1313 impleta

2158 1335 2245 1389 illa
2272 1350 2377 1389 non
2406 1345 2708 1404 permanet;
2738 1349 2920 1390 rursus
2945 1335 3217 1399 minuitur,
3248 1344 3307 1389 ut
3330 1349 3542 1406 semper
3558 1337 3741 1407 signi-

2157 1425 2297 1480 ticet.
2321 1426 2410 1481 Sic
2431 1441 2560 1497 ergo
2582 1435 2638 1481 et
2665 1427 2765 1481 hoc
2790 1426 2930 1497 quod
2957 1427 3023 1481 de
3047 1427 3221 1497 aquila
3248 1427 3448 1482 dictum
3477 1439 3594 1483 est:
3618 1444 3740 1486 non

2157 1519 2224 1574 ad
2254 1520 2702 1576 immortalitatem
2729 1520 2901 1590 aquila
2924 1530 3219 1589 reparatur,
3239 1535 3337 1575 nos
3359 1528 3537 1575 autem
3560 1521 3626 1576 ad
3646 1524 3708 1575 vi
3725 1552 3741 1563 ο

2160 1621 2264 1665 tam
2293 1620 2576 1676 aeternam;
2602 1612 2697 1666 sed
2724 1619 2898 1665 tamen
2925 1618 3204 1680 propterea
3229 1610 3352 1666 inde
3369 1610 3524 1666 ducta
3548 1621 3633 1667 est
3659 1615 3741 1666 si-

2156 1703 2416 1768 militudo,
2460 1716 2516 1758 ut
2557 1703 2695 1773 quod
2737 1717 2836 1757 nos
2878 1701 3117 1772 impedit,
3148 1711 3294 1772 petra
3324 1702 3475 1757 nobis
3501 1704 3738 1759 auferat.

2156 1793 2272 1849 Non
2304 1810 2433 1865 ergo
2459 1810 2749 1866 pmumas
2777 1794 2845 1850 de
2878 1795 3081 1850 viribus
3124 1795 3255 1859 tuis;
3300 1794 3522 1850 ﬁrmitas
3565 1807 3742 1866 petra:

2160 1885 2254 1940 tibi
2292 1885 2491 1940 excutit
2530 1894 2845 1941 vetustatem
2878 1902 2892 1941 :
2931 1884 3088 1939 Petra
3136 1895 3302 1940 autem
3346 1896 3453 1940 erat
3501 1886 3742 1941 Christus

2159 1976 2202 2047 (Ι
2230 1976 2349 2033 Cor.
2378 1992 2433 2043 χ,
2461 1978 2540 2049 4).
2573 1978 2629 2032 1η
2656 1978 2867 2033 Christo
2896 1976 3236 2033 renovabitur
3262 1977 3398 2032 sicut
3430 1979 3618 2048 aquila:
3638 1981 3741 2048 ju-

2158 2077 2348 2124 ventus
2377 2080 2575 2124 nostra.
2608 2068 2815 2123 Etenim
2855 2068 3267 2123 inveteravimns
3311 2070 3446 2122 inter
3487 2070 3742 2124 inimicos

2159 2169 2392 2228 nostros,
2416 2162 2553 2216 sicut
2580 2171 2701 2215 nota
2727 2172 2808 2216 est
2830 2177 2930 2215 vox
2958 2161 3180 2231 psalmi:
3210 2159 3507 2227 Invetcravi,
3536 2163 3739 2231 inquit,

2159 2255 2215 2307 in
2237 2257 2465 2309 omnibus
2482 2255 2699 2308 inimicis
2719 2248 2839 2308 meis
2866 2253 3037 2325 (Psal.
3073 2271 3143 2316 vr,
3168 2254 3251 2325 8).
3281 2253 3432 2310 Unde
3468 2256 3744 2311 invetera-

2161 2346 2365 2400 vimus?
2406 2344 2577 2399 Carne
2607 2344 2834 2409 mortali,
2883 2359 3043 2398 carne
3086 2344 3183 2397 ista
3234 2344 3382 2399 feuea
3426 2364 3438 2397 :

2173 2454 2193 2488 ι
2219 2435 2531 2489 Pcrcussum
2559 2444 2640 2489 est
2680 2432 2818 2488 sicut
2867 2434 3068 2500 fenum,
3117 2443 3171 2488 et
3215 2434 3354 2488 aruit
3393 2450 3487 2489 cor
3527 2453 3741 2501 niettin,

2160 2525 2408 2594 quoniam
2428 2525 2622 2579 oblitus
2638 2539 2753 2578 sum
2772 2524 3088 2578 manducare
3114 2539 3302 2595 panem
3320 2540 3494 2580 meum
3516 2546 3535 2579 ι
3557 2525 3740 2598 (Psat.

2164 2634 2235 2685 Cl,
2264 2619 2342 2687 5).
2382 2637 2400 2670 ι
2428 2618 2634 2673 Oblitus
2669 2632 2785 2671 sum
2806 2660 2821 2683 ,
2857 2637 2877 2669 ι
2910 2618 3095 2689 inquit,
3130 2636 3149 2669 ‹
3183 2618 3502 2673 manducare
3539 2635 3745 2689 panem

2163 2727 2359 2766 meum.
2383 2730 2400 2762 ι
2423 2710 2602 2765 Crevit
2618 2718 2948 2774 vetustas,os
2971 2709 3176 2773 clausit,
3192 2718 3448 2764 atteratur
3474 2710 3526 2763 in
3557 2721 3743 2779 petra.

2192 2838 2193 2843 η
2235 2803 2320 2858 10.
2360 2802 2446 2856 Sic
2487 2816 2615 2870 ergo
2651 2810 2704 2855 et
2740 2800 2791 2854 in
2824 2800 2923 2855 hoc
2952 2801 3156 2870 psalmo
3186 2801 3325 2855 unde
3353 2802 3577 2871 agimus,
3608 2817 3745 2857 cum

2162 2893 2524 2964 prmtuisisset,
2555 2892 2654 2958 Qui
2672 2890 2823 2947 satiat
2838 2894 2891 2945 iu
2912 2892 3053 2946 bouis
3077 2893 3378 2945 desiderium
3396 2900 3564 2959 tuum;
3583 2898 3744 2963 quasi

2161 2986 2508 3056 responderet
2527 2986 2722 3049 anima,
2748 2983 2864 3038 Non
2898 2983 3129 3038 satiabor
3159 2984 3225 3039 de
3255 2984 3586 3050 mortalibus,
3620 3002 3739 3040 non

2161 3076 2394 3131 satiabor
2415 3074 2479 3130 de
2507 3072 2914 3143 temporalibus;
2938 3073 3130 3143 aliquid
3157 3083 3410 3129 arternnm
3430 3075 3611 3137 donet,
3630 3077 3744 3130 ali-

2161 3167 2286 3240 quid
2312 3178 2567 3223 :nternum
2598 3166 2888 3221 concedat:
2917 3164 3240 3234 Sapientiam
3273 3180 3422 3220 suam
3460 3168 3587 3220 mihi
3618 3167 3740 3229 det,

2165 3262 2392 3316 Verbum
2411 3276 2561 3315 suum
2585 3259 2713 3313 mihi
2737 3258 2847 3324 det,
2871 3257 3035 3312 Deum
3060 3258 3194 3327 apud
3221 3257 3405 3321 Deum,
3423 3268 3475 3311 et
3491 3272 3547 3311 se
3565 3257 3743 3311 Deum

2163 3352 2396 3418 Patrem,
2434 3360 2487 3405 et
2510 3350 2726 3417 Filium,
2770 3358 2826 3405 et
2871 3349 3122 3419 Spirituut
3152 3358 3415 3403 sanctum.
3460 3348 3743 3403 Mendicus

2161 3453 2285 3499 ante
2310 3443 2526 3513 januam
2552 3441 2668 3511 ejus
2691 3450 2795 3507 sto,
2823 3456 2927 3495 non
2971 3439 3165 3494 dormit
3207 3454 3364 3508 quem
3404 3438 3612 3503 invoco,
3640 3439 3744 3494 dot

2130 3534 2292 3598 'mihi
2323 3543 2430 3588 tres
2456 3548 2639 3602 panes.
2678 3532 3014 3602 Evangelium
3044 3530 3393 3584 recordamini
3419 3546 3431 3583 :
3462 3545 3586 3584 ecce
3604 3533 3742 3599 quid

2163 3629 2231 3681 sit
2254 3643 2412 3682 nosse
2452 3628 2544 3681 Dei
2584 3625 2836 3688 Litteras;
2867 3625 2956 3694 qui
2986 3626 3225 3693 legerunt
3265 3624 3393 3677 moti
3422 3633 3563 3678 sunt.
3600 3623 3738 3677 Nam

2163 3717 2513 3773 recordamini
2553 3715 2833 3786 quemdam
2894 3714 3104 3785 inopem
3153 3713 3360 3767 venisse
3405 3713 3474 3767 ad
3516 3713 3743 3768 donnuu

2162 3811 2318 3866 amici
2350 3811 2451 3875 sui,
2485 3820 2535 3865 et
2562 3809 2772 3877 petiisse
2801 3817 2907 3861 tres
2938 3821 3117 3875 panes.
3153 3805 3219 3859 Et
3248 3805 3356 3867 ille,
3386 3806 3574 3875 inquit,
3603 3806 3741 3860 dur-

2165 3904 2332 3957 miens
2370 3900 2725 3970 respondebat
2770 3900 2817 3954 ei
2839 3941 2853 3963 ,
2886 3909 2939 3952 et
2963 3898 3171 3953 dicebat
3197 3916 3211 3950 :
3240 3897 3358 3950 Jam
3383 3900 3654 3968 requiesco,
3689 3912 3741 3953 et

2167 3995 2306 4063 pueri
2332 3994 2425 4047 mei
2463 3995 2596 4046 intus
2632 4008 2820 4045 mecum
2859 3991 3132 4043 dormiunt.
3178 3987 3268 4043 Ille
3309 4004 3650 4058 perseverans
3687 3992 3743 4045 in

2166 4086 2414 4156 petendo,
2446 4085 2667 4139 extorsit
2695 4083 2850 4137 III!le
2878 4080 3018 4152 quod
3045 4098 3149 4135 non
3176 4090 3355 4150 posset
3376 4083 3561 4135 merito
3579 4080 3738 4152 (Luc.

2174 4194 2245 4238 XI.
2278 4177 2414 4249 ὃὸ).
2447 4176 2583 4229 Deus
2606 4184 2781 4228 autem
2808 4174 2934 4228 dare
2972 4172 3117 4237 vult;
3143 4171 3238 4226 sed
3264 4186 3367 4225 non
3394 4172 3483 4226 dat
3512 4171 3605 4225 nisi
3633 4187 3759 4239 pe-.

2168 4270 2315 4333 tenti,
2350 4283 2416 4323 ne
2441 4268 2531 4322 det
2554 4283 2658 4322 non
2688 4267 2934 4337 capienti.
2966 4264 3116 4320 Non’
3149 4263 3305 4319 tmdio
3336 4275 3423 4318 tuo
3455 4265 3560 4319 vult
3585 4265 3744 4318 exci-

2168 4360 2285 4415 tari.
2312 4356 2426 4414 Non
2452 4358 2593 4412 enim
2623 4372 2743 4413 cum
2770 4371 2892 4410 oras
2912 4365 3158 4426 tanquam
3177 4346 3463 4409 dormienti
3486 4355 3744 4408 molestus

2167 4468 2255 4507 es:
2285 4450 2401 4505 Non
2426 4450 2654 4511 dormiet,
2685 4462 2840 4517 neque
2863 4447 3168 4514 dormitabit,
3208 4447 3294 4517 qui
3333 4447 3543 4500 custodit
3573 4444 3743 4500 Israel

2168 4522 2337 4615 (Psal.
2370 4559 2499 4609 cxx,
2530 4540 2605 4612 t).
2635 4541 2806 4596 Semel
2837 4538 3076 4594 Christus
3101 4540 3367 4601 dormivit,
3399 4547 3454 4592 ut
3480 4539 3553 4592 illi
3578 4538 3644 4592 de
3665 4540 3747 4592 la-

2170 4648 2280 4693 tere
2300 4637 2492 4706 conjux
2524 4636 2704 4690 ﬁeret:
2731 4634 3049 4689 dormivitin
3066 4648 3243 4698 cruce,
3272 4631 3609 4687 manifestum
3632 4645 3741 4689 est.

2169 4729 2404 4783 Mortuus
2431 4736 2512 4782 est
2539 4727 2701 4792 enim,
2731 4734 2788 4779 ut
2806 4725 3026 4788 diceret,
3057 4724 3167 4792 Ego
3185 4724 3411 4786 dormivi,
3442 4733 3487 4777 ct
3508 4740 3749 4777 somnum

2167 4821 2293 4891 cepi.
2317 4819 2423 4876 Sed
2454 4817 2706 4887 uttmqnid
2736 4818 2822 4888 qui
2847 4817 3039 4871 dormit
3065 4832 3167 4870 non
3188 4816 3398 4885 adjiciet
3420 4826 3476 4871 ut
3498 4832 3747 4886 resurgat

2173 4914 2341 4987 (Psal.
2376 4930 2456 4978 XL,
2504 4912 2594 4984 9)?
2626 4912 2907 4981 PrOptcrea
2939 4910 3007 4964 ibi
3038 4910 3296 4979 sequitur,
3348 4907 3413 4963 Et
3456 4913 3748 4972 exsurrexi,

2168 5006 2403 5076 quoniam
2428 5004 2669 5059 Dominus
2687 5002 2919 5073 suscipiet
2945 5018 3022 5054 me
3050 5000 3217 5074 (Psal.
3242 5017 3319 5065 ut,
3350 5001 3425 5071 ὓ).
3450 5002 3584 5070 Quid
3615 5019 3748 5055 vero

2165 5100 2274 5170 jam
2321 5098 2642 5170 Apostolus?
2684 5096 2928 5160 Christus,
2973 5095 3159 5164 inquit,
3192 5111 3401 5165 surgens
3439 5112 3471 5148 α
3510 5097 3747 5164 mortuis,

2162 5194 2273 5264 jam
2317 5208 2414 5245 non
2453 5192 2684 5253 moritur,
2734 5197 2777 5242 ct
2823 5205 2956 5241 mors
2996 5188 3042 5241 ei
3086 5187 3217 5240 ultra
3264 5204 3365 5240 non
3407 5188 3750 5241 dominabitur

2173 5283 2348 5353 (Rom.
2380 5298 2450 5350 vi,
2475 5279 2552 5351 9).
2586 5280 2700 5350 Ipse
2728 5294 2856 5351 ergo
2884 5294 2987 5333 non
3012 5278 3235 5341 dormit;
3268 5278 3388 5333 vide
3415 5293 3481 5333 ne
3504 5277 3635 5333 tides
3658 5287 3750 5335 tua

2173 5376 2417 5432 dormiat.
2465 5375 2612 5429 Dicat
2657 5387 2786 5443 ergo
2827 5373 2998 5425 anima
3052 5370 3163 5439 jam
3209 5368 3521 5425 desiderans
3561 5368 3751 5423 satiari

2174 5469 2401 5539 quodam
2432 5467 2669 5531 excelso,
2699 5464 3038 5519 inenarrabili
3067 5462 3229 5529 bono,
3258 5461 3339 5516 cui
3362 5460 3622 5531 jnbilatur
3654 5477 3747 5529 po-

2178 5561 2301 5622 tius,
2342 5567 2395 5613 et
2424 5557 2488 5611 de
2514 5571 2620 5626 quo
2656 5555 2931 5625 jubilatur,
2976 5569 3133 5624 quam
3176 5552 3375 5623 aliquid
3412 5553 3748 5622 explicatur;

2172 5652 2281 5722 jam
2308 5651 2449 5706 enim
2482 5649 2610 5713 vult,
2646 5647 2755 5717 jam
2801 5647 2964 5701 sentit
2989 5644 3111 5700 inde
3140 5643 3371 5714 aliquid:
3395 5644 3541 5698 videt
3565 5657 3627 5699 se
3650 5645 3755 5697 im-

2182 5740 2348 5813 pediri
2374 5737 2792 5811 prmgravatiune
2820 5735 3061 5805 corporis
3082 5774 3097 5799 ,
3139 5749 3242 5789 nou
3287 5747 3347 5790 se
3386 5748 3541 5805 posse
3570 5750 3623 5788 tu
3649 5733 3752 5791 hac

2246 5877 2264 5908 ί
2299 5875 2369 5923 sic
2393 5881 2489 5923 Am.
2514 5878 2587 5922 Er.
2616 5879 2663 5922 et
2682 5869 2849 5927 z'ltu'cs
2868 5874 2974 5917 Mss.
3001 5873 3055 5916 Al.
3071 5871 3202 5928 Lov.,
3225 5876 3303 5914 nat
3514 5904 3539 5914 ν

3626 5960 3719 5995 .-,J
3754 5987 3760 5992 .

3489 2357 3541 2399 et
3587 2345 3741 2411 ἱάιιυ,
3816 2378 3825 2385 κ
