4012 6202
212 401 364 459 £325

209 519 330 572 vita
358 517 569 581 satiari;
599 529 653 572 ct
677 517 825 587 quasi
864 517 1205 587 respondeat,
1238 527 1293 574 et
1320 519 1483 585 dicat,
1511 519 1645 587 Quid
1675 513 1804 574 mihi

211 609 382 673 dicis,
414 609 705 664 Satiabitur
733 610 781 663 in
806 608 958 664 bonis
983 609 1304 666 desiderium
1333 613 1517 667 tuum?
1551 611 1684 667 Novi
1717 614 1809 668 bo-

211 715 348 754 num
378 699 498 770 ejus
519 701 660 771 quod
683 700 1005 768 desiderem,
1047 703 1168 756 novi
1211 703 1335 773 quid
1382 704 1509 758 milii
1554 705 1804 768 sufﬁciat,

210 794 378 848 video
405 793 506 848 hoc
533 794 584 846 in
614 793 894 864 Philippo:
922 793 1160 861 Ostende,
1193 795 1377 865 inquit,
1399 796 1546 849 “nobis
1574 796 1804 858 Patrem,

209 893 260 938 et
314 883 501 954 suﬁcit
550 885 708 940 nobis.
752 884 938 941 Solum
983 887 1192 942 Patrem
1236 888 1384 957 quasi
1434 887 1803 943 desiderabat:

208 974 453 1036 ostendit
504 975 756 1030 Dominus
802 988 910 1032 tres
949 993 1115 1048 panes
1155 977 1566 1042 destderaudos;
1609 980 1695 1045 qui
1727 987 1808 1032 est

211 1082 355 1122 unus
391 1068 547 1137 panis
577 1069 809 1123 ostendit
837 1080 890 1125 et
920 1069 1086 1124 dixit:
1115 1069 1281 1124 Tanto
1307 1079 1528 1139 tempore
1554 1070 1807 1125 vobiscum

210 1173 345 1221 unt,
389 1167 440 1210 et
492 1157 702 1214 Patrem
729 1176 830 1213 non
876 1161 1073 1214 nostis?
1108 1161 1372 1232 Philippe,
1410 1164 1494 1230 qui
1535 1179 1612 1216 me
1653 1163 1803 1228 videt,

208 1249 345 1304 ridet
373 1262 425 1305 et
458 1249 682 1306 Patrem.
730 1253 980 1307 Promisit
1016 1263 1070 1308 et
1096 1254 1351 1323 Spiritum
1377 1273 1391 1309 :
1421 1256 1582 1323 Quem
1621 1257 1802 1321 mittet,

209 1341 408 1411 inquit,
440 1341 600 1396 Pater
615 1344 665 1397 in
683 1345 884 1398 nomine
898 1361 1006 1398 meo
1024 1343 1201 1412 (Joan.
1229 1361 1340 1410 xiv,
1365 1346 1419 1409 8,
1442 1346 1496 1410 9,
1513 1346 1641 1415 26);
1662 1347 1806 1402 item-

207 1451 310 1503 que
336 1436 434 1500 ait,
466 1436 626 1502 Quem
655 1452 746 1505 ego
771 1438 965 1490 mittam
997 1436 1132 1490 vobis
1163 1453 1193 1488 a
1222 1436 1383 1490 Patre
1410 1436 1518 1506 (Id.
1551 1452 1644 1502 xv,
1669 1439 1798 1506 26):

210 1527 418 1581 donum
449 1544 605 1581 suum
635 1527 840 1598 aequale
867 1528 986 1582 sibi.
1020 1527 1152 1581 Novi
1190 1527 1313 1597 quid
1344 1527 1670 1593 desiderem;
1702 1529 1798 1584 sed

207 1617 434 1686 quando
458 1618 582 1672 inde
611 1617 876 1672 satiabor?
906 1617 1041 1672 Ecce
1059 1617 1217 1671 modo
1235 1617 1301 1672 de
1319 1617 1575 1672 Trinitate
1600 1618 1799 1689 cogito,

204 1706 710 1777 quomodocumque
723 1708 788 1762 de
810 1708 1086 1773 Trinitate,
1099 1707 1186 1761 vix
1204 1707 1255 1762 in
1275 1705 1553 1778 :cuigmate
1570 1724 1661 1777 per
1675 1724 1799 1778 spe-

205 1798 411 1859 culum,
426 1814 488 1858 ex
505 1809 653 1868 parte
666 1797 836 1852 audeo
849 1797 1046 1867 aliquid
1065 1798 1292 1862 sentire;
1315 1798 1526 1868 quando
1539 1800 1801 1854 satiabor?

207 1887 554 1942 Rerraoabitur
609 1889 737 1942 sicut
784 1889 970 1956 aquila:
1019 1890 1249 1956 iuventus
1289 1899 1393 1944 tua.
1442 1887 1552 1946 Non
1591 1890 1800 1944 satiaris

205 1981 371 2036 modo
389 2023 408 2048 ,
433 1981 554 2052 quia
570 1996 674 2034 non
692 1990 773 2034 est
789 1981 976 2035 idonea
995 1981 1171 2035 anima
1195 1991 1278 2034 tua
1306 1981 1372 2034 ad
1401 1980 1627 2035 solidum
1653 1981 1798 2036 illum

205 2084 524 2144 etmagnum
550 2073 757 2138 cibum;
785 2073 877 2129 sed
908 2083 1085 2128 rostro
1111 2073 1313 2136 clauso,
1344 2089 1448 2127 non
1479 2083 1561 2128 est
1583 2073 1795 2128 idonea.

204 2163 460 2220 Vetustas
479 2165 570 2220 tibi
585 2179 647 2219 os
662 2165 868 2230 clausit,
886 2174 1163 2234 propterea
1184 2173 1328 2234 petra
1340 2164 1461 2219 data
1483 2174 1583 2230 est,
1601 2166 1687 2219 ubi
1708 2181 1798 2220 ve-

204 2265 408 2311 tustate
421 2256 670 2321 contrita,
689 2263 970 2310 renovetur
979 2256 1228 2325 juventus
1241 2266 1326 2310 tua
1340 2257 1475 2309 sicut
1490 2256 1678 2325 aquila:
1693 2272 1708 2320 ;
1743 2265 1799 2310 ut

205 2348 381 2417 possis
399 2337 723 2402 manducare
742 2363 932 2416 panem
947 2355 1113 2412 tuum,
1144 2346 1288 2400 illum
1318 2347 1404 2416 qui
1431 2347 1504 2401 ait
1525 2363 1536 2398 :
1563 2345 1673 2417 Ego
1687 2364 1796 2400 suo:

205 2439 353 2506 panis
370 2439 531 2504 vicus,
550 2438 636 2508 qni
651 2437 713 2490 de
725 2437 849 2491 caelo
870 2438 1105 2492 descendi
1131 2435 1181 2510 (1
1188 2438 1240 2489 d.
1276 2453 1346 2500 vi,
1376 2437 1486 2508 41).
1516 2436 1797 2491 Renovabi-

203 2539 283 2580 tur
294 2530 542 2598 juventus
563 2537 647 2582 tua
667 2529 794 2580 sicut
813 2529 1027 2598 aquila:
1047 2537 1170 2582 tunc
1189 2528 1466 2582 satiaberis
1495 2529 1545 2582 iu
1573 2528 1745 2583 bouis.

275 2622 366 2676 Η.
397 2618 547 2693 [θεῖε.
577 2619 656 2692 6.]
686 2618 902 2673 Faciens
932 2618 1301 2674 misericordias
1332 2618 1579 2672 Dominus
1599 2661 1613 2686 ,
1644 2630 1690 2672 et
1715 2624 1795 2690 jac

202 2713 396 2765 diciunt
417 2711 491 2766 eis
511 2712 598 2782 qui
637 2713 880 2781 injuriam
903 2711 1175 2780 accipiunt.
1204 2709 1352 2764 Facit
1380 2711 1556 2773 modo,
1582 2709 1790 2775 fratres,

202 2817 492 2876 antequam
522 2805 798 2860 veniamus
837 2805 901 2858 ad
950 2805 1346 2858 renovationem
1383 2803 1752 2871 sicut.aquil;e
1777 2845 1789 2866 ,

201 2907 491 2966 antequam
535 2895 862 2976 satiemuriu
890 2895 1061 2950 bouis.
1089 2894 1222 2961 Quid
1249 2895 1387 2949 enim
1419 2894 1502 2947 hic
1524 2935 1540 2959 ,
1587 2892 1710 2962 quid
1741 2893 1791 2946 iu

203 2990 300 3043 ista
334 2977 784 3058 peregrinatione,
813 2987 938 3057 quid
973 2985 1025 3040 in
1078 2986 1176 3040 ista
1209 2986 1310 3039 vita
1335 2987 1391 3038 ’?
1424 2983 1676 3054 numquid
1701 2983 1794 3038 de-

202 3078 477 3133 serimur?
524 3077 660 3132 Non.
703 3077 919 3131 Faciens
947 3077 1314 3131 misericordias
1334 3075 1593 3130 Dominus.
1627 3076 1684 3130 Et
1715 3077 1792 3129 vi-

199 3172 324 3226 dete
354 3170 624 3241 quomodo
649 3170 804 3224 faciat
828 3169 1239 3234 misericordias,
1258 3185 1360 3224 non
1378 3185 1472 3223 uos
1487 3154 1792 3240 relinquens

202 3263 252 3314 iu
279 3261 520 3324 deserto,
553 3277 656 3315 nou
685 3278 781 3316 nos
811 3263 1113 3332 relinquens
1142 3261 1194 3315 in
1226 3277 1428 3327 eremo,
1465 3261 1636 3317 donec
1665 3278 1789 3333 per-

201 3355 490 3409 veniamus
542 3353 609 3408 ad
653 3353 875 3423 patriam
924 3367 939 3405 :
987 3353 1219 3423 faciens”
1249 3353 1652 3418 misericordias;
1698 3355 1790 3408 sed

199 3445 434 3514 quibus?
466 3444 606 3498 Beati
633 3443 974 3498 misericordes
995 3443 1254 3512 ,quoniam
1282 3442 1380 3513 ipsi
1399 3443 1793 3498 misericordiam

199 3546 586 3608 consequentur.
617 3535 772 3590 Modo
797 3535 1038 3600 audistis,
1068 3535 1274 3594 fratres.
1307 3549 1424 3587 cum
1447 3533 1792 3605 Evangelium

201 3629 492 3697 legeretur.
524 3625 638 3680 Non
666 3641 794 3695 ergo
824 3634 972 3694 putet
997 3625 1186 3695 aliquis
1221 3624 1450 3679 futuram
1495 3626 1545 3680 in
1575 3642 1634 3681 se
1674 3642 1792 3682 esse

198 3719 623 3775 misericordiam
648 3717 759 3781 Dei,
792 3717 836 3772 si
865 3726 945 3771 est
966 3717 1079 3786 ipse
1107 3717 1500 3771 immisericers.
1533 3715 1638 3772 Sed
1669 3717 1791 3772 audi

200 3827 325 3881 qua:
375 3810 442 3864 sit
479 3823 724 3864 mensura
761 3805 1141 3862 miscricordice
1164 3848 1180 3869 ,
1209 3823 1277 3860 ne
1303 3806 1449 3876 quasi
1482 3806 1531 3858 in
1563 3806 1789 3860 amicum

201 3905 296 3966 sit,
323 3913 378 3956 et
404 3917 506 3956 non
531 3901 603 3954 sit
651 3901 701 3954 in
748 3900 1037 3953 inimicum.
1070 3898 1273 3951 Dictum
1311 3907 1393 3951 est
1419 3916 1433 3950 :
1466 3897 1664 3968 Diligite
1691 3897 1789 3950 ini-

167 4028 178 4040 .
199 3997 365 4048 miros
387 4003 572 4046 vestros
605 3990 816 4062 (Matth.
841 4007 892 4054 v,
920 3991 972 4054 7,
1003 3989 1115 4062 Μ).
1145 3989 1337 4044 Satiari
1372 3991 1448 4043 vis
1477 3989 1630 4042 bonis
1663 3989 1787 4051 Dei;

197 4088 395 4142 satiata
417 4087 483 4140 sit
504 4086 556 4138 in
580 4094 628 4139 te
650 4083 1029 4139 misericordia.
1064 4082 1223 4136 Plena
1253 4081 1616 4135 misericordia
1641 4080 1662 4110 ³
1681 4081 1790 4149 ipsa

191 4191 280 4236 est
300 4179 534 4252 perlecta
559 4176 927 4238 misereordia;
954 4177 1062 4244 ipsa
1079 4184 1160 4229 est
1174 4190 1292 4244 qum
1315 4183 1474 4236 amat,
1489 4188 1604 4242 qum
1622 4173 1794 4242 diligit

194 4273 370 4325 etiam
400 4270 676 4324 habentem
698 4284 756 4322 se
784 4267 926 4320 odio.
945 4266 1076 4320 Nam
1104 4265 1228 4335 quid
1257 4264 1465 4329 faciam,
1493 4265 1705 4334 inquis?
1736 4265 1789 4318 Si

187 4376 428 4430 cepero
444 4359 655 4430 diligere
673 4359 940 4412 inimicum
960 4371 1158 4418 meum,
1183 4356 1400 4427 injurias
1427 4355 1702 4426 accipiam,
1738 4365 1793 4410 et

195 4453 433 4526 injurias
462 4452 742 4520 perferam,
761 4460 813 4506 et
833 4466 936 4504 nou
955 4465 1040 4503 me
1059 4449 1356 4526 vindicabo,
1373 4465 1490 4502 eum
1520 4447 1696 4503 adsint
1717 4449 1792 4503 le-

188 4525 328 4619 ges?
353 4545 552 4600 iustum
573 4553 725 4598 estut
745 4541 978 4596 vindices
1000 4548 1081 4606 te;
1107 4525 1438 4605 conceditur,
1458 4540 1575 4609 quia
1591 4539 1788 4609 justum

189 4647 282 4693 est
321 4652 340 4689 :
372 4635 489 4690 vide
519 4645 691 4689 utrum
734 4649 841 4688 non
891 4632 1088 4686 habeas
1114 4630 1252 4700 quod
1299 4631 1352 4684 iu
1397 4640 1447 4684 te
1474 4629 1787 4696 vindicetur,

189 4738 249 4783 et
277 4725 512 4780 vindica.
547 4724 636 4780 Sic
661 4724 799 4778 enim
827 4723 996 4788 dicis,
1026 4722 1172 4776 Itane
1197 4737 1282 4776 me
1312 4737 1417 4776 non
1463 4720 1790 4776 vindicabo?

194 4817 360 4888 quasi
411 4817 546 4872 Deus
578 4817 840 4887 justitiam
890 4815 1138 4869 vindicta:
1178 4815 1453 4884 reprimat,
1485 4823 1538 4867 et
1568 4829 1672 4867 non
1698 4829 1790 4868 su-

195 4909 445 4981 perbiam
488 4908 807 4963 vindicantis
833 4907 1134 4976 exstinguat
1162 4904 1203 4957 δ.
1235 4907 1340 4959 Aut
1387 4920 1520 4959 vero
1546 4904 1788 4959 adultera

193 5005 291 5058 illa
327 5017 431 5057 non
454 5010 566 5057 erat
592 5001 905 5071 lapidanda?
931 5007 1024 5054 aut
1073 4999 1117 5052 si
1163 4997 1508 5067 Iapidaretur,
1554 4996 1789 5066 iniquum

193 5091 408 5163 aliquid
447 5091 636 5148 ﬁeret?
676 5091 731 5147 Si
771 5091 948 5162 inique
999 5090 1171 5155 ﬁeret,
1220 5089 1398 5158 inique
1439 5088 1644 5157 jussum
1671 5097 1785 5151 est;

193 5186 321 5241 Lex
345 5192 519 5241 autem
564 5181 748 5253 jussit,
776 5182 916 5237 Deus
950 5180 1150 5251 jussit:
1178 5178 1296 5245 sed,
1347 5195 1380 5232 ο
1423 5193 1520 5232 vos
1566 5178 1786 5243 ultores,

195 5278 384 5331 videte
423 5277 467 5330 si
508 5292 615 5330 non
640 5274 770 5330 estis
795 5283 1123 5344 peccatores.
1155 5271 1395 5326 Adducta
1431 5280 1514 5326 est
1548 5270 1788 5344 adultera

195 5368 402 5423 mutier
433 5365 710 5438 lapidanda
725 5381 788 5421 ex
809 5365 972 5435 Lege,
995 5363 1088 5418 sed
1117 5362 1341 5417 adducta
1370 5373 1451 5417 est
1476 5362 1541 5416 ad
1571 5362 1791 5417 latorem

195 5460 387 5530 Legis.
417 5457 584 5514 Suavis
610 5457 700 5526 qui
735 5455 1045 5511 adduxisti:
1075 5453 1200 5509 vide
1249 5454 1339 5524 qui
1383 5455 1591 5517 swvias,
1640 5463 1694 5509 et
1737 5453 1792 5508 in

196 5566 370 5624 quam
401 5550 618 5613 saevias;
646 5549 691 5603 si
715 5556 962 5619 peccator
989 5551 1040 5600 ln
1080 5545 1450 5616 peccatricem,
1484 5543 1666 5600 desine
1691 5559 1792 5600 sa:-

273 5677 782 5747 fA_lu4uottitss.,n’a.
879 5745 886 5747 Α
951 5744 975 5747 _
1052 5735 1139 5747 Δ,

268 5744 295 5774 ³
327 5737 497 5791 SicEr.
525 5737 721 5790 Venfet
737 5747 850 5790 hev.
876 5745 926 5788 tn
950 5744 1018 5800 8,,
1041 5737 1208 5800 faciat.
1275 5743 1330 5800 lli.

275 5806 297 5838 ⁸
328 5810 382 5852 tu
404 5802 538 5862 Μαι,
554 5800 887 5853 misericordia
1041 5797 1185 5848 Abest
1213 5797 1300 5848 Dei
1323 5799 1630 5862 apraecipuis
1652 5805 1756 5848 uss.

272 5867 296 5899 δ
328 5859 558 5928 verbum,
575 5862 863 5927 exstinguat,
889 5873 919 5910 a
940 5861 1186 5926 plerisque
1206 5868 1311 5910 Mss.
1334 5859 1489 5909 abest.

1337 404 1731 460 ENARRATIO
1771 406 1833 461 IN
1877 409 2198 468 PSMMUM
2237 415 2343 477 (Ill.

3359 436 3496 493 15⁸36

1918 523 2031 579 vire
2052 567 2068 583 .
2093 528 2239 595 prius
2268 532 2525 587 conlitere
2558 551 2570 584 :
2606 535 2648 588 si
2685 549 2930 603 peccator
2957 543 3115 598 stetis
3152 546 3200 599 in
3228 553 3485 618 peccatri-

1914 628 2054 680 cem,
2096 618 2336 688 relinque
2383 621 2558 686 illam;
2589 628 2737 680 notit
2777 629 2862 683 ille
2892 632 3014 700 quid
3045 634 3108 688 de
3142 636 3224 689 illa
3275 643 3489 704 sentiat,

1913 707 2038 774 quid
2079 708 2299 775 jutlicct,
2347 715 2614 782 quomodo
2657 730 2864 786 parcat,
2908 729 3174 793 quomodo
3215 744 3383 786 sanet.
3417 736 3490 790 Ex
3580 777 3581 780 η

1913 795 2053 867 Lege
2112 802 2302 854 s:rvis?
2350 803 2534 859 Melius
2563 811 2707 861 limit.
2736 813 2858 880 quid
2891 826 3010 885 agat
3043 817 3175 871 lator
3219 821 3393 891 legis,
3429 843 3490 878 υς

1911 902 2012 954 qua
2064 891 2238 944 srevis.
2265 891 2382 946 Jam
2414 896 2678 951 Dominus
2705 915 2768 952 co
2799 912 3033 972 tempore
3065 923 3167 977 quo
3206 911 3278 964 illi
3316 914 3490 967 oblata

1911 988 2015 1042 est,
2049 981 2300 1037 inclinato
2323 985 2496 1053 capite
2525 989 2793 1044 scribebat
2823 993 2871 1044 iu
2902 1003 3061 1048 tetra.
3100 986 3246 1052 Τιιιια
3275 1008 3490 1072 scripsit

1911 1069 1961 1122 in
1994 1079 2156 1135 terra,
2188 1076 2398 1144 quando
2425 1093 2482 1132 se
2526 1079 2796 1137 inclinavit
2843 1086 2890 1138 in
2927 1097 3124 1143 terram
3162 1113 3174 1142 :
3206 1069 3486 1165 antequam

1909 1179 1967 1216 se
1995 1166 2274 1223 inclinaret
2297 1170 2346 1222 in
2378 1179 2594 1238 terram,
2641 1191 2743 1228 non
2779 1177 2826 1229 in
2860 1189 2995 1234 terra
3037 1185 3246 1252 scripsit
3267 1229 3280 1248 ,
3311 1189 3403 1242 sed
3436 1191 3488 1244 in

1910 1254 2099 1323 lapide.
2131 1257 2246 1314 Jan)
2280 1259 2606 1318 fructuosum
2627 1267 2823 1336 aliquid
2857 1282 2969 1324 ttt’ltl
3001 1281 3138 1327 terra
3177 1275 3247 1330 de
3286 1279 3486 1336 Domini

1909 1345 2121 1403 Litteris
2144 1351 2395 1418 paritura.
2427 1353 2481 1408 ln
2516 1356 2688 1424 lapide
2732 1359 2924 1427 Legem
2951 1365 3256 1434 scripserat,
3288 1370 3488 1441 signiti-

1906 1457 2034 1498 cans
2068 1444 2316 1501 duritiam
2345 1448 2650 1506 Judarorum
2681 1474 2694 1509 ;
2726 1456 2777 1510 in
2816 1467 2952 1512 terra
2996 1465 3241 1532 scripsit,
3282 1469 3487 1539 signiﬁ-

1905 1546 2033 1625 cans
2058 1535 2284 1592 fructum
2316 1540 2762 1600 Christianorum.
2805 1548 3074 1608 Venerunt
3105 1570 3233 1625 ergo
3266 1535 3355 1611 illi
3388 1561 3488 1614 ad-

1903 1623 2158 1682 ducentes
2215 1629 2509 1687 adulteram
2535 1677 2548 1698 ,
2589 1645 2836 1708 tanquam
2887 1623 3403 1706 szevienteswﬂuctaus
3435 1653 3486 1707 in

1904 1723 2150 1783 petram:
2182 1719 2273 1774 sed
2332 1722 2446 1792 ejus
2499 1730 2846 1797 reslionsione
2887 1737 3149 1793 confracti
3205 1751 3349 1795 sunt.
3399 1745 3491 1799 Ait

1902 1805 2042 1860 enim
2067 1807 2191 1874 illis,
2216 1809 2316 1875 Qui
2351 1813 2402 1865 in
2427 1817 2562 1871 vobis
2589 1819 2695 1874 sine
2734 1831 2936 1889 peccato
2961 1836 3031 1879 est
3051 1869 3066 1896 ,
3106 1831 3244 1896 prior
3261 1832 3318 1886 in
3337 1834 3488 1888 illam

1901 1896 2126 1989 lapidem
2144 1901 2323 1969 jactet.
2358 1905 2425 1958 Et
2471 1922 2681 1962 rursum
2716 1912 2968 1968 inclinato
2996 1921 3188 1989 capite,
3219 1924 3488 1979 scribebat

1903 1987 1953 2040 iu
1988 1997 2144 2043 terra.
2174 1992 2239 2047 Et
2267 1997 2626 2067 unusquisque
2663 2000 2774 2070 jam
2820 1987 3152 2078 interrogans
3199 2013 3482 2070 conscium-

1905 2080 2026 2175 tiain
2049 2099 2221 2151 suam,
2253 2101 2360 2143 non
2385 2103 2798 2160 comparuerant
2827 2096 3005 2168 (Joun.
3038 2116 3126 2156 vni
3146 2145 3160 2167 ,
3191 2105 3338 2175 5:9).
3384 2107 3485 2163 lle-

1885 2171 2034 2238 -pulit
2067 2187 2197 2239 eos,
2245 2193 2351 2233 non
2400 2179 2607 2236 inﬁrma
2657 2185 2849 2262 mulier
2887 2189 3147 2259 adultera,
3194 2171 3480 2253 sed-adul-

1903 2270 2066 2316 terata
2139 2268 2488 2324 conscientia.
2551 2273 2830 2333 Vindicare
2899 2280 3181 2348 volebant,
3239 2286 3482 2355 judicare

1889 2356 2185 2423 .eupicbaot
2209 2375 2222 2411 :
2249 2364 2596 2425 veneruntad
2626 2375 2848 2434 petram,
2881 2371 3118 2441 absorpti
3166 2387 3291 2430 sunt
3328 2378 3478 2448 juxta

1900 2457 2105 2516 petram
2127 2450 2335 2517 judiees
2363 2463 2550 2516 eorum
2577 2456 2748 2526 (Paul.
2777 2475 2904 2527 exc,
2937 2463 3019 2534 6).

1972 2539 2058 2594 12.
2104 2539 2320 2598 Faciens
2369 2546 2737 2604 misericordias
2777 2549 3026 2609 Dominus
3061 2571 3078 2608 :
3110 2557 3203 2611 sed
3247 2559 3480 2628 quibus?

1899 2630 2042 2685 Beati
2059 2635 2424 2700 misericordes,
2455 2641 2694 2707 quoniam
2724 2643 2823 2711 ipsi
2870 2647 3262 2704 misericordiam
3301 2667 3479 2708 conse-

1895 2734 2128 2791 quentur.
2155 2724 2212 2778 lu
2238 2741 2426 2782 onmes
2469 2731 2550 2784 l'ac
2593 2733 3035 2792 misericordiam.
3068 2740 3236 2809 Quam
3265 2744 3478 2800 miseri-

1898 2812 2134 2867 cordiam
2176 2814 2410 2872 tacturus
2435 2834 2496 2873 es
2518 2820 2702 2888 justo?
2733 2825 2786 2877 lu
2835 2831 3241 2888 necessitatibus
3267 2843 3475 2892 tantum

1897 2906 2297 2974 corporalibus;
2331 2910 2522 2979 quibus
2547 2914 2589 2966 si
2615 2914 2884 2972 defuerint
2927 2923 3294 2990 supplementa
3322 2944 3352 2981 a
3389 2939 3440 2984 te
3461 2972 3476 2993 ,

1899 3010 2002 3086 non
2029 2997 2257 3052 deerunt
2275 3015 2304 3053 a
2334 2999 2460 3055 Deo.
2485 3001 2637 3069 Quod
2655 3021 2786 3078 ergo
2815 3007 2966 3075 facis,
2988 3013 3078 3068 tibi
3108 3015 3222 3082 plus
3239 3019 3477 3086 prodam.

1898 3084 2000 3139 Das
2024 3087 2268 3178 mendico
2293 3095 2587 3151 transeunti
2633 3106 2686 3150 et
2725 3102 2917 3165 petenti
2944 3119 2957 3155 :
2985 3108 3181 3173 quieris
3200 3084 3470 3178 etjustt'tm

1907 3179 1992 3228 cui
2014 3177 2131 3243 des,
2163 3194 2256 3248 per
2283 3197 2440 3251 quem
2482 3186 2752 3256 recipiaris
2782 3190 2833 3244 in
2874 3193 3219 3259 tabernacula
3244 3177 3474 3259 aitet-ua:

1895 3270 2118 3340 quiaqui
2145 3273 2317 3342 recipit
2333 3276 2534 3353 justum
2560 3278 2610 3330 in
2634 3282 2833 3335 nomine
2858 3285 3009 3352 justi,
3038 3290 3315 3344 mercedem
3345 3295 3479 3363 justi

1895 3361 2147 3432 accipiet(
2180 3362 2364 3416 Matth.
2397 3382 2448 3432 χ,
2481 3368 2543 3422 Η
2571 3366 2611 3438 ).
2647 3369 2919 3428 Meudieus
2951 3385 3002 3429 te
3029 3381 3239 3446 quatrit,
3272 3361 3472 3448 justum

1897 3463 2165 3522 tuquaere.
2200 3456 2274 3510 De
2300 3459 2406 3512 alio
2427 3460 2568 3515 enim
2614 3461 2810 3518 dictum
2838 3479 2941 3533 est,
2973 3467 3124 3522 Omni
3142 3474 3326 3540 petenti
3343 3484 3388 3528 te
3411 3477 3478 3527 da

1895 3546 1911 3612 (
1939 3545 2065 3598 Luc.
2096 3559 2170 3613 vr,
2193 3548 2263 3602 50
2286 3549 2306 3619 )
2329 3567 2345 3602 :
2376 3560 2430 3605 et
2455 3552 2523 3606 de
2551 3555 2659 3608 alio
2685 3555 2882 3612 dictum
2923 3570 3027 3627 est,
3071 3563 3300 3619 Desudet
3327 3567 3474 3621 elec-

1896 3655 2113 3709 ntosyna
2145 3642 2196 3694 in
2232 3659 2387 3697 utanu
2417 3653 2522 3708 tua,
2546 3645 2721 3702 donec
2743 3649 2977 3704 invenias
3000 3653 3221 3721 justum,
3251 3658 3334 3710 cui
3357 3673 3473 3713 eam

1897 3730 2091 3784 tradas.
2111 3731 2178 3784 Et
2200 3733 2244 3786 si
2269 3733 2359 3788 diu
2378 3750 2481 3790 non
2511 3737 2810 3804 invenitur;
2835 3741 2929 3794 diu
2949 3758 3151 3812 quaere,
3178 3747 3413 3803 invenies
3432 3751 3471 3801 ¹.

1895 3821 1998 3876 Sed
2021 3822 2145 3891 quid
2188 3825 2508 3891 praestabis?
2547 3826 2735 3882 Nonne
2773 3831 2890 3899 plus
2938 3832 3028 3886 tibi
3069 3839 3384 3902 praestatur?
3413 3837 3476 3894 Si

1895 3929 1985 3966 nos
2013 3914 2166 3979 nobis,
2200 3914 2390 3984 inquit,
2421 3917 2710 3986 spiritantia
2729 3922 3081 3978 seminavimus
3099 3967 3114 3988 ,
3139 3943 3372 3997 magnum
3400 3941 3473 3984 est

1893 4007 1937 4058 si
1957 4015 2116 4059 vestra
2144 4009 2378 4060 carnalia
2399 4010 2685 4065 metamus?
2713 4011 2838 4067 Inde
2859 4024 2942 4068 est
2964 4020 3020 4070 et
3048 4016 3170 4072 illud
3196 4019 3335 4088 quod
3367 4024 3475 4091 pri-2

1893 4097 2015 4152 dum
2045 4099 2387 4167 exposuimus
2406 4101 2462 4155 in
2506 4112 2634 4156 nutu
2663 4103 2890 4169 Domini,
2915 4108 3036 4176 quia
3058 4110 3303 4179 producit
3333 4121 3470 4167 terra

1895 4189 2070 4242 fenum
2097 4189 2354 4259 jumentis
2375 4191 2401 4262 (·
2424 4191 2568 4247 Psal.
2593 4208 2704 4261 ciu,
2735 4195 2802 4251 Η
2829 4195 2881 4268 ),
2925 4199 2974 4253 id
3002 4211 3104 4266 est,
3135 4203 3366 4258 carnalia
3394 4206 3472 4259 eis

1894 4282 1982 4351 qui
2015 4283 2296 4338 trituram:
2328 4285 2472 4353 quia,
2515 4284 2641 4341 Bovi
2683 4289 2940 4344 trituranti
2970 4309 3026 4347 os
3063 4311 3162 4349 non
3199 4297 3474 4367 inii-enabit:

1894 4375 1935 4447 (Ι
1958 4376 2075 4429 Cor.
2098 4393 2173 4442 rx,
2193 4377 2279 4440 Η,
2306 4375 2385 4448 9).
2409 4377 2564 4434 Unde
2593 4395 2691 4434 vos
2709 4381 2972 4438 adhortati
2995 4401 3177 4442 sumus
3197 4397 3255 4442 ut
3286 4393 3338 4444 in
3359 4389 3461 4445 bac

1896 4483 1952 4519 re
1971 4465 2252 4536 diligentes
2271 4466 2408 4532 sitis,
2430 4468 2590 4534 cauti,
2615 4469 2812 4535 sobrii;
2844 4487 3004 4541 cpera
3037 4485 3211 4532 vestra
3243 4480 3462 4538 thesau-

1895 4572 1984 4611 ros
2010 4567 2218 4612 vestros
2245 4557 2536 4629 deputetis.
2575 4559 2838 4632 Numquid
2884 4573 3060 4620 autem
3089 4567 3221 4635 bmc,
3255 4571 3464 4643 fratres,

1894 4648 2014 4703 ideo
2039 4649 2283 4714 dicimus,
2314 4661 2370 4706 ut
2399 4651 2468 4705 ita
2499 4651 2624 4706 [iant
2649 4653 2706 4708 in
2737 4654 2876 4710 nos?
2899 4655 3102 4712 Putoin
3125 4663 3338 4719 nomine
3371 4667 3475 4722 Do-

1893 4741 2020 4795 mini
2053 4755 2208 4810 posse
2250 4753 2372 4798 esse
2415 4744 2568 4798 iSIam
2607 4747 2849 4815 quamvis
2897 4749 3226 4809 infirmorum
3258 4773 3468 4825 vocem,

1893 4833 2238 4900 apostolicam
2269 4845 2464 4898 tamen,
2495 4834 2588 4889 sed
2615 4836 2766 4891 vobis
2794 4839 3031 4908 prodest,
3065 4844 3202 4900 sicut
3245 4848 3318 4901 ait
3360 4851 3474 4919 ipse

1898 4923 2182 4991 Apostolus
2214 4942 2229 4978 :
2259 4923 2378 4978 Non
2400 4925 2518 4994 quia
2559 4941 2730 4994 qurere
2755 4928 2950 4996 datum,
2988 4934 3074 4987 sed
3116 4937 3314 5006 requiro
3355 4944 3473 5010 frg-

1894 5024 2027 5067 ctum
2059 5014 2076 5085 (
2109 5013 2339 5084 Philipp.
2367 5031 2440 5080 tv,
2467 5017 2532 5069 Π
2557 5017 2596 5084 ).
2629 5017 2797 5085 Quam
2823 5036 2949 5091 ergo
2967 5023 3356 5098 eleeinosynam
3391 5031 3472 5086 [ειη

1894 5115 2076 5161 cturus
2103 5122 2163 5162 es
2185 5107 2362 5176 justo?
2378 5107 2492 5162 Non
2516 5109 2765 5178 pascebat
2785 5113 2958 5178 vidua,
2986 5119 3235 5186 pascebat
3251 5136 3468 5189 corvus;

1895 5199 2016 5268 quia
2043 5197 2293 5266 pascebat
2319 5197 2406 5267 qui
2431 5195 2555 5254 fecit
2580 5213 2796 5257 corvum
2821 5203 2909 5277 (ill
2936 5206 3063 5277 Reg.
3089 5225 3219 5277 xvu,
3244 5211 3296 5276 6,
3325 5213 3418 5285 12)
3455 5232 3471 5268 :

1895 5289 2062 5344 Eliam
2089 5287 2227 5342 dico.
2260 5286 2374 5342 Non
2401 5300 2530 5358 ergo
2567 5289 2717 5347 deest
2759 5294 2900 5351 unde
2939 5296 3075 5354 Deus
3101 5299 3192 5355 det
3231 5303 3340 5358 suis
3373 5323 3387 5358 :
3419 5316 3472 5360 tu

1896 5379 2016 5435 vide
2040 5377 2166 5448 quid
2209 5392 2373 5444 emas,
2423 5380 2634 5450 quando
2683 5397 2849 5450 emas,
2892 5387 3071 5456 quanti
3109 5404 3275 5447 emas.
3323 5392 3472 5451 Emis

1897 5469 2038 5525 enim
2065 5485 2292 5541 regnum
2321 5469 2615 5540 caelorum;
2643 5481 2699 5528 et
2727 5489 2832 5529 non
2875 5486 2957 5531 est
2988 5480 3198 5536 emendi
3240 5492 3468 5554 tempus,

1897 5563 1999 5618 nisi
2044 5563 2098 5617 in
2135 5563 2236 5618 hac
2275 5562 2402 5618 vita.
2435 5564 2500 5619 Et
2527 5579 2685 5634 quam
2727 5565 2820 5620 vili
2857 5581 3024 5636 emas,
3053 5573 3285 5630 attende.
3315 5572 3469 5632 Tanti

1896 5655 1990 5711 tibi
2013 5655 2170 5720 valet,
2193 5667 2446 5726 quantum
2471 5655 2670 5710 habere
2697 5659 2953 5728 potueris.

1971 5748 2057 5802 l3.
2099 5745 2205 5803 Fac
2246 5745 2663 5803 misericordiam
2693 5748 2890 5820 iniquo,
2942 5759 3048 5808 non
3085 5762 3334 5826 tanquam
3371 5757 3473 5813 ini-

1964 5859 1981 5888 ί
2018 5859 2239 5922 Praecijmi
2261 5864 2384 5910 Mss:
2412 5865 2508 5911 Etsi
2530 5858 2634 5923 diu,
2653 5860 2892 5916 invenitur
2915 5876 2933 5917 :
2957 5864 3044 5916 diu
3059 5879 3243 5929 mre.
3266 5867 3467 5923 iam.
