4012 6202
443 427 573 484 1527

449 557 576 612 quo.
605 540 734 596 Nam
789 539 958 608 ipsum
1009 533 1246 604 iniquum
1291 532 1345 586 in
1375 538 1627 602 quantum
1662 527 1872 599 iniquus
1896 534 2012 592 est,

450 648 517 688 ne
544 629 840 699 suscipias:
874 626 1046 688 idest,
1099 640 1166 680 ne
1205 622 1354 694 quasi
1406 620 1696 676 intentione
1742 629 1796 675 et
1833 632 2015 672 amore

445 722 733 792 iniquitatis
776 719 914 774 illius
939 719 1196 788 suscipias
1223 731 1364 770 cum.
1415 713 1542 768 Nam
1595 721 1649 766 et
1695 710 2013 782 prohibitum

447 824 528 866 est
556 811 666 865 dari
712 809 994 879 peccaturi,
1025 818 1077 864 et
1120 807 1390 875 suscipere
1430 813 1756 873 peccatores.
1787 801 1854 854 Et
1880 815 2015 869 quo-

448 901 624 964 modo,
652 900 801 954 Omni
837 902 1020 971 petenti
1048 909 1095 952 te
1122 899 1234 952 da?
1271 907 1324 951 et
1354 895 1640 966 quomodo,
1689 893 1748 948 Si
1795 891 2017 946 esurierit

445 993 679 1045 inimicus
706 1000 841 1054 tuus,
865 990 975 1044 ciba
1000 988 1184 1058 illum(
1215 986 1364 1040 Rom.
1393 1002 1486 1049 nt,
1513 984 1588 1040 20
1619 985 1676 1052 )?
1704 982 1864 1052 Quasi
1889 996 2016 1036 con-

447 1081 605 1135 traria
655 1080 920 1144 videntur,
972 1078 1065 1133 sed
1107 1077 1416 1147 aperiuntur
1463 1076 1513 1129 in
1567 1075 1781 1129 nomine
1819 1072 2014 1128 Christi

446 1171 795 1241 pulsantibus,
818 1178 872 1223 et
915 1167 1191 1223 manifesta
1221 1177 1373 1221 erunt
1399 1165 1774 1236 quaerentibus.
1808 1161 1888 1216 Ne
1914 1173 2018 1215 tra-

441 1250 539 1316 das
582 1263 848 1332 peccatori,
880 1270 933 1315 et
963 1259 1042 1314 Ne
1070 1259 1314 1330 suscipias
1346 1267 1655 1327 precatorem
1686 1254 1888 1326 (Eccli.
1918 1270 2014 1320 xu,

445 1355 480 1408 ι
509 1353 540 1408 6
570 1353 620 1422 );
653 1363 706 1406 et
724 1363 916 1415 tamen,
942 1351 1093 1406 Omni
1114 1350 1293 1421 petenti
1321 1358 1366 1402 te
1391 1348 1476 1401 da.
1523 1347 1626 1404 Sed
1669 1356 1913 1416 peccator
1938 1354 2020 1399 est

446 1445 534 1514 qui
567 1459 651 1498 me
682 1443 829 1513 petit.
853 1443 942 1507 Da,
968 1458 1070 1496 non
1094 1451 1337 1510 tanquam
1375 1439 1656 1510 peccaturi.
1686 1437 1905 1506 Quando
1926 1436 2020 1491 das

450 1547 695 1604 tauquam
727 1533 1024 1604 peccaturi?
1048 1531 1266 1600 Quando
1297 1533 1346 1585 in
1392 1545 1498 1600 quo
1527 1539 1772 1599 peccator
1794 1537 1894 1593 est,
1921 1528 2020 1581 hoc

451 1624 541 1678 tibi
568 1624 738 1694 placet
767 1633 822 1677 ut
845 1622 959 1677 des.
993 1622 1264 1676 Paululum
1293 1619 1530 1675 attendat
1557 1619 1798 1674 Charitas
1823 1626 2018 1682 vestra,

449 1717 619 1771 donec
646 1716 920 1770 evolvatur
941 1729 1028 1769 res
1048 1714 1204 1768 etiam
1229 1712 1506 1781 exemplis,
1540 1711 1761 1764 multum
1789 1709 1931 1763 utilis
1954 1707 2019 1761 ad

452 1807 866 1875 intelligendum.
901 1806 1012 1860 Hoc
1035 1804 1166 1859 dixit
1188 1814 1228 1871 ι,
1257 1803 1388 1857 Cum
1416 1803 1660 1857 esuricrit
1679 1801 1857 1856 nescio
1883 1801 2040 1872 quis,

454 1901 497 1954 si
527 1899 690 1954 habes
729 1898 867 1953 unde
895 1898 1011 1964 des,
1040 1897 1104 1951 da
1127 1914 1140 1963 ;
1168 1897 1211 1952 si
1239 1897 1385 1951 vides
1412 1896 1642 1951 dandum
1669 1909 1787 1948 esse
1809 1894 1870 1946 ad
1894 1893 2022 1947 sub-

455 1990 901 2058 veniendum,da.
927 1989 1006 2046 Ne
1026 1991 1321 2060 pigrescant
1358 1989 1408 2043 in
1442 1989 1542 2042 hoc
1588 1987 1789 2041 viscera
1817 1986 2024 2040 miseri-

456 2083 672 2149 cordiae,
703 2083 825 2153 quia
853 2083 944 2136 tibi
989 2091 1232 2151 peccator
1269 2080 1503 2136 occurrit
1527 2098 1539 2133 :
1562 2079 1655 2132 tibi
1683 2079 1822 2133 enim
1869 2078 2026 2132 homo

458 2185 705 2244 peccator
733 2175 984 2229 occurrit.
1011 2174 1142 2229 Cum
1182 2173 1320 2238 dico,
1344 2173 1586 2227 Occurrit
1606 2172 1695 2225 tibi
1721 2171 1881 2225 homo
1906 2185 2026 2239 pec-

455 2276 624 2328 cator.
655 2266 760 2320 duo
787 2267 998 2320 nomina
1026 2265 1168 2330 dixi;
1198 2265 1310 2320 hzec
1337 2265 1441 2320 duo
1469 2264 1679 2320 nomina
1710 2279 1812 2318 non
1839 2278 2027 2330 super-

455 2357 559 2412 ﬂua
585 2367 707 2411 sunt
731 2374 743 2408 :
772 2357 876 2410 duo
904 2357 1138 2420 nomina,
1169 2355 1309 2409 aliud
1341 2356 1481 2424 quod
1517 2356 1696 2417 homo,
1725 2354 1864 2408 aliud
1888 2353 2026 2423 quod

456 2457 738 2516 peccator;
771 2447 908 2516 quod
937 2449 1117 2512 homo,
1142 2461 1275 2514 epus
1299 2455 1380 2502 est
1421 2446 1508 2499 Dei
1532 2462 1545 2509 ;
1577 2445 1714 2514 quod
1745 2452 1987 2513 peccator
2011 2485 2025 2507 ,

459 2551 592 2606 opus
614 2535 841 2590 hominis
873 2544 993 2589 est:
1021 2535 1086 2589 da
1112 2535 1256 2605 operi
1291 2531 1404 2599 Dei,
1441 2535 1545 2587 noli
1582 2533 1727 2603 operi
1776 2532 2026 2587 hominis.

459 2626 526 2679 Et
547 2624 836 2694 quomodo,
867 2611 1071 2694 inquis,
1105 2640 1190 2678 me
1241 2623 1493 2694 prohibes
1530 2623 1656 2677 dare
1685 2623 1830 2692 Operi
1862 2621 2030 2676 homi-

460 2715 576 2770 nis?
609 2715 746 2780 Quid
779 2726 859 2770 est
907 2716 1034 2770 dare
1080 2716 1226 2784 operi
1275 2714 1547 2769 hominis?
1593 2713 1862 2770 Peccatori
1905 2715 2031 2766 dare

460 2816 676 2876 propter
702 2814 995 2876 peccatum,
1024 2807 1249 2875 placenti
1279 2805 1369 2860 tibi
1401 2813 1617 2876 propter
1651 2813 1942 2873 peccatum.
1971 2804 2032 2857 Et

458 2897 577 2966 quis
597 2897 697 2951 hoc
721 2899 896 2962 faciet,
919 2898 1126 2966 inquis?
1143 2897 1269 2965 Quis
1292 2899 1391 2951 hoc
1414 2896 1606 2951 faciet?
1631 2895 1836 2951 Utinam
1854 2912 2029 2960 nemo,

460 2988 660 3041 utinam
704 2989 878 3057 pauci,
913 2988 1109 3041 utinam
1143 3004 1248 3041 non
1278 2987 1506 3056 publice.
1538 2987 1637 3054 Qui
1687 2987 2031 3041 venatoribus

459 3077 676 3146 donant,
703 3091 866 3146 quare
894 3077 1112 3143 donant,
1143 3077 1322 3132 dicant
1346 3077 1512 3132 mihi?
1539 3077 1713 3144 Quare
1745 3077 1906 3132 donat
1939 3092 2031 3132 ve-

459 3167 663 3222 natori?
697 3167 806 3221 Hoc
828 3167 879 3220 in
903 3167 991 3221 illo
1011 3176 1172 3231 amat,
1203 3169 1252 3221 in
1283 3182 1388 3236 quo
1410 3168 1766 3237 nequissimus
1791 3177 1905 3230 est;
1931 3166 2034 3222 hoc

461 3257 512 3310 in
541 3256 631 3310 illo
658 3257 842 3326 pascit,
873 3256 974 3310 hoc
1001 3257 1051 3310 in
1085 3257 1176 3311 illo
1207 3257 1383 3320 vestit,
1418 3257 1586 3326 ipsam
1615 3256 1900 3326 nequitiam
1929 3273 2029 3326 pu-

461 3344 650 3398 blicam
701 3346 1014 3414 spectaculis
1057 3346 1315 3400 omnium.
1347 3346 1445 3414 Qui
1484 3345 1646 3401 donat
1672 3345 2029 3413 histrionibus,

461 3436 548 3504 qui
602 3436 762 3489 donat
804 3436 998 3500 aurigis
1027 3437 1068 3497 ',
1113 3437 1200 3506 qui
1233 3436 1394 3490 donat.
1442 3436 1841 3503 meretricibus,
1869 3452 2032 3506 quare

461 3525 657 3580 donat?
682 3524 941 3593 Numquid
970 3541 1070 3577 non
1099 3535 1148 3578 et
1179 3525 1277 3594 ipsi
1323 3525 1621 3581 hominibus
1644 3525 1878 3581 donant?
1917 3527 2032 3582 Non

465 3627 638 3670 tamen
666 3614 736 3668 ibi
765 3615 1040 3669 attendunt
1063 3626 1300 3679 naturam
1331 3617 1509 3687 operis
1555 3617 1667 3684 Dei,
1713 3618 1804 3673 sed
1849 3619 2034 3689 nequi-

465 3709 588 3760 tiam
617 3707 794 3776 0peris
825 3706 1056 3759 humani.
1083 3706 1172 3761 Vis
1208 3707 1384 3761 videre
1406 3708 1530 3778 quid
1555 3707 1783 3764 honores
1804 3709 1854 3763 in
1884 3725 2034 3764 vena-

467 3809 602 3863 tore,
633 3797 845 3867 quando
888 3797 1031 3851 illum
1084 3799 1279 3852 vestis?
1323 3799 1537 3853 Dicatur
1581 3799 1693 3864 tibi,
1739 3800 1825 3856 Sis
1867 3801 2028 3854 talis:

465 3904 612 3943 amas
633 3889 799 3954 illum,
829 3878 1025 3957 gaudes
1050 3889 1112 3942 ad
1137 3890 1302 3952 illum,
1328 3891 1405 3944 vis
1431 3890 1820 3960 quodammodo
1845 3907 2034 3962 exspo-

465 3979 593 4032 liare
618 3989 687 4041 te,
715 3989 766 4032 et
787 3980 930 4032 illum
954 3980 1174 4043 vestire;
1206 3980 1309 4034 noli
1331 3995 1449 4034 cmn
1479 3981 1664 4050 injuria
1684 3983 1920 4052 accipere
1940 4025 1954 4048 ,
1987 3983 2032 4036 si

469 4072 558 4125 tibi
591 4071 816 4136 dicatur,
853 4070 1008 4126 Tales
1035 4071 1142 4125 sint
1171 4071 1258 4125 lilii
1295 4072 1366 4125 tui
1399 4072 1439 4125 ³.
1472 4073 1662 4143 lnjuria
1703 4083 1805 4141 est,
1839 4075 2029 4144 inquis.

469 4163 640 4227 Quare
671 4162 858 4231 injuria
885 4169 986 4227 est,
1009 4162 1109 4216 nisi
1135 4163 1255 4231 quia
1287 4162 1373 4216 illa
1404 4163 1681 4232 iniquitas?
1705 4181 1866 4234 quare
1894 4166 2032 4233 inju-

469 4253 567 4313 ria,
603 4253 701 4305 nisi
731 4252 852 4320 quia
899 4251 982 4303 illa
1026 4251 1326 4319 turpitudo?
1370 4251 1482 4305 Non
1532 4269 1658 4324 ergo
1685 4254 1881 4319 donas,
1913 4271 2032 4309 cum

468 4343 636 4396 donas
677 4342 698 4373 ⁸
719 4384 734 4406 ,
778 4341 1086 4404 fortitudini,
1131 4342 1221 4395 sed
1254 4343 1580 4412 turpitudini.
1611 4346 1884 4413 Quomodo
1908 4363 2034 4417 ergo

470 4434 556 4502 qui
587 4433 820 4486 venatori
851 4431 1032 4494 donat,
1063 4449 1167 4486 non
1213 4433 1408 4487 bomiui
1436 4436 1617 4501 donat,
1668 4438 1758 4493 sed
1801 4440 1901 4493 arti
1943 4455 2034 4494 ne-

466 4523 735 4593 quissinne
761 4522 780 4592 (
810 4537 928 4575 nam
967 4523 1009 4576 si
1041 4522 1199 4576 homo
1246 4534 1443 4578 tantum
1489 4537 1664 4593 esset,
1713 4537 1768 4582 et
1820 4540 2036 4584 venator

467 4631 570 4668 non
623 4623 798 4677 esset,
855 4631 958 4668 non
1010 4613 1272 4680 donares;
1325 4616 1550 4672 honoras
1599 4619 1649 4672 in
1698 4635 1764 4672 eo
1813 4621 2029 4688 vitium,

475 4724 578 4762 non
609 4707 872 4777 naturam)
904 4707 1018 4762 :sic
1064 4719 1266 4767 contra.
1297 4712 1340 4761 si
1381 4709 1475 4763 des
1510 4710 1670 4776 justo,
1700 4710 1743 4763 si
1786 4711 1882 4765 des
1915 4728 2035 4780 pro-

471 4797 678 4868 phettc,
720 4806 763 4850 st
816 4796 909 4852 des
941 4796 1214 4867 discipulo
1242 4799 1434 4852 Christi
1474 4799 1666 4868 aliquid
1707 4800 1858 4868 cujus
1897 4801 2034 4856 indi-

464 4897 572 4955 get,
604 4896 660 4942 et
687 4904 788 4940 non
819 4886 886 4941 ibi
917 4888 1114 4958 cogites
1134 4890 1254 4958 quia
1277 4887 1562 4959 discipulus
1580 4889 1774 4944 Christi
1794 4900 1894 4955 est,
1914 4893 2032 4962 quia

469 4982 708 5035 minister
734 4990 814 5034 est
838 4980 947 5039 Dei.
979 4981 1096 5050 quia
1125 4981 1456 5049 dispensator
1484 4992 1564 5034 est
1595 4981 1717 5046 Dei;
1765 4981 1857 5036 sed
1887 4983 2032 5053 cogi-

469 5081 547 5125 tes
591 5071 657 5124 ibi
713 5069 924 5138 aliquod
967 5069 1302 5123 commodum
1351 5071 1660 5138 temporale,
1703 5080 1757 5124 ut
1809 5070 2033 5128 fortasse

471 5177 642 5214 causa:
671 5170 771 5213 tua:
793 5159 1122 5214 necessarius
1145 5158 1354 5228 quando
1381 5160 1555 5225 fuerit,
1586 5162 1784 5215 venalis
1816 5162 1906 5216 tibi
1931 5164 2028 5229 sit,

473 5251 592 5318 quia
620 5251 666 5302 ei
693 5249 887 5318 aliquid
913 5248 1218 5316 porrexisti;
1248 5259 1350 5302 tam
1383 5259 1434 5303 tu
1460 5264 1562 5304 non
1584 5250 1772 5306 dedisti
1796 5252 1959 5322 justo,
1987 5257 2030 5308 si

530 5342 545 5370 ι
583 5340 712 5396 Fdd.,
738 5337 862 5389 disi.
886 5344 940 5386 Αι
963 5335 1126 5399 plures
1144 5345 1266 5398 iussu,
1299 5337 1459 5389 dixit:
1490 5339 1622 5389 refer
1643 5339 1703 5389 ad
1732 5339 1873 5391 allata
1897 5345 2033 5393 testi-

465 5402 620 5448 monia
643 5414 704 5448 ex
729 5407 835 5449 Luc.
855 5399 904 5458 6,
924 5407 974 5448 et
997 5407 1121 5447 nom.
1153 5399 1221 5447 l2.

527 5463 546 5491 ³
583 5471 680 5509 Am.
709 5469 760 5510 et
782 5468 875 5519 En,
900 5459 1175 5571 αυὲιινὶὁιιδ.
1204 5468 1260 5510 At
1281 5467 1389 5510 Lov.
1417 5468 1466 5511 et
1483 5467 1612 5534 Mss,
1631 5461 1840 5533 aurigis.
1865 5464 2034 5536 Confer

527 5533 622 5568 .arr.
653 5521 767 5569 Psal.
792 5523 867 5571 59.
895 5535 944 5570 ιι.
1003 5558 1016 5571 .
1044 5530 1138 5571 etc.
1163 5524 1244 5571 ubi
1277 5524 1370 5571 iam
1391 5523 1454 5571 de
1488 5537 1686 5571 alII‘IL'IS.
1709 5526 1772 5571 de
1795 5534 2034 5571 venatori-

464 5525 622 5587 tinarr.
792 5523 868 5587 59.
895 5535 944 5570 ιι.
964 5521 1016 5587 8,
1044 5530 1138 5587 etc.
1163 5524 1244 5571 ubi
1272 5524 1370 5586 jam
1391 5523 1454 5573 de
1488 5525 1686 5587 aurigis,
1709 5521 1772 5574 de
1795 5530 2034 5576 venatori-

465 5581 557 5628 bus
573 5589 624 5630 et
645 5581 951 5631 histrionibus
971 5584 1107 5632 dixit.

529 5643 550 5674 ³
582 5644 710 5712 tium,
739 5642 781 5711 si
799 5642 885 5712 tibi
920 5644 980 5693 de
1000 5641 1330 5712 meretricibus
1369 5645 1576 5712 dicatur,
1623 5645 1752 5695 Tales
1791 5647 1885 5696 sint
1917 5648 2034 5712 ﬁlia:

465 5713 577 5813 (nec.
608 5701 786 5760 lnjuria
807 5711 894 5761 est,
929 5713 1022 5754 etc.
1054 5710 1221 5752 locum
1254 5707 1313 5754 ad
1348 5701 1572 5756 melioris"
1597 5716 1720 5755 noue
1757 5714 1860 5757 Mss.
1889 5701 2031 5760 resti-

485 5775 659 5811 ulmus.

485 5775 659 5811 mutus.

530 5825 549 5854 ⁸
570 5832 640 5872 51c
661 5828 765 5870 Mss.
788 5827 841 5870 At
862 5822 992 5881 Edd.,
1016 5833 1122 5870 cum
1145 5837 1235 5874 non
1260 5827 1361 5884 (las,
1384 5837 1473 5877 etc.

1666 417 1722 472 S.
1763 409 2123 471 AUGUSTINI
2164 411 2462 469 EPISCOPI

3555 419 3582 474 1
3592 417 3698 477 528

2122 525 2198 580 sic
2217 525 2448 590 dederis,
2476 539 2635 597 quam
2667 527 2754 583 ille
2785 542 2888 582 non
2915 520 3295 594 deditliomini,
3319 527 3530 600 quando
3547 529 3692 586 dedit

2118 618 2375 673 venatori.
2405 618 2508 673 Res
2529 633 2676 688 ergo,
2701 619 3018 686 charissimi,
3043 621 3094 674 in
3121 632 3364 690 promptu
3395 621 3562 690 posita
3589 631 3690 686 est,

2118 720 2324 779 et-puto
2345 711 2462 780 quia
2495 711 2592 765 etsi
2629 711 2850 766 obscura
2884 712 3000 774 fuit,
3037 712 3146 782 jam
3174 712 3450 768 manifesta
3479 723 3580 768 est.
3613 713 3695 768 Ad

2122 800 2220 854 huc
2263 801 2513 855 Dominus
2545 809 2594 856 te
2621 803 2900 869 astrinxit,
2933 818 3050 857 cum
3077 802 3297 866 diceret,
3331 803 3430 871 Qui
3456 806 3699 873 receperit

2109 894 2306 962 justum
2337 909 2356 946 :
2381 893 2667 949 sufticeret.
2708 894 2812 949 Sed
2855 897 2974 966 quia
3007 905 3179 964 potest
3205 896 3365 965 recipi
3389 896 3561 964 justus
3592 897 3699 948 alia

2121 982 2429 1047 intentione,
2468 999 2586 1038 cum
2632 994 2844 1062 putatur
2891 984 3143 1054 prodesse
3191 1001 3347 1056 posse
3388 987 3454 1040 ad
3495 985 3698 1056 aliquid

2122 1075 2433 1143 temporale,
2463 1075 2594 1129 forte
2612 1075 2676 1129 ad
2699 1076 3046 1146 supplendam
3074 1077 3438 1146 cupiditatem,
3467 1075 3603 1131 forte
3627 1076 3700 1130 ad

2119 1166 2494 1235 adjuvandum,
2528 1175 2586 1220 ut
2626 1169 2783 1221 homo
2818 1169 3283 1231 circumveniatur,
3311 1179 3403 1223 aut
3423 1170 3702 1239 opprima-

2123 1266 2233 1320 tur;
2263 1257 2382 1326 quia
2411 1258 2510 1311 tale
2542 1258 2891 1312 ministerium
2925 1260 2989 1312 de
3017 1260 3105 1313 illo
3135 1260 3330 1329 quaeris
3351 1301 3366 1324 ,
3411 1261 3545 1314 forte
3574 1275 3705 1330 pro-

2122 1358 2299 1417 pterea
2353 1345 2618 1417 suscipis;
2655 1350 2862 1415 negavit
2910 1349 2999 1404 tibi
3044 1349 3342 1404 mercedem
3387 1349 3548 1419 justi,
3594 1350 3703 1405 nisi

2121 1453 2239 1491 cum
2274 1437 2650 1493 additamenta.
2697 1439 2782 1493 Ait
2819 1440 2958 1494 enim
2979 1481 2994 1505 ,
3035 1439 3134 1505 Qui
3163 1442 3398 1509 receperit
3419 1442 3614 1512 justum
3647 1442 3707 1495 in

2124 1529 2322 1582 nomine
2354 1530 2518 1599 justi;
2561 1529 2610 1583 id
2651 1540 2750 1594 est,
2785 1531 2903 1584 ideo
2929 1531 3192 1600 recipiens
3221 1532 3342 1601 quia
3369 1531 3545 1600 justus
3571 1541 3655 1587 est
3686 1549 3702 1586 :

2124 1628 2196 1684 et,
2223 1619 2319 1686 Qui
2344 1622 2581 1688 receperit
2605 1623 2928 1691 prophetam;
2955 1638 3060 1676 non
3087 1632 3284 1677 tantum
3307 1626 3565 1692 receperit
3584 1638 3707 1694 pro-

2126 1708 2357 1777 phetam,
2391 1711 2503 1775 sed,
2543 1713 2595 1765 in
2638 1714 2837 1766 nomine
2865 1716 3124 1784 prop/aeta,
3145 1755 3160 1779 ,
3200 1715 3300 1770 hoc
3327 1715 3378 1769 in
3411 1716 3499 1770 illo
3526 1716 3705 1770 hono-

2127 1815 2250 1853 rans
2289 1800 2428 1870 quod
2474 1802 2729 1872 propheta
2771 1814 2854 1858 est
2883 1821 2898 1856 :
2925 1804 2988 1858 ad
3033 1814 3351 1866 extremum,
3387 1805 3484 1874 Qui
3509 1806 3708 1860 dederit

2126 1893 2326 1944 culicem
2370 1909 2513 1962 aqua:
2548 1895 2748 1963 frigida:
2792 1901 2876 1949 nni
2910 1913 2973 1950 ea:
3012 1898 3230 1950 minimis
3266 1898 3394 1962 istis,
3430 1908 3620 1952 tantum
3649 1899 3706 1954 iu

2128 1985 2326 2036 nomine
2345 1984 2602 2055 discipuli,
2633 1985 2679 2038 id
2704 1996 2784 2040 est
2809 1995 3085 2056 propterea
3107 1989 3226 2057 quia
3248 1988 3536 2058 discipulus
3557 1990 3707 2045 Chri-

2128 2075 2195 2128 sti
2240 2083 2341 2140 est,
2386 2085 2660 2145 propterea
2690 2079 2810 2148 quia
2854 2079 3187 2148 dispensator
3209 2083 3534 2136 “sacramenti
3574 2093 3704 2146 est;

2129 2184 2273 2221 amen
2300 2169 2411 2222 dico
2438 2169 2590 2235 vobis,
2619 2187 2716 2224 non
2745 2174 2913 2239 perdet
2940 2173 3214 2226 mercedem
3239 2190 3381 2227 suam
3413 2172 3618 2242 (Matth.
3648 2191 3706 2238 Χ,

2129 2259 2218 2326 41,
2248 2260 2358 2328 42).
2393 2261 2666 2328 Quomodo
2697 2279 2821 2332 ergo
2847 2264 3117 2333 intelligis,
3146 2265 3244 2332 Qui
3261 2267 3710 2338 receperitjustum

2131 2353 2181 2404 in
2210 2355 2410 2407 nomine
2437 2355 2565 2424 justi
2584 2396 2598 2419 ,
2634 2355 2904 2408 mercedem
2923 2357 3052 2426 justi
3075 2358 3322 2428 accipiet;
3351 2359 3428 2412 sic
3454 2358 3710 2429 intellige,

2131 2444 2228 2512 Qui
2259 2446 2518 2515 receperit
2549 2457 2878 2517 peccatorem
2907 2450 2958 2504 in
2989 2453 3201 2506 nomine
3234 2455 3547 2524 peccatoris,
3582 2470 3713 2524 per-

2131 2536 2220 2589 det
2247 2536 2566 2590 mercedem.

2203 2625 2289 2679 14.
2332 2625 2490 2694 Ergo,
2519 2625 2726 2689 fratres,
2746 2639 2988 2683 exercete
3008 2630 3445 2686 misericordiam.
3478 2632 3591 2687 Non
3620 2643 3712 2688 est

2133 2714 2272 2768 aliud
2307 2716 2570 2770 vinculum
2617 2718 2910 2785 cbaritatis,
2957 2735 3062 2773 non
3103 2732 3183 2775 est
3219 2721 3361 2776 aliud
3407 2723 3714 2780 vehiculum

2133 2821 2237 2875 quo
2257 2806 2603 2875 perducamur
2631 2824 2694 2862 ex
2729 2809 2825 2863 hac
2852 2811 2952 2863 vita
2974 2811 3042 2866 ad
3065 2813 3203 2866 illam
3234 2815 3450 2883 patriam
3477 2833 3492 2880 ;
3522 2828 3716 2871 exten-

2136 2898 2244 2953 dite
2285 2897 2619 2953 dilectionem
2667 2917 2832 2971 usque
2871 2903 2934 2954 ad
2982 2905 3265 2959 inimicus:
3304 2907 3476 2962 securi
3516 2918 3714 2962 estote.

2137 2987 2260 3042 Ideo
2290 2990 2428 3043 venit
2457 2989 2716 3056 Christus,
2767 2993 2851 3047 cui
2881 3002 3026 3048 tanto
3057 3005 3178 3050 ante
3206 2997 3402 3053 dictum
3443 3009 3544 3068 est,
3580 3020 3597 3052 ι
3629 3002 3718 3058 Ex

2135 3095 2227 3134 ore
2253 3080 2526 3136 infantium
2556 3091 2608 3138 et
2644 3083 2949 3140 lactemium
2979 3088 3238 3156 perfecisti
3271 3090 3498 3158 laudem,
3530 3104 3585 3146 ut
3611 3096 3719 3149 dc-

2137 3181 2313 3226 strtns
2358 3173 2628 3227 inimicum
2667 3183 2720 3229 et
2758 3176 3136 3233 vindicatorem
3171 3201 3189 3231 ι
3237 3181 3408 3252 (Psal.
3454 3200 3564 3246 vut.
3610 3187 3718 3256 5):

2136 3263 2275 3332 quod
2317 3265 2558 3319 nonnulli
2597 3266 2808 3322 codices
2861 3287 2880 3320 ι
2908 3268 3242 3326 defensorem
3273 3292 3291 3325 ι
3345 3273 3568 3341 habent;
3611 3279 3718 3333 δρᾶ

2133 3355 2328 3416 verius,
2372 3374 2390 3407 ι
2418 3356 2817 3412 vindicatorem.
2853 3378 2873 3411 ι
2919 3360 3203 3417 Destruere
3250 3365 3415 3420 voluit
3454 3366 3719 3423 Dominus

2137 3447 2532 3511 vindicatus-em,
2565 3449 2614 3503 id
2643 3462 2742 3517 est,
2786 3467 2906 3507 eum
2934 3455 3022 3522 qui
3064 3470 3121 3510 se
3149 3457 3310 3512 voluit
3335 3459 3617 3525 vindicare,
3659 3476 3719 3517 ut

2134 3553 2238 3592 non
2282 3539 2354 3593 illi
2393 3539 2728 3596 dimittantur
2754 3553 2966 3612 peccata
3007 3561 3120 3600 sua.
3159 3546 3292 3613 Quid
3320 3565 3466 3620 ergo,
3493 3552 3720 3620 inquis?

2134 3630 2358 3686 dormiet
2393 3631 2702 3702 disciplina?
2745 3636 3014 3690 auferetur
3055 3641 3227 3693 omnis
3263 3642 3564 3711 correptio?
3589 3643 3716 3699 Non

2135 3719 2418 3776 auferetur.
2460 3721 2593 3790 Quid
2625 3724 2764 3779 enim
2809 3725 2875 3780 de
2917 3727 3184 3782 luxurioso
3215 3731 3322 3784 lilio
3354 3731 3581 3787 facturus
3608 3737 3719 3789 es?

2137 3830 2239 3868 non
2279 3815 2580 3886 castigabis,
2623 3833 2729 3872 non
2787 3820 3126 3876 verberabis?
3165 3824 3491 3896 Servumque
3534 3828 3714 3896 ipsum

2136 3913 2302 3967 tuum,
2332 3907 2375 3960 si
2401 3907 2539 3962 male
2565 3909 2824 3964 viventem
2855 3911 3067 3980 videris,
3090 3931 3190 3967 non
3213 3931 3362 3984 poena
3385 3918 3576 3988 aliqua,
3601 3937 3717 3976 nun

2137 3998 2444 4054 verberibus
2470 3998 2805 4056 rrfrenabis?
2835 4003 2951 4058 Fiat
2978 4004 3096 4068 hoc,
3130 4007 3254 4060 fiat:
3285 4009 3518 4064 admittit
3548 4013 3715 4075 Deus,

2137 4088 2242 4142 imo
2263 4089 2618 4158 reprehendit,
2638 4092 2680 4145 si
2699 4107 2803 4146 non
2833 4093 2949 4159 ﬁat;
2976 4096 3067 4149 sed
3091 4097 3268 4151 animo
3286 4099 3577 4155 dilectionis
3599 4102 3714 4167 fac,

2138 4193 2244 4232 non
2287 4179 2464 4232 animo
2511 4181 2744 4235 ultionis.
2779 4182 2879 4237 Ubi
2923 4194 3096 4239 autem
3148 4191 3468 4256 potentiores
3504 4193 3714 4260 aliqu"!

2138 4269 2422 4337 iujuriosos
2454 4285 2637 4339 passus
2665 4271 2847 4338 fueris,
2879 4276 2964 4329 ubi
2995 4277 3084 4331 tibi
3128 4297 3224 4333 nec
3255 4284 3519 4352 corrigere
3545 4283 3714 4338 disci-

2138 4359 2279 4426 plina
2323 4359 2462 4422 licet,
2511 4376 2608 4415 nec
2641 4361 2772 4418 forte
2813 4366 2970 4420 etiam
3017 4383 3232 4423 monere
3269 4381 3357 4424 aut
3385 4375 3712 4442 praecipere;

2139 4448 2322 4514 tolera,
2359 4465 2576 4504 securus
2604 4453 2765 4506 tolera
2797 4472 2811 4506 :
2845 4457 2964 4509 audi
3005 4459 3341 4529 Evangelium
3383 4463 3520 4533 quod
3550 4467 3719 4522 modo

2138 4537 2333 4594 lectum
2363 4550 2465 4599 est,
2494 4541 2637 4594 Beati
2666 4543 2822 4609 eritis,
2865 4563 2977 4599 cum
3017 4564 3101 4602 vos
3131 4553 3372 4618 persecuti
3401 4556 3586 4622 fuerint
3611 4555 3718 4610 ha-

2139 4629 2315 4694 nn'nes,
2341 4640 2385 4683 et
2416 4632 2632 4686 dixerint
2660 4635 2894 4690 adversus
2929 4653 3014 4691 vos
3052 4656 3196 4693 omne
3225 4643 3431 4708 malum,
3468 4649 3716 4700 mentien-

2140 4728 2230 4784 tes,
2255 4732 2456 4791 propter
2477 4739 2651 4777 nomen
2677 4742 2837 4779 meum
2863 4726 3069 4799 (Matth.
3101 4746 3154 4794 v,
3183 4733 3288 4800 li).
3315 4733 3380 4787 Et
3406 4733 3476 4788 ibi
3504 4735 3713 4793 addidit

2141 4820 2356 4881 propter
2383 4814 2528 4884 quid,
2562 4831 2627 4871 ne
2655 4819 2842 4872 merito
2885 4831 2971 4873 tuo
3005 4823 3235 4892 accipias
3275 4826 3566 4893 maledicta,
3601 4845 3716 4886 ιιυιι

2139 4918 2296 4958 causa
2318 4905 2747 4974 justillcationum
2793 4911 2901 4965 Dei.
2951 4911 3063 4966 Non
3096 4915 3236 4969 enim
3276 4917 3362 4986 qui
3393 4919 3716 4977 maledicta:

2139 4992 2316 5062 fuerit,
2345 4998 2520 5066 justus
2545 5008 2660 5052 est:
2691 5001 2784 5056 sed
2798 5002 2887 5071 qui
2911 5003 3082 5073 justus
3107 5017 3206 5067 est.
3239 5017 3292 5062 et
3322 5009 3512 5078 injuste
3545 5013 3721 5066 male-

2138 5085 2339 5151 dictus;
2371 5097 2425 5142 et
2449 5088 2491 5142 si
2529 5089 2722 5158 injuste
2749 5093 3098 5160 maledicitur,
3122 5098 3395 5167 prmmium
3425 5100 3496 5154 illi
3526 5101 3718 5158 reddi-

2141 5185 2243 5232 tur.
2271 5178 2552 5248 Propterea
2573 5181 2748 5252 itaque
2763 5199 2978 5240 securus
2996 5198 3110 5242 esto
3134 5191 3456 5257 misericors,
3479 5195 3719 5250 extende

2138 5271 2470 5330 dilectionem
2498 5291 2664 5346 usque
2689 5280 2755 5332 ad
2780 5280 3022 5335 inimicos
3045 5299 3058 5335 :
3078 5284 3164 5352 qui
3194 5283 3326 5340 forte
3352 5287 3618 5356 pertinent
3643 5291 3716 5346 ad

2137 5366 2570 5435 gubernationem
2601 5379 2762 5433 tuam,
2782 5372 3006 5434 vindica,
3039 5390 3227 5431 coerce
3248 5393 3368 5432 cum
3395 5379 3713 5448 dilectione,

2138 5473 2258 5511 cum
2293 5459 2568 5523 cbaritate,
2603 5464 2879 5518 attendens
2911 5466 3132 5520 salutem
3171 5479 3458 5534 asternam;
3487 5487 3555 5525 ne
3586 5488 3714 5528 cum

2138 5549 2310 5618 parcis
2331 5550 2499 5616 carni,
2532 5552 2703 5606 anima
2737 5566 2932 5624 pereat.
2961 5557 3070 5612 Fac
3101 5557 3199 5614 hoc
3226 5577 3238 5612 :
3268 5571 3319 5615 et
3357 5561 3548 5616 multos
3589 5579 3718 5633 pas-

2138 5654 2295 5694 surus
2333 5642 2450 5709 es‘,
2485 5641 2536 5694 in
2575 5657 2707 5711 quos
2749 5659 2852 5698 non
2888 5657 3037 5715 potes
3067 5663 3322 5706 exercere
3347 5650 3713 5722 disciplinam,

2138 5775 2465 5900 (adﬁgich
2497 5782 2626 5837 MSS"
2663 5784 2708 5828 ελ
2737 5790 2828 5828 ηοη
2865 5775 3042 5832 inultus
3081 5793 3312 5844 passurus
3333 5797 3384 5835 es
3421 5784 3624 5850 initium,
3663 5788 3716 5840 in

2255 5870 2269 5894 ο
2313 5872 2315 5878 λ
2369 5872 2383 5885 ο

2255 5870 2269 5894 ⁹
2290 5870 2383 5886 νυνι
