4012 6202
317 345 472 404 i329

315 477 446 532 quia
477 476 583 516 non
609 462 875 533 pertinent
911 461 977 518 ad
1003 462 1122 534 jura
1163 463 1561 535 gubernationis
1600 473 1734 529 tute;
1767 465 1902 520 ferto

323 555 572 624 injurias,
601 569 824 614 securus
852 566 987 612 esto.
1021 555 1196 611 Faciet
1234 557 1374 612 enim
1399 558 1765 613 misericordias
1790 555 1902 612 Do-

318 648 507 707 minus.
538 659 584 704 et
603 647 858 719 judicium
885 649 1112 703 omnibus
1136 649 1373 720 injuriam
1411 650 1784 720 accipientibus.
1815 648 1904 706 Sic

321 739 378 793 in
401 750 454 793 te
477 737 635 794 faciet
657 738 1094 803 misericordiam,
1127 740 1170 793 si
1191 740 1435 794 misertus
1466 739 1628 793 fueris
1656 757 1668 793 :
1701 740 1778 794 sic
1796 739 1904 794 eris

320 830 654 894 misericors,
686 837 742 883 ut
776 829 916 900 quod
941 830 1138 900 pateris
1165 829 1408 899 injuriam
1447 846 1549 884 non
1580 831 1648 884 sit
1671 830 1900 899 impuni-

322 933 458 986 tum,
509 922 641 977 Mihi
677 923 893 978 vindicta
950 963 962 987 ,
1009 933 1057 978 et
1100 941 1189 995 ego
1217 925 1485 979 retribuam
1525 923 1698 997 (Deut.
1729 939 1898 989 xxxii,

318 1015 436 1084 33),
462 1014 594 1069 dicit
623 1015 896 1070 Dominus.
997 1021 1001 1029 '

395 1108 483 1162 i5.
527 1106 682 1178 [uers.
725 1106 802 1179 7.]
843 1105 1008 1161 Notas
1055 1107 1169 1178 fecit
1215 1106 1318 1159 vias
1364 1123 1482 1160 suas
1533 1104 1720 1176 Moysi.
1760 1105 1902 1172 Quas

319 1199 436 1254 vias
463 1214 588 1252 suas
613 1209 766 1252 notas
786 1197 911 1254 fecit
934 1197 1138 1269 Moysi?
1165 1197 1338 1264 Quare
1360 1197 1574 1269 Moysen
1605 1196 1798 1265 elegit?
1824 1196 1899 1250 Ex

322 1289 524 1359 Moyse,
551 1289 788 1358 intellige
827 1303 1013 1342 omnes
1029 1289 1220 1358 justus,
1243 1303 1430 1343 omnes
1455 1297 1665 1342 sanctos
1694 1305 1706 1340 :
1739 1303 1900 1341 ιιιιιιιιι

325 1382 521 1449 posuit,
556 1396 747 1436 omnes
765 1391 1066 1435 occurrant.
1099 1381 1296 1434 Tamen
1322 1396 1419 1449 per
1443 1379 1656 1451 Moysen
1679 1379 1798 1432 data
1821 1387 1902 1434 est

323 1471 452 1534 Lex,
494 1481 550 1525 et
580 1471 738 1525 habet
784 1471 979 1541 aliquid
1005 1470 1288 1524 obscurum
1327 1470 1534 1524 traditio
1565 1471 1673 1539 ipea
1717 1469 1899 1540 Legis.

324 1564 400 1617 Ad
434 1562 538 1617 hoc
564 1563 707 1617 enim
745 1562 865 1616 data
905 1570 986 1617 est
1022 1562 1152 1627 Lex,
1185 1570 1241 1614 ut
1267 1561 1672 1616 convinceretur
1700 1559 1901 1629 langui-

321 1653 442 1719 dus,
464 1664 522 1708 ct
545 1655 808 1708 medicum
841 1654 1164 1722 imploraret.
1195 1653 1310 1722 Ipsa
1342 1661 1423 1707 est
1450 1653 1532 1705 via
1554 1652 1758 1706 occulta
1782 1651 1897 1706 Dei.

319 1745 640 1801 iamdudum
667 1745 934 1810 audieras,
978 1744 1075 1810 Qui
1103 1755 1247 1798 sanat
1280 1761 1450 1798 omnes
1475 1744 1744 1814 languores
1768 1755 1897 1796 tuas.

322 1837 633 1906 Languorcs
675 1837 726 1890 in
757 1840 971 1906 mgrritis
1004 1835 1252 1899 latebant,
1287 1834 1392 1889 dati
1424 1844 1546 1889 sunt
1574 1834 1805 1905 quinque
1835 1834 1900 1887 li-

320 1928 399 1981 bri
445 1927 611 1997 Moysi
655 1928 871 1982 :cincta
923 1926 1244 1995 est‘piscina
1283 1926 1516 1996 quinque
1568 1926 1893 1996 porticibus;

320 2018 571 2085 produxit
613 2017 908 2088 languidos,
957 2027 1012 2071 ut
1043 2018 1110 2071 ibi
1144 2017 1405 2086 jacereut,
1436 2027 1492 2070 ut
1524 2017 1894 2087 proderentur,

317 2127 430 2166 non
462 2121 520 2165 ut
553 2122 888 2166 sanarentur.
920 2111 1166 2182 Quinque
1204 2112 1438 2181 porticus
1473 2111 1766 2176 prodebant
1787 2111 1900 2164 lan-

310 2203 529 2272 guidos,
576 2218 679 2256 non
727 2203 1014 2268 curabant;
1061 2204 1260 2272 piscina
1301 2203 1518 2258 curabat
1543 2201 1900 2258 descendente

314 2311 448 2359 uno,
485 2304 542 2350 et
570 2298 670 2350 hoc
709 2296 912 2365 piscina
943 2296 1147 2352 turbata
1177 2296 1354 2367 (Joau.
1389 2313 1444 2362 v,
1473 2296 1592 2369 2-5)
1629 2315 1640 2349 :
1672 2297 1899 2352 turbatio

314 2388 538 2456 piscium
560 2386 612 2441 in
644 2388 890 2457 passione
921 2387 1148 2449 Domini,
1183 2387 1413 2444 Veniens
1437 2389 1576 2444 enim
1611 2398 1662 2444 et
1691 2390 1898 2458 ignotus

316 2481 511 2545 factus,
537 2496 657 2536 cum
679 2480 873 2536 dicitur
895 2481 960 2536 ab
979 2481 1116 2548 aliis,
1142 2480 1256 2552 ipse
1277 2491 1359 2536 est
1378 2481 1649 2545 Christus;
1669 2481 1736 2536 ab
1757 2481 1895 2545 aliis,

313 2571 434 2625 Non
461 2582 537 2624 est
569 2571 841 2635 Christus;
871 2573 1046 2640 justus
1087 2569 1188 2633 est,
1221 2582 1466 2640 peccator
1491 2580 1604 2636 est;
1647 2571 1899 2641 magister

313 2671 419 2721 est,
452 2660 700 2716 seductor
744 2671 825 2715 est
855 2678 868 2714 :
903 2660 1138 2716 turbavit
1178 2675 1390 2730 aquam,
1439 2661 1490 2715 id
1530 2672 1634 2726 est,
1669 2661 1897 2716 turbavit

313 2753 602 2822 popMum;
631 2762 684 2806 et
710 2753 759 2806 in
790 2760 897 2806 tota
925 2753 1009 2807 illa
1040 2753 1434 2823 perturbatione
1459 2768 1610 2822 aqua:
1642 2768 1778 2807 unus
1805 2769 1894 2808 sa-

311 2843 563 2909 nabatur,
589 2843 712 2912 quia
746 2843 796 2896 in
827 2844 1304 2912 passione‘Domiui
1328 2844 1504 2898 unitas
1530 2852 1766 2898 sanatur.
1795 2844 1894 2912 Qui

315 2948 513 3005 prmter
544 2935 799 2990 unitatem
834 2937 1008 2995 fuerit.
1037 2937 1135 2990 etsi
1159 2935 1359 3005 jacebit
1391 2939 1440 2992 in
1464 2937 1774 3008 porticibus,
1809 2953 1894 2993 sa--

312 3029 428 3080 nari
459 3043 562 3080 non
607 3028 834 3096 poterit:
866 3027 964 3081 etsi
995 3027 1184 3098 Legem
1223 3037 1386 3091 tenet,
1425 3031 1489 3082 ad
1531 3031 1751 3084 salutem
1789 3046 1891 3084 non

312 3117 574 3186 pervenit.
605 3117 741 3186 Ergo
771 3117 890 3187 quia
916 3117 1015 3172 hoc
1036 3118 1106 3172 ibi
1135 3117 1443 3190 mysterium
1471 3130 1571 3181 est,
1598 3121 1715 3175 ideo
1739 3121 1894 3176 docet

311 3208 489 3261 datam
534 3207 750 3278 Legem,
784 3216 842 3262 ut
878 3209 1320 3264 convincerentur
1348 3220 1672 3279 peccatores,
1729 3221 1783 3266 et
1825 3213 1891 3267 ad

310 3299 534 3367 gratiam
566 3299 929 3367 accipiendam
963 3299 1226 3354 medicum
1269 3301 1593 3356 invocarent.
1631 3301 1780 3357 Unde
1805 3303 1892 3359 ille

309 3390 588 3444 convictus
618 3398 720 3449 est,
752 3407 907 3459 quem
936 3391 986 3444 in
1014 3407 1072 3446 se
1097 3393 1431 3462 transﬁgurat
1459 3394 1652 3448 Paulus
1674 3404 1889 3464 aposto-

311 3483 415 3542 lus,
462 3481 688 3537 dicens:
719 3481 913 3553 Infelix
953 3499 1042 3553 ego
1078 3483 1246 3546 homo,
1291 3484 1401 3552 quis
1452 3501 1530 3537 me
1573 3485 1796 3539 liberabit
1829 3486 1892 3539 de

312 3589 521 3643 corpore
559 3576 738 3628 mortis
781 3576 969 3644 hujus?
1013 3575 1113 3630 Per
1151 3575 1453 3629 mandatum
1497 3576 1640 3630 enim
1671 3576 1892 3632 demon-

313 3675 474 3720 strata
518 3667 592 3722 illi
629 3675 747 3722 erat
782 3668 1023 3736 qumdam
1066 3669 1176 3722 rixa
1221 3668 1270 3722 iu
1319 3668 1513 3737 seipso,
1566 3668 1704 3722 unde
1734 3669 1885 3734 dicit,

319 3775 340 3808 ι
373 3757 534 3812 \‘idco
563 3759 721 3812 aliam
755 3759 920 3828 legem
964 3759 1015 3811 in
1063 3758 1316 3813 membris
1345 3760 1477 3815 meis
1507 3771 1886 3829 repugnantem

313 3846 412 3918 legi
439 3851 634 3903 mentis
663 3865 815 3914 meae,
845 3858 898 3904 et
927 3850 1188 3920 captivum
1222 3838 1306 3904 me
1341 3850 1621 3904 ducentem
1655 3851 1752 3904 sub
1773 3850 1888 3921 lege

316 3944 537 4011 percati,
569 3957 691 4012 qua:
729 3952 810 3996 est
853 3943 903 3996 in
936 3943 1186 3997 membris
1213 3944 1366 3998 meis.
1399 3961 1417 3994 ι
1452 3942 1713 4012 Cognovit
1749 3959 1807 3998 se
1834 3945 1885 3998 in

319 4033 554 4097 miseria,
585 4033 637 4086 in
665 4033 884 4103 gemitu,
918 4033 970 4088 in
1016 4034 1130 4086 rixa
1162 4043 1214 4088 et
1248 4033 1620 4098 contentione;
1664 4034 1774 4103 ipse
1803 4049 1889 4089 se-

311 4141 429 4179 rum
456 4125 556 4179 sibi
585 4139 692 4178 non
735 4125 1085 4189 Concordans,
1115 4139 1142 4177 a
1175 4138 1233 4178 se
1263 4123 1562 4186 dissonans,
1595 4139 1622 4175 a
1655 4126 1712 4178 se
1750 4125 1885 4178 resi-

313 4215 448 4270 liens
477 4234 488 4269 :
523 4225 577 4271 et
599 4215 726 4286 quid
755 4216 850 4281 ait,
878 4226 1066 4285 optans
1099 4231 1302 4285 pacem,
1345 4231 1526 4286 pacem
1557 4231 1756 4280 veram,
1788 4232 1882 4287 pa-

311 4321 434 4360 cem
457 4306 776 4375 supernam?
807 4325 827 4357 ι
858 4306 1038 4361 Infelix
1063 4320 1162 4376 ego
1183 4306 1360 4371 homo,
1391 4310 1508 4377 quis
1532 4323 1616 4362 mc
1642 4307 1885 4362 liberabit

319 4395 382 4450 de
410 4411 630 4466 corpore
661 4399 847 4452 mortis
870 4397 1058 4466 hujus?
1083 4398 1261 4452 Gratia
1295 4397 1384 4453 Dei
1412 4413 1507 4466 per
1524 4398 1705 4453 Jesum
1727 4398 1885 4452 Chri-

313 4501 451 4540 sunn
508 4489 790 4542 Dominum
837 4498 1074 4543 nostrum
1109 4487 1306 4558 »(1ἶοηι.
1336 4504 1428 4552 vn,
1459 4487 1696 4558 25-25).¢
1726 4488 1826 4545 Ubi
1861 4510 1878 4542 ι

314 4578 451 4631 enim
481 4597 501 4630 ι
530 4578 815 4633 abundavit
842 4589 1140 4647 peccatum,
1167 4578 1613 4647 superabundavit
1639 4580 1826 4649 gratia.
1859 4599 1878 4632 ι

317 4669 464 4725 L‘nde
510 4681 688 4726 autem
718 4671 1000 4726 abundavit
1032 4672 1346 4741 peccatum?
1373 4669 1482 4723 Lex
1518 4681 1682 4724 autem
1709 4672 1884 4725 subin-

315 4764 476 4828 tmvit,
507 4774 564 4816 ut
589 4763 864 4817 abundaret
894 4775 1147 4834 peccatum
1186 4761 1292 4830 (Id.
1323 4779 1373 4825 v,
1402 4763 1516 4833 20).
1544 4762 1716 4830 Quare
1744 4763 1884 4834 Lege

314 4855 642 4909 sobintrante
687 4855 972 4910 abundavit
1022 4856 1330 4924 peccatum?
1366 4855 1496 4923 Quia
1537 4856 1786 4911 nolebant
1826 4872 1884 4912 se

313 4948 548 5002 confiteri
593 4947 837 5003 homines
863 4958 1183 5020 peccatores;
1215 4949 1390 5003 addita
1421 4949 1558 5020 Lege
1598 4951 1718 5004 facti
1761 4961 1884 5004 sunt

315 5045 365 5090 et
392 5040 847 5107 prmvaricatores.
893 5039 1274 5093 Prmvaricator
1299 5039 1441 5093 enim
1480 5055 1583 5093 non
1619 5049 1703 5095 est
1741 5042 1883 5110 quis-

312 5143 430 5194 quc,
460 5131 561 5184 nisi
590 5145 710 5185 cum
734 5131 904 5200 legem
931 5140 1291 5200 transgressus
1320 5129 1492 5185 fuerit.
1526 5132 1640 5200 lpsc
1663 5133 1882 5200 Aposto-

312 5216 393 5272 lus
420 5221 518 5275 hoc
544 5221 672 5275 dicit
701 5239 712 5274 :
745 5220 842 5276 Ubi
885 5222 1013 5274 enim
1041 5238 1139 5274 non
1180 5233 1252 5274 est
1277 5224 1376 5286 lex,
1424 5239 1512 5275 nec
1542 5224 1882 5281 nrwvaricatio

314 5309 418 5378 (Id.
477 5329 551 5378 tv,
601 5315 713 5383 15).
761 5314 1059 5368 Abundavit
1099 5329 1225 5383 ergo
1265 5323 1555 5383 peccatum,
1606 5326 1661 5370 ut
1695 5332 1882 5386 super-

311 5401 601 5460 abundaret
630 5407 818 5475 gratia.
849 5406 1004 5474 Ergo,
1038 5413 1093 5458 ut
1119 5405 1297 5460 dicere
1319 5421 1606 5476 cmperam,
1629 5408 1750 5477 quia
1781 5408 1881 5462 hoc

312 5493 467 5548 estin
494 5495 632 5565 Lege
654 5512 900 5564 magnum
940 5497 1271 5567 mysterium,
1302 5497 1419 5551 ideo
1445 5512 1562 5551 eam
1594 5500 1791 5560 datam.
1825 5509 1881 5554 ιιι

309 5595 577 5641 crescente
605 5596 845 5657 peccato,
892 5587 1295 5641 lnnniliarentur
1335 5588 1571 5657 superbi,
1617 5589 1876 5645 humiliati

309 5676 704 5745 conﬁterentur,
734 5678 962 5734 confessi
992 5689 1306 5734 sanarentur
1335 5698 1347 5734 :
1381 5681 1493 5735 ista:
1515 5681 1759 5744 suntvire
1786 5697 1880 5737 oc-

311 5769 482 5838 cultas,
509 5787 642 5843 quas
669 5781 823 5828 notas
850 5773 977 5829 fecit
1016 5772 1201 5845 Moysi,
1241 5790 1334 5844 per
1357 5790 1510 5845 quem
1555 5774 1748 5846 Legem
1788 5777 1879 5833 de-

1429 345 1816 402 l‘lNARRATlO
1855 345 1922 401 ΙΝ
1960 346 2282 409 PSALMUM
2320 355 2446 412 CIL.

3444 377 3463 430 l
3479 379 3584 433 33-0

2009 463 2105 532 dit,
2158 483 2258 537 qua
2313 464 2584 540 peccatum
2635 475 2965 541 abundaret.
3021 492 3080 537 ut
3127 487 3584 556 superabundaret

2006 559 2194 628 gratia.
2234 560 2348 616 Non
2393 564 2679 622 crudeliter
2710 568 2814 625 hoc
2856 571 2977 627 fecit
3021 574 3178 640 Deus,
3228 578 3321 633 sed
3357 583 3581 637 consilio

2009 651 2308 707 medicinm.
2337 656 2636 727 Aliquando
2676 663 2816 716 enim
2843 665 3051 720 videtur
3087 669 3185 723 sibi
3213 670 3372 727 homo
3398 688 3582 738 sanus.

2007 753 2060 799 et
2088 756 2340 816 mgrotat;
2370 758 2424 802 ct
2450 749 2502 803 in
2537 766 2600 805 eo
2627 754 2767 822 quod
2794 767 3018 827 aegrotat
3043 770 3097 815 et
3131 778 3234 816 non
3262 766 3441 830 sentit,
3469 784 3584 822 me-

2008 835 2186 890 dicum
2231 854 2335 892 non
2382 844 2573 909 qum-rit
2603 861 2616 897 :
2645 855 2870 915 augetur
2907 851 3145 917 morbus,
3196 858 3388 911 crescit
3417 861 3584 916 mole-

2006 928 2127 993 stia,
2162 931 2692 1000 quzcriturmedicus,
2727 947 2779 992 et
2806 948 2970 993 totum
3003 953 3236 998 sanatur.
3273 945 3437 1003 Notas
3463 953 3580 1020 fecit

2006 1018 2111 1072 vias
2139 1037 2256 1074 snas
2289 1020 2486 1093 Moysi;
2513 1026 2636 1094 ﬁliis
2665 1026 2830 1082 Israel
2850 1031 3289 1091 voluntatessuas.
3313 1018 3581 1112 Numquid

2006 1118 2254 1173 omnibus
2277 1121 2394 1175 ﬁliis
2417 1123 2576 1180 lsrael
2592 1126 2614 1178 ?
2631 1126 2734 1182 Sed
2765 1131 2908 1185 veris
2930 1132 3050 1187 ﬁliis
3072 1134 3257 1200 Israel;
3284 1126 3390 1194 imo
3411 1143 3578 1197 omni-

2006 1205 2106 1260 bus
2151 1209 2270 1264 ﬁliis
2301 1210 2482 1268 lsrael.
2531 1215 2629 1283 Qui
2672 1219 2812 1272 enim
2845 1221 3036 1288 dolosi,
3079 1227 3166 1294 qui
3198 1227 3454 1294 insidiosi,
3491 1235 3580 1302 qui

2007 1297 2322 1369 hypocritze,
2373 1319 2479 1359 non
2527 1307 2618 1362 ﬁlii
2650 1307 2831 1368 lsrael.
2869 1311 2932 1367 Et
2966 1315 3057 1384 qui
3101 1317 3189 1370 mn
3231 1319 3423 1374 Israel?
3451 1297 3580 1377 Ecce

2004 1407 2116 1484 uere
2136 1393 2392 1463 Israelita,
2424 1399 2476 1452 in
2493 1416 2591 1470 quo
2620 1401 2766 1456 dolus
2795 1421 2895 1459 non
2925 1417 2996 1460 est
3028 1407 3204 1479 (Joan.
3231 1427 3268 1477 ι,
3291 1412 3402 1484 47).
3431 1413 3477 1466 F
3479 1415 3580 1470 iliis

2006 1481 2169 1538 Israel
2193 1486 2466 1543 voluntates
2487 1507 2625 1546 suas.

2077 1576 2163 1630 16.
2207 1576 2353 1649 [εει-ε.
2374 1579 2451 1652 8.]
2492 1581 2547 1635 Μ
2554 1584 2766 1638 iserator
2786 1594 2832 1639 et
2861 1586 3143 1643 misericors
3171 1589 3439 1660 Dominus,
3469 1597 3580 1649 lou~

2003 1671 2218 1740 ganimis
2261 1682 2305 1726 et
2335 1676 2547 1728 multum
2581 1677 2992 1734 misericbrdiw‘.
3027 1681 3164 1748 Quid
3202 1692 3308 1739 tam
3335 1685 3578 1756 longani-

2003 1765 2327 1834 mem‘lquid
2373 1775 2476 1820 tam
2520 1770 2739 1822 multum
2785 1771 2839 1824 in
2887 1772 3292 1828 misericordia?
3327 1775 3578 1833 Peccatur

2003 1867 2057 1913 et
2085 1858 2312 1925 vivitur;
2344 1860 2604 1916 accedunt
2640 1872 2875 1932 peccata,
2907 1876 3127 1936 augetur
3150 1868 3254 1921 vita
3281 1886 3295 1923 :
3325 1868 3577 1939 blaSphe-

2002 1963 2176 2006 matur
2195 1954 2450 2022 quotidie,
2480 1964 2530 2010 et
2554 1955 2675 2010 facit
2695 1957 2862 2011 solem
2891 1973 3042 2012 suum
3069 1959 3195 2014 oriri
3226 1974 3385 2030 super
3409 1962 3578 2019 bonos

2003 2051 2059 2098 et
2088 2044 2254 2099 malos
2283 2043 2494 2115 (Matth.
2526 2062 2580 2110 v,
2609 2047 2724 2118 45).
2749 2047 2912 2104 Vocat
2938 2048 3168 2120 undique
3196 2050 3261 2105 ad
3291 2054 3577 2107 correctio.

2002 2150 2144 2200 nem,
2173 2147 2327 2192 vocat
2363 2138 2592 2209 undique
2618 2140 2684 2194 ad
2715 2142 3101 2212 poenitentiam,
3130 2154 3283 2198 vocat
3309 2145 3578 2202 beneﬁciis

2001 2235 2276 2292 creaturae,
2319 2238 2474 2283 vocat
2514 2231 2867 2300 impertiendo
2906 2244 3113 2303 tempus
3150 2235 3380 2304 vivendi,
3421 2247 3577 2293 vocat

2002 2331 2096 2386 per
2125 2318 2395 2384 lectorem,
2423 2329 2576 2374 vocat
2604 2336 2700 2389 per
2739 2330 3094 2388 tractatorem,
3144 2333 3297 2380 vocat
3325 2341 3420 2395 per
3455 2327 3578 2382 inti-

2001 2424 2138 2461 mam
2174 2410 2568 2479 cogitationem,
2593 2421 2746 2466 vocat
2787 2429 2884 2484 per
2911 2413 3174 2484 flagellum
3201 2419 3574 2488 correptionis.

2000 2510 2153 2555 vorat
2177 2518 2273 2573 per
2291 2503 2704 2558 misericordiam
2727 2506 3102 2564 consolationis
3130 2527 3141 2562 :
3173 2507 3506 2581 Longanimis
3528 2523 3574 2568 et

1982 2579 2214 2647 'multum
2234 2596 2616 2667 misericordia.
2643 2595 2748 2652 Sed
2779 2598 3005 2654 observa
3029 2615 3095 2654 ne
3121 2579 3446 2671 longitudine
3471 2604 3574 2658 mi-

1998 2683 2298 2737 sericordia:
2329 2685 2416 2740 Dei
2445 2687 2579 2742 male
2607 2687 2821 2751 utendo,
2855 2698 2907 2743 tu
2939 2689 3028 2744 tibi
3056 2689 3398 2760 tbesaurizcs,
3432 2695 3570 2764 quod

1997 2773 2072 2826 ait
2095 2775 2397 2843 Apostolus,
2431 2777 2560 2831 iram
2588 2778 2642 2832 in
2670 2779 2756 2834 die
2781 2780 2892 2835 irm.
2933 2779 3065 2836 Nam
3108 2781 3208 2837 hoc
3232 2784 3306 2838 ait
3343 2786 3572 2855 Aposto-

1999 2865 2080 2919 lus
2111 2885 2123 2920 :
2159 2885 2177 2917 ι
2209 2868 2285 2921 Au
2316 2867 2525 2923 divitias
2563 2871 2901 2941 benignitatis
2935 2884 2984 2927 et
3013 2875 3426 2945 longanimitatis
3456 2879 3571 2947 ejus

1996 2960 2313 3024 contemnis,
2359 2962 2605 3030 ignorans
2640 2965 2760 3034 quia
2793 2967 3043 3034 patientia
3079 2967 3167 3021 Dei
3206 2968 3271 3022 ad
3306 2971 3570 3037 paeniten-

1997 3050 2122 3103 tiam
2170 3060 2227 3129 te
2265 3051 2478 3106 adducit
2512 3071 2530 3104 ι
2563 3053 2735 3122 (Rom.
2768 3071 2823 3119 ιι,
2855 3056 2906 3119 5,
2940 3057 3038 3117 4)?
3064 3057 3213 3123 Quod
3255 3059 3344 3114 tibi
3382 3061 3568 3130 parcit,

1996 3152 2150 3212 putas
2183 3145 2304 3213 quia
2335 3145 2511 3214 places
2534 3146 2624 3200 ei?
2660 3165 2678 3198 ι
2712 3147 2836 3202 llzec
2866 3148 3054 3212 fecisti,
3087 3169 3104 3202 ι
3133 3150 3320 3220 inquit,
3355 3171 3373 3204 ‹
3408 3162 3460 3208 ει
3488 3163 3568 3210 ta-

1995 3236 2112 3298 cui;
2146 3237 2441 3305 susnicatus
2467 3252 2525 3292 es
2555 3238 2908 3308 iniquitatem,
2935 3240 3074 3310 quod
3107 3256 3200 3296 ero
3227 3244 3298 3296 tui
3326 3239 3516 3299 similis
3545 3264 3564 3297 ι

1997 3323 2164 3393 (Psal.
2195 3344 2338 3394 XLIX,
2366 3328 2480 3397 2i).
2513 3327 2627 3382 Non
2669 3314 2796 3384 mibi
2825 3331 3037 3399 placent
3065 3341 3301 3400 peccata,
3325 3334 3417 3388 sed
3449 3334 3568 3388 lon-

1994 3417 2300 3484 ganimitate
2329 3434 2509 3488 quer
2531 3431 2676 3474 recte
2705 3419 2859 3478 facta.
2884 3420 2936 3474 Si
2963 3421 3202 3490 punircm
3233 3433 3568 3492 peccatores,

1939 3539 1953 3560 ο
1995 3525 2096 3563 non
2129 3510 2416 3564 invenirem
2459 3509 2812 3565 confessores.
2846 3511 2983 3582 Ergo
3011 3522 3060 3567 te
3094 3513 3230 3567 Deus
3257 3514 3570 3584 longanimi-

1995 3609 2098 3654 tate
2129 3616 2220 3654 sua
2249 3601 2513 3669 parcendo
2535 3601 2601 3654 ad
2636 3603 2997 3670 paenitentiam
3035 3602 3248 3658 adducit
3272 3623 3283 3657 :
3309 3613 3363 3658 tu
3391 3614 3566 3661 autem

1992 3705 2110 3744 cum
2133 3690 2368 3760 quotidie
2395 3689 2546 3754 dicis,
2577 3691 2784 3744 Finitur
2814 3690 3099 3745 hodiernus
3125 3691 3260 3756 dies,
3291 3704 3348 3746 et
3373 3693 3450 3749 sic
3474 3709 3568 3748 ere

1990 3791 2043 3836 et
2063 3781 2294 3835 crastino
2323 3781 2429 3843 die,
2465 3797 2566 3835 non
2598 3783 2737 3836 enim
2767 3797 2885 3835 cras
2923 3781 3025 3835 erit
3049 3782 3296 3846 ultimus;
3331 3792 3385 3836 et
3410 3785 3564 3838 tertio

1989 3871 2076 3928 die
2107 3891 2118 3926 :
2149 3882 2202 3927 et
2230 3874 2404 3928 subito
2429 3874 2570 3928 venit
2603 3875 2676 3927 ira
2703 3877 2837 3943 ejus.
2869 3873 3075 3939 Frater,
3107 3889 3208 3928 non
3239 3874 3415 3930 tardes
3434 3889 3565 3931 con-

1990 3969 2121 4018 verti
2138 3965 2201 4018 ad
2241 3965 2520 4018 Dominum
2552 3963 2732 4036 (Eccli.
2757 3981 2809 4027 v,
2834 3963 2913 4035 8).
2958 3963 3094 4020 Sunt
3136 3965 3276 4019 enim
3305 3965 3394 4034 qui
3422 3981 3565 4036 prai-

1990 4066 2176 4127 parant
2205 4058 2634 4122 conversionem,
2663 4066 2718 4111 et
2747 4057 3015 4122 differunt,
3062 4067 3117 4112 et
3151 4057 3210 4112 fit
3234 4057 3287 4112 in
3329 4058 3435 4113 illis
3462 4075 3562 4116 vox

1989 4148 2227 4211 corvina,
2258 4146 2409 4212 Cras,
2435 4161 2575 4202 cras.
2607 4147 2811 4203 Corvus
2837 4147 2904 4202 de
2930 4163 3052 4202 arca
3093 4148 3305 4210 missus,
3339 4163 3443 4203 non
3482 4161 3563 4204 est

1988 4255 2235 4294 reversus
2255 4238 2407 4310 (Gen.
2429 4256 2540 4304 vut,
2560 4239 2637 4309 7).
2667 4239 2781 4295 Non
2808 4241 2996 4310 quairit
3022 4241 3159 4296 Deus
3179 4241 3486 4297 dilationem
3511 4243 3563 4297 in

1989 4346 2119 4386 voce
2148 4331 2380 4393 corvina,
2409 4331 2503 4386 sed
2527 4330 2914 4387 confessionem
2944 4332 2994 4385 in
3016 4333 3214 4402 gemitu
3239 4332 3562 4389 columbino.

1989 4422 2144 4476 Missa
2164 4424 2406 4478 columba
2433 4439 2644 4479 reversa
2675 4433 2776 4480 est.
2803 4424 3084 4493 Quamdiu,
3107 4426 3259 4499 Cras,
3285 4427 3440 4481 cras?
3460 4426 3565 4482 0b-

1988 4529 2141 4568 serva
2177 4516 2417 4570 ultimum
2448 4532 2608 4590 cras;
2635 4517 2757 4587 quia
2789 4518 2998 4588 ignoras
3029 4517 3168 4587 quod
3210 4519 3279 4573 sit
3321 4519 3564 4575 ultimum

1987 4621 2127 4670 cras,
2156 4607 2381 4662 sufﬁciat
2407 4607 2546 4676 quod
2591 4608 2763 4662 vixisti
2796 4624 2962 4677 usque
3003 4607 3069 4662 ad
3097 4609 3418 4664 hodiernum
3442 4626 3565 4679 pec-

1985 4706 2152 4748 cator.
2189 4696 2416 4762 Audisti,
2461 4712 2602 4767 saepe
2645 4698 2784 4751 soles
2813 4698 3014 4760 audire,
3064 4699 3254 4751 audisti
3284 4708 3337 4753 et
3367 4698 3560 4754 hodicc

1987 4804 2144 4860 quam
2192 4788 2428 4856 quotidie
2479 4787 2648 4849 audis,
2691 4795 2796 4841 tam
2836 4787 3066 4854 quotidie
3108 4804 3212 4842 non
3258 4789 3560 4860 corrigeris.

1993 4903 2011 4934 ι
2046 4883 2122 4937 Tu
2157 4903 2174 4935 ι
2210 4884 2349 4938 enim
2381 4901 2400 4933 ι
2435 4881 2723 4936 secundum
2759 4881 3006 4935 duritiam
3049 4881 3227 4936 cordis
3269 4882 3343 4936 tui
3381 4891 3434 4936 et
3467 4897 3562 4936 eor

1987 4974 2342 5044 inipmuitens,
2375 4973 2700 5028 thesaurizas
2726 4973 2816 5026 tibi
2856 4973 2987 5027 iram
3016 4973 3066 5026 in
3096 4972 3180 5027 die
3211 4973 3301 5046 ira:
3331 4982 3384 5027 et
3408 4989 3557 5027 reve-

1987 5066 2196 5119 lationis
2222 5065 2347 5133 justi
2364 5064 2544 5133 judicii
2576 5063 2687 5129 Dei,
2726 5064 2812 5133 qui
2843 5063 3026 5118 reddet
3065 5065 3344 5133 unicuique
3372 5079 3560 5118 secun-

1985 5159 2108 5213 dum
2130 5173 2292 5226 Opera
2319 5171 2410 5210 soa
2447 5177 2463 5208 ι
2492 5155 2664 5229 (Rom.
2693 5173 2750 5221 ιι,
2774 5157 2827 5221 5,
2859 5156 2934 5228 6).
2959 5157 3071 5212 Non
3103 5156 3194 5211 tibi
3215 5157 3292 5210 sic
3320 5155 3560 5211 videatur

1987 5251 2125 5304 Deus
2157 5248 2477 5309 misericors,
2509 5257 2689 5302 utnon
2712 5247 2950 5303 videatur
2970 5249 3162 5323 justus.
3196 5245 3485 5301 Misericors
3511 5257 3559 5302 et

1985 5342 2244 5395 miserator
2271 5339 2538 5392 Dominus.
2565 5339 2756 5404 Audio,
2781 5350 2834 5392 et
2859 5337 3063 5408 gaudeo
3089 5357 3103 5392 :
3127 5337 3194 5390 ita
3217 5336 3369 5391 dicis.
3396 5338 3555 5406 Audi,

1984 5445 2038 5489 et
2066 5432 2265 5504 gaude;
2297 5431 2468 5486 adlmc
2495 5431 2718 5494 addidit,
2747 5430 3069 5502 Longanimis
3096 5439 3140 5482 et
3161 5429 3376 5482 multum
3402 5433 3562 5502 mise-~

1983 5525 2140 5578 ricors
2161 5540 2180 5576 :
2205 5536 2258 5578 et
2287 5524 2338 5576 in
2372 5533 2631 5588 extremo,
2666 5522 2729 5575 Et
2756 5537 2924 5575 verax.
2957 5519 3166 5575 Gaudes
3187 5520 3252 5576 ad
3277 5522 3439 5577 verba
3469 5533 3557 5578 Su-

2048 5660 2062 5691 ι
2100 5657 2231 5716 Fdd.,
2255 5656 2419 5708 multa:
2438 5654 2800 5718 misericordia,
2836 5662 2891 5706 At
2911 5656 3137 5718 praecipui
3181 5663 3310 5714 Mss,
3352 5655 3557 5708 multum

1982 5719 2327 5772 misericordite
2348 5731 2363 5769 :
2387 5725 2754 5782 sic,_pu_tamus,
2787 5716 2964 5768 latinus
2994 5716 3239 5782 interpres
3281 5719 3554 5769 reddiderat

1985 5796 2151 5835 vocem
2175 5796 2399 5847 graecam,
2424 5777 2676 5846 peluelcos.
