4012 6202
462 456 697 525 periora,
722 452 789 508 ad
815 450 1052 508 ultimum
1072 458 1256 502 treme.
1284 443 1371 499 Sic
1391 443 1694 505 misericors
1716 452 1772 497 et
1797 442 2034 513 longani-

466 547 568 603 mis
586 553 687 610 est,
702 538 763 611 ut
785 542 856 597 sit
878 549 933 595 et
958 553 1136 593 verax.
1157 535 1292 590 Cum
1310 535 1405 588 tibi
1434 532 1877 595 thesaurizaveris
1905 533 2035 588 iram

470 638 521 691 in
555 636 642 692 die
670 637 781 696 iraa,
812 644 988 686 nonne
1029 626 1318 698 experieris
1340 626 1562 695 justum,
1607 639 1763 695 quem
1800 635 2038 681 contem-

470 727 620 799 psisti
648 724 930 792 benignum
950 720 978 774 ’ὲ
1921 728 1925 735 ’

539 819 624 873 17.
664 814 816 889 Sacra.
848 811 930 887 9.]
972 812 1091 866 Non
1111 816 1163 866 in
1189 812 1339 880 linem
1359 810 1617 872 irascetur,
1648 825 1802 878 neque
1827 809 1876 862 in
1897 818 2038 863 teter-

469 926 589 963 mnu
613 905 977 978 indignabitur.
1006 903 1137 972 Quia
1166 912 1220 958 et
1248 900 1389 971 quod
1417 901 1640 961 vivimus
1666 900 1717 953 in
1749 898 1969 968 ﬂagellis
1987 908 2041 953 et

469 997 808 1071 corruptione
825 997 841 1028 ¹
867 994 1220 1063 mortalitatis,
1252 993 1320 1047 de
1345 992 1705 1063 indignatione
1730 992 1895 1060 ipsius
1918 1001 2001 1046 est
2025 1011 2037 1044 :

468 1091 535 1146 de
572 1104 728 1161 pinna
774 1088 876 1147 huc
915 1086 1172 1142 habemus
1199 1085 1352 1155 primi
1394 1084 1613 1154 peccati.
1660 1083 1871 1138 Fratres
1912 1084 2037 1146 mei,

471 1199 577 1247 non
604 1184 778 1251 solum
807 1181 1043 1252 cogitare
1069 1178 1344 1242 debemus,
1374 1186 1431 1230 ut
1459 1175 1663 1230 futuras
1684 1176 1855 1229 minas
1879 1174 2041 1243 ipsius

470 1273 776 1338 evadamus,
813 1271 907 1327 sed
946 1282 999 1324 et
1022 1277 1345 1340 praesentem
1385 1269 1548 1332 iram;
1578 1266 1697 1335 quia
1728 1275 1782 1320 et
1826 1266 1924 1320 ista
1965 1266 2040 1320 ira

472 1365 638 1435 ipsius
663 1373 764 1426 est,
797 1362 946 1433 cujus
976 1371 1029 1416 et
1066 1375 1124 1416 se
1153 1368 1207 1416 et
1244 1374 1341 1414 nos
1377 1357 1540 1415 fuisse
1570 1356 1699 1412 dicit
1739 1357 1875 1411 ﬁlios
1904 1359 2045 1429 Apo-

472 1456 676 1509 stolas:
702 1456 776 1509 ait
800 1456 1016 1525 quippe,
1051 1450 1266 1506 Fuimus
1294 1451 1427 1504 enim
1461 1460 1507 1505 et
1533 1465 1624 1503 nos
1648 1449 1921 1518 aliquando
1946 1466 2040 1501 na-

473 1557 590 1603 tura
613 1546 712 1617 filii
740 1546 849 1609 iraa,
874 1546 1002 1599 sicut
1025 1553 1073 1600 et
1096 1543 1260 1609 ceteri
1282 1541 1496 1613 (Ephes.
1522 1557 1578 1604 ιι,
1613 1541 1689 1610 ὅ).
1716 1540 1857 1607 Ergo
1881 1555 1945 1594 ex
1968 1541 2041 1593 ira

476 1637 639 1704 ipsius
665 1646 747 1691 est
772 1634 911 1708 quod
942 1634 1027 1693 hic
1057 1634 1215 1689 homo
1244 1633 1625 1704 peregrinatur,
1652 1632 1790 1702 quod
1821 1631 2041 1687 laborat.

474 1726 588 1791 Non
619 1738 700 1787 est
732 1744 794 1784 ex
826 1728 901 1783 ira
928 1728 1111 1797 ipsius,
1136 1726 1326 1781 fratres
1354 1721 1479 1786 mei,
1510 1722 1575 1777 In
1604 1724 1783 1778 sudore
1819 1734 1862 1777 et
1899 1725 1950 1778 in
1977 1725 2046 1777 Ia—

473 1823 591 1877 bore
611 1821 724 1874 edes
755 1837 934 1888 panem
960 1826 1124 1884 tuum,
1153 1828 1200 1871 et
1233 1828 1366 1875 terra
1390 1817 1563 1884 spinas
1588 1825 1633 1869 et
1656 1814 1864 1902 tribulos
1889 1817 2045 1885 pariet

474 1912 561 1967 tibi
599 1911 750 1983 (Gen.
783 1926 860 1976 ιιι,
891 1910 976 1975 l9,
1011 1909 1136 1977 18)?
1178 1909 1392 1963 Auctori
1439 1906 1657 1961 nostro’
1699 1905 1895 1961 dictum
1941 1902 2040 1961 esl'.

478 2004 585 2057 Aut
624 2001 669 2059 si
696 2011 778 2056 est
803 1999 941 2061 aliud
972 2001 1077 2052 vita
1107 2006 1318 2082 nostra;
1359 1998 1403 2052 si
1442 2005 1614 2066 potes,
1644 2007 1953 2053 convertere
1978 1997 2043 2050 ad

476 2092 706 2160 aliquam
752 2092 1094 2163 voluptatem,
1135 2088 1223 2143 ubi
1266 2088 1445 2163 Spinas
1482 2104 1588 2143 non
1636 2089 1853 2144 sentias.
1899 2089 2044 2163 Elige

479 2179 619 2249 quod
665 2180 912 2244 volueris,
956 2194 1171 2249 avarus,
1202 2178 1523 2241 luxuriosus.
1565 2193 1622 2233 ut
1659 2178 1766 2234 duo
1794 2179 1892 2233 ista
1933 2181 2043 2232 sola

476 2269 790 2337 dicamus';
821 2269 958 2337 adde
981 2280 1033 2325 et
1073 2269 1306 2332 tertium,
1332 2269 1680 2327 ambitiosus:
1711 2269 1762 2324 in
1785 2269 2043 2327 honorqu

479 2360 768 2432 cupiditate
790 2371 1000 2435 quanta:
1026 2356 1236 2425 spinze?
1266 2360 1316 2415 in
1349 2359 1554 2415 luxurie
1581 2358 1851 2421 libidinum
1880 2373 2045 2429 quan-

476 2462 546 2506 ta:
569 2450 773 2521 spinae?
800 2450 851 2505 in
885 2450 1075 2505 ardore
1099 2450 1333 2507 avaritia:
1358 2460 1569 2521 quantae
1592 2450 1796 2527 spinas?
1822 2454 2045 2506 Amores

478 2552 660 2612 turpes
696 2550 923 2613 quantas
947 2541 1217 2596 molestias
1250 2541 1485 2608 habent?
1519 2551 1744 2615 quantas
1776 2541 2043 2623 sollicitu-

475 2633 627 2688 dines
649 2631 735 2688 hic
761 2636 811 2687 in
844 2634 941 2687 ista
971 2632 1113 2691 vita?
1138 2630 1338 2689 Omitto
1372 2629 1659 2702 gehennas.
1690 2629 1821 2686 Vide
1843 2647 1909 2686 ne
1932 2633 2041 2703 jam

475 2723 591 2793 ipse
618 2722 711 2781 tibi
730 2724 966 2793 gelienna
992 2724 1084 2777 sis.
1109 2723 1221 2778 Hoc
1247 2737 1374 2792 ergo
1399 2731 1587 2787 totum,
1615 2721 1806 2815 fratres
1829 2724 1954 2785 mei,
1977 2725 2045 2781 de

477 2815 554 2866 ira
583 2813 746 2883 ipsius
774 2821 857 2866 est
884 2830 899 2868 :
927 2823 982 2869 et
1021 2827 1142 2867 cum
1173 2822 1225 2868 te
1267 2815 1612 2879 converteris,
1645 2813 1864 2883 utjuste
1898 2830 2041 2886 agas,

480 2917 585 2956 non
625 2903 822 2974 poteris
860 2903 959 2959 nisi
990 2901 1233 2959 laborare
1262 2902 1315 2957 in
1343 2911 1517 2970 terra;
1545 2912 1595 2959 et
1624 2900 1731 2959 non
1762 2905 1939 2960 ﬁnitur
1965 2907 2043 2962 la-

478 2993 595 3057 bor,
625 2993 725 3047 nisi
761 3007 879 3051 cum
912 2992 1059 3048 ﬁnita
1097 2991 1258 3049 fuerit
1289 2995 1394 3048 via.
1440 2993 1664 3065 Oportet
1702 2996 1754 3050 in
1791 2997 1870 3051 via
1896 2997 2045 3052 labo-

479 3100 617 3149 rare,
649 3094 708 3138 ut
740 3084 791 3139 in
838 3086 1002 3156 patria
1043 3083 1384 3155 gaudeamus.
1429 3086 1567 3154 Ergo
1598 3088 1903 3143 consolatur
1929 3104 2047 3154 pro-

478 3172 730 3230 inissione
766 3191 860 3231 sua
902 3176 1133 3231 laborem
1172 3185 1336 3240 ttntm,
1389 3177 1635 3231 sudorem
1678 3187 1842 3244 tuum,
1874 3182 2043 3234 mole-

478 3265 608 3327 stias
639 3276 773 3330 tuas,
797 3276 849 3320 et
873 3267 1000 3319 dicit
1021 3266 1113 3319 tibi
1139 3283 1152 3318 :
1180 3265 1298 3320 Non
1328 3268 1379 3319 in
1416 3267 1567 3335 ﬁnem
1597 3265 1859 3334 irascetur,
1891 3287 2046 3341 neque

476 3354 529 3406 in
548 3363 788 3407 azternum
809 3355 1168 3424 indignabitur.

547 3442 635 3504 18.
667 3439 825 3514 [vers.
860 3443 926 3498 10
947 3484 960 3506 ,
1011 3440 1132 3516 11.]
1166 3442 1283 3498 Non
1319 3445 1591 3498 secundum
1634 3459 1836 3516 peccata
1874 3462 2044 3505 nostra

478 3531 594 3601 fecit
618 3532 778 3585 nobis.
803 3530 909 3586 Deo
930 3533 1276 3603 gratias,qnia
1299 3533 1398 3587 hoc
1418 3533 1601 3589 voluit.
1628 3535 1740 3591 Non
1765 3540 1904 3608 quod
1934 3556 2044 3595 me-

388 3684 393 3690 ,
475 3619 724 3675 rebamur
750 3622 1050 3691 accepimus
1077 3641 1091 3678 :
1121 3640 1140 3675 ι
1163 3621 1278 3680 Non
1306 3624 1593 3679 secundum
1621 3637 1837 3697 peccata
1864 3639 2040 3687 nostra

475 3710 602 3765 fecit
623 3711 806 3778 nobis,
852 3727 1024 3783 neque
1059 3712 1346 3769 secundum
1373 3714 1673 3787 iniquitates
1710 3728 1917 3775 nostras
1955 3738 2039 3776 re-

476 3799 658 3857 tribuit
683 3802 854 3858 nobis.
881 3803 1138 3871 Quoniam
1182 3803 1472 3859 secundum
1505 3805 1833 3863 altitudinem
1859 3810 1979 3866 caeli
2009 3829 2039 3866 a

477 3901 616 3946 terra
635 3933 651 3957 ,
677 3894 1012 3949 conﬁrmavit
1045 3894 1297 3951 Dominus
1326 3896 1740 3952 misericordiam
1769 3914 1918 3956 suam
1953 3918 2042 3957 su-

475 3998 572 4053 per
609 3984 854 4041 timentes
890 4000 1035 4041 eum.
1065 3986 1402 4059 conﬁrmavit
1447 3988 1698 4043 Dominus
1735 3993 2040 4049 misericor-

474 4075 614 4130 diam
641 4091 791 4131 suam
815 4091 975 4147 super
1016 4080 1262 4134 timentes
1290 4094 1447 4134 eum:
1479 4098 1498 4132 ι
1545 4082 1833 4137 secundum
1875 4085 2036 4154 quid?

481 4186 501 4219 ι
530 4167 830 4224 Secundum
868 4167 1196 4224 altitudinem
1226 4171 1344 4226 εαξη
1377 4185 1407 4223 a
1448 4181 1609 4227 terra.
1638 4192 1658 4225 ι
1690 4175 1826 4241 Quid
1867 4176 2040 4234 dixit?

473 4258 530 4313 Si
570 4259 852 4330 aliquando
886 4268 1059 4330 potest
1090 4260 1281 4315 caelum
1317 4262 1603 4319 abscedere
1644 4280 1674 4318 a
1713 4268 2038 4335 protectione

476 4361 629 4405 terra:
648 4393 665 4419 ,
710 4351 992 4421 aliquando
1031 4353 1221 4420 poterit
1249 4353 1385 4408 Deus
1412 4368 1519 4408 non
1544 4365 1820 4428 protegere
1844 4359 2035 4417 timen-

479 4453 560 4494 tes
582 4454 662 4494 sc.
688 4440 918 4496 Attende
960 4450 1015 4496 et
1038 4440 1230 4497 coelum
1266 4460 1278 4495 :
1308 4443 1522 4513 ubique,
1553 4446 1785 4519 undique
1812 4455 2039 4523 protegit

476 4544 667 4587 terram
683 4577 697 4601 ,
723 4543 777 4589 et
804 4535 945 4590 nulla
973 4550 1095 4605 pars
1120 4546 1273 4594 terra:
1297 4546 1380 4594 est
1414 4554 1533 4610 qua:
1557 4556 1661 4597 non
1689 4544 1828 4601 etelo
1856 4558 2034 4615 prore-

475 4634 642 4693 gatur.
667 4624 893 4681 Peccant
912 4620 1152 4683 homines
1172 4629 1272 4683 sub
1296 4631 1450 4694 coelo,
1476 4630 1674 4687 ﬁtciunt
1696 4637 1872 4692 omnia
1899 4637 2035 4692 mala

475 4715 571 4770 sub
598 4717 734 4772 cailo
755 4732 772 4781 ;
797 4727 969 4773 tamen
997 4729 1344 4790 proteguntur
1366 4722 1522 4778 caelo.
1556 4724 1682 4779 Inde
1708 4726 1795 4780 lux
1814 4728 1880 4781 ad
1908 4743 2036 4785 ocu-

470 4805 587 4875 los,
624 4807 748 4863 inde
775 4823 898 4875 aer,
934 4809 1057 4866 inde
1090 4813 1307 4881 spiritus
1330 4856 1346 4882 ,
1377 4814 1499 4870 inde
1529 4817 1703 4887 pluvia
1744 4818 1809 4873 ad
1840 4828 2033 4878 terram

470 4907 684 4968 propter
724 4898 967 4969 fruetus,
1006 4901 1129 4959 inde
1171 4906 1344 4959 omnis
1391 4907 1752 4963 misericordia
1792 4924 1822 4963 a
1872 4913 2030 4970 ctelo.

467 4988 618 5045 Tolle
645 4990 896 5061 auxilium
924 4993 1044 5047 caeli
1087 5007 1117 5046 a
1159 5002 1293 5048 terra
1319 5036 1334 5061 ,
1386 4996 1561 5050 statim
1608 4996 1837 5058 deﬁciet.
1888 5001 2035 5059 Sicut

466 5096 598 5151 ergo
625 5058 879 5151 protectio
901 5084 1027 5149 ωειὶ
1052 5096 1326 5153 permanet
1351 5099 1509 5155 super
1538 5096 1731 5144 terram
1748 5132 1762 5155 ,
1791 5093 1869 5146 sic
1905 5108 2030 5163 pro-

464 5176 625 5229 tectio
664 5174 875 5231 Domini
914 5184 1190 5245 permanet
1216 5190 1377 5245 super
1402 5178 1652 5234 timentes
1680 5195 1820 5235 eum.
1852 5182 2032 5239 Times

465 5263 663 5331 Deum,
688 5279 845 5345 supra
870 5255 932 5319 te.
950 5274 1037 5330 est
1061 5266 1321 5334 protectio
1342 5266 1525 5335 ipsius.
1556 5266 1660 5324 Sed
1685 5270 1820 5327 forte
1841 5272 2027 5345 ﬂagel-

461 5353 617 5421 laris,
642 5363 699 5410 et
727 5363 879 5425 putas
897 5355 1022 5425 quia
1045 5352 1280 5410 deseruit
1308 5363 1363 5410 te
1391 5354 1547 5411 Deus.
1576 5356 1632 5412 Si
1657 5359 1889 5417 deseruit
1912 5378 2032 5433 pro-

521 5509 544 5552 ι
575 5515 674 5580 Νη,
701 5516 752 5559 οι
794 5508 1087 5573 aliquotis
1108 5543 1125 5570 ,
1149 5505 1455 5577 correctione.
1484 5507 1571 5559 Alii
1599 5507 1764 5574 plures
1791 5525 1901 5562 cum
1934 5520 2026 5576 Er.,

452 5576 759 5688 “7'33:
772 5636 865 5680 Ern
894 5631 962 5681 Ab
984 5639 1176 5682 auctore
1192 5638 1366 5683 nostro.

522 5693 543 5758 ξ
576 5693 649 5738 sic
801 5690 1002 5745 MF.de
1044 5702 1151 5746 Esto
1186 5707 1358 5750 aratas
1393 5693 1704 5758 luxuriosus;
1729 5702 1783 5749 ut
1811 5699 1908 5753 duo
1941 5698 2033 5753 ista

460 5753 556 5804 suta
579 5762 671 5800 non
699 5751 937 5812 dieanms,
952 5760 1045 5803 etc.

1400 5894 1601 5912 ’.Μ

1216 5904 1231 5907 Α
1244 5901 1385 5911 ...~...-

1693 331 1753 385 S.
1794 327 2159 389 AUGUSTINI
2200 327 2498 388 EPISCOPI

3583 342 3722 401 I332

2144 442 2307 500 tectio
2353 444 2475 501 coeli
2519 453 2714 502 terram
2742 466 2767 502 ε,
2785 446 3036 513 Quoniam
3084 450 3361 507 secundum
3401 454 3723 513 altitudinem

2141 538 2253 593 caeli
2279 555 2312 592 a
2338 547 2492 603 terra,
2523 539 2839 609 conﬁrmavit
2876 540 3124 599 Dominus
3148 544 3542 603 ndsericordiam
3573 567 3724 605 suam

2142 645 2293 698 super
2319 630 2547 686 timentes
2574 647 2708 685 eum.

2216 720 2301 775 i9.
2334 718 2501 793 [verm
2534 720 2665 795 12.]
2694 723 2763 778 Et
2789 724 2917 794 quid
2944 726 3106 781 fecit?
3133 727 3265 795 Quia
3296 745 3400 785 non
3424 734 3722 789 secundum

2145 821 2357 877 peccata
2385 823 2565 869 nostra
2592 816 2837 872 retribuit
2865 818 3038 873 nobis.
3080 819 3337 884 Quantum
3374 823 3526 879 distat
3550 827 3727 882 oriens

2144 904 2207 956 ab
2233 906 2483 960 occidente
2500 947 2515 969 ,
2540 908 2688 978 longe
2708 909 2823 979 fecit
2850 926 2883 962 a
2906 910 3049 967 nobis
3074 923 3277 982 peccata
3301 924 3493 971 nostra.
3525 917 3730 975 Secun-

2144 996 2269 1048 dum
2301 996 2630 1052 altitudinem
2659 1000 2778 1054 coeli
2815 1015 2844 1055 a
2877 1012 3013 1057 terra
3034 1043 3050 1069 ,
3099 1004 3432 1062 conﬁrmavit
3468 1009 3728 1067 Dominus

2146 1087 2560 1143 misericordiam
2586 1104 2735 1147 suam
2764 1105 2925 1161 super
2966 1109 3082 1150 nos.
3131 1097 3248 1152 Dixi
3273 1114 3472 1169 quare:
3503 1115 3728 1174 propter
3798 1116 3808 1125 '

2147 1180 2546 1247 protectionetn.
2582 1180 2774 1239 Unde?
2803 1177 3069 1250 Quantum.
3095 1188 3249 1244 distat
3290 1194 3455 1248 oriens
3490 1195 3552 1249 ab
3586 1198 3730 1251 occi-

2146 1271 2320 1337 dente,
2349 1272 2495 1343 longe
2519 1275 2633 1344 fecit
2657 1290 2776 1331 esse
2794 1294 2826 1330 a
2848 1279 2990 1334 nobis
3012 1293 3215 1352 peccata
3236 1294 3428 1338 nostra.
3450 1286 3730 1344 Noverunt

2146 1364 2236 1432 qui
2280 1376 2610 1421 sacramenta
2658 1367 2868 1435 sciunt;
2904 1378 3079 1427 tamen
3127 1375 3267 1444 quod
3312 1392 3498 1433 omnes
3535 1380 3732 1437 audire

2135 1464 2369 1524 possunt
2393 1456 2528 1512 dico.
2562 1458 2785 1524 Quando
2811 1472 3085 1530 peccatum
3118 1456 3405 1522 remittitur
3426 1511 3440 1533 ,
3473 1470 3729 1527 occidunt

2151 1554 2360 1613 peccata
2391 1556 2474 1600 tua
2494 1590 2508 1612 ,
2542 1550 2712 1604 oritur
2737 1552 2903 1621 gratia
2943 1563 3069 1609 tua:
3096 1567 3308 1625 peccata
3350 1570 3438 1613 tua
3472 1572 3729 1634 tanquam

2149 1637 2200 1690 in
2223 1652 2413 1692 occasu
2439 1649 2593 1705 sunt;
2620 1644 2786 1711 gratia
2813 1659 2914 1713 qua
2942 1645 3188 1703 liberaris
3215 1690 3230 1714 ,
3260 1648 3314 1703 in
3339 1660 3458 1705 ortu
3485 1662 3586 1708 est.
3617 1653 3728 1708 Ve-

2147 1738 2269 1785 ritas
2293 1735 2356 1785 de
2383 1744 2527 1788 terra
2549 1746 2661 1789 orta
2687 1747 2759 1791 est
2787 1736 2971 1806 (Psal.
3002 1755 3231 1808 uxxrv,
3277 1743 3407 1814 l2)-
3430 1745 3565 1813 Quid
3602 1757 3688 1802 est
3709 1789 3726 1810 ,

2159 1820 2350 1877 Veritas
2370 1824 2432 1878 de
2457 1836 2590 1879 terra
2609 1830 2856 1884 ortaest?
2882 1830 3011 1885 Nata
3038 1842 3120 1887 est
3148 1835 3312 1904 gratia
3344 1847 3451 1904 tua,
3473 1838 3733 1895 occidunt

2149 1926 2358 1986 peccata
2389 1928 2496 1985 tua,
2518 1920 2786 1977 innovaris
2809 1923 3218 1992 quodammodo.
3239 1927 3318 1981 Ad
3349 1939 3522 1985 ortum
3547 1940 3732 1988 atten-

2147 2010 2274 2065 dere
2299 2010 2463 2067 debes
2481 2053 2497 2078 ,
2539 2013 2607 2067 ab
2630 2027 2823 2069 occasu
2852 2018 3018 2071 averti
3041 2016 3225 2072 debes.
3256 2022 3508 2076 Avertere
3535 2037 3564 2076 a
3591 2039 3729 2092 pec-

2146 2102 2278 2155 catis
2307 2102 2411 2157 tuis
2433 2145 2449 2170 ,
2493 2113 2804 2161 convertere
2829 2106 2896 2160 ad
2921 2109 3141 2177 gratiam
3176 2109 3266 2165 Dei
3291 2127 3306 2175 ;
3349 2112 3449 2166 illis
3472 2113 3731 2171 occiden-

2149 2192 2287 2247 tibus
2311 2193 2511 2263 snrgis,
2541 2203 2595 2250 et
2622 2194 2851 2264 proﬁcis.
2899 2195 3002 2254 Sed
3048 2214 3169 2268 pars
3208 2201 3327 2256 cteli
3364 2218 3484 2273 quae
3512 2205 3683 2275 surgit
3705 2249 3727 2275 ,

2150 2297 2356 2336 rursum
2388 2285 2441 2349 in
2468 2299 2716 2341 occasum
2746 2285 2805 2340 it.
2846 2287 2960 2342 Non
2991 2288 3355 2362 undecumque
3386 2304 3608 2360 possunt
3643 2298 3729 2352 si-

2149 2373 2471 2430 militudines
2490 2376 2609 2430 duci
2630 2375 2697 2431 ad
2721 2378 3028 2446 perlectum,
3052 2392 3276 2451 possunt
3294 2383 3570 2441 collineari
3592 2387 3729 2457 ipsa:

2149 2478 2234 2518 res
2259 2464 2419 2520 rebus
2445 2466 2510 2520 ad
2537 2483 2669 2537 quas
2692 2467 3011 2526 adhibentur
3039 2490 3052 2526 :
3086 2474 3221 2529 sicut
3246 2475 3376 2530 dixit
3402 2476 3469 2532 de
3508 2479 3685 2549 aquila
3707 2524 3728 2550 ,

2148 2558 2284 2612 sicut
2332 2557 2400 2612 de
2442 2558 2564 2613 luna
2589 2559 2619 2627 ,’
2647 2561 2727 2617 sic
2763 2570 2815 2617 et
2847 2564 2950 2618 hic.
2997 2564 3200 2623 Occidit
3244 2582 3365 2637 pars
3414 2584 3517 2625 una
3556 2572 3683 2628 εωιί
3708 2616 3726 2639 ,

2147 2649 2315 2702 oritur
2338 2649 2500 2703 altera
2532 2668 2545 2704 :
2569 2652 2662 2706 sed
2692 2666 2813 2720 pars
2840 2669 2957 2725 qua:
2980 2657 3147 2712 oritur
3169 2659 3327 2713 modo
3343 2701 3356 2722 ,
3381 2671 3498 2729 post
3520 2662 3729 2720 duode-

2146 2743 2248 2797 cim
2280 2742 2437 2798 horas
2463 2759 2713 2801 occasura
2743 2756 2844 2801 est.
2871 2747 2985 2805 Non
3015 2751 3089 2805 sic
3119 2760 3200 2805 est
3230 2754 3396 2821 gratia
3427 2770 3546 2824 qua:
3567 2757 3729 2812 nobis

2147 2835 2313 2889 oritur
2343 2853 2357 2889 :
2385 2846 2438 2891 et
2467 2848 2679 2906 peccata
2715 2839 2768 2894 in
2799 2849 3056 2897 aeternum
3082 2843 3354 2911 occidunt,
3386 2856 3441 2903 et
3467 2849 3636 2920 gratia
3668 2851 3725 2906 in

2148 2936 2401 2981 aeternum
2431 2939 2627 2987 manet.

2215 3019 2305 3075 '20.
2332 3017 2497 3093 [vera
2527 3023 2649 3097 15.]
2674 3024 2848 3093 Quare
2876 3037 3073 3090 autem,
3104 3029 3359 3094 Quantum
3379 3032 3535 3087 distat
3552 3035 3724 3090 oriens

2146 3112 2208 3164 ab
2236 3112 2507 3178 occidente,
2542 3124 2741 3168 tantum
2770 3118 2915 3188 longe
2934 3119 3050 3187 fecit
3075 3137 3107 3173 a
3133 3120 3274 3175 nobis
3292 3133 3496 3192 peccata
3523 3136 3720 3195 nostra,

2146 3212 2205 3257 ut
2230 3204 2313 3258 illa
2336 3206 2595 3267 occidant.
2616 3217 2669 3262 et
2691 3210 2856 3279 gratia
2881 3211 3121 3266 oriatur?
3147 3229 3309 3283 quare
3337 3216 3573 3284 putatis?
3602 3216 3724 3274 Sic—

2147 3307 2199 3348 ut
2224 3298 2486 3351 miseratur
2515 3309 2657 3368 pater
2683 3302 2815 3369 filios
2835 3345 2850 3368 ,
2879 3304 2951 3357 sic
2979 3306 3245 3362 miseratus
3273 3318 3347 3362 est
3372 3307 3620 3363 Dominus
3647 3314 3719 3365 ti-

2146 3400 2331 3442 mentes
2355 3406 2483 3442 eum.
2513 3390 2627 3446 Jam
2654 3395 2836 3448 smviat
2860 3406 3115 3464 quantum
3144 3399 3285 3460 vult.
3314 3409 3466 3469 pater
3478 3410 3582 3471 est.
3610 3401 3721 3457 Sed

2147 3477 2429 3548 ﬂagellavit
2452 3496 2548 3535 nos
2570 3524 2585 3546 ,
2614 3491 2667 3537 et
2691 3483 2879 3539 afﬂixit
2903 3501 3020 3553 nos,
3047 3497 3101 3543 et
3129 3488 3379 3544 contrivit
3400 3505 3499 3546 nos
3523 3509 3537 3545 :
3566 3501 3721 3561 patet

2145 3578 2243 3622 est.
2279 3568 2405 3635 Fili,
2435 3571 2477 3626 si
2507 3572 2716 3642 ploras,
2748 3575 2847 3629 sub
2873 3587 3022 3645 patre
3060 3579 3243 3647 plora;
3287 3580 3395 3635 noli
3423 3596 3545 3637 cum
3576 3580 3717 3638 indi-

2143 3662 2391 3725 gnatione
2415 3705 2428 3726 ,
2461 3663 2565 3717 noli
2593 3680 2712 3719 cum
2752 3668 2914 3737 typho
2952 3670 3235 3739 superbiae.
3281 3670 3436 3740 Quod
3481 3676 3716 3745 pateris,

2147 3750 2285 3806 unde
2330 3752 2553 3823 plangis,
2594 3756 2852 3811 medicina
2895 3768 3014 3827 est,
3046 3776 3151 3816 non
3202 3778 3396 3831 pcena;
3439 3765 3719 3837 castigatio

2144 3852 2259 3907 est,
2290 3858 2399 3899 non
2425 3846 2714 3903 damnatio.
2745 3849 2864 3905 Noli
2903 3852 3164 3921 repellere
3201 3854 3463 3929 ﬂagellum
3485 3900 3502 3924 ,
3533 3859 3578 3914 si
3608 3875 3714 3916 non

2144 3935 2223 3987 vis
2250 3934 2433 4005 repelli
2458 3936 2527 3992 ab
2555 3938 2862 3997 htereditate
2894 3961 2908 3998 :
2942 3944 3051 3998 noli
3091 3946 3370 4003 attendere
3407 3964 3566 4020 quam
3597 3966 3715 4021 pta—

2144 4040 2264 4078 nam
2287 4025 2482 4082 habeas
2497 4029 2547 4083 in
2567 4027 2794 4100 ﬂagello,
2817 4032 2911 4087 sed
2925 4049 3081 4104 quem
3103 4035 3277 4092 locum
3300 4039 3352 4093 in
3375 4049 3712 4097 testamento.

2144 4114 2289 4169 Sicut
2316 4118 2580 4172 miseratur
2603 4123 2745 4191 pater
2764 4123 2899 4192 filios
2917 4167 2932 4192 ,
2964 4126 3036 4179 sic
3067 4129 3326 4184 miseratus
3362 4142 3435 4187 est
3464 4131 3714 4190 Dominus

2142 4206 2367 4260 timentes
2392 4223 2525 4262 eum.
2860 4214 2864 4221 ”

2211 4296 2298 4351 21.
2340 4296 2506 4370 [νει-δ.
2539 4298 2668 4374 ιι]
2714 4303 2961 4370 Quoniam
2999 4310 3109 4378 ipse
3150 4314 3375 4381 cognouit
3420 4314 3714 4384 ﬁgmentum

2142 4398 2404 4443 nostrum:
2427 4388 2477 4445 id
2493 4400 2593 4454 est,
2609 4392 2969 4451 inﬁrmitatem
2992 4408 3246 4454 nostram.
3268 4401 3417 4456 Novit
3432 4405 3559 4473 quid
3580 4405 3715 4461 fece-

2141 4480 2226 4541 rit,
2255 4481 2520 4548 quomodo
2556 4482 2760 4554 lapsum
2803 4487 2903 4550 sit,
2926 4491 3193 4559 quomodo
3232 4494 3570 4550 reﬁciendum
3611 4499 3711 4563 sit,

2139 4569 2405 4637 quomodo
2440 4571 2793 4643 adoptandum
2844 4578 2951 4644 sit,
2994 4581 3260 4651 quomodo
3300 4584 3574 4642 ditandum
3623 4590 3713 4643 sit.

2140 4657 2279 4714 Ecce
2301 4660 2420 4717 facti
2447 4678 2630 4721 sumus
2650 4667 2716 4721 de
2743 4666 2872 4722 limo
2901 4687 2914 4723 :
2945 4668 3149 4726 Primus
3170 4676 3318 4728 homo
3341 4676 3405 4734 de
3427 4685 3581 4744 terra,
3610 4688 3713 4734 ter-

2138 4766 2326 4817 renus;
2353 4755 2599 4810 secundus
2641 4756 2788 4812 homo
2825 4761 2890 4814 de
2929 4762 3075 4827 creto,
3106 4764 3316 4819 cwlestis
3354 4765 3409 4839 (l
3433 4766 3551 4822 Cor.
3603 4787 3708 4836 xv,

2138 4841 2263 4911 47).
2295 4842 2436 4899 Misit
2467 4855 2520 4900 et
2563 4846 2750 4902 Filium
2796 4864 2984 4918 suum,
3015 4854 3104 4922 qui
3131 4853 3299 4909 factus
3324 4867 3404 4911 est
3446 4860 3713 4918 secundus

2141 4932 2299 4989 Immo
2319 4976 2331 4997 ,
2375 4937 2466 5007 qui
2491 4948 2613 4993 ante
2641 4941 2818 4996 omnia
2837 4943 3005 4999 Deus.
3033 4944 3308 5002 Secundus
3335 4948 3475 5003 enim
3513 4951 3566 5005 in
3612 4952 3711 5007 ad-

2138 5038 2326 5095 ventu,
2377 5031 2522 5098 prior
2563 5033 2615 5087 in
2660 5034 2827 5089 reditu
2857 5053 2870 5089 :
2900 5046 3020 5105 post
3065 5038 3269 5095 multos
3308 5052 3545 5098 mortuus
3588 5056 3710 5108 est.

2135 5128 2259 5171 ante
2283 5135 2468 5175 omnes
2503 5125 2808 5179 resurrexit.
2858 5126 2978 5192 Ipse
3014 5130 3241 5198 cognovit
3278 5130 3571 5201 ﬁgmentum
3618 5152 3711 5189 no.

2135 5218 2291 5261 atrum
2317 5227 2335 5262 :
2364 5211 2503 5281 quod
2558 5213 2906 5283 ﬁgmentum?
2942 5217 3067 5274 Nos.
3123 5216 3273 5276 Unde
3316 5223 3549 5294 loqueris
3585 5228 3709 5297 quia

2136 5301 2412 5366 cognovit?
2437 5300 2567 5368 Quia
2594 5308 2871 5362 miseratus
2897 5319 2996 5364 est.
3025 5308 3277 5367 Memento
3298 5316 3417 5384 quia
3440 5317 3607 5387 puluis
3619 5336 3710 5374 su-

2136 5404 2265 5441 ntus.
2291 5389 2367 5442 Ad
2401 5390 2570 5460 ipsum
2599 5393 2763 5451 Deum
2792 5412 3081 5457 conversus
3107 5404 3181 5458 ait
3203 5447 3218 5471 ,
3252 5404 3525 5471 Memento,
3553 5414 3708 5480 quasi

2135 5479 2478 5536 obliviscatur
2516 5480 2654 5538 Dens
2683 5504 2697 5539 :
2725 5488 2802 5543 sic
2828 5493 3132 5560 cognoscit,
3166 5496 3243 5551 sic
3291 5499 3466 5563 novit,
3498 5479 3706 5557 utnon

2134 5569 2489 5627 obliviscatur.
2545 5573 2649 5631 Sed
2697 5579 2822 5648 quid
2872 5591 2992 5649 est,
3051 5584 3347 5642 Memento?
3391 5588 3707 5648 Perseveret

2135 5677 2258 5732 erga
2285 5678 2380 5719 nos
2408 5665 2770 5725 misericordia
2798 5680 2904 5726 tua.
2930 5672 3232 5746 Cognovisti
3269 5679 3577 5751 ﬁgmentum
3604 5700 3706 5739 no-

2137 5765 2305 5813 strum
2336 5757 2562 5830 quodam
2590 5760 2785 5832 modo;
2810 5779 2875 5822 uc
2904 5765 3229 5827 obliviscaris
3265 5771 3571 5849 ﬁgmentum
3604 5790 3699 5833 no-
