4012 6202
293 350 431 407 1535

290 478 453 523 stram
475 506 488 527 ,
521 479 589 518 ne
607 461 982 515 obliviscamur
1006 454 1231 527 gratiam
1263 460 1425 506 tuam.
1459 446 1708 502 Memento
1734 443 1853 515 quia

294 558 447 631 pulsis
469 570 661 609 sumus.
1164 554 1167 559 ‘

354 648 444 701 2‘2.
470 645 634 719 [κη.
680 640 801 715 15.]
836 640 1034 704 Homo,
1067 649 1304 705 tanquam
1342 634 1512 703 fenum
1550 631 1656 684 dies
1693 627 1853 682 illius.

292 738 542 793 Attendat
576 734 702 805 quid
727 735 798 789 sit
824 732 1013 792 homo;
1049 744 1155 783 non
1180 725 1450 796 superbiat
1485 721 1645 776 homo
1675 736 1690 773 :
1737 728 1855 771 tan-

290 848 433 900 quam
456 832 630 903 fenum
649 828 756 881 dies
776 826 933 882 illius.
956 822 1090 892 Quid
1112 819 1348 888 superbit
1372 816 1551 870 fenum
1577 811 1734 867 utodo
1755 804 1881 865 tlo-'

291 940 409 983 fctis
432 902 463 985 ,ν
488 931 611 992 post
641 920 907 989 paululum
937 911 1222 970 arcseens?
1260 907 1386 981 quid
1412 905 1648 976 superbit
1678 902 1854 959 fenum

276 1020 351 1069 ad
393 1027 605 1082 tempus
629 1013 805 1066 virens
836 1010 851 1042 ¹
883 1050 898 1072 ,
931 1017 984 1062 et
1009 1008 1109 1061 hoc
1134 1004 1201 1058 ad
1231 1016 1453 1072 parvum
1482 1007 1688 1065 tempus
1712 1037 1728 1061 ,
1759 994 1856 1049 do-

294 1124 385 1162 nec
412 1107 490 1161 sol
517 1102 837 1159 candescat?
870 1094 1075 1154 Bonum
1102 1104 1185 1152 est
1211 1108 1338 1164 ergo
1362 1091 1516 1146 nobis
1550 1097 1611 1145 ut
1647 1087 1858 1141 miscri-

292 1199 462 1252 eordia
489 1198 655 1267 ipsius
679 1195 747 1248 sit
775 1207 935 1260 super
960 1204 1056 1245 nos
1077 1231 1091 1251 .
1134 1197 1187 1242 et
1210 1187 1277 1242 de
1302 1185 1424 1241 feno
1449 1197 1635 1237 aurum
1678 1179 1855 1235 faciat.

292 1292 415 1346 Nam
446 1292 599 1343 homo
618 1332 633 1355 ,
662 1299 897 1354 tanquam
927 1284 1099 1354 fenum
1125 1282 1230 1334 dies
1256 1280 1405 1349 ejus;
1434 1277 1560 1330 sicut
1582 1276 1678 1343 flos
1706 1272 1818 1342 agri
1838 1312 1856 1336 ,

293 1385 356 1435 ita
390 1381 648 1452 eﬁIm‘ebit.
680 1378 843 1432 Totus
867 1373 1119 1444 splendor
1157 1369 1366 1440 generis
1412 1365 1660 1429 humani;
1689 1363 1857 1416 hono-

296 1489 393 1535 res,
417 1480 711 1541 potestates
733 1512 748 1533 ,
776 1468 992 1526 divitim,
1024 1463 1191 1533 typhi,
1218 1461 1377 1514 minae
1398 1460 1419 1490 ⁸
1449 1500 1464 1523 ,
1494 1455 1591 1511 llos
1621 1454 1724 1531 feni
1754 1460 1856 1507 est.

295 1565 466 1619 Floret
508 1563 598 1618 illa
626 1562 847 1622 domus,
881 1569 934 1612 et
978 1570 1163 1623 magna
1209 1553 1294 1607 illa
1323 1551 1545 1613 domus,
1577 1547 1732 1600 ﬂoret
1772 1544 1859 1598 illa

295 1656 481 1710 fantilia
509 1671 524 1717 ;
556 1663 611 1708 et
649 1665 806 1721 quam
841 1648 985 1725 multi
1032 1647 1220 1700 ﬂorent
1245 1644 1265 1675 ³
1295 1685 1310 1707 ,
1342 1649 1434 1695 aut
1479 1652 1634 1708 quam
1682 1636 1860 1689 multis

294 1748 443 1801 annis
480 1743 706 1798 vivunt?
744 1741 885 1795 Multi
927 1738 1051 1792 anni
1096 1736 1222 1798 tibi;
1274 1734 1435 1787 breve
1473 1742 1682 1798 tempus
1728 1726 1856 1781 Deo.

299 1841 428 1893 Deus
452 1852 557 1891 non
580 1838 655 1890 sic
686 1842 946 1898 numerat,
973 1828 1240 1901 quomodo
1262 1837 1314 1881 tu
1336 1838 1605 1880 numeras.
1637 1820 1689 1873 In
1710 1832 1860 1874 com-

296 1927 866 1999 parationelongorum
904 1931 958 1979 et
999 1924 1156 1991 longe
1185 1916 1474 1973 viventium
1505 1912 1815 1968 saeculorum
1844 1951 1857 1973 ,

297 2024 463 2101 culinis
504 2022 603 2075 ﬂos
644 2020 897 2089 cujusque
940 2016 1128 2071 domus
1170 2014 1247 2068 sic
1284 2021 1400 2073 est,
1454 2005 1721 2079 quomodo
1763 2005 1861 2059 ﬂos

298 2115 420 2183 agri.
456 2099 552 2167 Vix
601 2120 681 2166 est
710 2126 883 2166 annua
925 2109 1099 2163 omnis
1143 2104 1475 2175 pulchritudo
1519 2101 1659 2155 anni.
1693 2099 1858 2167 Quid-

298 2206 410 2273 quid
439 2207 508 2258 ibi
539 2206 712 2274 viget,
732 2200 988 2272 quidquid
1014 2200 1083 2252 ibi
1106 2197 1329 2261 candet,
1363 2192 1614 2264 quidquid
1646 2192 1715 2245 ibi
1747 2189 1862 2259 pul-

298 2298 472 2349 chrum
498 2304 600 2357 est,
648 2309 752 2349 non
799 2299 1053 2362 perarmat
1078 2289 1134 2352 λς
1173 2289 1281 2341 imo
1323 2301 1417 2355 per
1458 2291 1624 2339 totum
1663 2296 1859 2334 annum

299 2386 408 2438 duci
464 2401 568 2439 non
612 2394 804 2455 potest.
850 2383 1018 2449 Quam
1068 2379 1257 2449 exiguo
1306 2390 1541 2444 tempore
1590 2379 1865 2428 transeunt

301 2478 470 2541 flores,
494 2488 547 2531 et
572 2477 673 2531 hoc
696 2486 777 2531 est
803 2473 1076 2545 puicbrum
1109 2471 1161 2524 in
1188 2469 1388 2524 herbis.
1414 2468 1524 2522 Hoc
1550 2465 1689 2535 quod
1711 2464 1863 2518 valde

302 2570 569 2635 pulchrum
598 2558 713 2630 est,
746 2565 848 2619 hoc
888 2563 994 2619 cito
1036 2561 1194 2615 cadit.
1234 2579 1252 2610 ι
1285 2557 1468 2613 Omnis
1494 2571 1619 2611 caro
1649 2558 1825 2609 fenum
1846 2595 1862 2619 ,

301 2669 347 2711 ct
374 2659 585 2711 claritas
614 2655 844 2709 hominis
874 2663 929 2708 ut
957 2652 1053 2707 llos
1084 2653 1208 2705 feni.
1237 2648 1449 2704 Fenum‘
1479 2647 1617 2700 aruit
1641 2685 1655 2711 ,
1685 2653 1739 2700 et
1766 2644 1864 2699 llos

302 2748 523 2803 decidit:
557 2746 785 2802 Verbum
813 2755 986 2800 autem
1030 2736 1232 2797 Domini
1264 2746 1441 2793 manet
1467 2738 1519 2791 in
1549 2745 1806 2791 maternum
1839 2754 1860 2787 ›

288 2836 461 2908 μιαί.
494 2853 594 2902 χι,
639 2835 925 2906 ϐο8).ρυίει
970 2847 1098 2903 ergo
1149 2829 1417 2900 quomodo
1464 2827 1620 2883 Pater
1671 2841 1868 2894 cogno-

305 2930 367 2982 rit
405 2929 711 2998 figmentum
752 2935 1026 2988 nostrum,
1070 2923 1189 2991 quia
1218 2920 1399 2975 fenum
1440 2931 1660 2983 sumus,
1705 2923 1759 2971 et
1799 2914 1865 2969 ad

309 3033 500 3086 tempus
527 3020 721 3076 ﬂorere
750 3030 1055 3087 possumus;
1087 3012 1225 3066 misit
1254 3010 1407 3064 nobis
1437 3007 1664 3063 Verbum
1689 3021 1864 3068 suum,

307 3126 351 3171 et
378 3114 605 3170 Verbum
635 3127 787 3166 suum
818 3107 957 3178 quod
987 3113 1164 3160 manet
1190 3103 1243 3157 in
1269 3113 1549 3167 :rternum,
1579 3098 1701 3153 feno
1729 3097 1868 3167 quod

310 3225 401 3262 non
449 3214 632 3260 manet
669 3184 1006 3257 inveteratum
1048 3195 1260 3250 fratrem
1312 3192 1437 3248 fecit
1478 3199 1708 3245 :natura
1735 3188 1868 3244 Uni-

309 3303 528 3371 genitum
551 3342 566 3366 ,
594 3297 809 3352 unicum
839 3302 1017 3347 natum
1056 3289 1123 3346 de
1169 3287 1460 3344 substantia
1508 3299 1603 3340 sua
1651 3282 1867 3338 fratrem

309 3393 559 3463 adaptatis
588 3398 667 3445 tot
693 3387 944 3444 fratribus
986 3383 1128 3438 fecit.
1156 3379 1272 3437 Noli
1310 3376 1492 3433 mirari
1534 3376 1653 3447 quia
1704 3374 1867 3444 partio

312 3501 424 3557 reps
450 3485 557 3540 eris
581 3478 891 3537 aeternitatis
919 3475 1092 3536 illius;
1122 3474 1292 3527 factus
1317 3479 1400 3525 est
1425 3469 1536 3539 ipse
1565 3466 1710 3536 prior
1743 3481 1868 3536 par-

313 3550 466 3646 ticeps
493 3573 598 3629 feni
628 3571 723 3628 tui.
753 3567 906 3643 Quod
940 3564 1320 3621 excelsumest
1341 3576 1370 3615 a
1399 3567 1449 3614 te
1475 3601 1489 3624 ,
1523 3550 1613 3612 tibi
1643 3557 1873 3625 denega-

314 3667 379 3719 bit
396 3708 411 3729 ,
432 3666 520 3734 qui
545 3662 688 3734 quod
719 3660 915 3714 humile
939 3664 1054 3712 erat
1078 3670 1143 3709 cx
1169 3664 1219 3708 te
1239 3649 1510 3719 suscepit?
1537 3646 1676 3718 Ergo
1701 3650 1871 3708 homo,

316 3766 554 3823 quantum
584 3756 650 3808 ad
672 3752 941 3807 hominem
967 3747 1153 3802 attinet
1176 3787 1192 3812 ,
1222 3744 1349 3799 sicut
1377 3746 1547 3812 fenum
1573 3739 1677 3792 dies
1719 3738 1827 3808 ejus
1854 3752 1873 3800 ;

318 3854 435 3904 sicut
454 3851 560 3920 'ﬂos
589 3847 721 3919 agri,
749 3845 820 3897 ita
843 3840 1057 3913 ﬂorebit.

379 3944 462 3998 23.
492 3942 658 4017 [ven
683 3938 769 3994 l6.
793 3936 814 4011 ]
844 3934 1093 4002 Quoniam
1125 3929 1328 4000 spiritus
1360 3920 1676 3994 pertransibit
1702 3920 1752 3973 in
1779 3935 1835 3973 eo
1858 3959 1874 3984 ,

320 4045 361 4087 ct
404 4013 512 4088 non‘
544 4032 671 4096 erit,
726 4039 772 4083 et
817 4043 917 4080 non
961 4027 1219 4093 cognoscet
1255 4013 1472 4086 amplius
1505 4014 1672 4066 locum
1707 4026 1872 4063 suum.

323 4125 470 4192 Quasi
495 4121 720 4193 perditio
745 4116 1006 4189 qumdam,
1032 4109 1180 4181 quasi
1207 4104 1449 4162 interitus
1473 4100 1704 4173 quidam.
1742 4099 1878 4152 Ecce

324 4188 403 4284 qui
427 4230 483 4269 se
499 4188 656 4267 inﬂat
676 4252 690 4272 ,
721 4188 846 4264 ecce
865 4200 958 4277 qui
994 4209 1198 4264 tumet,
1239 4210 1366 4252 ecce
1398 4194 1487 4264 qui
1532 4207 1594 4247 se
1629 4188 1833 4245 extollit
1861 4231 1876 4251 ,

326 4306 538 4378 Spiritus
562 4301 858 4374 pertransiet
875 4297 929 4351 in
957 4311 1014 4348 eo
1033 4336 1047 4357 ,
1065 4302 1111 4347 et
1136 4308 1242 4347 non
1271 4288 1362 4342 erit
1381 4327 1395 4351 ,
1422 4294 1469 4339 et
1494 4299 1593 4337 non
1617 4289 1878 4352 cognoscet

328 4374 537 4465 amplius
560 4395 725 4448 locum
760 4405 925 4465 suum.
970 4384 1156 4440 Videte
1198 4378 1435 4451 quotidie
1481 4374 1800 4436 morientes;
1831 4381 1883 4423 et

330 4460 425 4544 hoc
445 4489 541 4544 erit
569 4495 765 4551 totum,
810 4460 923 4550 ipse
949 4479 1050 4534 erit
1080 4476 1218 4530 linis.
1262 4472 1376 4527 Non
1418 4467 1701 4538 alloquitur
1738 4464 1879 4517 enim

330 4581 495 4635 fenum
518 4621 534 4647 ,
562 4578 656 4633 sed
698 4583 912 4645 propter
948 4569 1087 4640 quod
1130 4577 1189 4623 et
1214 4565 1440 4619 Verbum
1478 4560 1652 4614 fenum
1687 4556 1881 4610 factum

329 4682 419 4727 est.
443 4646 525 4726 Tu
548 4671 688 4725 cnim
719 4667 906 4727 homo;
935 4671 1148 4733 propter
1180 4668 1228 4713 te
1254 4666 1432 4711 autem
1463 4661 1517 4706 et
1548 4647 1779 4704 Verbum
1808 4646 1882 4699 fa-

331 4773 459 4816 ctum
485 4771 565 4817 est
594 4760 755 4813 homo
786 4776 799 4810 :
832 4764 885 4809 tu
912 4767 1063 4812 euro,
1103 4759 1153 4804 et
1186 4755 1399 4817 propter
1426 4752 1476 4797 te
1507 4739 1736 4795 Verbum
1763 4752 1886 4792 caro

333 4854 514 4907 factum
547 4860 647 4907 est.
681 4850 857 4904 Omnis
883 4862 1001 4898 caro
1022 4847 1210 4912 fenum,
1241 4848 1285 4892 et
1319 4834 1535 4890 Verbum
1559 4847 1677 4885 caro
1701 4837 1775 4882 est
1804 4831 1887 4899 fa-

334 4955 458 4996 ctnnt
490 4941 667 5011 (Joan.
696 4938 875 5006 1,14).
908 4936 1114 5003 Quanta
1155 4944 1284 5000 ergo
1326 4942 1447 4997 spes
1492 4924 1632 4990 feni,
1677 4920 1890 4992 quando

340 5034 554 5087 Verbum
580 5047 705 5086 caro
734 5028 969 5083 factum?
999 5023 1130 5079 Illud
1161 5019 1302 5092 quod
1332 5026 1506 5072 manet
1533 5016 1585 5069 in
1608 5025 1889 5078 aeternum,

337 5140 431 5176 non
458 5123 795 5192 dedignatum
810 5128 900 5198 ‘est
917 5114 1186 5186 suscipere
1208 5097 1406 5174 fenum,
1434 5122 1500 5163 ne
1528 5106 1594 5161 de
1619 5119 1678 5159 se
1705 5102 1892 5172 despe-

341 5225 470 5269 raret
507 5214 707 5269 fenum.

401 5306 486 5361 ‘24.
516 5304 677 5378 [ven
710 5298 833 5371 17.]
865 5298 1004 5368 Ergo
1030 5294 1167 5367 qttod
1195 5292 1260 5346 ad
1302 5300 1351 5346 te
1379 5288 1607 5344 altendis
1630 5327 1645 5352 ,
1678 5283 1895 5338 humili-

353 5406 499 5452 tatem
521 5375 669 5451 tuam
712 5393 880 5462 cogita
901 5432 913 5451 .
948 5389 1215 5459 pulverem
1245 5394 1388 5437 tutnu
1427 5381 1599 5451 cogita
1625 5394 1640 5442 ;
1670 5375 1776 5431 noli
1806 5391 1897 5429 ex-

400 5535 417 5567 ⁶
448 5536 520 5585 sic
538 5531 722 5595 aliquot
733 5525 945 5595 Mssnslil
966 5537 1073 5595 cum
1097 5522 1228 5580 ἰωὰ,
1256 5518 1429 5595 t'igetts.

401 5599 419 5628 ²
449 5575 745 5651 ἦῶἷῖιῖἰᾶξ
757 5575 961 5651 additur,
980 5593 1185 5651 tumores
1206 5575 1225 5632 έ
1239 5575 1377 5651 quod,
1393 5593 1430 5651 a_
1440 5585 1545 5651 ttss.
1571 5575 1726 5651 abest.
1770 5630 1905 5651 mum

403 5658 422 5688 ⁸
620 5630 961 5717 Elii;
982 5630 1179 5708 'fl'or'ctf
1203 5630 1385 5705 Aliquot
1418 5647 1542 5697 Mss,
1584 5648 1725 5700 quant
1770 5630 1905 5683 multi

343 5718 521 5774 ﬂorent,
545 5724 637 5765 ete.

404 5782 422 5812 ⁸
447 5775 752 5829 Melius‘furte
773 5789 783 5823 :
813 5776 1053 5836 perennat.

1389 327 1781 385 ENARRATIO
1819 322 1883 379 ΙΝ
1923 314 2235 377 Ρελιλιωι
2274 317 2383 373 Cll.

3394 310 3532 369 1⁸554·

1961 439 2070 495 tolli
2096 457 2108 492 :
2130 436 2379 509 quidquid
2422 434 2612 490 melius
2630 434 2756 499 eris,
2782 434 2951 504 gratia
2979 431 3119 487 illius
3147 430 3250 486 eris
3273 471 3289 497 ,
3321 431 3527 486 miseri.

1956 530 2133 586 cordia
2172 529 2310 583 illius
2356 529 2483 581 eris.
2512 525 2645 579 Audi
2676 527 2815 580 enim
2846 523 2986 593 quod
3014 523 3292 593 sequitur:
3330 514 3525 575 Miseri-

1935 638 1943 653 τ
1956 621 2126 675 cordia
2138 636 2249 673 vero
2266 617 2467 670 Domini
2483 617 2533 669 in
2547 616 2729 671 saeculo
2743 625 2790 669 et
2802 615 2855 669 in
2874 614 3292 681 saeculum,super
3304 613 3524 667 timentes

1957 729 2087 766 eum.
2122 711 2223 778 Qui
2250 724 2353 764 non
2382 707 2579 763 timetis
2596 722 2738 773 eum,
2768 695 2945 761 fenum
2967 748 2983 772 ,
3030 713 3087 760 et
3113 704 3163 759 in
3206 703 3325 759 feno
3352 746 3366 770 ,
3395 713 3449 759 et
3478 704 3525 759 in

1961 813 2222 858 tormento
2263 816 2382 856 cum
2428 799 2548 855 feno
2586 799 2736 853 eritis
2772 816 2786 851 :
2828 806 3069 869 resurget
3109 796 3253 851 enim
3301 812 3425 852 caro
3464 796 3527 852 ad

1961 892 2590 949 tormentum.Gaudeaot
2618 889 2694 945 illi
2719 888 2808 960 qui
2839 889 3023 943 timent
3046 903 3188 951 eum,
3219 889 3343 960 quia
3373 901 3528 957 super

1959 1003 2052 1043 cos
2088 984 2449 1043 misericordia
2479 983 2613 1052 ejus.
3294 972 3297 975 ’

2031 1078 2118 1133 9.3.
2150 1076 2308 1151 [vers.
2338 1077 2421 1131 18.
2450 1074 2470 1148 J
2504 1073 2567 1128 Et
2585 1073 2788 1146 justitia
2813 1072 2922 1142 ejus
2948 1086 3098 1142 super
3123 1071 3254 1139 ﬁlios
3279 1070 3504 1139 ﬁliorum

1961 1168 2376 1223 Retributioncm
2404 1166 2554 1231 dicit,
2584 1180 2733 1233 super
2758 1160 2891 1233 ﬁlios
2917 1162 3159 1230 ﬁliorum.
3187 1160 3355 1227 Quam
3380 1160 3531 1213 multi

1960 1272 2084 1315 sunt
2106 1261 2243 1315 servi
2276 1260 2364 1314 Dei
2389 1273 2493 1311 non
2521 1256 2776 1311 habentes
2796 1254 2955 1313 filios.
2982 1260 3179 1323 quanto
3201 1251 3377 1306 minus
3396 1251 3526 1319 ﬁlios

1962 1352 2223 1419 ﬁliorum?
2252 1349 2344 1404 sed
2372 1349 2506 1403 ﬁlios
2534 1356 2743 1401 nostros
2788 1345 2915 1401 dicit
2946 1359 3105 1414 opera
3152 1328 3366 1407 nostra;
3395 1342 3528 1410 ﬁlios

1962 1443 2203 1511 ﬁtiorum,
2231 1440 2529 1495 mercedem
2572 1452 2792 1508 operum
2820 1444 3141 1491 nostrorum.
3181 1434 3388 1487 Iustitia
3415 1434 3523 1503 ejus

1961 1550 2110 1602 super
2136 1532 2267 1601 ﬁlios
2306 1530 2558 1599 ﬁliorum,
2599 1524 2985 1581 custodientibus
3021 1531 3367 1579 testamentum
3402 1522 3529 1592 ejus.

1962 1624 2186 1679 Videant
2213 1637 2279 1676 ne
2300 1629 2486 1691 putent
2507 1632 2692 1673 omnes
2711 1617 2777 1671 ad
2799 1630 2857 1672 se
2877 1615 3141 1686 pertinere
3162 1613 3303 1695 quod
3332 1611 3529 1667 dictum

1963 1725 2043 1769 est
2084 1731 2100 1769 ε
2132 1714 2362 1783 eligant,
2409 1726 2529 1766 cum
2576 1710 2714 1764 licet.
2748 1705 3146 1762 Custodientibus
3170 1744 3185 1770 ,
3231 1703 3427 1773 inquit,
3460 1713 3531 1758 te-

1961 1804 2258 1860 siamentunt
2282 1806 2390 1874 ejus
2414 1844 2429 1869 ,
2459 1813 2506 1857 et
2530 1801 2768 1855 memoria
2795 1797 3114 1853 retinentibus
3137 1795 3373 1848 mandata
3400 1795 3531 1865 ejus,

1963 1908 2017 1951 ut
2046 1899 2232 1966 faciant
2259 1913 2337 1950 ea.
2366 1896 2482 1949 Jam
2523 1903 2574 1948 te
2608 1891 2927 1961 disponebas
2964 1887 3353 1951 cxtollere,~et
3400 1886 3534 1940 forte
3572 1890 3587 1901 ’

1963 1987 2187 2042 reddere
2227 1986 2355 2040 mihi
2401 1983 2712 2039 Psalterium
2735 2024 2749 2047 ,
2784 1979 2926 2051 quod
2955 1994 3054 2050 ego
3083 1993 3187 2032 non
3229 1987 3415 2042 teneo,
3444 1982 3538 2029 aut

1965 2089 2126 2132 totam
2157 2077 2347 2147 Legem
2392 2075 2697 2130 memoriter
2739 2072 3103 2143 pronuntiare.
3137 2070 3299 2124 Plane
3334 2068 3385 2121 in
3417 2081 3534 2123 nte-

1965 2170 2127 2223 moria
2161 2169 2346 2221 melior
2374 2183 2480 2231 me,
2513 2158 2705 2220 melior'
2727 2163 2912 2234 quovis
2951 2162 3122 2231 justo,
3167 2159 3209 2214 si
3248 2158 3424 2229 justus
3468 2157 3533 2212 ad

1965 2261 2181 2315 verbum
2214 2261 2405 2328 Legem
2436 2272 2543 2311 non
2569 2264 2712 2311 tenet
2744 2274 2757 2308 :
2790 2253 2883 2309 sed
2919 2253 3037 2307 vide
3060 2260 3119 2305 ut
3156 2256 3417 2320 prmeepta
3460 2256 3535 2302 te-

1967 2368 2111 2405 neas.
2140 2351 2244 2406 Sed
2270 2348 2549 2420 quomodo
2563 2346 2783 2401 teneas?
2812 2344 2928 2399 Non
2956 2341 3210 2398 memoria
3229 2382 3244 2408 ,
3276 2339 3371 2394 sed
3407 2339 3534 2393 vita.

1966 2444 2213 2509 Memoria
2237 2439 2561 2496 retinentibus
2576 2438 2813 2492 mandata
2833 2438 2941 2508 ejus
2964 2452 2982 2489 :
3005 2450 3107 2488 non
3127 2441 3181 2485 ut
3198 2430 3421 2486 reddant
3438 2443 3534 2493 ea;

1966 2535 2057 2590 sed
2074 2576 2089 2599 ,
2114 2546 2168 2588 ut
2189 2534 2377 2603 faciant
2402 2547 2479 2585 ea.
2506 2530 2622 2585 Jam
2649 2530 2783 2584 forte
2810 2525 2967 2580 modo
2989 2522 3325 2594 perturbatur
3353 2520 3537 2574 unius-

1966 2627 2223 2695 cujusque
2251 2624 2448 2677 anima.
2480 2621 2608 2689 Quis
2630 2626 2773 2673 tenet
2790 2617 2967 2671 omnia
2995 2611 3238 2669 mandata
3267 2610 3538 2681 Dei?quis

1969 2726 2114 2772 tenet
2142 2730 2329 2771 omnes
2354 2714 2581 2777 Litteras
2607 2710 2736 2766 Dei?
2768 2709 2907 2763 Ecce
2933 2707 3055 2761 volo
3081 2720 3189 2759 non
3230 2701 3402 2759 solum
3430 2716 3540 2756 me-

1968 2808 2135 2862 moria
2163 2816 2374 2871 tepere,
2403 2803 2497 2859 sed
2523 2811 2577 2858 et
2605 2800 2854 2870 operibus
2886 2798 3017 2852 meis
3052 2794 3225 2850 facere
3266 2812 3278 2849 :
3305 2790 3399 2847 scd
3421 2790 3541 2861 quis

1970 2907 2114 2953 tenet
2152 2897 2327 2951 omnia
2369 2893 2662 2949 memoria?
2691 2890 2805 2945 Noli
2838 2890 3055 2949 timere;
3097 2900 3202 2939 non
3248 2895 3297 2938 te
3335 2887 3541 2936 onerat.

1969 2989 2037 3043 In
2071 2987 2265 3042 duobus
2306 2985 2569 3057 praeceptis
2613 2991 2715 3036 tota
2756 2981 2864 3033 Lex
2907 2977 3125 3049 pendet,
3172 2983 3218 3029 et
3270 2971 3559 3047 Prophetas
3592 2970 3595 2977 '

1971 3080 2190 3153 (Matth.
2230 3094 2373 3144 χχιι,
2404 3076 2537 3149 40).
2582 3073 2685 3130 Sed
2725 3082 2888 3127 totam
2936 3071 3129 3140 Legem
3177 3067 3297 3121 volo
3336 3074 3540 3120 tenere.

1970 3172 2116 3227 Tene
2133 3211 2147 3234 ,
2174 3171 2217 3226 si
2246 3178 2395 3239 potes
2413 3208 2428 3232 ,
2450 3164 2656 3237 quando
2684 3171 2852 3234 potes,
2872 3158 3137 3243 quomodo
3156 3167 3327 3237 potes.
3350 3156 3544 3223 Quam-

1970 3278 2196 3334 cumque
2225 3261 2466 3332 paginam
2506 3257 2942 3326 interrogavcris,
2991 3252 3092 3305 hoc
3122 3250 3212 3305 tibi
3255 3244 3543 3316 responde-

1972 3356 2050 3412 bit
2077 3373 2090 3408 :
2123 3353 2271 3423 Quod
2301 3362 2448 3406 tenes
2466 3390 2481 3414 ,
2517 3361 2634 3402 tene
2660 3365 2674 3412 ;
2704 3345 3014 3401 charitatcm
3044 3350 3165 3396 tene
3193 3358 3206 3394 :
3236 3337 3380 3392 Finis
3410 3352 3545 3406 pra:-

1964 3448 2101 3517 .cepti
2129 3454 2199 3500 est
2223 3444 2440 3499 charitas
2467 3441 2525 3514 (l
2556 3439 2687 3494 Tim.
2722 3455 2771 3503 ι,
2803 3437 2895 3507 5).
2924 3435 3039 3510 Noli
3060 3433 3292 3503 cogitare
3317 3432 3384 3485 dc
3404 3429 3548 3484 mul-

1975 3540 2196 3595 titudine
2227 3549 2532 3597 ramorum;
2562 3533 2792 3586 radicem
2836 3539 2980 3592 tene,
3021 3537 3074 3582 et
3107 3536 3212 3580 tota
3240 3524 3397 3578 arbor
3424 3522 3475 3576 in
3498 3529 3551 3574 te

1974 3643 2077 3688 est.
2099 3631 2164 3684 Et
2185 3628 2423 3684 memoria
2445 3625 2766 3679 retinentibus
2783 3620 3021 3674 mandata
3046 3619 3157 3688 ejus
3170 3626 3225 3671 ut
3253 3616 3441 3686 faciant
3468 3629 3544 3665 ea.

2044 3724 2134 3778 26.
2175 3721 2339 3795 [uers.
2383 3716 2505 3789 l9.]
2549 3715 2792 3769 Dominus
2834 3712 3027 3782 parauit
3054 3710 3106 3762 in
3149 3708 3272 3761 caelo
3318 3706 3551 3759 thronum

1974 3832 2140 3869 suum.
2169 3814 2295 3880 Quis
2315 3855 2328 3875 ,
2364 3809 2462 3864 nisi
2487 3806 2729 3861 Christus
2752 3844 2767 3866 .
2803 3801 3010 3872 paravit
3052 3801 3102 3854 in
3132 3798 3271 3853 ctelo
3301 3795 3549 3850 thronum

1977 3902 2165 3957 suum?
2188 3901 2285 3968 Qui
2313 3895 2579 3953 descendit
2609 3903 2664 3948 et
2705 3890 2943 3946 ascendit
2966 3930 2982 3953 ,
3007 3887 3096 3958 qui
3127 3894 3368 3940 mortuus
3392 3892 3474 3938 est
3498 3893 3554 3937 et

1981 3992 2294 4053 resurrexit,
2325 3988 2412 4058 qui
2445 3985 2712 4041 hominem
2743 3988 3071 4050 assumptum
3101 3978 3153 4031 in
3182 3977 3375 4031 caelum
3408 3974 3553 4028 leva-

1980 4086 2085 4147 vit,
2130 4084 2240 4149 ipse
2281 4078 2481 4148 paravit
2524 4076 2577 4128 in
2624 4073 2764 4128 emlo
2811 4071 3060 4126 thronum
3105 4082 3277 4121 suout.
3311 4064 3555 4119 'l‘ltronus

1981 4177 2134 4231 sedes
2173 4184 2255 4229 est
2286 4169 2479 4242 judicis
2509 4186 2525 4222 :
2553 4166 2833 4221 observate
2872 4176 3001 4231 ergo
3040 4161 3130 4230 qui
3171 4156 3364 4212 auditis
3387 4198 3403 4223 ,
3433 4155 3554 4226 quia

1984 4266 2175 4339 paravit
2202 4265 2252 4317 in
2290 4262 2413 4317 caelo
2452 4260 2689 4313 thronum
2731 4271 2898 4309 suum.
2932 4252 3111 4306 Faciat
3151 4249 3376 4319 quisque
3416 4244 3557 4316 quod

1983 4360 2094 4413 vult
2121 4359 2173 4412 in
2201 4366 2337 4411 terra
2359 4397 2372 4418 ,
2405 4369 2512 4409 non
2534 4350 2637 4406 erit
2662 4348 2976 4419 impunitum
3003 4333 3298 4414 peccatum,
3324 4354 3429 4394 non
3458 4338 3563 4393 erit

1918 4458 1925 4475 '
1984 4452 2307 4506 infructuosa
2344 4445 2583 4516 iustitia;
2614 4441 2738 4512 quia
2762 4438 3018 4494 Dominus
3045 4434 3134 4506 qui
3160 4440 3283 4487 ante
3312 4430 3565 4485 thronum

1949 4578 1953 4582 »
1981 4541 2173 4612 judieis
2201 4537 2430 4594 hominis
2455 4535 2640 4591 irrisus
2668 4539 2789 4595 est,
2818 4531 2869 4583 in
2911 4527 3052 4584 cmlo
3090 4523 3290 4595 paravit
3313 4523 3561 4577 thronum

1985 4648 2158 4688 suum.
2189 4631 2433 4686 Dominus
2466 4629 2519 4681 in
2557 4625 2681 4681 c0210
2711 4623 2905 4693 paravit
2933 4622 3168 4675 thronum
3191 4632 3374 4680 suum;
3407 4624 3452 4668 ct
3481 4631 3561 4669 re—

1988 4741 2140 4794 gnum
2175 4724 2283 4794 ejus
2320 4720 2541 4774 omnium
2577 4713 2931 4770 dominabitur.
2963 4708 3171 4765 Dutnini
3198 4715 3279 4763 est
3305 4718 3561 4776 regnum,

1989 4792 2045 4872 et
2068 4818 2180 4886 ipse
2194 4792 2560 4868 dominabitur
2583 4806 2818 4877 gentium
2855 4801 3039 4872 (Psat.
3068 4815 3155 4855 χχι
3179 4841 3194 4865 ,
3220 4796 3290 4853 29
3309 4796 3348 4861 ).
3382 4792 3451 4849 Et
3489 4812 3568 4848 re.

1993 4924 2146 4979 gnum
2169 4906 2279 4975 ejus
2298 4904 2520 4957 omnium
2549 4894 2905 4951 dominabitur.

2063 4998 2152 5051 27.
2192 4974 2356 5067 [νει-ε.
2383 4987 2512 5062 20.]
2550 4985 2834 5041 Benedicite
2862 4982 3132 5037 Dominum
3154 5021 3169 5044 ,
3194 4993 3364 5032 omnes
3392 4974 3568 5045 Angeti

1996 5091 2124 5157 ejus,
2156 5065 2376 5168 potentes
2410 5077 2703 5150 fortitudine
2727 5116 2741 5141 ,
2773 5074 3010 5146 facientes
3048 5070 3249 5124 verbum
3273 5067 3398 5136 ejus.
3433 5065 3569 5134 Ergo

2000 5155 2053 5233 tu
2082 5155 2244 5231 verbo
2272 5173 2361 5227 Dei
2393 5164 2624 5223 nondum
2650 5167 2826 5237 justus
2865 5180 2922 5218 es
2950 5171 3041 5217 aut
3085 5159 3254 5213 fidelis
3276 5198 3290 5220 ,
3322 5155 3421 5210 nisi
3448 5170 3568 5209 cum

2001 5274 2148 5328 facis.
2183 5268 2417 5322 Potentes
2442 5262 2735 5335 fortitudine
2758 5300 2772 5321 ,
2813 5258 3049 5327 facientes
3087 5251 3285 5306 verbum
3329 5248 3476 5330 ejus,
3505 5244 3567 5300 ad

2001 5359 2488 5417 audiendam‘vocem
2511 5367 2791 5408 sermonum
2820 5348 2927 5418 ejus
2954 5346 2993 5397 ¹.
3460 5388 3464 5393 .

2073 5453 2161 5508 28.
2203 5450 2366 5522 [uers.
2395 5446 2457 5500 2|
2565 5441 2845 5496 Benedicite
2866 5436 3157 5498 Dominum,
3180 5448 3351 5486 omnes
3376 5431 3575 5485 uirtutes

2005 5550 2134 5621 ejus,
2169 5542 2377 5598 ministri
2408 5541 2535 5611 ejus,
2568 5536 2804 5606 facientes
2832 5529 3136 5584 uoluntatem
3160 5525 3349 5593 ipsius.
3375 5523 3579 5579 Omnes

2073 5735 2086 5763 ‘
2107 5742 2254 5793 Nostri
2267 5742 2371 5789 Ms‘s.
2384 5738 2625 5788 omittam.
2636 5728 2700 5779 ad
2712 5723 3004 5778 audiendam
3014 5724 3575 5781 weemsermonumqus.
