4012 6202
482 262 618 327 1355

475 381 682 453 Angeli,
705 389 1146 452 omnespotentes
1164 379 1470 436 fortitudine
1493 380 1536 446 ',.
1553 378 1806 436 facientes
1826 382 2043 437 verbum

469 477 621 546 ejus,
650 490 836 531 omnes
874 476 1092 530 virtutes
1133 473 1248 544 ejus
1272 516 1286 541 ,
1319 487 1503 529 omnes
1532 474 1756 529 ministri
1784 473 1897 544 ejus
1920 515 1937 541 ,
1966 476 2046 528 fa-

364 582 377 589 ·
473 566 674 622 cientes
701 566 1022 620 voluntatem
1052 565 1215 633 ipsius
1234 607 1249 632 ,
1277 580 1391 633 vos,
1425 580 1518 621 vos
1544 564 1839 621 bcnedicite
1871 566 2047 620 Domi-

471 676 619 716 num.
648 660 844 715 Omnes
871 658 1013 713 enim
1045 659 1181 714 male
1203 659 1457 726 viventes,
1480 659 1579 714 etsi
1611 658 1786 729 lingua
1813 669 2038 722 taceant,

468 752 571 806 vita
603 749 826 805 Domino
856 750 1198 806 maledicunt.
1228 750 1363 819 Quid
1393 750 1607 820 prodest
1632 752 1753 822 quia
1784 750 2039 823 hymnum

464 850 641 896 cantat
686 841 858 912 lingua
905 851 1029 906 tua,
1062 844 1104 896 si
1151 842 1481 914 sacrilegium
1528 841 1739 897 exhalat
1764 844 1867 898 vita
1914 845 2040 897 tua?

467 932 598 987 Male
623 931 849 988 vivendo
877 935 1069 988 multas
1107 933 1311 1004 linguas
1341 934 1528 988 misisti
1556 932 1607 987 in
1636 933 2033 1002 blaSphemiam.

463 1021 662 1094 Lingua
709 1032 796 1079 tua
824 1033 974 1078 vacat
1017 1024 1213 1096 hymno
1235 1065 1261 1091 ,_
1281 1032 1336 1078 et
1375 1032 1580 1079 caetera:
1628 1034 1681 1078 te
1722 1024 2033 1079 intuentium

461 1124 649 1170 vacant
676 1115 1037 1186 blasphemiis.
1065 1115 1121 1171 Si
1143 1131 1269 1183 ergo
1290 1115 1366 1170 vis
1393 1115 1707 1171 benedicere
1733 1116 2031 1182 Dominum,

461 1204 544 1261 fac
570 1205 788 1261 verbum
820 1186 937 1276 ejus
957 1246 977 1270 η
1003 1206 1083 1261 fac
1108 1206 1432 1260 voluntatem
1462 1206 1598 1275 ejus.
1641 1205 1695 1258 lu
1725 1218 1871 1276 petra
1902 1207 2033 1261 tedi-

460 1296 557 1351 tica
579 1338 594 1359 ,
623 1297 727 1352 noli
758 1296 808 1351 in
846 1313 1028 1352 arena.
1059 1297 1258 1352 Audire
1301 1306 1353 1352 et
1394 1313 1499 1350 non
1544 1296 1716 1352 facere
1737 1341 1750 1359 ,
1792 1299 1841 1351 in
1869 1313 2031 1353 arena

458 1387 723 1444 :edilicare
742 1398 823 1444 est
843 1405 855 1441 :
880 1389 1064 1444 audire
1082 1398 1135 1444 et
1162 1388 1356 1455 facere,
1381 1388 1432 1443 in
1458 1398 1604 1459 petra
1626 1388 1887 1443 aedificare
1910 1399 1991 1444 est
2013 1408 2026 1443 :

460 1495 560 1535 uec
577 1479 782 1544 audire,
806 1495 902 1535 nec
928 1478 1123 1543 facere,
1146 1479 1277 1534 nihil
1302 1479 1564 1551 aediﬁcare
1585 1488 1689 1535 est.
1719 1477 1772 1533 Si
1802 1480 1853 1534 in
1870 1496 2028 1536 arena

458 1572 711 1636 a'diticas,
734 1572 938 1627 ruinam
966 1571 1195 1646 agdilicas
1219 1588 1232 1624 :
1257 1571 1303 1627 si
1329 1571 1457 1626 nihil
1483 1571 1732 1635 aedilie-zs,
1759 1572 2029 1642 expositus

456 1664 668 1733 pluviae,
690 1661 1013 1730 ﬂuminibus,
1035 1664 1227 1729 ventis,
1250 1672 1372 1718 ante
1398 1662 1618 1732 rapieris
1637 1678 1793 1732 quam
1817 1663 2028 1719 steteris

457 1751 671 1822 (Matth.
692 1769 786 1820 vn,
799 1752 965 1809 ειη-ι
979 1755 1016 1824 ).
1037 1754 1174 1824 Ergo
1192 1768 1295 1808 non
1311 1761 1393 1808 est
1406 1752 1741 1818 cessandum,
1756 1753 1847 1807 sed
1864 1753 2030 1807 tedili—

454 1844 678 1899 eaudum
704 1863 716 1898 :
740 1860 837 1901 nec
858 1845 935 1901 sic
950 1845 1336 1911 mditicandum,
1355 1854 1413 1899 ut
1430 1845 1577 1899 ruina
1595 1843 1910 1909 aediﬁcetur;
1933 1845 2025 1900 sed

456 1936 508 1990 in
536 1944 690 2006 petra
711 1931 1077 1992 aediﬁcandum
1101 1976 1122 2003 ,
1148 1945 1206 1990 ut
1230 1936 1448 1990 tentatio
1478 1952 1582 1990 non
1613 1946 1835 1992 evertat.
1862 1936 1918 1992 Si
1949 1935 2026 1991 sic

454 2038 553 2095 est,
587 2028 810 2085 hcnedie
837 2029 1114 2086 Dominum
1148 2046 1163 2082 :
1195 2029 1240 2084 si
1270 2045 1374 2085 non
1417 2029 1600 2084 estsic
1623 2070 1638 2097 ,
1667 2030 1773 2084 noli
1800 2030 2022 2086 blandiri

455 2120 647 2193 lingua:
696 2131 832 2188 tute;
877 2122 1038 2178 vitam
1078 2132 1220 2178 tuam
1262 2122 1567 2194 interroga,
1617 2122 1727 2193 ipsa
1784 2124 1876 2179 tibi
1935 2140 2024 2181 re—

453 2212 731 2283 spondeat.
759 2213 967 2271 lnvenis
990 2217 1011 2248 ⁸
1040 2214 1164 2286 quid
1210 2213 1285 2270 sis
1324 2214 1480 2280 mali;
1519 2229 1694 2285 geme,
1722 2217 1975 2273 confitere
2006 2234 2020 2271 :

450 2301 715 2359 confessio
744 2313 830 2359 tua
875 2314 1049 2374 potest
1090 2305 1365 2361 Dominum
1400 2305 1745 2372 benedicere;
1789 2307 1882 2364 sed
1909 2325 2022 2363 mu

378 2467 387 2474 -
452 2393 581 2447 latio
608 2404 693 2448 tua
721 2394 772 2449 lu
796 2396 1161 2452 benedictione
1190 2406 1510 2467 perseveret.

520 2485 611 2542 29.
645 2485 803 2560 [νοτε.
830 2487 962 2563 22.]
1000 2488 1286 2545 Benedicite
1319 2488 1594 2545 Dominum
1616 2533 1631 2557 ,
1668 2491 1838 2545 omnia
1870 2508 2023 2561 Opera

449 2579 580 2648 ejus,
598 2580 650 2633 in
669 2583 805 2635 omni
827 2580 935 2636 loco
954 2582 1309 2637 dominationis
1331 2583 1459 2653 ejus.
1484 2581 1625 2654 Ergo
1645 2582 1698 2636 in
1718 2583 1863 2637 omni
1883 2584 2018 2638 loco.

446 2667 524 2725 lbi
565 2685 673 2725 non
715 2671 1087 2739 benedicatur,
1129 2672 1216 2727 ubi
1261 2688 1365 2726 non
1410 2672 1751 2728 dominatur:
1784 2672 1849 2727 In
1886 2676 2022 2728 omni

447 2759 560 2813 loco
598 2762 952 2817 dominationis
993 2764 1123 2834 ejus.
1166 2763 1244 2819 Ne
1284 2762 1420 2819 forte
1458 2763 1651 2835 aliquis
1690 2765 1870 2821 dicat:
1901 2765 2019 2821 Non

449 2867 663 2922 possum
691 2853 1006 2911 benedicere
1034 2855 1311 2910 Dominum
1352 2855 1403 2909 in
1431 2855 1655 2923 oriente,
1684 2857 1805 2927 quia
1833 2856 1896 2911 ad
1925 2872 2020 2911 oc-

446 2942 711 3000 cidentem
743 2946 1010 3016 proiectus
1052 2956 1165 3012 est;
1211 2956 1340 3012 aut,
1379 2946 1494 3003 Non
1540 2963 1752 3018 possum
1794 2950 1845 3003 in
1876 2950 2020 3003 occi—

444 3033 604 3089 dente
622 3076 638 3101 ,
664 3038 782 3107 quia
817 3037 867 3091 in
898 3038 990 3092 ori'
1010 3046 1101 3093 nte
1127 3045 1230 3093 est.
1259 3037 1380 3093 Non
1417 3039 1479 3093 ab
1508 3040 1696 3094 oriente
1730 3050 1776 3093 et
1804 3039 1865 3093 ab
1890 3041 2013 3093 occi-

444 3127 606 3189 dente,
632 3145 731 3183 non
751 3146 782 3181 a
808 3128 1017 3184 desertis
1042 3132 1324 3198 montibus;
1351 3132 1587 3200 quoniam
1619 3132 1752 3186 Deus
1765 3134 1930 3204 judea:
1948 3145 2019 3188 est

443 3218 628 3286 (Psal.
657 3237 835 3288 ustv,
864 3223 918 3288 7,
946 3222 1037 3295 8).
1069 3224 1159 3279 Sic
1184 3224 1376 3295 ubique
1400 3234 1482 3280 est
1500 3266 1517 3292 ,
1550 3232 1606 3278 ut
1634 3224 1826 3294 ubique
1853 3224 2016 3280 bene-

443 3312 689 3367 dicatur:
722 3313 798 3368 sic
826 3314 1057 3385 undique
1096 3322 1215 3379 est,
1247 3324 1305 3369 ut
1348 3315 1422 3369 illi
1464 3315 1693 3386 undique
1714 3315 1970 3387 jubiletur
1999 3335 2012 3370 :

442 3404 525 3458 sic
570 3403 800 3475 undique
842 3405 1204 3469 benedicitur,
1247 3417 1303 3460 ut
1348 3406 1580 3477 undique
1625 3408 1762 3463 bene
1789 3409 2012 3465 vivatur.

441 3492 727 3548 Benedicite
754 3492 1047 3562 Dominum,
1075 3496 1244 3550 omnia
1270 3513 1423 3568 Opera
1442 3497 1569 3566 ejus.
1599 3497 1730 3566 Quia
1756 3514 1875 3554 cum
1901 3514 2014 3555 ete—

442 3585 585 3656 peris
612 3586 664 3642 in
693 3587 829 3642 bona
858 3587 961 3641 vita
1005 3586 1319 3644 benedicere
1364 3589 1640 3644 Dominum
1663 3633 1679 3656 ,
1707 3605 1867 3661 opera
1900 3592 2015 3661 ejus

438 3697 562 3740 cum
593 3679 929 3746 benedicunt,
959 3697 1064 3737 non
1095 3685 1279 3737 merita
1308 3693 1414 3738 tua.
1447 3682 1562 3754 ipse
1590 3686 1730 3738 enim
1761 3701 1855 3754 per
1881 3695 1934 3741 te
1961 3696 2023 3747 et

439 3778 492 3832 in
521 3785 574 3833 te
594 3777 793 3834 bonum
804 3773 1294 3849 operatur,di(cnte
1316 3775 1601 3851 Apostolo:
1626 3775 1750 3831 Cum
1769 3777 1946 3831 timore
1969 3786 2013 3830 et

439 3882 649 3924 tremore
666 3880 877 3924 uestram
904 3869 1127 3941 ipsorum
1149 3870 1359 3925 salutem
1383 3867 1697 3942 operamini;
1726 3865 1862 3927 Dens
1883 3869 2013 3922 enim

437 3970 513 4017 est
542 3960 630 4033 qui
656 3973 895 4032 operatur
918 3963 973 4018 in
1009 3963 1147 4018 vobis
1177 3962 1447 4035 (Philipp.
1483 3980 1517 4019 ll
1536 4006 1551 4032 ,
1589 3966 1655 4020 12
1674 4007 1688 4031 ,
1718 3967 1843 4038 ib).
1872 3968 2011 4036 Ergo

436 4069 505 4109 ne
531 4062 582 4110 te
606 4054 931 4120 extolleres,
957 4055 1081 4125 quia
1127 4055 1256 4111 facis
1279 4056 1499 4111 verbum
1545 4059 1662 4126 ejus
1685 4098 1700 4123 ,
1731 4058 1851 4128 quia
1883 4057 2011 4113 facis

436 4144 758 4202 voluntatem
787 4145 923 4216 ejus,
947 4145 1113 4229 voluit
1138 4154 1188 4201 te
1217 4145 1501 4213 humiliari,
1530 4147 1861 4215 respiciendo
1883 4162 2010 4217 gra-

435 4239 561 4293 tiam
593 4238 738 4308 ejus,
765 4238 907 4294 unde
932 4238 1033 4294 hoc
1056 4248 1371 4294 consecutus
1396 4253 1473 4295 es.
1507 4237 1573 4310 In
1600 4240 1736 4294 omni
1771 4240 1882 4294 loco
1917 4239 2012 4293 do-

434 4328 731 4382 minationis
747 4329 875 4399 ejus.
909 4326 1127 4383 Benedic
1149 4368 1166 4395 ,
1192 4329 1362 4383 anima
1402 4346 1542 4395 mea,
1570 4328 1865 4384 Dominum.
1894 4329 2009 4400 Ipse

435 4416 650 4471 ultimus
675 4433 861 4472 versus
886 4427 969 4473 est
1003 4418 1089 4489 qui
1122 4419 1321 4489 primus
1362 4437 1375 4472 :
1418 4419 1715 4476 benedictio
1739 4437 1767 4475 a
1796 4423 1966 4491 capite
1988 4464 2007 4489 ,

439 4506 735 4562 benedictio
765 4508 816 4562 in
846 4507 984 4574 line;
1012 4524 1043 4564 a
1070 4509 1437 4566 benedictione
1464 4511 1682 4581 profecti
1709 4527 1910 4576 sumus,
1941 4514 2007 4568 ad

435 4596 853 4654 benedictionem
879 4598 1179 4667 redeamus,
1224 4601 1275 4657 in
1305 4600 1671 4657 benedictione
1703 4617 2005 4672 reguemus.

904 4832 986 4895 ΞΝ
1027 4831 1404 4903 PSALMUM
1445 4830 1581 4893 Clll

1014 4968 1425 5026 ENARRATIO.

1047 5120 1217 5161 strnue
1246 5122 1259 5160 ι
1292 5104 1393 5177 (a).

505 5247 695 5302 {sine
713 5244 926 5316 quidem
949 5240 1392 5307 nudiustertiano,
1421 5250 1671 5310 quantum
1701 5241 2006 5297 meminisse

432 5337 715 5408 dignamini
740 5377 757 5405 ,
787 5334 1118 5392 abundanter
1153 5331 1341 5390 reiecti
1381 5333 1508 5389 estis
1554 5349 1567 5386 :
1613 5332 1712 5389 sed
1744 5333 1862 5403 quia
1908 5348 2004 5388 nos

495 5495 513 5526 ι
542 5493 713 5557 Plures
737 5500 867 5553 Mss,
899 5496 1147 5557 potestates
1169 5485 1463 5553 fortitudinis
1486 5485 1589 5549 Alii,
1613 5490 1882 5551 potestates,
1902 5484 2003 5547 for-

426 5556 670 5607 Muttines.

493 5621 516 5652 ³
547 5616 735 5679 Aliquot
748 5623 876 5673 Mss,
897 5613 1069 5679 ipweni.

493 5666 567 5740 (a)
589 5666 800 5785 minatus1
803 5666 1107 5784 ra’rungine,
1133 5688 1197 5727 ex
1235 5689 1284 5726 ιι.
1315 5675 1402 5738 15;
1435 5673 1697 5737 Augustino
1727 5666 1824 5735 jam
1857 5684 1999 5728 sene,

436 5754 499 5794 ex
520 5751 667 5793 serm.
729 5768 745 5799 ,
805 5771 813 5784 .
875 5766 887 5784 .

1710 270 1766 326 8.
1806 268 2167 328 AUGUSTINI
2208 271 2512 330 EPISCOPI

3596 289 3755 346 £350

2156 385 2315 442 etiam
2347 395 2468 456 post
2495 388 2707 459 longum
2732 403 3033 450 sermonem
3060 394 3347 454 avidissimi
3377 400 3395 431 ³
3423 399 3706 458 dimisistis
3727 444 3745 469 ,

2151 489 2257 529 non
2283 477 2582 545 putavimus
2596 479 2934 538 Sanctitatcm
2969 483 3207 541 Vestram
3240 487 3477 547 hodierni
3503 491 3605 550 diei
3630 493 3732 549 de-

2152 563 2263 620 bito
2286 564 2631 623 fraudamlam
2654 586 2668 634 ;
2700 580 2760 639 ut
2782 571 2883 627 hoc
2902 573 2970 628 sit
2994 574 3061 630 de
3079 564 3297 644 debito,
3313 580 3440 636 illud
3468 583 3536 638 de
3557 586 3741 642 lucro.

2148 656 2387 713 Psalmus
2412 661 2499 730 qui
2521 660 2688 715 lectus
2706 670 2807 728 est,
2836 677 3000 733 prope
3038 674 3177 720 totus
3202 667 3383 739 ﬁguris
3409 687 3587 730 rerum
3614 692 3737 748 my.

2146 748 2425 819 steriisqne
2443 752 2771 817 contexitur,
2793 761 2849 808 et
2871 769 3003 824 epos
3025 754 3181 811 habet
3202 773 3305 813 non
3331 762 3500 817 Solum
3520 776 3742 829 nostra,

2144 840 2235 894 sed
2268 842 2428 897 etiam
2470 854 2647 901 vestra
2690 863 2797 901 non
2844 863 3000 918 parva
3050 848 3371 910 intentione:
3421 871 3741 929 quanquam

2142 931 2300 986 etiam
2331 944 2517 990 cuncta
2544 951 2666 1007 qua:
2691 930 2831 993 dicta
2858 949 2999 1003 sunt,
3030 942 3231 1009 possint
3251 943 3318 997 ad
3345 945 3570 1003 litteram
3598 950 3741 1004 reli-

2138 1021 2285 1090 giose
2332 1023 2519 1094 accipi.
2574 1025 2967 1083 Enumerantur
3012 1029 3153 1085 enim
3199 1032 3300 1086 etsi
3352 1049 3454 1089 non
3499 1010 3687 1092 omnia
3718 1082 3738 1104 ,

2138 1113 2301 1166 multa
2329 1122 2502 1169 tamen
2542 1130 2702 1191 Opera
2752 1118 2875 1183 Dei,
2915 1135 3033 1189 qua:
3065 1132 3185 1176 uota
3212 1132 3338 1178 sunt
3363 1127 3607 1182 omnibus
3638 1130 3734 1183 iu-

2140 1202 2425 1271 tuentibus,
2467 1206 2556 1276 qui
2588 1218 2784 1263 norunt
2810 1218 2863 1263 et
2893 1225 2957 1265 ex
2986 1209 3068 1264 his
3106 1227 3225 1282 quae
3250 1212 3387 1268 facta
3414 1226 3535 1269 sunt
3557 1227 3611 1273 ct
3642 1223 3735 1273 vi-

2135 1291 2347 1358 dentur,
2380 1295 2519 1351 illius
2547 1297 2829 1354 invisibilia
2865 1299 3136 1356 intellectu
3180 1306 3490 1374 conspicere
3523 1306 3541 1377 (
3561 1308 3729 1362 Rom.

2134 1383 2321 1456 1.20).
2348 1386 2601 1446 Videmus
2624 1392 2770 1447 enim
2796 1392 3046 1447 fabricam
3074 1394 3253 1449 tuendi
3280 1397 3510 1466 amplam
3537 1416 3734 1469 quam-

2133 1475 2253 1531 dam
2276 1484 2347 1533 ‘ex
2377 1480 2513 1536 caelo
2541 1490 2596 1536 et
2624 1490 2762 1538 terra
2787 1525 2803 1550 ,
2833 1495 2886 1538 et
2923 1485 3160 1540 onmium
3205 1502 3323 1556 qua:
3367 1488 3419 1543 in
3448 1489 3526 1544 eis
3550 1501 3728 1557 sunt;

2132 1580 2185 1624 et
2212 1586 2278 1626 ex
2309 1571 2465 1642 hujus
2492 1573 2705 1631 fabrica:
2720 1577 3079 1647 magnitudine
3107 1594 3170 1634 ac
3197 1579 3604 1649 pulchritudine,
3642 1585 3731 1637 fa-

2132 1660 2409 1719 bricatoris
2435 1665 2599 1735 ipsius
2629 1667 3049 1725 inaestimabilem
3078 1671 3488 1740 magnitudinem
3513 1685 3568 1730 et
3596 1678 3728 1746 pul-

2129 1753 2480 1810 chritudinem
2506 1798 2522 1822 ,
2551 1757 2650 1812 etsi
2678 1758 2909 1814 nondum
2935 1761 3197 1825 videmus,
3223 1761 3331 1830 jam
3359 1771 3532 1819 tamen
3560 1780 3727 1820 aina-

2129 1859 2268 1899 mus.
2298 1845 2410 1900 Non
2454 1849 2595 1903 enim
2638 1850 2902 1917 cessavit,
2942 1852 3031 1922 qui
3062 1852 3297 1907 nondum
3328 1864 3500 1923 potest
3541 1858 3724 1912 nostri

2128 1937 2304 1990 cordis
2333 1939 2561 2009 puritate
2589 1942 2822 2011 conspici
2847 1982 2862 2006 ,
2896 1952 3020 1999 ante
3045 1945 3231 1999 oculos
3274 1956 3481 2001 nostros
3510 1963 3725 2017 ponere

2128 2041 2287 2096 opera
2318 2043 2432 2093 sua,
2457 2037 2517 2083 ut
2540 2029 2780 2086 videntes
2805 2048 2923 2103 quze
2951 2048 3252 2103 possumus,
3284 2049 3522 2090 amemus
3546 2051 3719 2107 quem

2126 2118 2307 2174 videre
2335 2135 2438 2174 non
2485 2136 2801 2203 possumus,
2834 2133 2891 2179 ut
2935 2124 3100 2195 ipsius
3144 2126 3346 2180 amoris
3387 2128 3574 2181 merito
3609 2129 3722 2183 ali-

2126 2210 2337 2281 quando
2365 2211 2545 2268 videre
2570 2214 2857 2283 possimus.
2887 2214 3083 2271 Tamen
3129 2215 3180 2271 in
3210 2216 3458 2272 omnibus
3485 2234 3600 2288 qua:
3624 2219 3721 2274 di-

2125 2313 2207 2358 cta
2225 2313 2368 2371 sunt,
2385 2304 2703 2375 qumrendus
2727 2316 2809 2361 est
2822 2310 2981 2361 etiam
2996 2308 3291 2362 intellectus
3310 2308 3620 2378 spiritualis,
3636 2310 3718 2365 ad

2074 2434 2087 2449 .
2127 2410 2286 2466 quem
2306 2397 2742 2467 perscrutandum
2757 2398 3082 2467 adjuvabunt
3101 2414 3195 2453 nos
3211 2400 3469 2456 inChristi
3487 2401 3717 2458 nomine

2124 2484 2384 2544 desideria
2401 2498 2610 2556 vestra;
2632 2489 2824 2560 quibus
2834 2489 2983 2560 quasi
3004 2491 3247 2545 manibus
3269 2492 3617 2549 iuvisibilibus
3635 2493 3716 2549 ad

2125 2579 2440 2635 invisibilem
2450 2574 2666 2650 januam
2679 2582 2917 2651 pulsatis,
2931 2593 2984 2641 ut
2998 2582 3331 2638 invisibiliter
3343 2583 3490 2647 vobis
3501 2584 3715 2654 aperia-

2125 2679 2244 2736 tur,
2268 2679 2320 2725 et
2347 2671 2679 2726 invisibiliter
2709 2672 2943 2738 intretis,
2973 2681 3026 2727 et
3056 2672 3389 2731 invisibiliter
3414 2673 3711 2729 sanendni.

2191 2763 2245 2818 2.
2278 2762 2440 2836 [rem
2474 2762 2564 2837 1.]
2604 2764 2743 2834 Ergo
2771 2764 3010 2819 dicamus
3039 2779 3228 2820 omnes
3259 2782 3273 2818 :
3309 2765 3545 2831 Benedic,
3578 2767 3714 2819 ani-

2122 2871 2203 2908 ma
2229 2864 2340 2907 mea
2363 2896 2378 2921 ,
2407 2854 2704 2910 Dominum.
2735 2856 3081 2925 Alloquamur
3104 2871 3290 2911 omnes
3331 2857 3561 2911 animam
3600 2858 3716 2912 πίο-

2122 2954 2285 2999 stram
2312 2965 2324 3000 :
2348 2946 2470 3016 quia
2495 2946 2727 3000 omnium
2755 2955 2993 3000 nostrum
3015 2946 3212 3010 anima,
3242 2962 3337 3017 per
3356 2963 3513 3002 unam
3536 2948 3710 3003 [idem

2123 3052 2225 3090 una
2253 3037 2423 3090 anima
2450 3048 2560 3101 est;
2592 3044 2647 3092 et
2672 3052 2857 3091 omnes
2882 3051 2981 3092 nos
3004 3036 3324 3109 quicumque
3347 3039 3398 3092 iu
3425 3038 3705 3094 Christum

2120 3127 2385 3182 credimus
2409 3168 2422 3191 ,
2455 3136 2670 3198 propter
2697 3128 2949 3182 unitatem
2973 3130 3210 3198 corporis
3235 3130 3350 3198 ejus
3374 3146 3510 3185 unus
3534 3129 3706 3184 homo

2119 3233 2322 3272 sumus.
2351 3217 2637 3274 Benedicat
2672 3219 2846 3273 anima
2872 3229 3051 3273 nostra
3081 3219 3380 3288 Dominum,
3409 3237 3505 3291 pro
3536 3224 3705 3277 tantis

2120 3312 2390 3367 beneﬁciis
2410 3311 2524 3381 ejus
2547 3354 2563 3380 ,
2594 3328 2689 3383 pro
2718 3322 2822 3367 tam
2850 3314 3027 3370 multis
3064 3323 3120 3370 et
3147 3315 3350 3385 magnis
3383 3316 3702 3370 muneribus

2117 3402 2403 3474 gratiarum
2425 3404 2572 3474 ejus:
2594 3420 2713 3474 qua:
2736 3420 2953 3459 munera
2974 3405 3275 3460 invenimus
3293 3405 3345 3460 in
3369 3406 3468 3461 hoc
3489 3407 3704 3476 psalmo

2118 3495 2328 3561 intenti,
2358 3504 2413 3551 et
2437 3509 2660 3552 excussa
2684 3496 2872 3551 nebula
2894 3496 3123 3551 carnalis
3146 3496 3495 3567 cogitationis,
3519 3511 3699 3566 quan-

2118 3596 2227 3641 tum
2254 3601 2534 3657 possumus
2571 3596 2746 3643 erecta
2790 3598 3001 3655 mente,
3027 3596 3082 3644 et
3117 3596 3367 3660 quantum
3410 3603 3698 3658 possumus

2115 3679 2312 3735 directa
2341 3679 2454 3735 acie
2477 3720 2492 3746 ,
2518 3688 2569 3736 et
2594 3690 2848 3751 quantum
2874 3694 3154 3750 possumus
3181 3695 3312 3750 puro
3337 3680 3490 3735 oculo
3514 3679 3695 3735 cordis

2117 3771 2304 3839 nostri,
2333 3781 2586 3841 quantum
2615 3785 2720 3825 non
2743 3769 2963 3841 impedit
3000 3783 3233 3839 praesens
3259 3771 3362 3824 vita
3386 3812 3402 3835 ,
3432 3778 3694 3841 quantum

2115 3879 2222 3918 non
2245 3872 2505 3936 occupant
2532 3878 2708 3919 rerum
2748 3861 3085 3932 praesentium
3113 3861 3372 3917 desideria
3392 3903 3408 3928 ,
3433 3870 3695 3931 quantum

2113 3972 2218 4017 non
2245 3965 2479 4019 excaecat
2526 3949 2792 4026 cupiditas
2833 3955 3032 4010 seaculi.
3081 3953 3257 4008 Erecti
3305 3968 3431 4022 ergo
3456 3952 3693 4007 audituri

2111 4069 2295 4109 sumus
2315 4067 2525 4124 magna,
2550 4047 2667 4108 laeta
2687 4055 2741 4107 et
2764 4045 3003 4123 pulchra,
3022 4043 3396 4107 desiderabilia
3416 4044 3435 4074 ¹
3457 4052 3512 4097 et
3529 4043 3691 4112 plena

2112 4146 2310 4201 lmtitite
2331 4145 2748 4217 gaudiorumque
2774 4157 2993 4197 munera
3022 4142 3173 4211 ejus;
3201 4150 3320 4211 qua:
3338 4133 3449 4209 jam
3478 4132 3564 4186 ille
3589 4133 3691 4200 qui

2111 4247 2427 4309 conceperat
2451 4239 2608 4292 istum
2635 4236 2897 4307 psalmum
2923 4275 2940 4299 ,
2967 4234 3177 4289 videbat
3204 4234 3378 4287 animo
3398 4273 3414 4296 ,
3442 4237 3495 4286 ct
3521 4224 3694 4294 ipsius

2111 4331 2328 4386 visionis
2356 4328 2704 4385 exsultatione
2731 4326 2972 4382 ructabat
2993 4325 3175 4381 dicens
3205 4343 3219 4378 :
3250 4325 3484 4388 Bettea'ic,
3514 4316 3693 4375 ultima

2111 4438 2241 4487 mea,
2270 4419 2558 4474 Dominum.

2181 4515 2234 4569 5.
2273 4509 2655 4576 Domine,Deus
2684 4525 2824 4563 meus
2843 4548 2861 4575 ,
2889 4507 3240 4578 magniﬁcatus
3269 4522 3318 4559 es
3347 4503 3517 4557 nimis.
3553 4503 3689 4557 Vide

2111 4605 2388 4677 magnifica
2416 4619 2535 4674 qua:
2556 4601 2792 4658 dicturus
2817 4609 2933 4664 est;
2964 4600 3015 4652 in
3043 4598 3234 4668 quibus
3261 4594 3550 4664 magniﬁcis
3578 4610 3689 4647 nou

2112 4700 2292 4770 utique
2318 4697 2415 4752 nisi
2466 4695 2554 4750 ille
2599 4692 2894 4749 laudandus
2938 4698 3022 4744 est
3067 4697 3250 4743 auctor
3293 4687 3526 4740 onmium
3566 4700 3691 4738 ma-

2109 4792 2441 4863 gnilicorum.
2472 4786 2843 4857 Confessionem
2878 4792 2925 4838 et
2979 4783 3203 4836 decorem
3238 4779 3467 4834 induisti.
3500 4777 3543 4833 Ο
3582 4777 3690 4831 Do-

2112 4885 2274 4943 mine.
2297 4883 2434 4937 Deus
2480 4896 2666 4941 meus,
2705 4877 2794 4948 qui
2838 4875 3186 4946 magniﬁcatus
3233 4889 3284 4926 es
3329 4870 3475 4924 nimis
3499 4910 3515 4933 ,
3544 4868 3690 4923 unde

2112 4974 2461 5046 magniﬁcatus
2486 4987 2537 5024 es
2558 4969 2747 5023 nimis?
2774 4966 2961 5022 Nonne
2986 4979 3195 5033 semper
3221 4961 3479 5032 u‘iaguus?
3508 4975 3692 5014 nonne

2111 5079 2320 5133 seraper
2347 5060 2688 5132 magnificus?
2733 5054 2996 5125 Numquid
3046 5052 3309 5122 perlectus
3358 5066 3461 5105 non
3503 5065 3598 5114 es,
3633 5061 3690 5104 ut

2109 5154 2351 5212 crescas?
2377 5150 2630 5221 numquid
2653 5148 2855 5213 delicis,
2885 5155 2940 5200 ut
2965 5144 3246 5215 aliquando
3271 5140 3560 5198 ntinuaris?
3582 5141 3691 5197 Sed

2109 5249 2229 5319 quia
2253 5261 2312 5304 es
2334 5243 2474 5317 quod
2495 5258 2574 5306 es,
2597 5252 2652 5297 et
2673 5255 2796 5296 vere
2817 5254 2897 5304 es,
2922 5239 3104 5307 utique
3123 5251 3314 5289 notuen
3338 5243 3483 5288 tuum
3505 5232 3690 5288 dixisti

2108 5339 2305 5395 famulo
2329 5347 2418 5392 tuo
2443 5334 2607 5406 Moysi
2632 5375 2646 5397 ,
2673 5331 2784 5403 Ego
2808 5346 2919 5384 sum
2946 5330 3028 5398 qui
3056 5344 3169 5382 sum
3198 5325 3396 5396 (Exod.
3427 5340 3500 5390 ut,
3535 5325 3641 5392 H)
3672 5342 3688 5377 :

2108 5436 2289 5505 utique
2314 5444 2533 5502 magnus
2559 5443 2619 5483 es
2641 5469 2655 5491 ,
2684 5434 2737 5481 et
2766 5420 3069 5493 magnitudo
3099 5429 3185 5474 tua
3212 5417 3530 5489 sempiterna
3561 5427 3645 5469 est
3668 5457 3685 5483 ,

2111 5544 2208 5585 nec
2226 5526 2406 5595 coepit,
2432 5537 2529 5578 nec
2554 5518 2780 5582 desinit;
2809 5532 2908 5570 nec
2933 5514 3002 5568 ab
3028 5513 3178 5568 initio
3204 5508 3456 5580 temporis
3481 5509 3687 5580 incipit,

2172 5665 2187 5695 ¹
2225 5660 2356 5716 Fdd.,
2380 5640 2859 5716 dridissime.Me_lius
2880 5643 3309 5716 Mss.,_a_ridis_sitni.
3356 5704 3365 5713 θ

2173 5727 2195 5756 ι
2228 5705 2557 5788 aliquoius»,
2586 5711 2839 5779 ntugttulitt,
2864 5717 2909 5763 et
2933 5709 3135 5776 pulchra
3153 5705 3415 5759 desideria.
