3984 6204
223 336 342 392 1357

218 465 307 505 nec
333 460 492 517 usque
516 443 581 498 ad
609 442 767 497 ﬁnem
798 441 1050 512 temporis
1079 441 1348 506 excurrit,
1377 457 1474 496 nec
1501 441 1553 495 in
1595 441 1771 494 medio

217 538 397 610 aliquid
424 537 653 606 patitur:
682 534 1124 588 incommutabilis
1158 534 1299 587 enim
1341 533 1772 601 inagnitndorst.

217 631 474 702 Quomodo
504 645 632 699 ergo
663 629 1013 698 magniﬁcatus
1052 644 1103 681 es
1141 628 1328 680 nimis?
1372 627 1514 679 Alius
1545 626 1774 694 ps:ilmns

217 725 448 781 admonet
474 737 612 785 nos;
645 721 714 775 ait
749 721 920 784 enim,
957 719 1230 787 Miriﬁcata
1269 728 1340 771 est
1373 719 1579 770 scientia
1606 727 1687 771 tua
1717 735 1779 771 ea:

217 833 288 870 me
313 813 483 880 (Psal.
507 827 762 876 cuum.
787 812 874 878 6).
903 809 957 865 Si
981 821 1122 864 reete
1149 810 1344 863 dicitur
1363 850 1377 872 ,
1411 808 1679 876 Minﬁcata
1706 819 1777 862 est

217 906 401 960 srientia
420 913 505 957 tua
535 920 597 957 ea:
623 920 729 965 me;
757 913 902 956 recte
927 903 1137 962 dicitur,
1166 899 1519 970 Magni/iratus
1539 916 1589 952 es
1607 899 1775 963 nimis,

223 999 413 1052 Domine
443 996 577 1050 Deus
604 1013 761 1060 meus,
788 1011 849 1049 ex
886 1010 989 1048 me.
1016 994 1118 1048 Sed
1149 1003 1200 1046 et
1221 991 1321 1046 hoc
1345 992 1516 1046 adhuc
1540 1007 1779 1061 quaeren-

220 1089 346 1143 dnm.
371 1088 448 1142 Ex
477 1103 564 1141 me
593 1085 958 1155 magniﬁt'alur
981 1086 1119 1139 Deus
1143 1085 1330 1138 meus?
1358 1083 1496 1149 Ergo
1521 1099 1582 1136 ex
1614 1097 1696 1135 me
1723 1083 1780 1135 ﬁt

223 1195 441 1249 magnus.
471 1179 637 1232 Docet
658 1193 753 1231 nos
776 1176 973 1246 aliquid
1003 1184 1055 1229 et
1080 1173 1381 1242 quotidiana
1405 1174 1574 1226 oratio
1596 1173 1780 1228 salutis

223 1282 414 1326 nostras.
465 1269 820 1336 Sanctiﬁcetur
867 1284 1046 1320 nomen
1097 1275 1236 1318 tuum
1269 1262 1492 1338 (Matth.
1541 1279 1627 1316 νι.
1663 1264 1776 1332 9):

223 1361 430 1434 quotidie
471 1363 735 1430 petimus,
766 1361 1002 1430 quotidie
1046 1374 1293 1428 rogamus
1338 1365 1391 1410 ut
1437 1355 1544 1409 ﬁat.
1586 1356 1638 1410 Si
1687 1370 1780 1408 nos

225 1455 478 1522 quisquam
507 1453 821 1520 interroget,
845 1451 977 1519 Quid
1001 1459 1082 1504 est
1108 1447 1246 1518 quod
1275 1448 1470 1517 petitis,
1504 1454 1560 1498 ut
1587 1445 1784 1498 sancti-

226 1548 386 1601 licetur
407 1562 602 1600 nomen
631 1547 766 1599 Dei?
794 1543 1077 1614 aliquando
1107 1543 1248 1597 enim
1277 1550 1514 1594 sanetum
1545 1555 1648 1592 non
1675 1547 1775 1600 est,

225 1650 271 1694 ut
291 1639 440 1692 modo
469 1637 869 1692 snactiﬁcetnr?
904 1635 973 1690 Et
1001 1647 1172 1688 tamen
1207 1634 1304 1686 nisi
1342 1632 1598 1686 vellemus
1625 1629 1734 1683 ﬁeri
1760 1671 1775 1691 ,

225 1744 308 1783 non
332 1740 636 1797 peteremus
656 1737 712 1780 ut
737 1726 908 1780 ﬁeret.
939 1725 1051 1778 Alia
1083 1733 1164 1778 est
1189 1723 1328 1779 enim
1351 1721 1654 1791 gratulatio,
1678 1719 1780 1772 alia

225 1824 370 1875 oratio
404 1839 418 1873 :
459 1819 819 1891 gratulamur,
852 1833 915 1872 ex
946 1832 1010 1871 eo
1036 1815 1173 1886 quod
1205 1824 1318 1878 est;
1348 1828 1561 1867 oramus
1585 1851 1601 1877 ,
1633 1822 1690 1864 ut
1715 1811 1783 1864 sit

226 1914 338 1982 quod
371 1912 608 1966 nondum
635 1918 736 1966 est.
765 1909 902 1976 Quid
931 1917 1012 1963 est
1038 1923 1164 1976 ergo
1184 1949 1198 1971 ,
1229 1906 1580 1973 Sancti/icetnr
1603 1919 1781 1956 nomen

226 2017 339 2057 tuum
361 2005 386 2056 .’
414 2014 467 2059 et
505 2001 848 2069 intelligimus
868 2042 882 2064 ,
922 1999 1060 2069 quod
1090 1999 1174 2051 hic
1199 1996 1396 2051 dictum
1421 2004 1501 2048 est
1525 2035 1540 2058 ,
1576 1993 1784 2045 Domine

226 2097 339 2150 Deus
363 2113 534 2158 mens,
567 2093 915 2162 magniﬁcatus
939 2107 989 2143 es
1019 2091 1185 2142 nimis.
1216 2087 1327 2142 Hoc
1355 2095 1454 2148 est,
1485 2084 1780 2152 Sanctiﬁce-

227 2201 293 2242 tur
315 2204 488 2241 nomen
529 2198 706 2248 tuum,
739 2192 976 2238 sanctum
1017 2182 1086 2235 sit
1129 2180 1266 2250 apml
1309 2179 1548 2234 homines
1591 2191 1782 2230 nomen

227 2289 374 2332 tumo.
407 2277 658 2330 Sanctum
698 2284 779 2328 est
814 2272 955 2328 enim
994 2287 1204 2342 semper
1241 2285 1430 2323 nomen
1477 2277 1619 2321 tuum
1641 2309 1657 2332 ,
1688 2266 1782 2320 sed

228 2370 516 2441 quibusdam
567 2366 852 2421 immundis
899 2365 1130 2420 nondum
1174 2372 1254 2417 est
1301 2371 1538 2417 sanctum
1589 2375 1780 2413 nomen

229 2474 373 2516 tamn.
407 2463 538 2516 Dicit
576 2461 716 2515 enim
761 2459 1076 2527 Apostolus,
1112 2455 1294 2508 Omnia
1333 2453 1520 2506 munda
1545 2451 1780 2514 mundis,

227 2557 475 2610 immundis
518 2565 683 2606 autem
728 2561 772 2604 et
811 2548 1097 2630 inﬁdelibus
1139 2546 1262 2600 nihil
1311 2554 1379 2598 est
1420 2543 1684 2596 mundum.
1726 2541 1781 2595 Si

227 2646 494 2701 immundis
533 2653 589 2700 et
632 2641 933 2697 inﬁdelibus
977 2638 1107 2692 nihil
1158 2644 1236 2692 est
1287 2634 1564 2699 mundum,
1604 2648 1785 2702 quaero

227 2753 422 2792 enisum
454 2737 468 2768 ¹
504 2753 518 2788 :
552 2734 657 2790 Sed
687 2732 880 2803 polluta
903 2738 1037 2794 sunt,
1070 2727 1270 2796 inquit,
1301 2741 1472 2778 eorum
1500 2733 1544 2776 et
1576 2740 1711 2778 mens
1740 2729 1785 2778 et

227 2830 506 2883 conscientia
540 2826 673 2896 (Tit.
704 2841 740 2889 ι.
763 2822 892 2894 15).
920 2823 973 2877 Si
1005 2812 1246 2874 nihilest
1273 2817 1526 2872 mundum
1556 2816 1654 2874 eis.
1687 2829 1786 2869 nec

230 2923 382 2986 Dens;
411 2920 508 2974 nisi
553 2918 690 2972 forte
731 2915 928 2988 putatis
970 2911 1221 2966 mundum
1249 2909 1412 2963 videri
1455 2908 1619 2961 Deum
1647 2905 1783 2971 illis,

229 3015 304 3084 qui
329 3012 562 3084 quotidie
609 3009 980 3078 blasphemant
1002 3020 1142 3059 eum.
1177 3003 1234 3058 Si
1278 2995 1505 3056 mundus
1529 3008 1643 3063 est,
1673 2997 1783 3066 pla-

229 3116 366 3170 erat;
396 3104 435 3155 si
457 3103 644 3172 placet,
673 3098 918 3153 laudetur
941 3096 1013 3149 :si
1039 3104 1215 3148 autem
1240 3092 1654 3160 blasphematur,
1675 3089 1782 3142 dis-

232 3198 405 3265 plicet;
435 3205 485 3250 et
524 3195 567 3248 si
625 3191 903 3260 displicet,
941 3187 1209 3257 quomodo
1239 3185 1330 3239 tibi
1358 3192 1530 3254 potest
1562 3181 1788 3236 mundus

231 3307 338 3345 esse
364 3291 446 3360 qui
477 3287 760 3356 di<plicel?
790 3283 924 3351 Quid
953 3297 1080 3350 ergo
1121 3294 1366 3350 rogamus
1391 3320 1405 3340 ,
1438 3276 1788 3342 Sanctiﬁcetur

229 3399 395 3436 nomen
423 3383 598 3435 tuum?
627 3379 692 3435 Ut
722 3379 828 3432 illis
854 3375 1156 3432 hominibus
1183 3374 1270 3443 qui
1303 3387 1396 3440 per
1427 3369 1786 3424 inﬁdelitatem

228 3474 447 3528 nandum
462 3473 676 3532 habent,
693 3483 883 3523 nomen
898 3467 988 3522 Dei
1005 3473 1242 3519 sanctum
1255 3461 1542 3533 sit,quibns
1556 3459 1786 3513 nondum

229 3576 312 3621 est
331 3566 406 3618 ille.
426 3573 635 3618 sanctus
662 3562 748 3631 qui
779 3575 870 3630 per
914 3573 1000 3619 se,
1030 3557 1155 3611 etin
1182 3571 1260 3621 se,
1288 3562 1340 3608 et
1365 3554 1415 3607 in
1445 3552 1640 3606 sanctis
1679 3550 1789 3604 suis

230 3667 434 3713 sanctus
458 3666 556 3711 est.
587 3655 857 3724 Rogamus
885 3667 980 3720 pro
1009 3662 1206 3718 genere
1244 3647 1476 3699 humano
1495 3684 1510 3708 ,
1541 3657 1789 3711 rogamus
1834 3673 1837 3676 -

231 3763 322 3817 pro
350 3747 473 3800 orbe
504 3755 766 3799 terrarum
789 3783 804 3804 ,
833 3755 930 3811 pro
956 3736 1202 3791 omnibus
1239 3734 1485 3804 gentibus
1505 3774 1518 3795 ,
1557 3731 1790 3800 quotidie

233 3837 522 3894 sedentibus
543 3844 598 3890 et
619 3830 1008 3901 dislnttantibus
1034 3828 1157 3894 quia
1184 3841 1288 3880 non
1319 3833 1398 3879 est
1425 3833 1599 3878 rectus
1626 3823 1787 3883 Deus,

234 3940 283 3985 ct
317 3948 413 3984 non
443 3937 588 3984 recte
622 3925 824 3995 iudicat
854 3923 1026 3984 Deus;
1061 3930 1118 3974 ut
1153 3915 1434 3988 aliquando
1464 3915 1560 3984 ipsi
1587 3928 1644 3967 se
1669 3929 1790 3967 eor-

235 4023 426 4093 rigant,
455 4031 507 4077 et
536 4031 740 4075 rectum
770 4033 863 4072 cor
890 4015 954 4070 ad
987 4014 1125 4068 illius
1154 4010 1519 4066 rectitudinem
1561 4007 1788 4071 ducant;

235 4125 282 4167 et
305 4115 631 4168 adlimrcntes
658 4109 729 4173 ci,
759 4106 947 4163 directi
988 4104 1056 4157 ad
1084 4111 1285 4157 rectum
1314 4102 1357 4166 ²,
1386 4115 1487 4152 ιιοη
1521 4099 1628 4167 jam
1658 4096 1792 4150 vitu-

237 4213 432 4275 perent,
460 4203 549 4258 sed
580 4201 786 4272 placeat
821 4197 983 4253 rectis
1011 4202 1187 4249 rectus
1215 4208 1228 4244 :
1258 4191 1378 4275 quia
1402 4232 1416 4250 ,
1450 4189 1612 4256 Quam
1637 4189 1793 4241 bonus

236 4270 366 4350 Deus
393 4270 596 4359 Israel
621 4291 715 4346 sed
757 4289 901 4344 rectis
936 4286 1084 4341 corde
1113 4283 1289 4356 (Psal.
1317 4270 1455 4334 Litxu
1479 4321 1494 4345 ,
1523 4277 1608 4348 l).
1654 4278 1792 4347 Ergo

235 4403 349 4443 cum
377 4384 571 4439 videret
596 4384 698 4438 iste
722 4381 809 4451 qui
838 4387 1049 4441 cantat,
1078 4376 1178 4430 iste
1212 4373 1324 4443 ipse
1348 4385 1446 4425 nos
1481 4369 1602 4439 ipsi,
1635 4368 1685 4422 id
1713 4377 1793 4421 est

235 4492 422 4547 corpus
443 4475 657 4538 Christi,
687 4471 924 4528 membra
961 4466 1190 4529 Christi;
1230 4479 1351 4518 cum
1375 4461 1579 4516 videret
1605 4469 1793 4529 quanta

237 4569 531 4639 priestiterit
559 4568 694 4620 Dens
719 4562 899 4634 generi
923 4561 1175 4620 humano,
1199 4556 1281 4608 cui
1309 4562 1462 4608 antea
1489 4563 1578 4606 aut
1599 4552 1791 4613 nullus,
1836 4594 1848 4611 ,

236 4669 315 4712 aut
344 4657 502 4712 falsus
527 4697 542 4719 ,
575 4664 666 4709 aut
704 4669 809 4707 non
839 4661 944 4704 tam
973 4661 1198 4717 magnus
1227 4644 1502 4700 videbatur
1530 4643 1668 4696 Deus
1687 4682 1702 4704 ,
1742 4641 1794 4694 in

238 4748 478 4818 operibus
519 4747 634 4814 ejus
656 4760 776 4800 eum
794 4741 1008 4805 videns;
1037 4737 1246 4791 Domine
1273 4735 1411 4789 Deus
1430 4750 1587 4797 meus,
1609 4734 1794 4802 inquit,

237 4840 578 4912 magniﬁcatus
613 4854 662 4892 es
693 4835 839 4890 nimis
867 4851 885 4888 :
913 4834 963 4888 id
989 4839 1103 4897 est,
1129 4831 1217 4901 qui
1266 4828 1496 4883 nondum
1527 4837 1576 4880 te
1606 4826 1800 4880 intelli-

237 4931 412 5000 gebam
437 4972 454 4997 ,
486 4929 724 4999 intelligo
755 4937 804 4982 te
833 4939 1100 4995 magnum.
1130 4921 1347 4990 Magnus
1366 4933 1578 4986 semper
1599 4957 1614 4982 ,
1640 4917 1796 4970 etiam

236 5024 495 5087 occultus;
527 5019 623 5076 sed
650 5018 777 5073 mihi
808 5027 932 5071 tunc
961 5027 1181 5083 magnus
1206 5052 1220 5075 ,
1247 5009 1461 5080 quando
1487 5007 1794 5077 apparuisti.

237 5112 589 5185 magniﬁcatus
621 5126 680 5167 es
701 5125 827 5178 ergo
855 5123 920 5163 ex
951 5121 1036 5161 me
1067 5123 1078 5157 :
1109 5119 1214 5173 quo
1243 5101 1401 5156 modo
1430 5099 1704 5167 Miriﬁcata
1726 5106 1796 5150 est

237 5207 434 5260 scientia
463 5214 551 5257 tua
590 5219 652 5257 ea:
679 5217 757 5254 me
776 5218 794 5264 ;
821 5200 953 5254 mira
991 5197 1130 5252 enim
1174 5195 1305 5248 facta
1349 5203 1430 5247 est
1457 5208 1524 5245 ex
1552 5207 1654 5244 me.
1689 5189 1802 5258 Ego

238 5291 372 5345 illam
400 5291 569 5344 miror
609 5300 902 5343 conversus
935 5283 998 5336 ad
1032 5282 1209 5343 illam;
1240 5279 1326 5332 illa
1361 5288 1534 5330 autem
1566 5275 1666 5329 etsi
1695 5289 1801 5326 non

237 5391 512 5435 convertar
534 5419 550 5444 ,
580 5379 679 5434 etsi
721 5385 838 5445 post
880 5371 1279 5429 conversionem
1321 5376 1526 5421 avertor
1553 5406 1568 5428 ,
1601 5367 1801 5434 integra

241 5477 526 5537 permanet.
567 5467 675 5521 Sed
704 5481 803 5535 ego
826 5464 935 5534 jam
980 5475 1200 5532 magnus
1230 5459 1397 5513 factus
1436 5458 1487 5510 in
1529 5472 1590 5510 ea
1615 5497 1629 5521 ,
1660 5463 1714 5508 et
1737 5470 1800 5508 ex

240 5560 505 5614 deminuto
534 5557 698 5612 factus
726 5555 927 5624 integer
953 5554 1004 5607 in
1027 5567 1086 5608 ea
1107 5592 1120 5614 ,
1149 5550 1313 5604 miror
1339 5547 1478 5618 quod
1511 5562 1611 5599 non
1640 5560 1801 5598 nove-

299 5653 314 5682 ι
351 5652 431 5699 t—tic
455 5651 505 5698 in
537 5647 647 5696 edd.
673 5647 877 5702 additur,
900 5642 986 5701 sed
1009 5641 1300 5706 quibusdam
1311 5637 1568 5689 immundis
1591 5635 1801 5687 nondum

242 5717 303 5759 est
325 5725 466 5759 musa
493 5723 510 5760 :
536 5709 660 5772 quod
685 5721 712 5756 a
735 5706 948 5758 melioris
971 5703 1096 5772 notze
1133 5712 1234 5772 Mss.
1261 5703 1417 5772 abest.

298 5757 612 5834 rgat-finiens:
635 5778 758 5821 notae
782 5757 883 5820 uss.
926 5775 979 5818 At
1000 5769 1134 5826 Eum,
1164 5770 1209 5815 et
1231 5763 1529 5814 adlucrcntcs
1567 5760 1719 5812 eidem
1743 5757 1803 5810 de

244 5847 300 5884 rc.
403 5833 666 5885 "l’rectum.

1272 325 1664 381 EN.\RIlATIU
1702 325 1766 380 IN
1806 325 2126 382 PSALMUM
2162 325 2304 406 CIII.

3320 322 3460 378 i338

1882 479 1992 516 ram
2018 479 2033 526 ;
2066 479 2169 517 non
2195 460 2333 531 quod
2360 459 2518 515 tuodo
2544 474 2792 529 magnum
2821 458 3013 513 factum
3043 467 3120 513 est
3151 475 3217 513 ex
3246 475 3350 528 quo
3374 459 3456 512 di-

1879 553 2005 620 dici,
2034 554 2125 608 sed
2150 554 2266 622 quia
2297 566 2514 622 magnus
2544 550 2707 603 factus
2732 565 2846 604 sum
2868 565 2936 604 ex
2968 565 3072 619 quo
3095 548 3277 603 didici.
3311 549 3448 604 Audi

1876 647 2059 714 jamet
2089 647 2174 698 ubi
2211 645 2414 698 videtur
2443 643 2801 712 magniﬁcatus
2846 643 2982 697 Deus
3011 643 3164 696 nimis
3191 684 3204 707 ,
3237 659 3450 712 semper

1882 752 2138 806 magnus;
2186 736 2549 805 magniﬁcatus
2579 734 2717 787 enim
2763 734 2918 786 nimis
2965 733 3014 785 in
3059 733 3304 801 cperibus
3340 735 3449 786 suis

1881 827 1945 880 ad
1993 842 2107 879 nos.

1952 917 2004 970 4.
2050 916 2417 986 Confessionem
2455 924 2499 967 et
2530 913 2754 966 decorent
2780 911 3004 964 induisti.
3039 913 3172 964 Ante
3202 910 3447 964 decorem

1883 1008 2268 1064 Confessionem
2305 1009 2496 1078 posuit,
2529 1007 2690 1062 decus
2718 1007 2768 1060 in
2800 1005 3200 1074 pulchritudine.
3245 1003 3448 1070 Quaeris

1885 1100 2360 1169 pulchritudinem;
2395 1099 2583 1152 bonam
2608 1113 2720 1152 rem
2743 1098 2956 1166 qu:rris.
2987 1094 3090 1148 Sed
3117 1110 3278 1164 quare
3308 1109 3450 1162 qna:-

1884 1190 1957 1243 ris
2006 1189 2469 1258 pulchritudinem,
2519 1206 2550 1240 ο
2596 1187 2804 1241 anima?
2845 1186 2913 1241 Ut
2950 1194 3091 1239 amet
3137 1195 3186 1236 le
3225 1198 3449 1252 sponsus

1886 1288 2036 1345 tuus;
2081 1281 2272 1335 etenim
2299 1280 2542 1350 displices
2563 1280 2611 1333 ei
2643 1278 2798 1354 fwda.
2853 1277 2940 1331 Ille
2963 1277 3101 1331 enim
3128 1276 3294 1345 qualis
3329 1276 3446 1329 est?

1885 1372 2153 1444 Speciosus
2179 1375 2339 1443 forma
2368 1389 2473 1442 pra:
2497 1373 2617 1440 ﬁliis
2643 1373 2918 1423 hominum.
2949 1368 3186 1424 Osculari
3211 1368 3288 1420 vis
3311 1366 3447 1419 findo

1886 1463 2205 1531 pulchrum;
2257 1464 2348 1516 sed
2397 1478 2499 1516 non
2551 1461 2778 1516 attendis
2823 1461 2942 1529 quia
2987 1468 3042 1513 tu
3091 1457 3452 1527 iniquitatibus

1887 1555 2034 1623 plena
2074 1570 2150 1609 es.
2197 1552 2397 1621 Dilfnsa
2426 1563 2497 1608 est
2533 1564 2706 1607 autem
2738 1553 2901 1622 gratia
2931 1552 2980 1604 in
3022 1551 3167 1604 labiis
3203 1551 3320 1602 tuis.
3365 1549 3453 1603 Sic

1886 1645 2028 1699 enim
2068 1645 2137 1697 de
2177 1645 2266 1698 illo
2295 1645 2492 1698 dictum
2524 1655 2606 1698 est
2646 1661 2658 1696 :
2705 1643 2974 1713 Speciosus
3001 1646 3164 1710 [arma
3203 1656 3310 1711 pra:
3334 1640 3454 1708 ﬁliis

1886 1737 2173 1804 hominum,
2213 1737 2400 1804 cli/fusa
2440 1747 2513 1791 est
2556 1737 2717 1807 gratia
2747 1737 2797 1788 in
2829 1735 2973 1788 labiis
3013 1735 3146 1797 tuis;
3191 1743 3453 1803 propterea

1884 1830 2266 1883 adolescentulo:
2305 1829 2582 1883 dilea‘emnt
2613 1839 2658 1882 te
2696 1826 2878 1894 (Psal.
2911 1843 3048 1888 κων,
3081 1826 3170 1890 5).
3203 1824 3294 1876 Est
3329 1838 3456 1892 ergo

1885 1921 2097 1990 quidam
2129 1921 2391 1977 formosus
2413 1963 2426 1984 ,
2459 1931 2539 1974 est
2576 1921 2785 1990 quidam
2817 1918 3037 1989 pulcher
3069 1933 3171 1986 pra:
3215 1917 3331 1982 ﬁliis
3357 1915 3452 1967 ho-

1886 2014 2107 2076 minum;
2135 2012 2233 2067 etsi
2263 2014 2400 2067 lilius
2429 2012 2679 2076 hominis,
2706 2023 2879 2065 tamen
2903 2025 3007 2080 prw
3033 2009 3150 2077 ﬁliis
3175 2007 3451 2060 hominum.

1887 2104 2019 2158 Huic
2049 2114 2104 2159 tu
2131 2106 2339 2174 placere
2365 2107 2469 2170 vis,
2499 2121 2531 2158 ο
2559 2109 2732 2158 anima
2761 2105 2984 2157 humana
3007 2143 3020 2166 ,
3050 2117 3082 2156 ο
3108 2118 3206 2156 una
3237 2101 3288 2154 in
3317 2101 3424 2154 mul
3444 2129 3456 2140 -

1889 2198 1991 2252 lis?
2031 2198 2315 2252 Audiamus
2353 2198 2681 2261 Ecclesium;
2713 2196 2832 2266 quia
2872 2205 2983 2249 erat
3015 2194 3115 2248 illis
3152 2194 3324 2246 anima
3355 2207 3454 2246 una

1887 2299 1939 2343 et
1967 2304 2060 2344 cor
2089 2281 2250 2344 unum
2279 2289 2329 2343 in
2364 2289 2525 2342 Deum
2563 2288 2700 2358 (Act.
2729 2303 2806 2353 iv,
2839 2286 2938 2357 5'2)
2967 2304 2979 2339 :
3013 2285 3148 2339 hanc
3173 2283 3458 2352 alloquitur

1887 2383 2150 2438 Psalmus.
2182 2382 2274 2437 Vis
2300 2382 2347 2437 ei
2379 2382 2623 2451 placere?
2649 2380 2762 2435 Non
2794 2389 2972 2450 potes,
2999 2376 3246 2447 quamdiu
3277 2374 3457 2429 del‘or-

1888 2475 1989 2527 mis
2016 2489 2074 2527 es
2107 2491 2120 2526 :
2153 2471 2277 2542 quid
2309 2471 2469 2527 facies
2497 2481 2553 2525 ut
2580 2471 2795 2540 pulchra
2825 2469 2938 2524 sis?
2965 2469 3119 2522 Prius
3150 2465 3241 2520 tibi
3270 2465 3458 2534 displi-

1888 2572 2003 2618 ceat
2029 2563 2339 2618 deformitas
2360 2571 2466 2629 tua,
2491 2570 2545 2617 et
2571 2571 2695 2616 tunc
2715 2561 2782 2614 ab
2804 2561 2895 2614 illo
2917 2561 3030 2628 ipso
3049 2557 3131 2612 cui
3152 2557 3230 2610 vis
3252 2556 3459 2626 placere

1889 2656 2130 2726 pulchra,
2176 2655 2466 2711 mereberis
2507 2652 2972 2724 pulchritudinem.
3017 2651 3132 2720 Ipse
3174 2649 3314 2704 enim
3357 2647 3461 2701 erit
3513 2691 3516 2694 .

1892 2747 2206 2802 reformator
2235 2757 2355 2801 tuus
2375 2787 2391 2813 ,
2417 2747 2504 2816 qui
2545 2744 2640 2800 fuit
2679 2743 2930 2799 formator
2959 2751 3098 2796 tuus.
3143 2741 3278 2810 Ergo
3312 2738 3460 2808 prius

1888 2838 2100 2891 attende
2135 2853 2250 2906 quae
2289 2838 2396 2900 sis,
2438 2853 2505 2891 ne
2535 2837 2729 2890 audeas
2758 2836 2832 2890 ire
2870 2833 3004 2889 foeda
3048 2835 3098 2887 in
3141 2831 3340 2901 pulchri
3371 2845 3460 2883 os-

1888 2929 2025 2983 cula.
2060 2929 2122 2982 Et
2152 2927 2275 2997 quid
2310 2929 2538 2992 intuens,
2570 2927 2762 2994 inquis,
2794 2942 2878 2979 me
2905 2925 3130 2978 videbo?
3161 2923 3339 2977 Posuit
3367 2921 3458 2974 tibi

1889 3019 2158 3088 speculum
2186 3018 2509 3087 Scripturam
2535 3033 2682 3071 suam
2705 3035 2719 3083 ;
2755 3017 2941 3086 legitur
2962 3017 3052 3070 tibi
3079 3034 3092 3068 :
3117 3015 3259 3069 Beati
3287 3013 3461 3066 mundi

1891 3113 2058 3178 corde,
2107 3112 2343 3181 quoniam
2391 3111 2489 3180 ipsi
2533 3109 2695 3163 Deum
2736 3110 2966 3162 videbunt
3011 3105 3231 3178 (Matth.
3272 3121 3326 3169 ν,
3366 3103 3459 3172 8).

1892 3205 2175 3273 Speculum
2204 3204 2252 3257 in
2280 3204 2378 3257 hac
2401 3204 2628 3258 lectione
2653 3202 2976 3271 propositum
3004 3201 3122 3253 est':
3149 3198 3265 3252 vide
3291 3198 3332 3250 si
3363 3197 3462 3250 hoc

1891 3313 1948 3352 es
1976 3297 2113 3367 quod
2145 3295 2309 3360 dixit;
2341 3297 2384 3348 si
2414 3297 2645 3348 nondum
2677 3309 2758 3357 es,
2787 3308 2938 3363 gente
2970 3302 3021 3343 tit
3053 3291 3144 3344 sis.
3181 3289 3466 3342 llentuttiao

1895 3390 1967 3440 hit
1997 3387 2088 3440 tibi
2130 3386 2400 3455 speculum
2433 3385 2618 3440 faciem
2650 3395 2792 3450 tuam
2824 3400 2837 3435 :
2871 3383 3006 3436 sicut
3045 3381 3316 3449 speculum
3358 3395 3462 3431 non

1893 3480 2091 3534 Senties
2117 3479 2468 3542 adulatorem,
2497 3476 2573 3530 sic
2596 3489 2694 3529 nec
2723 3484 2773 3528 te
2800 3473 3000 3544 palpes.
3028 3471 3136 3524 Iloc
3167 3469 3258 3523 tibi
3288 3478 3467 3521 osten-

1892 3571 1971 3624 dit
2003 3571 2141 3623 nilor
2167 3570 2254 3622 ille
2281 3568 2418 3636 quod
2447 3583 2506 3622 es
2535 3585 2547 3619 ι
2579 3565 2696 3620 vide
2724 3565 2860 3633 quod
2887 3579 2977 3626 es;
3011 3573 3063 3615 et
3090 3561 3135 3615 si
3167 3561 3256 3614 tibi
3286 3560 3466 3629 displi-

1893 3673 2007 3726 cet,
2048 3679 2224 3732 quzere
2255 3671 2312 3714 ut
2355 3677 2455 3713 non
2486 3661 2577 3713 sis.
2621 3657 2676 3711 Si
2723 3657 2862 3710 enim
2903 3670 3022 3707 cum
3068 3652 3199 3706 [ωας.
3233 3652 3340 3713 sis,
3374 3650 3463 3702 tibi

1895 3756 1990 3825 ipsi
2019 3755 2190 3808 adhuc
2220 3753 2468 3822 displiccs
2492 3793 2506 3815 ,
2536 3750 2759 3819 pulchro
2781 3749 2888 3816 jam
2921 3748 3113 3815 places.
3145 3743 3278 3810 Quid
3303 3743 3466 3810 ergo?

1893 3845 2150 3911 Quoniam
2181 3842 2423 3911 displicet
2451 3841 2540 3894 tibi
2571 3839 2781 3892 ltrditas
2812 3847 2916 3898 tua,
2971 3836 3158 3904 incipis
3183 3838 3230 3888 ei
3259 3834 3309 3886 in
3335 3848 3464 3885 cou-

1895 3937 2126 3992 fessione
2151 3953 2165 3999 ;
2199 3937 2335 3989 sicut
2364 3933 2488 3986 alibi
2517 3931 2710 3986 dicitur
2741 3949 2753 3985 :
2782 3929 3002 3998 Incipite
3027 3927 3242 3980 Domino
3273 3926 3324 3978 in
3348 3942 3469 3978 con-

1896 4029 2110 4098 fessione
2139 4026 2316 4094 (Psal.
2355 4039 2549 4088 CXLVI,
2581 4023 2673 4092 7).
2719 4021 2898 4075 Primo
2941 4034 3132 4073 accusa
3179 4017 3464 4072 fmditatem

1898 4130 2039 4174 tuam
2073 4137 2085 4172 :
2121 4118 2328 4173 foeditas
2357 4117 2497 4171 enim
2527 4114 2717 4167 animae
2742 4111 2808 4166 de
2835 4111 3098 4180 peccatis,
3127 4110 3193 4164 de
3219 4107 3467 4178 iniquila-

1899 4213 2057 4265 tibus.
2097 4208 2408 4264 Accusando
2444 4206 2732 4260 l'mditatem
2765 4213 2905 4257 tuam
2936 4201 3110 4271 incipe
3135 4200 3406 4261 conﬁteri,
3437 4215 3465 4252 a

1897 4302 2232 4358 confessione
2280 4299 2472 4368 incipis
2518 4296 2756 4352 decorari
2805 4313 2817 4347 :
2861 4308 2965 4364 quo
3011 4293 3324 4358 decorante,
3368 4291 3468 4346 nisi

1898 4395 2139 4462 specioso
2172 4390 2339 4444 forma
2371 4405 2475 4458 pra:
2506 4388 2628 4441 ﬁliis
2655 4383 2968 4438 hominum?

2065 4483 2130 4538 Ut
2169 4492 2342 4534 autem
2387 4491 2437 4535 et
2481 4481 2728 4533 decoram
2773 4477 3005 4538 faceret,
3047 4475 3218 4528 audeo
3259 4473 3469 4539 dicere,

1900 4575 2094 4627 amavit
2131 4583 2185 4628 et
2232 4572 2445 4628 fcedam.
2490 4569 2622 4639 Quid
2652 4579 2770 4636 est,
2799 4568 2994 4622 amavit
3020 4577 3072 4621 et
3100 4566 3332 4620 foedam?
3379 4564 3470 4618 Et—

1899 4668 2032 4721 enim
2050 4666 2271 4720 Christus
2299 4681 2388 4733 pro
2416 4664 2582 4729 impiis
2605 4671 2826 4718 mortuus
2852 4669 2921 4712 est
2943 4657 3117 4727 (Rom.
3136 4674 3183 4719 ν,
3203 4657 3280 4727 6).
3305 4659 3472 4722 Quam

1901 4759 2058 4811 vitam
2094 4757 2180 4810 tibi
2214 4765 2387 4808 servat
2411 4753 2698 4822 justiﬁcato
2718 4793 2731 4812 ,
2761 4751 2846 4818 qui
2876 4764 3022 4802 suam
3055 4759 3278 4801 mortem
3305 4747 3474 4800 dona-

1901 4852 1976 4903 vit
2003 4859 2056 4904 et
2083 4847 2281 4917 impio?
2309 4847 2443 4900 Ecce
2468 4843 2692 4913 pulcher
2723 4843 2807 4896 ille
2833 4852 2886 4895 et
2909 4841 3160 4912 spcciosus
3182 4844 3344 4910 [arma
3373 4852 3477 4905 pne

1901 4945 2020 5012 ﬁliis
2052 4942 2309 4995 hominum
2335 4980 2350 5004 ,
2383 4938 2501 5007 quia
2525 4935 2849 5004 justissimus
2877 4949 2984 5004 pne
3013 4933 3134 4986 ﬁliis
3163 4931 3436 4984 hominum
3457 4967 3471 4991 ,

1904 5032 2151 5100 quoidam
2197 5029 2445 5082 veniebat
2487 5025 2552 5078 ad
2584 5024 2775 5080 fuadam
2795 5066 2810 5090 ,
2843 5032 2899 5076 ut
2928 5024 3123 5076 faceret
3166 5021 3435 5090 pulchram
3458 5056 3474 5079 ,

1905 5123 2113 5193 (dicam
2165 5131 2217 5173 et
2264 5120 2394 5184 hoc,
2437 5117 2556 5187 quia
2607 5116 2656 5169 in
2697 5115 2981 5184 Scriptnris
3023 5108 3266 5182 invenio)
3307 5108 3476 5163 foedus

1906 5213 2072 5268 factus
2095 5220 2194 5266 est.
2226 5210 2338 5264 Non
2367 5225 2449 5262 me
2478 5211 2527 5260 in
2556 5207 2656 5259 hoc
2683 5207 2928 5268 audiatis,
2960 5220 3026 5258 ne
3053 5205 3102 5256 in
3135 5204 3232 5254 hoc.
3258 5201 3473 5255 verbum

1849 5349 1853 5352 .
1905 5315 2104 5359 temere
2130 5304 2305 5370 lapsus
2325 5300 2445 5353 sim.
2470 5298 2615 5353 Sicut
2636 5297 2776 5351 enim
2800 5296 3058 5358 dixeram,
3084 5292 3291 5346 Amavit
3311 5298 3363 5343 et
3389 5289 3473 5344 fte-

1906 5396 2060 5459 dam;
2090 5408 2193 5447 non
2221 5401 2396 5445 autem
2427 5389 2577 5458 quasi
2607 5396 2960 5458 congruenter
2987 5385 3222 5438 dixeram
3255 5381 3474 5450 quibus-

1906 5488 2025 5543 dam
2061 5487 2203 5540 illum
2234 5483 2552 5545 amantibus,
2583 5482 2682 5535 nisi
2714 5479 2844 5535 mihi
2873 5479 3021 5531 testis
3051 5474 3394 5545 procederet;
3423 5483 3475 5528 et

1907 5579 2012 5634 dixi
2055 5577 2194 5648 quod
2235 5575 2366 5630 dixit
2391 5572 2677 5644 Apostolus
2709 5571 2831 5623 :Jris
2864 5583 3022 5622 nosse
3047 5565 3184 5636 quod
3215 5566 3402 5620 amarit
3425 5573 3476 5620 et

1909 5670 2139 5728 fmdam?
2167 5669 2393 5725 Christus
2425 5682 2515 5736 pro
2547 5664 2714 5734 impiis
2741 5672 2964 5715 mortuus
2989 5669 3058 5713 est
3086 5677 3104 5713 :
3129 5659 3205 5714 sic
3230 5666 3284 5712 et
3317 5657 3470 5712 modo

1908 5764 2048 5837 quod
2079 5761 2222 5829 dixi,
2262 5759 2331 5816 Ut
2361 5757 2562 5814 veniret
2605 5753 2668 5810 ad
2699 5753 2889 5817 foedam
2910 5793 2924 5821 ,
2957 5750 3129 5810 foedus
3159 5750 3325 5806 factus
3354 5757 3434 5803 est
3461 5787 3474 5813 ,
