3984 6204
554 324 692 379 1359

544 440 804 494 deformis
836 440 993 493 "actus
1015 443 1133 497 est,
1161 430 1426 503 quomodo
1457 428 1724 499 probabo;
1752 424 1963 496 quando
1996 423 2107 491 jam
2146 476 2152 487 ,

550 531 678 585 mihi
702 529 942 599 prmdixit
957 526 1193 580 divinum
1215 522 1504 593 eloquium,
1529 520 1796 588 Speciosus
1818 521 1982 587 forma
2006 529 2113 586 prta

556 624 676 693 ﬁliis
699 621 951 674 hominum
969 622 993 672 ἓν
1014 617 1119 672 Sed
1148 616 1202 670 in
1229 618 1343 685 ipso
1366 615 1544 667 divino
1572 611 1783 680 eloquio
1806 623 1991 678 rursus
2019 607 2117 662 ha-

554 714 676 777 beo,
714 709 937 763 Vidimus
971 724 1083 760 eum
1100 751 1114 770 ,
1142 718 1187 759 et
1212 723 1309 760 non
1337 702 1544 757 habebat
1570 702 1783 770 speciem
1802 741 1816 763 ,
1846 715 2001 768 neque
2022 697 2111 749 de-

549 818 714 857 corem
739 797 899 871 (lsai.
928 814 1034 856 LIII.
1061 782 1155 867 2)‘.
1183 797 1452 863 Speciosus
1482 798 1646 865 forma
1670 807 1772 860 pm
1796 789 1919 856 ﬁliis
1948 788 2114 842 homi-

549 884 670 946 num
708 881 741 944 τ’
780 887 1003 944 Vidimus
1039 905 1184 949 eum,
1227 897 1406 951 et,non
1438 883 1647 937 habebat
1682 880 1927 950 speciem,
1959 892 2120 945 neque

551 985 798 1036 decoram.
828 981 940 1035 Nan
970 981 1133 1044 dixit,
1158 979 1269 1032 Non
1301 976 1547 1035 vidimus.
1589 983 1643 1028 ct
1680 972 1799 1026 ideo
1841 969 2119 1025 nescieba~

555 1089 670 1127 Inus
700 1084 878 1127 utrum
911 1071 1129 1125 haberet
1153 1070 1384 1138 Speciem
1411 1066 1492 1122 vel
1518 1066 1766 1120 decorem
1798 1085 1811 1118 :
1837 1079 1961 1119 ecce
1987 1061 2115 1115 ridi-

555 1182 682 1227 mus,
715 1174 759 1216 et
791 1181 887 1216 non
916 1163 1122 1215 habebat
1148 1162 1379 1229 speciem,
1409 1173 1562 1226 neque
1590 1156 1838 1227 decorem.
1868 1153 1965 1209 Ubi
1991 1168 2119 1221 ergo

556 1257 704 1311 illum
734 1253 864 1308 vidit
884 1254 973 1322 qui
1002 1253 1174 1316 dixit,
1205 1250 1471 1318 Speciosus
1500 1250 1662 1319 forma
1688 1261 1793 1315 prae
1815 1243 1935 1312 ﬁliis
1960 1242 2120 1296 homi-

554 1342 793 1404 numfet
819 1347 905 1400 uhi
935 1347 1079 1400 illum
1125 1326 1249 1397 vidit
1277 1343 1363 1413 qui
1394 1342 1525 1395 dixit
1545 1381 1558 1399 ,
1607 1337 1727 1392 Non
1771 1335 1978 1390 habebat
2004 1351 2121 1404 spe-

555 1442 714 1503 ciem,
758 1456 911 1511 neque
953 1437 1219 1492 decorem?
1248 1434 1380 1488 Audi
1413 1433 1497 1485 ubi
1534 1446 1653 1485 eum
1686 1414 1814 1483 vidit
1839 1428 1925 1498 qui
1952 1426 2119 1485 dixit,

558 1532 826 1601 Speciosus
851 1534 1012 1599 forma
1039 1544 1144 1597 pra:
1168 1525 1287 1594 ﬁliis
1313 1524 1591 1578 hominum.
1616 1520 1741 1576 Cum
1761 1521 1813 1572 in
1840 1523 2002 1589 [arma
2032 1515 2120 1575 Dei

555 1633 699 1687 esset,
728 1639 827 1675 non
856 1621 1085 1692 rapinam
1107 1619 1373 1672 arbitratus
1402 1625 1477 1669 est
1499 1631 1604 1668 esse
1625 1614 1831 1684 aequalis
1861 1610 1985 1664 Deo.
2017 1608 2125 1663 δίε-ς

558 1715 658 1766 rito
685 1729 790 1782 pI'tB
811 1711 928 1780 ﬁliis
952 1710 1223 1772 hominum,
1248 1711 1365 1776 quia
1388 1706 1606 1776 mqualis
1629 1705 1737 1758 Deo
1762 1721 1775 1756 :
1799 1717 1923 1757 ecce
1943 1701 2122 1768 accepi

557 1815 611 1859 et
648 1805 833 1872 agnovi
876 1803 960 1857 ubi
989 1817 1108 1855 eum
1144 1800 1331 1854 viderit
1356 1799 1442 1868 qui
1472 1796 1638 1859 dixit,
1667 1794 1932 1864 Speciosus
1961 1796 2123 1862 {arma

560 1915 664 1967 pra:
692 1898 811 1964 ﬁliis
841 1896 1119 1948 hominum.
1152 1889 1446 1959 Respondit
1472 1889 1615 1943 enim
1643 1886 1813 1947 nobis,
1844 1883 1943 1939 Ubi
1974 1882 2122 1936 vitle-

558 1988 680 2049 rim,
702 1987 943 2056 qumvis?
978 1984 1039 2037 In
1070 1988 1234 2054 forma
1264 1981 1373 2035 Dei.
1416 1981 1482 2034 Et
1510 1978 1646 2032 unde
1671 1974 1850 2029 vidisti
1879 1975 1928 2027 in
1959 1973 2123 2026 forma

561 2080 693 2132 Dei?
731 2078 994 2142 quomodo
1031 2075 1204 2129 vidisti
1245 2073 1297 2128 in
1342 2071 1509 2125 forma
1549 2067 1678 2123 Dei?
1706 2066 1837 2132 Quia
1863 2065 2124 2118 inuisibilia

559 2173 670 2239 ejus
718 2186 804 2237 per
849 2184 906 2220 ea
958 2156 1071 2235 qua?
1120 2156 1253 2237 facta
1297 2171 1411 2217 sunt
1459 2160 1706 2215 intellecta
1752 2155 2127 2225 conspiciuntur

560 2259 733 2328 (Rom.
760 2274 795 2319 ι,
827 2257 940 2324 9-0).
974 2257 1134 2320 Bene,
1173 2253 1401 2322 optime;
1431 2248 1637 2318 accepi.
1675 2244 1863 2315 agnovi
1889 2254 1943 2299 et
1968 2260 2124 2314 quem

560 2352 775 2414 videris,
800 2359 853 2403 ct
881 2348 1088 2418 qualem
1119 2346 1335 2409 videris,
1365 2354 1417 2397 et
1448 2341 1533 2396 ubi
1565 2339 1782 2404 videris,
1810 2347 1863 2391 et
1888 2335 2028 2391 unde
2053 2337 2128 2389 vi-

562 2442 727 2495 deris.
760 2440 943 2508 Quem
973 2439 1182 2492 vidisti?
1207 2437 1469 2506 Sponsum
1511 2442 1769 2487 nostrum.
1798 2429 2016 2496 Qualem
2044 2428 2123 2479 vi-

561 2532 724 2585 disti?
749 2532 1053 2599 Speciosam
1094 2530 1256 2598 [arma
1285 2543 1390 2596 pra:
1414 2526 1534 2595 ﬁliis
1558 2524 1836 2578 hominum.
1874 2520 1972 2576 Ubi
1996 2518 2127 2574 vidi-

560 2623 668 2677 sti?
693 2621 817 2677 Cum
844 2623 893 2674 in
924 2623 1086 2693 [arma
1116 2619 1208 2674 Dei
1234 2627 1379 2673 esset.
1405 2616 1556 2672 Unde
1578 2613 1788 2669 vidisti?
1816 2612 1916 2666 Per
1939 2629 1996 2666 ea
2016 2627 2130 2682 qua:

564 2715 698 2779 facta
745 2723 857 2764 sunt
907 2710 1158 2763 intellecta
1200 2708 1596 2776 conspiciuntur.
1644 2703 1926 2762 Videamus
1968 2712 2022 2756 et
2062 2702 2128 2757 de

564 2805 668 2857 isto
699 2804 715 2835 ¹
744 2803 869 2871 quid
897 2803 1037 2855 dicat
1076 2801 1211 2854 alius
1239 2798 1524 2869 propheta,
1552 2795 1644 2851 sed
1678 2811 1781 2848 non
1808 2794 1940 2848 alios
1967 2793 2127 2862 spiri-

566 2907 687 2960 tus;
717 2911 819 2947 non
841 2894 982 2949 enim
1004 2892 1309 2946 discordant
1329 2890 1466 2943 inter
1489 2903 1565 2942 se.
1596 2885 1843 2959 Esbibuit
1864 2885 2015 2938 uobis
2040 2884 2128 2937 ille

565 2988 862 3056 Speciosam
891 2985 1060 3040 forma
1088 3000 1195 3053 pra:
1222 2983 1341 3036 filiis
1365 2981 1633 3036 hominum
1650 3020 1667 3043 ,
1691 2978 1938 3033 exhibeat
1957 2987 2008 3030 et
2030 2975 2128 3029 iste

562 3078 703 3149 quod
729 3078 820 3143 ait,
852 3074 1082 3129 Vidimus
1118 3091 1249 3140 eum,
1277 3083 1322 3127 et
1347 3090 1445 3127 non
1468 3070 1674 3125 [rubebat
1705 3070 1936 3140 speciem,
1975 3082 2131 3138 neque

563 3176 812 3232 decorem.
845 3170 991 3226 Unus
1011 3168 1283 3238 apostolus
1302 3166 1494 3221 Paulus
1518 3163 1824 3233 prophetam
1847 3169 2128 3230 utrumque

560 3264 862 3333 coniungit;
908 3276 1069 3316 unum
1111 3257 1395 3328 capitulum
1433 3254 1579 3310 Pauli
1616 3253 1827 3323 utrique
1856 3249 2128 3321 propheta:

562 3356 803 3425 perhibet
827 3351 1205 3407 testimonium.
1230 3348 1303 3403 lbi
1325 3349 1495 3401 habeo
1512 3336 1812 3414 speciosum
1833 3342 1998 3396 forma
2021 3356 2130 3409 pta:

561 3448 684 3504 filiis
715 3447 984 3500 hominum
1027 3458 1042 3497 :
1084 3441 1183 3507 Qui
1205 3455 1318 3494 cum
1344 3439 1397 3492 in
1427 3440 1591 3509 [arma
1618 3434 1716 3488 Dei
1742 3442 1885 3499 esset,
1913 3449 2013 3485 non
2041 3447 2131 3484 ra-

563 3540 735 3611 pinam
770 3536 1040 3590 arbitratus
1069 3544 1142 3586 cst
1175 3547 1281 3586 esse
1302 3529 1510 3600 tequalis
1533 3526 1662 3580 Deo.
1688 3524 1765 3605 lbi
1794 3523 1951 3588 dixit,
1988 3520 2127 3592 quod

565 3628 699 3683 vidit
718 3636 767 3683 et
790 3626 942 3688 alius,
970 3640 1074 3679 non
1097 3622 1377 3677 habentem
1399 3619 1630 3689 speciem
1654 3631 1823 3685 neque
1842 3613 2088 3668 decorem
2113 3630 2126 3665 :

550 3722 685 3792 quia
724 3720 1040 3787 semetipsum
1069 3715 1336 3770 exinanivit
1364 3713 1576 3782 formam
1615 3709 1741 3764 serui
1768 3707 2016 3778 accipiens
2034 3746 2049 3771 ,
2079 3706 2133 3759 in

564 3811 890 3868 similitudine
944 3809 1203 3862 hominum
1253 3809 1453 3876 factus,
1496 3811 1549 3855 et
1596 3799 1769 3854 habitu
1812 3799 2038 3851 inventus
2079 3805 2133 3850 ut

567 3906 716 3958 homo
736 3916 754 3963 ;
778 3900 1055 3955 humiliavit
1081 3914 1156 3965 se,
1191 3898 1353 3966 factus
1378 3891 1609 3947 obediens
1632 3906 1785 3959 usque
1806 3887 1874 3942 ad
1902 3897 2129 3955 mortem,

564 4002 775 4048 mortem
800 4003 966 4044 autem
1000 3988 1163 4043 crucis
1198 3986 1216 4056 (
1240 3984 1469 4055 Philipp.
1499 3999 1556 4048 ιι,
1585 3981 1678 4037 68
1702 3981 1742 4052 ).
1773 3979 1958 4036 Merito
1985 3978 2131 4034 vide«

567 4092 694 4140 runt
722 4099 841 4139 eum
862 4123 877 4146 ,
916 4090 970 4135 et
1009 4096 1116 4135 non
1152 4076 1381 4133 habebat
1406 4074 1636 4144 speciem
1668 4086 1839 4142 neque
1865 4072 2133 4125 decorem.

568 4176 756 4235 Merito
783 4182 905 4227 ante
927 4185 1136 4226 crucem
1164 4166 1432 4236 agitabant
1457 4171 1613 4233 caput
1653 4180 1666 4214 :
1698 4161 1913 4215 lliccine
1940 4169 2023 4214 est
2052 4168 2136 4213 to-

571 4277 653 4321 tus
680 4265 844 4321 Filius
872 4261 1004 4318 Dei?
1033 4261 1091 4316 Si
1133 4258 1176 4313 F
1178 4259 1294 4313 ilius
1327 4256 1424 4310 Dei
1462 4264 1563 4321 est,
1595 4251 1859 4307 descendat
1896 4250 1958 4303 de
1993 4266 2140 4304 cruce

574 4355 594 4426 (
623 4356 803 4410 Matth.
834 4367 996 4415 χχιιι.
1026 4351 1095 4407 ιο
1119 4350 1159 4421 ).
1189 4348 1295 4404 Sed
1326 4364 1428 4401 non
1462 4345 1687 4402 habebat
1710 4342 1939 4414 speciem
1967 4355 2139 4411 neque

573 4448 844 4503 decorem.
872 4444 1043 4498 Etiam
1072 4443 1169 4504 sic,
1198 4456 1232 4496 ο
1257 4439 1445 4511 quibus
1472 4436 1734 4506 displicet,
1764 4434 1885 4504 quia
1912 4449 2015 4487 nou
2045 4433 2139 4485 Ita-

544 4538 734 4594 ~bebat
772 4535 1003 4605 speciem
1050 4513 1220 4602 neque
1263 4529 1550 4587 decorem!
1598 4526 1643 4582 Ο
1685 4526 1944 4597 agitantes
1985 4532 2143 4592 caput

576 4638 698 4682 ante
717 4642 948 4691 crucem,
989 4633 1043 4680 et
1077 4641 1180 4678 non
1213 4622 1433 4691 ﬁgentes
1467 4627 1625 4688 caput
1656 4619 1676 4649 ³
1711 4617 1762 4670 in
1798 4616 1970 4685 capite
2002 4613 2141 4683 quod

581 4719 842 4788 pendebat
871 4718 922 4771 in
959 4716 1155 4769 cruce!
1184 4713 1368 4768 Merito
1394 4718 1544 4765 nutat
1572 4706 1936 4762 insultantium
1964 4715 2140 4772 caput,

583 4814 747 4869 donec
769 4813 836 4865 sit
860 4825 1040 4864 eorum
1066 4815 1225 4877 caput
1249 4805 1337 4860 ille
1365 4804 1478 4873 ipse
1506 4801 1590 4855 cui
1615 4798 1984 4854 insultabatur.
2010 4797 2144 4851 Ecce

583 4905 805 4960 resumit
841 4904 1108 4966 decorem,
1135 4885 1207 4954 iet
1243 4912 1492 4969 magnum
1524 4894 1791 4949 decorem.
1830 4889 1971 4945 Ecce
2005 4888 2144 4959 quod

582 4996 713 5053 dicis
743 5004 817 5059 tu,
848 4992 1022 5048 minus
1047 5001 1128 5046 est
1163 5004 1321 5059 quam
1348 4986 1490 5058 quod
1517 4984 1662 5041 fecit.
1690 4982 1829 5037 Dicis
1854 4988 1930 5046 tu,
1960 4978 2021 5036 Si
2051 4978 2148 5033 Fi-

581 5094 680 5147 lius
713 5088 811 5144 Dei
839 5097 939 5153 est,
976 5082 1245 5140 descendat
1276 5082 1339 5135 de
1371 5095 1520 5134 cruce
1553 5092 1573 5132 :
1602 5090 1731 5133 ecce
1750 5074 1819 5131 de
1848 5089 2008 5130 cruce
2041 5088 2146 5127 non

582 5180 873 5243 descendit,
896 5176 990 5233 sed
1010 5174 1077 5230 de
1098 5173 1345 5243 sepulcro
1360 5168 1677 5233 resurrexit.

654 5275 708 5328 6.
752 5271 910 5340 Ergo,
943 5268 1150 5329 anima,
1182 5263 1374 5318 decora
1405 5274 1524 5317 esse
1550 5274 1654 5315 non
1681 5266 1865 5329 potes,
1892 5254 1993 5311 nisi
2019 5268 2151 5309 con-

589 5364 723 5420 fessa
774 5362 937 5417 fueris
978 5357 1267 5413 fteditatem
1313 5353 1363 5408 ei
1404 5353 1493 5423 qui
1540 5366 1751 5421 semper
1793 5348 2047 5419 pulcher,
2098 5353 2154 5399 et

597 5461 807 5525 [raptor
834 5463 886 5505 te
911 5448 976 5504 ad
1005 5458 1211 5518 tempus
1237 5459 1341 5499 non
1371 5442 1629 5512 pulcher;
1660 5451 1715 5495 et
1741 5439 1820 5494 sic
1843 5437 1909 5492 ad
1946 5446 2153 5506 tempus

592 5558 696 5598 non
726 5540 944 5613 pulcher
971 5540 1024 5595 in
1050 5538 1233 5602 forma,
1247 5534 1391 5591 servi
1414 5574 1431 5596 ,
1473 5542 1531 5589 ut
1554 5546 1820 5601 nunquam
1847 5527 2100 5585 defecerit
2123 5541 2153 5580 ιι

651 5698 667 5727 ι
702 5698 772 5743 sic
800 5701 870 5742 Fr.
890 5701 1006 5741 ven.
1033 5700 1086 5742 et
1106 5697 1214 5739 ων.
1260 5696 1311 5741 ιιι
1342 5696 1410 5752 8.,
1434 5693 1479 5740 et
1500 5686 1589 5738 istc
1610 5681 1727 5749 quid
1749 5682 1897 5735 dicat.
1961 5689 2021 5730 ιι.

655 5771 667 5782 ⁸
701 5756 888 5821 Aliquot
906 5762 1031 5815 Mss,
1049 5764 1255 5805 crucem.

1978 5867 2097 5876 *μς-οσ-

1678 376 1689 387 θ
1774 312 1831 369 s.
1871 303 2229 364 ΑυυυδτιΝι
2269 307 2566 365 EPISCOPI

3646 305 3793 362 1510

2218 421 2606 489 pulchritudine
2636 438 2754 491 quae
2780 429 2863 474 est
2888 420 2938 473 iu
2970 420 3137 474 forma
3169 417 3281 470 Dei.
3311 416 3452 485 Ergo
3476 425 3529 469 tu
3549 455 3564 477 .
3597 414 3785 470 Eccle-

2216 512 2313 577 sia,
2342 512 2503 566 habes
2521 510 2768 565 decorem
2808 528 2824 566 :
2860 510 3055 564 dicitur
3080 518 3135 564 et
3157 507 3251 561 tibi
3286 506 3341 560 in
3360 506 3591 560 Cauticis
3613 510 3783 561 canti-

2216 619 2419 667 corum,
2444 600 2489 655 0
2517 602 2695 656 decora
2717 601 2844 655 inter
2868 600 3095 652 mulieres
3120 588 3367 671 (Cant.'v,
3390 594 3467 667 9).
3496 595 3694 650 Dicitur
3715 596 3784 651 dc

2221 704 2271 750 te
2308 711 2321 747 :
2356 694 2481 762 Qua:
2515 704 2585 748 est
2623 693 2716 749 ista
2751 706 2864 763 quae
2900 688 3389 747 ascendit.dealbata
3429 683 3546 757 (Id.
3580 701 3708 764 vin,
3726 689 3785 752 5,

2220 807 2320 844 sec.
2370 786 2593 857 LXX)?
2631 786 2768 852 Quid
2810 793 2929 849 est,
2971 774 3241 836 dealbala?
3280 780 3577 834 llluminata
3620 797 3635 832 :
3680 796 3785 832 non

2220 881 2457 934 doalbata
2482 920 2500 947 ,
2547 878 2682 932 sicut
2711 877 2879 932 fucata
2904 918 2923 940 ,
2967 870 3410 945 quemadmodum
3440 886 3500 926 sc
3537 868 3786 927 dealbaul

2223 970 2431 1025 femina:
2459 985 2575 1039 qua:
2609 967 2788 1021 volunt
2815 966 2978 1021 videri
3009 964 3148 1034 quod
3177 978 3281 1017 non
3310 970 3433 1015 sunt
3461 978 3474 1013 :
3511 976 3615 1014 non
3643 959 3788 1013 deal-

2222 1063 2340 1116 hata
2360 1103 2374 1125 ,
2407 1062 2544 1114 sicut
2573 1059 2744 1128 paries
2771 1057 3076 1121 dealbatus;
3102 1055 3401 1110 destruetur
3431 1053 3572 1107 enim
3596 1090 3613 1117 ,
3645 1051 3788 1105 sicut

2218 1152 2349 1206 dicit
2386 1150 2701 1219 Apostolus,
2733 1145 3217 1218 paries‘dcalbatus
3245 1144 3378 1214 (Act.
3405 1158 3550 1206 mn,
3583 1142 3667 1210 3),
3701 1140 3786 1209 hy.

2225 1241 2446 1310 pocrisis
2470 1248 2524 1294 et
2558 1239 2843 1294 simulatio.
2884 1235 3062 1314 Paries
3101 1234 3407 1299 dealbatus,
3452 1229 3582 1287 foris
3623 1240 3794 1284 teclo~

2223 1334 2395 1398 rium,
2427 1333 2566 1386 iutus
2592 1332 2778 1385 lutum.
2821 1329 2935 1384 Non
2979 1326 3107 1397 ergo
3134 1327 3219 1380 illa
3262 1326 3337 1381 sic
3374 1325 3656 1388 dealbata;
3703 1324 3794 1376 sed

2224 1422 2482 1485 dealbata,
2515 1420 2827 1486 illumiuata,
2855 1420 2977 1488 quia
3004 1434 3105 1472 non
3134 1432 3227 1486 per
3252 1431 3310 1471 se
3339 1416 3476 1468 alba.
3507 1413 3691 1474 Prius,
3721 1414 3788 1466 in-

2224 1517 2355 1586 quit,
2386 1516 2462 1588 [αἱ
2486 1514 2802 1584 blasphemus
2828 1515 2845 1579 (
2869 1512 2887 1565 Ι
2918 1512 3050 1565 Tim.
3074 1527 3112 1573 ι,
3148 1510 3212 1563 l5
3234 1510 3284 1577 );
3316 1518 3371 1562 et
3400 1508 3546 1568 item,
3576 1504 3796 1558 Fuimus

2225 1607 2355 1660 enim
2387 1616 2432 1659 et
2466 1622 2556 1659 nos
2587 1603 2862 1673 aliquando
2897 1611 3077 1655 natura
3107 1599 3198 1665 ﬁlii
3232 1600 3352 1662 irce,
3386 1597 3511 1649 sicut
3546 1606 3591 1648 et
3630 1595 3795 1649 (ceteri

2227 1695 2443 1762 (Ephes.
2467 1712 2523 1755 ιι,
2551 1694 2629 1763 5).
2660 1693 2879 1748 Accedit
2901 1692 3068 1762 gratia
3095 1688 3395 1743 illuminans
3424 1696 3477 1739 et
3499 1684 3793 1740 dealbans:

2226 1788 2397 1856 primo
2427 1785 2572 1856 nigra
2600 1784 2738 1838 luisti
2760 1826 2774 1849 ,
2801 1782 2891 1837 sed
2923 1782 3055 1836 facta
3083 1795 3141 1834 es
3180 1778 3295 1832 alba
3335 1792 3398 1830 ex
3424 1776 3588 1845 gratia
3629 1775 3795 1829 illius.

2231 1876 2420 1930 Fuistis
2446 1877 2575 1931 enim
2600 1873 2874 1944 aliquando
2896 1871 3142 1935 tenebrat;
3166 1885 3297 1922 nunc
3318 1878 3479 1921 autem
3502 1866 3590 1919 tua:
3609 1867 3666 1919 in
3690 1864 3797 1918 Do-

2228 1970 2383 2023 mino.
2421 1967 2621 2021 Dicitur
2639 1981 2764 2036 ergo
2783 1974 2837 2019 et
2870 1964 2937 2019 de
2966 1972 3036 2027 te,
3064 1962 3190 2026 Quae
3221 1969 3295 2014 est
3327 1960 3423 2012 ista
3442 1974 3553 2028 qua:
3571 1957 3797 2013 ascendit

2228 2060 2499 2114 dealbata?
2526 2057 2641 2114 Jam
2668 2055 2942 2116 mirabilis,
2964 2053 3073 2125 jam
3094 2052 3178 2106 vix
3205 2047 3656 2118 contemplabilis.
3693 2046 3798 2101 Ad-

2230 2154 2471 2207 Iuirantis
2502 2161 2585 2207 est
2619 2151 2759 2205 enim
2796 2140 2994 2212 dicere,
3025 2146 3149 2211 Qua:
3184 2154 3255 2198 est
3296 2144 3391 2195 ista
3426 2156 3538 2211 qua?
3571 2139 3800 2193 ascendit

2228 2246 2478 2309 dealbata,
2503 2255 2605 2297 tam
2630 2242 2869 2312 pulchra,
2893 2250 2997 2294 tam
3020 2237 3300 2301 luminosa,
3322 2242 3432 2289 tam
3454 2233 3570 2287 sine
3592 2231 3798 2285 macula

2229 2346 2283 2390 ct
2307 2352 2435 2406 ruga
2468 2335 2575 2407 (Id.
2609 2351 2660 2398 ν,
2692 2333 2899 2402 8,27)?
2925 2330 3109 2386 Nonne
3139 2330 3236 2382 ista
3263 2334 3345 2382 est
3370 2341 3486 2395 qua:
3508 2324 3727 2394 jaceliat
3752 2322 3801 2374 in

2229 2443 2384 2482 caeno
2412 2424 2784 2496 iniquitntum?
2811 2436 2985 2496 nonne
3012 2423 3108 2475 ista
3134 2425 3216 2474 est
3239 2432 3355 2488 qua:
3377 2416 3585 2485 jacebat
3614 2412 3672 2466 in
3700 2412 3801 2465 for-

2231 2521 2492 2576 nicatioue
2529 2517 2833 2573 idolorum?
2876 2495 3055 2571 ndnne
3096 2515 3193 2567 ista
3236 2520 3319 2566 est
3363 2525 3479 2581 quae
3526 2505 3801 2561 immunda

2228 2626 2343 2668 erat
2367 2614 2418 2668 in
2448 2612 2589 2667 omni
2620 2596 2905 2679 cupiditate
2923 2597 3289 2674 desiderioque
3317 2600 3553 2656 carnali?
3583 2599 3801 2665 Quteest

2230 2724 2357 2779 ergo
2387 2709 2481 2763 ista
2504 2721 2616 2778 qute
2639 2704 2857 2759 ascendit
2886 2700 3117 2754 dealbata
3142 2697 3167 2751 ?
3196 2694 3422 2751 Attende
3445 2694 3566 2763 quis
3607 2693 3683 2745 sit
3716 2690 3801 2745 ille

2230 2801 2318 2872 qui
2349 2816 2444 2870 pro
2482 2815 2543 2853 ea
2570 2797 2738 2852 factus
2770 2803 2853 2849 est
2886 2808 2991 2847 non
3025 2790 3226 2845 habens
3250 2786 3478 2857 speciem
3510 2799 3696 2852 neque
3716 2783 3805 2837 dc-

2230 2906 2430 2956 corem,
2456 2897 2509 2945 et
2538 2886 2783 2955 intelligis
2810 2884 2965 2954 hujus
2983 2882 3234 2937 claritatis
3259 2879 3515 2933 honorem
3542 2878 3583 2928 ‘.
3621 2875 3683 2929 Si
3710 2874 3806 2927 mi-

2231 2984 2364 3038 raris
2393 2983 2529 3038 illius
2554 2980 2900 3035 humilitatem
2926 2984 3142 3046 propter
3165 2972 3322 3035 hanc,
3349 2969 3454 3023 noli
3479 2969 3590 3037 jam
3621 2965 3801 3020 mirari

2233 3076 2389 3144 hujus
2422 3072 2790 3128 celsitudinem
2832 3076 3044 3138 propter
3077 3065 3245 3119 illum.
3276 3062 3495 3128 Quanta:
3534 3058 3803 3112 felicitatis

2232 3177 2314 3224 est
2339 3170 2434 3222 ista
2460 3167 2720 3227 dealbala,
2748 3172 2807 3218 ut
2831 3171 3024 3218 etcum
3050 3168 3185 3215 esset
3216 3158 3362 3227 nigra
3379 3196 3394 3219 ,
3429 3151 3714 3222 pulchrum
3740 3149 3801 3203 ad

2232 3278 2290 3318 se
2318 3261 2628 3330 deponeret,
2647 3258 2741 3326 qui
2768 3272 2863 3326 pro
2889 3253 3063 3322 impiis
3086 3246 3418 3304 moreretur?
3457 3243 3600 3313 Ergo
3638 3241 3804 3297 induit

2231 3369 2291 3409 se
2320 3352 2574 3407 Dominus
2605 3351 2742 3405 Deus
2771 3355 2951 3403 noster
2986 3342 3371 3399 confessionem
3412 3345 3466 3392 et
3500 3337 3760 3392 decorem
3783 3375 3799 3400 ,

2233 3446 2402 3501 induit
2425 3460 2484 3500 se
2508 3441 2798 3498 Ecclesiam
2834 3456 2847 3492 :
2881 3440 2991 3507 ipsa
3017 3436 3158 3490 enim
3196 3431 3428 3487 Ecclesia
3454 3427 3727 3484 confessio
3753 3435 3805 3480 ct

2234 3544 2415 3599 decor.
2442 3543 2575 3594 Ante
2599 3535 2880 3597 confessio,
2910 3541 3088 3600 postea
3113 3528 3307 3591 decor;
3330 3524 3595 3579 confessio
3623 3536 3804 3593 pecca-

2238 3648 2430 3699 torum,
2463 3634 2626 3688 decor
2660 3641 2802 3686 recte
2830 3626 3088 3681 factorum
3116 3641 3129 3677 :
3160 3620 3527 3691 Confessiouem
3568 3626 3618 3669 et
3657 3615 3803 3667 deco-

2236 3746 2340 3784 rent
2374 3725 2601 3783 induisti.

2308 3823 2359 3875 7.
2400 3818 2563 3893 [vers.
2591 3815 2672 3889 2.]
2708 3809 3117 3870 Circumamictus
3145 3807 3306 3861 lucem
3325 3847 3341 3871 ,
3371 3804 3496 3857 sicut
3541 3801 3804 3854 vestimen-

2239 3926 2365 3969 tum.
2394 3890 2508 3981 lpsa
2537 3920 2619 3964 est
2648 3907 2809 3961 vestis
2832 3905 2948 3974 ejus
2967 3944 2982 3969 ,
3009 3900 3075 3956 de
3101 3915 3202 3969 qua
3239 3896 3348 3967 jam
3377 3893 3482 3948 dixi
3513 3909 3527 3946 :
3563 3890 3688 3945 Non
3717 3890 3807 3942 ha-

2239 4008 2356 4059 bens
2383 4002 2652 4066 maculam,
2681 4012 2834 4068 neque
2860 4008 3059 4066 rugam.
3085 3989 3201 4045 Lux
3221 3998 3471 4049 vocatur;
3492 3992 3548 4038 et
3578 3982 3683 4036 hoc
3702 3981 3810 4050 jam

2239 4099 2347 4154 dixi
2390 4114 2404 4151 :
2448 4092 2640 4148 Fmstis
2665 4087 2936 4159 aliquando
2964 4083 3210 4146 tenebrat;
3252 4095 3385 4134 nunc
3422 4086 3588 4130 autem
3628 4075 3722 4127 (tu:
3763 4072 3813 4123 in

2247 4190 2478 4245 Domino.
2524 4185 2637 4240 Non
2664 4197 2792 4252 ergo
2820 4182 2870 4234 in
2899 4179 3083 4243 vobis;
3127 4190 3249 4229 nam
3278 4169 3509 4227 tenebrae
3534 4168 3588 4222 in
3620 4167 3777 4221 vobis
3795 4205 3815 4230 ,

2243 4283 2328 4336 lux
2355 4291 2530 4334 autem
2562 4279 2614 4332 in
2659 4274 2900 4330 Domino.
2944 4266 3084 4339 Ergo
3107 4308 3123 4331 ,
3161 4263 3574 4322 Ciremnamictus
3617 4258 3814 4321 lucem,

2243 4376 2385 4429 velut
2404 4373 2763 4427 vestimentum.
2801 4363 3042 4420 Extendit
3069 4361 3246 4415 caelum
3270 4356 3403 4411 sicut
3434 4352 3641 4424 pellem.
3671 4350 3816 4419 Quo-

2245 4465 2403 4521 modo
2427 4462 2609 4519 fecerit
2638 4461 2755 4523 hoc,
2788 4468 2845 4512 ut
2885 4454 3128 4509 indueret
3153 4465 3213 4504 se
3251 4447 3390 4503 sicut
3436 4443 3815 4498 vestimentum

2245 4557 2414 4610 lucem
2446 4550 2760 4614 Ecclesium,
2783 4558 3095 4601 enumerare
3114 4541 3225 4594 vult
3245 4534 3477 4608 ﬁguratis
3496 4532 3817 4604 quibusdam

2246 4642 2589 4702 sacramentis
2621 4659 2633 4693 :
2661 4636 2926 4709 quomodo
2954 4635 3040 4688 lux
3081 4633 3215 4688 facta
3262 4628 3333 4684 sit
3373 4623 3640 4690 Ecclesia,
3683 4634 3820 4693 quo-

2248 4736 2405 4793 modo
2430 4735 2562 4790 facta
2584 4733 2652 4788 sit
2679 4731 2794 4786 siue
2820 4728 3021 4783 macula
3041 4734 3096 4780 et
3121 4738 3270 4793 ruga,
3299 4716 3564 4791 quomodo
3591 4716 3735 4771 facta
3756 4715 3824 4769 sit

2249 4829 2490 4890 candida,
2520 4825 2785 4885 dealbata,
2824 4820 3029 4888 fulgens
3063 4818 3117 4871 in
3156 4814 3348 4869 vestitu
3378 4810 3559 4880 sponsi
3603 4807 3714 4869 sui,
3747 4807 3822 4860 iu-

2252 4925 2458 4979 luereus
2501 4920 2596 4985 illi,
2630 4914 2894 4987 quomodo
2924 4912 3059 4965 facta
3099 4909 3186 4972 sit,
3240 4904 3533 4959 audiamus.
3581 4897 3827 4957 Extendit

2252 5017 2430 5072 etclam
2453 5014 2580 5067 sicut
2611 5007 2809 5080 pellem.
2836 5005 2903 5059 Et
2930 5001 3031 5056 hoc
3056 4998 3269 5071 quidem
3303 4993 3475 5049 video.
3514 4990 3650 5057 Quis
3684 4987 3827 5080 enim

2252 5105 2487 5164 extendit
2531 5078 2632 5157 hoc
2668 5099 2883 5158 omium,
2920 5092 3058 5165 quod
3091 5089 3284 5144 nostris
3315 5082 3621 5142 carnalibus
3660 5078 3832 5133 oculis

2255 5205 2537 5259 intuemur,
2566 5195 2664 5249 nisi
2695 5193 2871 5247 Dens?
2896 5189 2976 5251 Et,
3005 5182 3240 5240 Extendit
3273 5181 3402 5234 sicut
3432 5174 3637 5246 pellem,
3665 5171 3736 5225 ad
3761 5170 3827 5223 fa-

2256 5298 2504 5352 cilitatem
2545 5277 2810 5358 redegit’,
2850 5283 2894 5337 si
2932 5279 3000 5334 ad
3043 5279 3270 5333 litteram
3319 5269 3566 5340 accipias.
3616 5262 3833 5321 Etenim

2258 5404 2377 5441 rum
2424 5368 2620 5437 videris
2660 5354 2814 5433 istam
2842 5372 3093 5428 fabricam
3125 5379 3390 5436 magnam,
3420 5360 3541 5430 quia
3588 5354 3834 5426 quisquis

2262 5475 2529 5532 hominum
2564 5482 2720 5523 unam
2753 5464 2833 5519 vel
2861 5473 3072 5532 parvam
3101 5466 3363 5512 cameram
3384 5444 3709 5507 extenderit,
3737 5457 3842 5496 ma-

2323 5614 2339 5644 ¹
2377 5608 2564 5670 Aliquot
2582 5610 2689 5654 uss.
2712 5599 2954 5655 omittunt,
2978 5600 3030 5691 et
3046 5586 3268 5652 uitelligis
3298 5584 3440 5647 hujus
3479 5578 3720 5632 claritatis
3756 5572 3839 5623 ho-

2591 5734 2720 5788 ttss...
2757 5717 2948 5783 redigit.
2985 5686 3091 5778 alii,
3114 5710 3309 5774 redigis.
