  <div class='ocr_page' id='page_1' title='image "/cluster/home/n/w/nwhite01/storage/ocr_20150623/37/hvd.32044096580592/166.png"; bbox 0 0 4012 6202; ppageno 0'>
   <div class='ocr_carea' id='block_1_1' title="bbox 193 356 322 414">
    <p class='ocr_par' dir='ltr' id='par_1_1' title="bbox 193 356 322 414">
     <span class='ocr_line' id='line_1_1' title="bbox 193 356 322 414; baseline 0.016 -2"><span class='ocrx_word' id='word_1_1' title='bbox 193 356 322 414; x_wconf 71' lang='grc'><strong>1511</strong></span> 
     </span>
    </p>
   </div>
   <div class='ocr_carea' id='block_1_2' title="bbox 191 462 1767 547">
    <p class='ocr_par' dir='ltr' id='par_1_2' title="bbox 191 462 1767 547">
     <span class='ocr_line' id='line_1_2' title="bbox 191 462 1767 547; baseline -0.01 -15"><span class='ocrx_word' id='word_1_2' title='bbox 191 487 296 547; x_wconf 73' lang='grc' dir='ltr'>ειιο</span> <span class='ocrx_word' id='word_1_3' title='bbox 319 471 611 536; x_wconf 87' lang='lat' dir='ltr'><strong>molimine,</strong></span> <span class='ocrx_word' id='word_1_4' title='bbox 633 485 825 541; x_wconf 83' lang='lat' dir='ltr'><strong>magno</strong></span> <span class='ocrx_word' id='word_1_5' title='bbox 841 470 1021 526; x_wconf 82' lang='lat' dir='ltr'><strong>labore</strong></span> <span class='ocrx_word' id='word_1_6' title='bbox 1039 477 1094 524; x_wconf 92' lang='lat' dir='ltr'><strong>et</strong></span> <span class='ocrx_word' id='word_1_7' title='bbox 1117 465 1423 523; x_wconf 91' lang='lat' dir='ltr'><strong>difﬁcultate</strong></span> <span class='ocrx_word' id='word_1_8' title='bbox 1445 479 1507 518; x_wconf 90' lang='lat' dir='ltr'><strong>ac</strong></span> <span class='ocrx_word' id='word_1_9' title='bbox 1523 462 1767 518; x_wconf 87' lang='lat' dir='ltr'><strong>diuturna</strong></span> 
     </span>
    </p>
   </div>
   <div class='ocr_carea' id='block_1_3' title="bbox 197 555 1768 636">
    <p class='ocr_par' dir='ltr' id='par_1_3' title="bbox 197 555 1768 636">
     <span class='ocr_line' id='line_1_3' title="bbox 197 555 1768 636; baseline -0.009 -14"><span class='ocrx_word' id='word_1_10' title='bbox 197 565 500 636; x_wconf 68' lang='lat' dir='ltr'><strong>speratione</strong></span> <span class='ocrx_word' id='word_1_11' title='bbox 542 563 595 622; x_wconf 89' lang='lat' dir='ltr'><strong>id</strong></span> <span class='ocrx_word' id='word_1_12' title='bbox 639 562 796 627; x_wconf 80' lang='lat' dir='ltr'><strong>facit;</strong></span> <span class='ocrx_word' id='word_1_13' title='bbox 845 577 914 618; x_wconf 89' lang='lat' dir='ltr'><strong>ne</strong></span> <span class='ocrx_word' id='word_1_14' title='bbox 954 559 1257 636; x_wconf 83' lang='lat' dir='ltr'><strong>hnjnsmodi</strong></span> <span class='ocrx_word' id='word_1_15' title='bbox 1303 557 1542 613; x_wconf 83' lang='lat' dir='ltr'><strong>laborem</strong></span> <span class='ocrx_word' id='word_1_16' title='bbox 1591 557 1643 610; x_wconf 89' lang='lat' dir='ltr'><strong>iu</strong></span> <span class='ocrx_word' id='word_1_17' title='bbox 1678 555 1768 620; x_wconf 88' lang='lat' dir='ltr'><strong>Dei</strong></span> 
     </span>
    </p>
   </div>
   <div class='ocr_carea' id='block_1_4' title="bbox 201 633 1772 728">
    <p class='ocr_par' dir='ltr' id='par_1_4' title="bbox 201 633 1772 728">
     <span class='ocr_line' id='line_1_4' title="bbox 201 633 1772 728; baseline -0.011 -17"><span class='ocrx_word' id='word_1_18' title='bbox 201 657 448 728; x_wconf 65' lang='lat' dir='ltr'><strong>operibus</strong></span> <span class='ocrx_word' id='word_1_19' title='bbox 462 655 748 712; x_wconf 86' lang='lat' dir='ltr'><strong>inﬁrmitas</strong></span> <span class='ocrx_word' id='word_1_20' title='bbox 764 653 1123 724; x_wconf 75' lang='lat' dir='ltr'><strong>suspicaretur</strong></span> <span class='ocrx_word' id='word_1_21' title='bbox 1141 633 1386 714; x_wconf 81' lang='lat' dir='ltr'><strong>humana,</strong></span> <span class='ocrx_word' id='word_1_22' title='bbox 1408 649 1582 703; x_wconf 92' lang='lat' dir='ltr'><strong>attulit</strong></span> <span class='ocrx_word' id='word_1_23' title='bbox 1596 663 1772 718; x_wconf 85' lang='lat' dir='ltr'><strong>quam.</strong></span> 
     </span>
    </p>
   </div>
   <div class='ocr_carea' id='block_1_5' title="bbox 196 739 1772 816">
    <p class='ocr_par' dir='ltr' id='par_1_5' title="bbox 196 739 1772 816">
     <span class='ocr_line' id='line_1_5' title="bbox 196 739 1772 816; baseline -0.011 -12"><span class='ocrx_word' id='word_1_24' title='bbox 196 750 314 804; x_wconf 89' lang='lat' dir='ltr'><strong>dam</strong></span> <span class='ocrx_word' id='word_1_25' title='bbox 342 748 648 802; x_wconf 90' lang='lat' dir='ltr'><strong>facilitatem</strong></span> <span class='ocrx_word' id='word_1_26' title='bbox 674 761 771 816; x_wconf 89' lang='lat' dir='ltr'><strong>pro</strong></span> <span class='ocrx_word' id='word_1_27' title='bbox 799 755 886 802; x_wconf 91' lang='lat' dir='ltr'><strong>tua</strong></span> <span class='ocrx_word' id='word_1_28' title='bbox 913 745 1224 815; x_wconf 79' lang='lat' dir='ltr'><strong>capacitate,</strong></span> <span class='ocrx_word' id='word_1_29' title='bbox 1249 752 1306 796; x_wconf 93' lang='lat' dir='ltr'><strong>ut</strong></span> <span class='ocrx_word' id='word_1_30' title='bbox 1331 741 1408 794; x_wconf 91' lang='lat' dir='ltr'><strong>sic</strong></span> <span class='ocrx_word' id='word_1_31' title='bbox 1427 739 1772 811; x_wconf 86' lang='lat' dir='ltr'><strong>quodammo-</strong></span> 
     </span>
    </p>
   </div>
   <div class='ocr_carea' id='block_1_6' title="bbox 194 835 1770 908">
    <p class='ocr_par' dir='ltr' id='par_1_6' title="bbox 194 835 1770 908">
     <span class='ocr_line' id='line_1_6' title="bbox 194 835 1770 908; baseline -0.007 -13"><span class='ocrx_word' id='word_1_32' title='bbox 194 843 260 895; x_wconf 81' lang='lat' dir='ltr'><strong>‘do</strong></span> <span class='ocrx_word' id='word_1_33' title='bbox 286 840 509 908; x_wconf 78' lang='lat' dir='ltr'><strong>incipias</strong></span> <span class='ocrx_word' id='word_1_34' title='bbox 545 839 766 897; x_wconf 87' lang='lat' dir='ltr'><strong>credere</strong></span> <span class='ocrx_word' id='word_1_35' title='bbox 805 838 960 894; x_wconf 81' lang='lat' dir='ltr'><strong>facile</strong></span> <span class='ocrx_word' id='word_1_36' title='bbox 996 845 1305 907; x_wconf 85' lang='lat' dir='ltr'><strong>operantem</strong></span> <span class='ocrx_word' id='word_1_37' title='bbox 1350 835 1536 896; x_wconf 90' lang='lat' dir='ltr'><strong>Deum,</strong></span> <span class='ocrx_word' id='word_1_38' title='bbox 1571 842 1625 886; x_wconf 91' lang='lat' dir='ltr'><strong>et</strong></span> <span class='ocrx_word' id='word_1_39' title='bbox 1667 846 1770 885; x_wconf 89' lang='lat' dir='ltr'><strong>non</strong></span> 
     </span>
    </p>
   </div>
   <div class='ocr_carea' id='block_1_7' title="bbox 197 922 1768 1002">
    <p class='ocr_par' dir='ltr' id='par_1_7' title="bbox 197 922 1768 1002">
     <span class='ocr_line' id='line_1_7' title="bbox 197 922 1768 1002; baseline -0.007 -16"><span class='ocrx_word' id='word_1_40' title='bbox 197 941 377 1002; x_wconf 88' lang='lat' dir='ltr'><strong>putare</strong></span> <span class='ocrx_word' id='word_1_41' title='bbox 397 932 475 985; x_wconf 89' lang='lat' dir='ltr'><strong>sic</strong></span> <span class='ocrx_word' id='word_1_42' title='bbox 501 945 622 986; x_wconf 89' lang='lat' dir='ltr'><strong>eum</strong></span> <span class='ocrx_word' id='word_1_43' title='bbox 651 930 956 986; x_wconf 81' lang='lat' dir='ltr'><strong>extendisse</strong></span> <span class='ocrx_word' id='word_1_44' title='bbox 976 929 1189 993; x_wconf 74' lang='lat' dir='ltr'><strong>emtum,</strong></span> <span class='ocrx_word' id='word_1_45' title='bbox 1213 928 1344 983; x_wconf 86' lang='lat' dir='ltr'><strong>sicut</strong></span> <span class='ocrx_word' id='word_1_46' title='bbox 1373 935 1426 978; x_wconf 91' lang='lat' dir='ltr'><strong>tu</strong></span> <span class='ocrx_word' id='word_1_47' title='bbox 1453 931 1643 979; x_wconf 88' lang='lat' dir='ltr'><strong>tectum</strong></span> <span class='ocrx_word' id='word_1_48' title='bbox 1673 922 1768 976; x_wconf 90' lang='lat' dir='ltr'><strong>do-</strong></span> 
     </span>
    </p>
   </div>
   <div class='ocr_carea' id='block_1_8' title="bbox 197 1016 1770 1094">
    <p class='ocr_par' dir='ltr' id='par_1_8' title="bbox 197 1016 1770 1094">
     <span class='ocr_line' id='line_1_8' title="bbox 197 1016 1770 1094; baseline -0.009 -14"><span class='ocrx_word' id='word_1_49' title='bbox 197 1040 309 1080; x_wconf 85' lang='lat' dir='ltr'><strong>mus</strong></span> <span class='ocrx_word' id='word_1_50' title='bbox 340 1023 616 1090; x_wconf 72' lang='lat' dir='ltr'><strong>tuaa;‘sed</strong></span> <span class='ocrx_word' id='word_1_51' title='bbox 646 1039 802 1094; x_wconf 87' lang='lat' dir='ltr'><strong>quam</strong></span> <span class='ocrx_word' id='word_1_52' title='bbox 835 1023 925 1078; x_wconf 89' lang='lat' dir='ltr'><strong>tibi</strong></span> <span class='ocrx_word' id='word_1_53' title='bbox 969 1021 1119 1076; x_wconf 80' lang='lat' dir='ltr'><strong>facile</strong></span> <span class='ocrx_word' id='word_1_54' title='bbox 1161 1030 1242 1075; x_wconf 90' lang='lat' dir='ltr'><strong>est</strong></span> <span class='ocrx_word' id='word_1_55' title='bbox 1286 1016 1571 1073; x_wconf 83' lang='lat' dir='ltr'><strong>extendere</strong></span> <span class='ocrx_word' id='word_1_56' title='bbox 1615 1029 1770 1068; x_wconf 88' lang='lat' dir='ltr'><strong>unam</strong></span> 
     </span>
    </p>
   </div>
   <div class='ocr_carea' id='block_1_9' title="bbox 199 1108 1770 1186">
    <p class='ocr_par' dir='ltr' id='par_1_9' title="bbox 199 1108 1770 1186">
     <span class='ocr_line' id='line_1_9' title="bbox 199 1108 1770 1186; baseline -0.008 -17"><span class='ocrx_word' id='word_1_57' title='bbox 199 1116 408 1186; x_wconf 85' lang='lat' dir='ltr'><strong>pellem,</strong></span> <span class='ocrx_word' id='word_1_58' title='bbox 437 1124 543 1169; x_wconf 88' lang='lat' dir='ltr'><strong>tam</strong></span> <span class='ocrx_word' id='word_1_59' title='bbox 590 1114 740 1168; x_wconf 82' lang='lat' dir='ltr'><strong>facile</strong></span> <span class='ocrx_word' id='word_1_60' title='bbox 768 1113 842 1167; x_wconf 89' lang='lat' dir='ltr'><strong>illi</strong></span> <span class='ocrx_word' id='word_1_61' title='bbox 885 1111 1046 1166; x_wconf 87' lang='lat' dir='ltr'><strong>fuisse</strong></span> <span class='ocrx_word' id='word_1_62' title='bbox 1074 1108 1370 1184; x_wconf 22' lang='lat' dir='ltr'><strong>extendere,</strong></span> <span class='ocrx_word' id='word_1_63' title='bbox 1389 1119 1494 1162; x_wconf 88' lang='lat' dir='ltr'><strong>tam</strong></span> <span class='ocrx_word' id='word_1_64' title='bbox 1525 1119 1770 1173; x_wconf 80' lang='lat' dir='ltr'><strong>magnum</strong></span> 
     </span>
    </p>
   </div>
   <div class='ocr_carea' id='block_1_10' title="bbox 201 1194 1773 1269">
    <p class='ocr_par' dir='ltr' id='par_1_10' title="bbox 201 1194 1773 1269">
     <span class='ocr_line' id='line_1_10' title="bbox 201 1194 1773 1269; baseline -0.006 -9"><span class='ocrx_word' id='word_1_65' title='bbox 201 1207 406 1262; x_wconf 77' lang='lat' dir='ltr'><strong>ctelum.</strong></span> <span class='ocrx_word' id='word_1_66' title='bbox 455 1205 586 1259; x_wconf 78' lang='lat' dir='ltr'><strong>Mira</strong></span> <span class='ocrx_word' id='word_1_67' title='bbox 637 1203 880 1269; x_wconf 78' lang='lat' dir='ltr'><strong>facilitas,</strong></span> <span class='ocrx_word' id='word_1_68' title='bbox 924 1210 980 1258; x_wconf 89' lang='lat' dir='ltr'><strong>et</strong></span> <span class='ocrx_word' id='word_1_69' title='bbox 1008 1211 1182 1255; x_wconf 90' lang='lat' dir='ltr'><strong>tamen</strong></span> <span class='ocrx_word' id='word_1_70' title='bbox 1214 1198 1384 1252; x_wconf 90' lang='lat' dir='ltr'><strong>adhuc</strong></span> <span class='ocrx_word' id='word_1_71' title='bbox 1424 1197 1650 1266; x_wconf 82' lang='lat' dir='ltr'><strong>Spiritus</strong></span> <span class='ocrx_word' id='word_1_72' title='bbox 1681 1194 1773 1250; x_wconf 86' lang='lat' dir='ltr'><strong>tibi</strong></span> 
     </span>
    </p>
   </div>
   <div class='ocr_carea' id='block_1_11' title="bbox 202 1285 1778 1365">
    <p class='ocr_par' dir='ltr' id='par_1_11' title="bbox 202 1285 1778 1365">
     <span class='ocr_line' id='line_1_11' title="bbox 202 1285 1778 1365; baseline -0.006 -17"><span class='ocrx_word' id='word_1_73' title='bbox 202 1295 343 1349; x_wconf 90' lang='lat' dir='ltr'><strong>tardo</strong></span> <span class='ocrx_word' id='word_1_74' title='bbox 375 1296 392 1327; x_wconf 83' lang='grc'>¹</span> <span class='ocrx_word' id='word_1_75' title='bbox 429 1295 676 1365; x_wconf 86' lang='lat' dir='ltr'><strong>loquitur.</strong></span> <span class='ocrx_word' id='word_1_76' title='bbox 711 1292 846 1358; x_wconf 85' lang='lat' dir='ltr'><strong>Tibi,</strong></span> <span class='ocrx_word' id='word_1_77' title='bbox 893 1292 1138 1361; x_wconf 88' lang='lat' dir='ltr'><strong>inquam,</strong></span> <span class='ocrx_word' id='word_1_78' title='bbox 1169 1288 1343 1342; x_wconf 91' lang='lat' dir='ltr'><strong>adhuc</strong></span> <span class='ocrx_word' id='word_1_79' title='bbox 1371 1286 1519 1340; x_wconf 90' lang='lat' dir='ltr'><strong>tardo</strong></span> <span class='ocrx_word' id='word_1_80' title='bbox 1547 1285 1778 1354; x_wconf 89' lang='lat' dir='ltr'><strong>loquitur</strong></span> 
     </span>
    </p>
   </div>
   <div class='ocr_carea' id='block_1_12' title="bbox 202 1377 1776 1458">
    <p class='ocr_par' dir='ltr' id='par_1_12' title="bbox 202 1377 1776 1458">
     <span class='ocr_line' id='line_1_12' title="bbox 202 1377 1776 1458; baseline -0.008 -17"><span class='ocrx_word' id='word_1_81' title='bbox 202 1386 445 1458; x_wconf 85' lang='lat' dir='ltr'><strong>Spiritus.</strong></span> <span class='ocrx_word' id='word_1_82' title='bbox 473 1386 603 1440; x_wconf 87' lang='lat' dir='ltr'><strong>Nam</strong></span> <span class='ocrx_word' id='word_1_83' title='bbox 631 1401 730 1440; x_wconf 90' lang='lat' dir='ltr'><strong>nec</strong></span> <span class='ocrx_word' id='word_1_84' title='bbox 757 1387 834 1439; x_wconf 93' lang='lat' dir='ltr'><strong>sic</strong></span> <span class='ocrx_word' id='word_1_85' title='bbox 859 1380 1098 1438; x_wconf 78' lang='lat' dir='ltr'><strong>extendit</strong></span> <span class='ocrx_word' id='word_1_86' title='bbox 1147 1380 1286 1434; x_wconf 89' lang='lat' dir='ltr'><strong>Deus</strong></span> <span class='ocrx_word' id='word_1_87' title='bbox 1315 1377 1524 1447; x_wconf 68' lang='lat' dir='ltr'><strong>caelum,</strong></span> <span class='ocrx_word' id='word_1_88' title='bbox 1559 1377 1696 1430; x_wconf 87' lang='lat' dir='ltr'><strong>sicut</strong></span> <span class='ocrx_word' id='word_1_89' title='bbox 1723 1383 1776 1430; x_wconf 92' lang='lat' dir='ltr'><strong>et</strong></span> 
     </span>
    </p>
   </div>
   <div class='ocr_carea' id='block_1_13' title="bbox 207 1467 1777 1551">
    <p class='ocr_par' dir='ltr' id='par_1_13' title="bbox 207 1467 1777 1551">
     <span class='ocr_line' id='line_1_13' title="bbox 207 1467 1777 1551; baseline -0.004 -18"><span class='ocrx_word' id='word_1_90' title='bbox 207 1489 255 1533; x_wconf 93' lang='lat' dir='ltr'><strong>tu</strong></span> <span class='ocrx_word' id='word_1_91' title='bbox 280 1480 497 1551; x_wconf 84' lang='lat' dir='ltr'><strong>pellem.</strong></span> <span class='ocrx_word' id='word_1_92' title='bbox 529 1478 584 1532; x_wconf 90' lang='lat' dir='ltr'><strong>Si</strong></span> <span class='ocrx_word' id='word_1_93' title='bbox 612 1477 752 1532; x_wconf 87' lang='lat' dir='ltr'><strong>enim</strong></span> <span class='ocrx_word' id='word_1_94' title='bbox 801 1476 878 1530; x_wconf 86' lang='lat' dir='ltr'><strong>sic</strong></span> <span class='ocrx_word' id='word_1_95' title='bbox 919 1472 1171 1551; x_wconf 83' lang='lat' dir='ltr'><strong>extendit,</strong></span> <span class='ocrx_word' id='word_1_96' title='bbox 1204 1486 1328 1532; x_wconf 87' lang='lat' dir='ltr'><strong>ecce</strong></span> <span class='ocrx_word' id='word_1_97' title='bbox 1365 1479 1486 1523; x_wconf 88' lang='lat' dir='ltr'><strong>ante</strong></span> <span class='ocrx_word' id='word_1_98' title='bbox 1527 1476 1578 1526; x_wconf 86' lang='lat' dir='ltr'><strong>te</strong></span> <span class='ocrx_word' id='word_1_99' title='bbox 1625 1467 1777 1536; x_wconf 83' lang='lat' dir='ltr'><strong>pellis</strong></span> 
     </span>
    </p>
   </div>
   <div class='ocr_carea' id='block_1_14' title="bbox 204 1550 1772 1640">
    <p class='ocr_par' dir='ltr' id='par_1_14' title="bbox 204 1550 1772 1640">
     <span class='ocr_line' id='line_1_14' title="bbox 204 1550 1772 1640; baseline -0.008 -18"><span class='ocrx_word' id='word_1_100' title='bbox 204 1571 278 1624; x_wconf 78' lang='lat' dir='ltr'><strong>vel</strong></span> <span class='ocrx_word' id='word_1_101' title='bbox 304 1584 522 1640; x_wconf 65' lang='lat' dir='ltr'><strong>rugosa,</strong></span> <span class='ocrx_word' id='word_1_102' title='bbox 569 1568 652 1622; x_wconf 88' lang='lat' dir='ltr'><strong>vel</strong></span> <span class='ocrx_word' id='word_1_103' title='bbox 697 1567 887 1636; x_wconf 84' lang='lat' dir='ltr'><strong>plicata</strong></span> <span class='ocrx_word' id='word_1_104' title='bbox 927 1550 1172 1634; x_wconf 82' lang='lat' dir='ltr'><strong>ponitur;</strong></span> <span class='ocrx_word' id='word_1_105' title='bbox 1214 1560 1300 1616; x_wconf 92' lang='lat' dir='ltr'><strong>dic</strong></span> <span class='ocrx_word' id='word_1_106' title='bbox 1345 1555 1406 1614; x_wconf 80' lang='lat' dir='ltr'><strong>ut</strong></span> <span class='ocrx_word' id='word_1_107' title='bbox 1440 1558 1772 1624; x_wconf 79' lang='lat' dir='ltr'><strong>extendatur,</strong></span> 
     </span>
    </p>
   </div>
   <div class='ocr_carea' id='block_1_15' title="bbox 203 1648 1833 1726">
    <p class='ocr_par' dir='ltr' id='par_1_15' title="bbox 203 1648 1833 1726">
     <span class='ocr_line' id='line_1_15' title="bbox 203 1648 1833 1726; baseline -0.012 -10"><span class='ocrx_word' id='word_1_108' title='bbox 203 1662 334 1716; x_wconf 89' lang='lat' dir='ltr'><strong>dicto</strong></span> <span class='ocrx_word' id='word_1_109' title='bbox 366 1671 457 1714; x_wconf 92' lang='lat' dir='ltr'><strong>tuo</strong></span> <span class='ocrx_word' id='word_1_110' title='bbox 482 1657 714 1714; x_wconf 70' lang='lat' dir='ltr'><strong>extende</strong></span> <span class='ocrx_word' id='word_1_111' title='bbox 743 1657 956 1726; x_wconf 86' lang='lat' dir='ltr'><strong>pellem.</strong></span> <span class='ocrx_word' id='word_1_112' title='bbox 984 1653 1098 1708; x_wconf 88' lang='lat' dir='ltr'><strong>Non</strong></span> <span class='ocrx_word' id='word_1_113' title='bbox 1131 1666 1368 1722; x_wconf 89' lang='lat' dir='ltr'><strong>possum,</strong></span> <span class='ocrx_word' id='word_1_114' title='bbox 1399 1649 1590 1719; x_wconf 86' lang='lat' dir='ltr'><strong>inquis.</strong></span> <span class='ocrx_word' id='word_1_115' title='bbox 1637 1648 1774 1717; x_wconf 84' lang='lat' dir='ltr'><strong>Ergo</strong></span> <span class='ocrx_word' id='word_1_116' title='bbox 1829 1661 1833 1667; x_wconf 80' lang='grc'><strong>’</strong></span> 
     </span>
    </p>
   </div>
   <div class='ocr_carea' id='block_1_16' title="bbox 205 1738 1778 1817">
    <p class='ocr_par' dir='ltr' id='par_1_16' title="bbox 205 1738 1778 1817">
     <span class='ocr_line' id='line_1_16' title="bbox 205 1738 1778 1817; baseline -0.007 -13"><span class='ocrx_word' id='word_1_117' title='bbox 205 1761 253 1808; x_wconf 77' lang='lat' dir='ltr'><strong>et</strong></span> <span class='ocrx_word' id='word_1_118' title='bbox 275 1752 323 1804; x_wconf 89' lang='lat' dir='ltr'><strong>in</strong></span> <span class='ocrx_word' id='word_1_119' title='bbox 352 1748 686 1805; x_wconf 74' lang='lat' dir='ltr'><strong>extendendo</strong></span> <span class='ocrx_word' id='word_1_120' title='bbox 733 1747 871 1817; x_wconf 86' lang='lat' dir='ltr'><strong>pelle</strong></span> <span class='ocrx_word' id='word_1_121' title='bbox 911 1744 1135 1799; x_wconf 88' lang='lat' dir='ltr'><strong>multum</strong></span> <span class='ocrx_word' id='word_1_122' title='bbox 1166 1743 1319 1812; x_wconf 85' lang='lat' dir='ltr'><strong>longe</strong></span> <span class='ocrx_word' id='word_1_123' title='bbox 1359 1755 1416 1795; x_wconf 91' lang='lat' dir='ltr'><strong>es</strong></span> <span class='ocrx_word' id='word_1_124' title='bbox 1459 1756 1486 1792; x_wconf 92' lang='lat' dir='ltr'><strong>a</strong></span> <span class='ocrx_word' id='word_1_125' title='bbox 1526 1738 1778 1793; x_wconf 84' lang='lat' dir='ltr'><strong>facilitate</strong></span> 
     </span>
    </p>
   </div>
   <div class='ocr_carea' id='block_1_17' title="bbox 205 1828 1774 1912">
    <p class='ocr_par' dir='ltr' id='par_1_17' title="bbox 205 1828 1774 1912">
     <span class='ocr_line' id='line_1_17' title="bbox 205 1828 1774 1912; baseline -0.009 -14"><span class='ocrx_word' id='word_1_126' title='bbox 205 1844 310 1903; x_wconf 86' lang='lat' dir='ltr'><strong>Dei.</strong></span> <span class='ocrx_word' id='word_1_127' title='bbox 342 1842 372 1897; x_wconf 84' lang='grc'><strong>1</strong></span> <span class='ocrx_word' id='word_1_128' title='bbox 383 1859 471 1912; x_wconf 81' lang='lat' dir='ltr'><strong>pse</strong></span> <span class='ocrx_word' id='word_1_129' title='bbox 507 1841 647 1895; x_wconf 90' lang='lat' dir='ltr'><strong>enim</strong></span> <span class='ocrx_word' id='word_1_130' title='bbox 677 1839 824 1902; x_wconf 71' lang='lat' dir='ltr'><strong>dixit,</strong></span> <span class='ocrx_word' id='word_1_131' title='bbox 867 1845 912 1891; x_wconf 88' lang='lat' dir='ltr'><strong>et</strong></span> <span class='ocrx_word' id='word_1_132' title='bbox 947 1841 1083 1908; x_wconf 76' lang='lat' dir='ltr'><strong>facta</strong></span> <span class='ocrx_word' id='word_1_133' title='bbox 1114 1828 1234 1889; x_wconf 79' lang='lat' dir='ltr'><strong>sunt</strong></span> <span class='ocrx_word' id='word_1_134' title='bbox 1262 1831 1427 1902; x_wconf 82' lang='lat' dir='ltr'><strong>(Psal.</strong></span> <span class='ocrx_word' id='word_1_135' title='bbox 1460 1845 1670 1894; x_wconf 75' lang='lat' dir='ltr'><strong>chvm,</strong></span> <span class='ocrx_word' id='word_1_136' title='bbox 1696 1828 1774 1898; x_wconf 82' lang='lat'><strong>5).</strong></span> 
     </span>
    </p>
   </div>
   <div class='ocr_carea' id='block_1_18' title="bbox 206 1918 1776 1999">
    <p class='ocr_par' dir='ltr' id='par_1_18' title="bbox 206 1918 1776 1999">
     <span class='ocr_line' id='line_1_18' title="bbox 206 1918 1776 1999; baseline -0.011 -11"><span class='ocrx_word' id='word_1_137' title='bbox 206 1933 358 1997; x_wconf 75' lang='lat' dir='ltr'><strong>Dixit,</strong></span> <span class='ocrx_word' id='word_1_138' title='bbox 392 1930 512 1984; x_wconf 85' lang='lat' dir='ltr'><strong>Fiat</strong></span> <span class='ocrx_word' id='word_1_139' title='bbox 537 1932 908 1999; x_wconf 76' lang='lat' dir='ltr'><strong>firmamentum</strong></span> <span class='ocrx_word' id='word_1_140' title='bbox 941 1926 1068 1980; x_wconf 86' lang='lat' dir='ltr'><strong>inter</strong></span> <span class='ocrx_word' id='word_1_141' title='bbox 1095 1937 1276 1992; x_wconf 84' lang='lat' dir='ltr'><strong>aquam</strong></span> <span class='ocrx_word' id='word_1_142' title='bbox 1306 1929 1351 1973; x_wconf 90' lang='lat' dir='ltr'><strong>et</strong></span> <span class='ocrx_word' id='word_1_143' title='bbox 1377 1935 1600 1989; x_wconf 88' lang='lat' dir='ltr'><strong>aquam;</strong></span> <span class='ocrx_word' id='word_1_144' title='bbox 1635 1926 1681 1971; x_wconf 86' lang='lat' dir='ltr'><strong>et</strong></span> <span class='ocrx_word' id='word_1_145' title='bbox 1705 1918 1776 1971; x_wconf 81' lang='lat' dir='ltr'><strong>sic</strong></span> 
     </span>
    </p>
   </div>
   <div class='ocr_carea' id='block_1_19' title="bbox 206 2010 1774 2097">
    <p class='ocr_par' dir='ltr' id='par_1_19' title="bbox 206 2010 1774 2097">
     <span class='ocr_line' id='line_1_19' title="bbox 206 2010 1774 2097; baseline -0.01 -19"><span class='ocrx_word' id='word_1_146' title='bbox 206 2031 389 2097; x_wconf 75' lang='lat' dir='ltr'><strong>factum</strong></span> <span class='ocrx_word' id='word_1_147' title='bbox 417 2033 491 2079; x_wconf 87' lang='lat' dir='ltr'><strong>est</strong></span> <span class='ocrx_word' id='word_1_148' title='bbox 518 2022 669 2093; x_wconf 81' lang='lat' dir='ltr'><strong>(Gen.</strong></span> <span class='ocrx_word' id='word_1_149' title='bbox 709 2037 748 2088; x_wconf 84' lang='grc' dir='ltr'>ι,</span> <span class='ocrx_word' id='word_1_150' title='bbox 783 2019 864 2091; x_wconf 85' lang='grc'><strong>6).</strong></span> <span class='ocrx_word' id='word_1_151' title='bbox 899 2018 1096 2073; x_wconf 85' lang='lat' dir='ltr'><strong>Tamen</strong></span> <span class='ocrx_word' id='word_1_152' title='bbox 1127 2022 1343 2084; x_wconf 87' lang='lat' dir='ltr'><strong>propter</strong></span> <span class='ocrx_word' id='word_1_153' title='bbox 1371 2010 1672 2066; x_wconf 84' lang='lat' dir='ltr'><strong>facilitatem</strong></span> <span class='ocrx_word' id='word_1_154' title='bbox 1699 2010 1774 2064; x_wconf 89' lang='lat' dir='ltr'><strong>si-</strong></span> 
     </span>
    </p>
   </div>
   <div class='ocr_carea' id='block_1_20' title="bbox 207 2100 1778 2190">
    <p class='ocr_par' dir='ltr' id='par_1_20' title="bbox 207 2100 1778 2190">
     <span class='ocr_line' id='line_1_20' title="bbox 207 2100 1778 2190; baseline -0.013 -17"><span class='ocrx_word' id='word_1_155' title='bbox 207 2117 576 2190; x_wconf 81' lang='lat' dir='ltr'><strong>gniﬁcandam,</strong></span> <span class='ocrx_word' id='word_1_156' title='bbox 609 2112 898 2168; x_wconf 90' lang='lat' dir='ltr'><strong>secundum</strong></span> <span class='ocrx_word' id='word_1_157' title='bbox 940 2123 1155 2165; x_wconf 87' lang='lat' dir='ltr'><strong>sensum</strong></span> <span class='ocrx_word' id='word_1_158' title='bbox 1197 2115 1342 2160; x_wconf 93' lang='lat' dir='ltr'><strong>tuum</strong></span> <span class='ocrx_word' id='word_1_159' title='bbox 1384 2101 1653 2173; x_wconf 89' lang='lat' dir='ltr'><strong>acceperis</strong></span> <span class='ocrx_word' id='word_1_160' title='bbox 1676 2100 1778 2154; x_wconf 83' lang='lat' dir='ltr'><strong>ali-</strong></span> 
     </span>
    </p>
   </div>
   <div class='ocr_carea' id='block_1_21' title="bbox 209 2207 931 2282">
    <p class='ocr_par' dir='ltr' id='par_1_21' title="bbox 209 2207 931 2282">
     <span class='ocr_line' id='line_1_21' title="bbox 209 2207 931 2282; baseline -0.015 -16"><span class='ocrx_word' id='word_1_161' title='bbox 209 2211 320 2282; x_wconf 84' lang='lat' dir='ltr'><strong>quid</strong></span> <span class='ocrx_word' id='word_1_162' title='bbox 345 2210 561 2264; x_wconf 87' lang='lat' dir='ltr'><strong>interim</strong></span> <span class='ocrx_word' id='word_1_163' title='bbox 582 2207 646 2261; x_wconf 92' lang='lat' dir='ltr'><strong>ad</strong></span> <span class='ocrx_word' id='word_1_164' title='bbox 681 2207 931 2261; x_wconf 85' lang='lat' dir='ltr'><strong>litteram.</strong></span> 
     </span>
    </p>
   </div>
   <div class='ocr_carea' id='block_1_22' title="bbox 268 2284 1776 2370">
    <p class='ocr_par' dir='ltr' id='par_1_22' title="bbox 268 2284 1776 2370">
     <span class='ocr_line' id='line_1_22' title="bbox 268 2284 1776 2370; baseline -0.015 -13"><span class='ocrx_word' id='word_1_165' title='bbox 268 2305 318 2357; x_wconf 84' lang='lat'><strong>8.</strong></span> <span class='ocrx_word' id='word_1_166' title='bbox 352 2301 601 2370; x_wconf 84' lang='lat' dir='ltr'><strong>Figurate</strong></span> <span class='ocrx_word' id='word_1_167' title='bbox 621 2305 794 2351; x_wconf 88' lang='lat' dir='ltr'><strong>autem</strong></span> <span class='ocrx_word' id='word_1_168' title='bbox 818 2295 860 2348; x_wconf 91' lang='lat' dir='ltr'><strong>si</strong></span> <span class='ocrx_word' id='word_1_169' title='bbox 888 2290 1081 2366; x_wconf 89' lang='lat' dir='ltr'><strong>aliquid</strong></span> <span class='ocrx_word' id='word_1_170' title='bbox 1109 2297 1303 2344; x_wconf 90' lang='lat' dir='ltr'><strong>tectum</strong></span> <span class='ocrx_word' id='word_1_171' title='bbox 1324 2285 1487 2356; x_wconf 88' lang='lat' dir='ltr'><strong>retegi</strong></span> <span class='ocrx_word' id='word_1_172' title='bbox 1509 2284 1776 2349; x_wconf 82' lang='lat' dir='ltr'><strong>volumus,</strong></span> 
     </span>
    </p>
   </div>
   <div class='ocr_carea' id='block_1_23' title="bbox 211 2374 1777 2464">
    <p class='ocr_par' dir='ltr' id='par_1_23' title="bbox 211 2374 1777 2464">
     <span class='ocr_line' id='line_1_23' title="bbox 211 2374 1777 2464; baseline -0.013 -16"><span class='ocrx_word' id='word_1_173' title='bbox 211 2402 258 2448; x_wconf 86' lang='lat' dir='ltr'><strong>et</strong></span> <span class='ocrx_word' id='word_1_174' title='bbox 283 2393 491 2464; x_wconf 77' lang='lat' dir='ltr'><strong>pulsare</strong></span> <span class='ocrx_word' id='word_1_175' title='bbox 519 2389 584 2442; x_wconf 88' lang='lat' dir='ltr'><strong>ad</strong></span> <span class='ocrx_word' id='word_1_176' title='bbox 627 2387 886 2450; x_wconf 89' lang='lat' dir='ltr'><strong>clausum,</strong></span> <span class='ocrx_word' id='word_1_177' title='bbox 934 2379 1228 2436; x_wconf 89' lang='lat' dir='ltr'><strong>invenimus</strong></span> <span class='ocrx_word' id='word_1_178' title='bbox 1268 2375 1571 2433; x_wconf 82' lang='lat' dir='ltr'><strong>extendisse</strong></span> <span class='ocrx_word' id='word_1_179' title='bbox 1613 2374 1777 2428; x_wconf 89' lang='lat' dir='ltr'><strong>Deum</strong></span> 
     </span>
    </p>
   </div>
   <div class='ocr_carea' id='block_1_24' title="bbox 211 2467 1777 2551">
    <p class='ocr_par' dir='ltr' id='par_1_24' title="bbox 211 2467 1777 2551">
     <span class='ocr_line' id='line_1_24' title="bbox 211 2467 1777 2551; baseline -0.014 -11"><span class='ocrx_word' id='word_1_180' title='bbox 211 2487 398 2540; x_wconf 74' lang='lat' dir='ltr'><strong>caelum</strong></span> <span class='ocrx_word' id='word_1_181' title='bbox 431 2484 568 2538; x_wconf 92' lang='lat' dir='ltr'><strong>sicut</strong></span> <span class='ocrx_word' id='word_1_182' title='bbox 613 2480 909 2551; x_wconf 64' lang='lat' dir='ltr'><strong>pellem,‘ut</strong></span> <span class='ocrx_word' id='word_1_183' title='bbox 934 2472 1284 2541; x_wconf 81' lang='lat' dir='ltr'><strong>intelligamus</strong></span> <span class='ocrx_word' id='word_1_184' title='bbox 1311 2467 1504 2524; x_wconf 82' lang='lat' dir='ltr'><strong>etelum</strong></span> <span class='ocrx_word' id='word_1_185' title='bbox 1542 2473 1777 2520; x_wconf 87' lang='lat' dir='ltr'><strong>sanctam</strong></span> 
     </span>
    </p>
   </div>
   <div class='ocr_carea' id='block_1_25' title="bbox 211 2554 1777 2644">
    <p class='ocr_par' dir='ltr' id='par_1_25' title="bbox 211 2554 1777 2644">
     <span class='ocr_line' id='line_1_25' title="bbox 211 2554 1777 2644; baseline -0.013 -14"><span class='ocrx_word' id='word_1_186' title='bbox 211 2577 552 2644; x_wconf 83' lang='lat' dir='ltr'><strong>Scripturam.</strong></span> <span class='ocrx_word' id='word_1_187' title='bbox 587 2572 734 2625; x_wconf 85' lang='lat' dir='ltr'><strong>Hanc</strong></span> <span class='ocrx_word' id='word_1_188' title='bbox 762 2569 1129 2623; x_wconf 89' lang='lat' dir='ltr'><strong>auctoritatem</strong></span> <span class='ocrx_word' id='word_1_189' title='bbox 1160 2561 1328 2631; x_wconf 86' lang='lat' dir='ltr'><strong>primo</strong></span> <span class='ocrx_word' id='word_1_190' title='bbox 1363 2558 1539 2627; x_wconf 91' lang='lat' dir='ltr'><strong>posuit</strong></span> <span class='ocrx_word' id='word_1_191' title='bbox 1563 2557 1700 2610; x_wconf 88' lang='lat' dir='ltr'><strong>Deus</strong></span> <span class='ocrx_word' id='word_1_192' title='bbox 1726 2554 1777 2609; x_wconf 89' lang='lat' dir='ltr'><strong>in</strong></span> 
     </span>
    </p>
   </div>
   <div class='ocr_carea' id='block_1_26' title="bbox 209 2646 1778 2731">
    <p class='ocr_par' dir='ltr' id='par_1_26' title="bbox 209 2646 1778 2731">
     <span class='ocr_line' id='line_1_26' title="bbox 209 2646 1778 2731; baseline -0.015 -7"><span class='ocrx_word' id='word_1_193' title='bbox 209 2667 440 2724; x_wconf 81' lang='lat' dir='ltr'><strong>Ecclesia</strong></span> <span class='ocrx_word' id='word_1_194' title='bbox 469 2680 598 2731; x_wconf 89' lang='lat' dir='ltr'><strong>sua;</strong></span> <span class='ocrx_word' id='word_1_195' title='bbox 629 2662 750 2716; x_wconf 89' lang='lat' dir='ltr'><strong>inde</strong></span> <span class='ocrx_word' id='word_1_196' title='bbox 770 2659 932 2729; x_wconf 76' lang='lat' dir='ltr'><strong>coepit</strong></span> <span class='ocrx_word' id='word_1_197' title='bbox 957 2653 1173 2725; x_wconf 81' lang='lat' dir='ltr'><strong>exsequi</strong></span> <span class='ocrx_word' id='word_1_198' title='bbox 1201 2661 1391 2706; x_wconf 69' lang='lat' dir='ltr'><strong>caetera</strong></span> <span class='ocrx_word' id='word_1_199' title='bbox 1415 2667 1425 2700; x_wconf 94' lang='lat'><strong>:</strong></span> <span class='ocrx_word' id='word_1_200' title='bbox 1447 2646 1778 2717; x_wconf 90' lang='lat' dir='ltr'><strong>posuitenim</strong></span> 
     </span>
    </p>
   </div>
   <div class='ocr_carea' id='block_1_27' title="bbox 209 2737 1782 2819">
    <p class='ocr_par' dir='ltr' id='par_1_27' title="bbox 209 2737 1782 2819">
     <span class='ocr_line' id='line_1_27' title="bbox 209 2737 1782 2819; baseline -0.015 -6"><span class='ocrx_word' id='word_1_201' title='bbox 209 2759 413 2819; x_wconf 69' lang='lat' dir='ltr'><strong>emittm,</strong></span> <span class='ocrx_word' id='word_1_202' title='bbox 447 2764 500 2809; x_wconf 91' lang='lat' dir='ltr'><strong>et</strong></span> <span class='ocrx_word' id='word_1_203' title='bbox 527 2751 782 2814; x_wconf 82' lang='lat' dir='ltr'><strong>extendit,</strong></span> <span class='ocrx_word' id='word_1_204' title='bbox 804 2751 941 2802; x_wconf 87' lang='lat' dir='ltr'><strong>sicut</strong></span> <span class='ocrx_word' id='word_1_205' title='bbox 975 2745 1185 2816; x_wconf 90' lang='lat' dir='ltr'><strong>pellem,</strong></span> <span class='ocrx_word' id='word_1_206' title='bbox 1213 2751 1266 2796; x_wconf 92' lang='lat' dir='ltr'><strong>et</strong></span> <span class='ocrx_word' id='word_1_207' title='bbox 1293 2755 1397 2795; x_wconf 90' lang='lat' dir='ltr'><strong>non</strong></span> <span class='ocrx_word' id='word_1_208' title='bbox 1426 2737 1619 2792; x_wconf 86' lang='lat' dir='ltr'><strong>frustra</strong></span> <span class='ocrx_word' id='word_1_209' title='bbox 1645 2737 1782 2790; x_wconf 90' lang='lat' dir='ltr'><strong>sicut</strong></span> 
     </span>
    </p>
   </div>
   <div class='ocr_carea' id='block_1_28' title="bbox 212 2827 1781 2920">
    <p class='ocr_par' dir='ltr' id='par_1_28' title="bbox 212 2827 1781 2920">
     <span class='ocr_line' id='line_1_28' title="bbox 212 2827 1781 2920; baseline -0.015 -17"><span class='ocrx_word' id='word_1_210' title='bbox 212 2849 415 2920; x_wconf 79' lang='lat' dir='ltr'><strong>pellem.</strong></span> <span class='ocrx_word' id='word_1_211' title='bbox 475 2846 654 2900; x_wconf 85' lang='lat' dir='ltr'><strong>Primo</strong></span> <span class='ocrx_word' id='word_1_212' title='bbox 696 2843 847 2897; x_wconf 91' lang='lat' dir='ltr'><strong>istam</strong></span> <span class='ocrx_word' id='word_1_213' title='bbox 892 2840 1080 2892; x_wconf 86' lang='lat' dir='ltr'><strong>famam</strong></span> <span class='ocrx_word' id='word_1_214' title='bbox 1116 2831 1509 2905; x_wconf 70' lang='lat' dir='ltr'><strong>praidicanlium</strong></span> <span class='ocrx_word' id='word_1_215' title='bbox 1539 2827 1781 2883; x_wconf 85' lang='lat' dir='ltr'><strong>extendit</strong></span> 
     </span>
    </p>
   </div>
   <div class='ocr_carea' id='block_1_29' title="bbox 211 2922 1779 3011">
    <p class='ocr_par' dir='ltr' id='par_1_29' title="bbox 211 2922 1779 3011">
     <span class='ocr_line' id='line_1_29' title="bbox 211 2922 1779 3011; baseline -0.015 -17"><span class='ocrx_word' id='word_1_216' title='bbox 211 2943 334 2994; x_wconf 85' lang='lat' dir='ltr'><strong>sicut</strong></span> <span class='ocrx_word' id='word_1_217' title='bbox 361 2939 556 3011; x_wconf 86' lang='lat' dir='ltr'><strong>pellem</strong></span> <span class='ocrx_word' id='word_1_218' title='bbox 584 2954 595 2987; x_wconf 96' lang='lat'><strong>:</strong></span> <span class='ocrx_word' id='word_1_219' title='bbox 621 2933 768 3005; x_wconf 89' lang='lat' dir='ltr'><strong>pellis</strong></span> <span class='ocrx_word' id='word_1_220' title='bbox 798 2928 1170 2987; x_wconf 85' lang='lat' dir='ltr'><strong>mortalitatem</strong></span> <span class='ocrx_word' id='word_1_221' title='bbox 1200 2922 1461 2994; x_wconf 82' lang='lat' dir='ltr'><strong>signiﬁcat</strong></span> <span class='ocrx_word' id='word_1_222' title='bbox 1491 2936 1507 2974; x_wconf 92' lang='lat'><strong>:</strong></span> <span class='ocrx_word' id='word_1_223' title='bbox 1536 2928 1779 2990; x_wconf 86' lang='lat' dir='ltr'><strong>propter-</strong></span> 
     </span>
    </p>
   </div>
   <div class='ocr_carea' id='block_1_30' title="bbox 211 3014 1779 3094">
    <p class='ocr_par' dir='ltr' id='par_1_30' title="bbox 211 3014 1779 3094">
     <span class='ocr_line' id='line_1_30' title="bbox 211 3014 1779 3094; baseline -0.014 -6"><span class='ocrx_word' id='word_1_224' title='bbox 211 3050 266 3088; x_wconf 89' lang='lat' dir='ltr'><strong>ea</strong></span> <span class='ocrx_word' id='word_1_225' title='bbox 294 3045 347 3089; x_wconf 89' lang='lat' dir='ltr'><strong>et</strong></span> <span class='ocrx_word' id='word_1_226' title='bbox 385 3033 460 3086; x_wconf 90' lang='lat' dir='ltr'><strong>illi</strong></span> <span class='ocrx_word' id='word_1_227' title='bbox 507 3031 615 3085; x_wconf 90' lang='lat' dir='ltr'><strong>duo</strong></span> <span class='ocrx_word' id='word_1_228' title='bbox 648 3027 888 3083; x_wconf 88' lang='lat' dir='ltr'><strong>homines</strong></span> <span class='ocrx_word' id='word_1_229' title='bbox 912 3020 1068 3094; x_wconf 88' lang='lat' dir='ltr'><strong>primi</strong></span> <span class='ocrx_word' id='word_1_230' title='bbox 1096 3028 1344 3091; x_wconf 91' lang='lat' dir='ltr'><strong>parentes</strong></span> <span class='ocrx_word' id='word_1_231' title='bbox 1377 3014 1565 3081; x_wconf 85' lang='lat' dir='ltr'><strong>nostri,</strong></span> <span class='ocrx_word' id='word_1_232' title='bbox 1593 3023 1779 3068; x_wconf 76' lang='lat' dir='ltr'><strong>sueto-</strong></span> 
     </span>
    </p>
   </div>
   <div class='ocr_carea' id='block_1_31' title="bbox 211 3105 1780 3195">
    <p class='ocr_par' dir='ltr' id='par_1_31' title="bbox 211 3105 1780 3195">
     <span class='ocr_line' id='line_1_31' title="bbox 211 3105 1780 3195; baseline -0.012 -17"><span class='ocrx_word' id='word_1_233' title='bbox 211 3141 290 3180; x_wconf 81' lang='lat' dir='ltr'><strong>res</strong></span> <span class='ocrx_word' id='word_1_234' title='bbox 314 3124 518 3195; x_wconf 88' lang='lat' dir='ltr'><strong>peccati</strong></span> <span class='ocrx_word' id='word_1_235' title='bbox 561 3120 773 3192; x_wconf 79' lang='lat' dir='ltr'><strong>generis</strong></span> <span class='ocrx_word' id='word_1_236' title='bbox 815 3114 1054 3178; x_wconf 90' lang='lat' dir='ltr'><strong>humani,</strong></span> <span class='ocrx_word' id='word_1_237' title='bbox 1097 3112 1264 3168; x_wconf 83' lang='lat' dir='ltr'><strong>Adam</strong></span> <span class='ocrx_word' id='word_1_238' title='bbox 1301 3117 1356 3165; x_wconf 92' lang='lat' dir='ltr'><strong>et</strong></span> <span class='ocrx_word' id='word_1_239' title='bbox 1386 3107 1514 3173; x_wconf 86' lang='lat' dir='ltr'><strong>Eva,</strong></span> <span class='ocrx_word' id='word_1_240' title='bbox 1562 3121 1681 3162; x_wconf 90' lang='lat' dir='ltr'><strong>cum</strong></span> <span class='ocrx_word' id='word_1_241' title='bbox 1726 3105 1780 3160; x_wconf 91' lang='lat' dir='ltr'><strong>in</strong></span> 
     </span>
    </p>
   </div>
   <div class='ocr_carea' id='block_1_32' title="bbox 212 3197 1778 3285">
    <p class='ocr_par' dir='ltr' id='par_1_32' title="bbox 212 3197 1778 3285">
     <span class='ocr_line' id='line_1_32' title="bbox 212 3197 1778 3285; baseline -0.011 -19"><span class='ocrx_word' id='word_1_242' title='bbox 212 3217 469 3285; x_wconf 83' lang='lat' dir='ltr'><strong>paradiso,</strong></span> <span class='ocrx_word' id='word_1_243' title='bbox 493 3217 800 3281; x_wconf 88' lang='lat' dir='ltr'><strong>contempto</strong></span> <span class='ocrx_word' id='word_1_244' title='bbox 845 3207 937 3262; x_wconf 88' lang='lat' dir='ltr'><strong>Dei</strong></span> <span class='ocrx_word' id='word_1_245' title='bbox 967 3212 1251 3276; x_wconf 59' lang='lat' dir='ltr'><strong>praecepto,</strong></span> <span class='ocrx_word' id='word_1_246' title='bbox 1281 3199 1348 3254; x_wconf 89' lang='lat' dir='ltr'><strong>ad</strong></span> <span class='ocrx_word' id='word_1_247' title='bbox 1389 3197 1778 3268; x_wconf 85' lang='lat' dir='ltr'><strong>suggestionem</strong></span> 
     </span>
    </p>
   </div>
   <div class='ocr_carea' id='block_1_33' title="bbox 211 3288 1778 3380">
    <p class='ocr_par' dir='ltr' id='par_1_33' title="bbox 211 3288 1778 3380">
     <span class='ocr_line' id='line_1_33' title="bbox 211 3288 1778 3380; baseline -0.011 -20"><span class='ocrx_word' id='word_1_248' title='bbox 211 3309 611 3376; x_wconf 80' lang='lat' dir='ltr'><strong>sitasionemque</strong></span> <span class='ocrx_word' id='word_1_249' title='bbox 639 3299 898 3380; x_wconf 85' lang='lat' dir='ltr'><strong>serpentis</strong></span> <span class='ocrx_word' id='word_1_250' title='bbox 928 3295 1236 3366; x_wconf 83' lang='lat' dir='ltr'><strong>transgressi</strong></span> <span class='ocrx_word' id='word_1_251' title='bbox 1267 3299 1446 3348; x_wconf 90' lang='lat' dir='ltr'><strong>essent</strong></span> <span class='ocrx_word' id='word_1_252' title='bbox 1480 3288 1622 3360; x_wconf 91' lang='lat' dir='ltr'><strong>quod</strong></span> <span class='ocrx_word' id='word_1_253' title='bbox 1661 3289 1778 3358; x_wconf 85' lang='lat' dir='ltr'><strong>jus-</strong></span> 
     </span>
    </p>
   </div>
   <div class='ocr_carea' id='block_1_34' title="bbox 213 3381 1774 3461">
    <p class='ocr_par' dir='ltr' id='par_1_34' title="bbox 213 3381 1774 3461">
     <span class='ocr_line' id='line_1_34' title="bbox 213 3381 1774 3461; baseline -0.013 -8"><span class='ocrx_word' id='word_1_254' title='bbox 213 3407 346 3460; x_wconf 86' lang='lat' dir='ltr'><strong>scrat</strong></span> <span class='ocrx_word' id='word_1_255' title='bbox 373 3399 535 3461; x_wconf 87' lang='lat' dir='ltr'><strong>Deus,</strong></span> <span class='ocrx_word' id='word_1_256' title='bbox 565 3395 686 3450; x_wconf 88' lang='lat' dir='ltr'><strong>facti</strong></span> <span class='ocrx_word' id='word_1_257' title='bbox 716 3390 964 3446; x_wconf 89' lang='lat' dir='ltr'><strong>mortales</strong></span> <span class='ocrx_word' id='word_1_258' title='bbox 988 3386 1192 3443; x_wconf 89' lang='lat' dir='ltr'><strong>dimissi</strong></span> <span class='ocrx_word' id='word_1_259' title='bbox 1230 3394 1353 3440; x_wconf 91' lang='lat' dir='ltr'><strong>sunt</strong></span> <span class='ocrx_word' id='word_1_260' title='bbox 1397 3382 1466 3438; x_wconf 92' lang='lat' dir='ltr'><strong>de</strong></span> <span class='ocrx_word' id='word_1_261' title='bbox 1493 3381 1774 3454; x_wconf 83' lang='lat' dir='ltr'><strong>paradiso;</strong></span> 
     </span>
    </p>
   </div>
   <div class='ocr_carea' id='block_1_35' title="bbox 213 3472 1778 3556">
    <p class='ocr_par' dir='ltr' id='par_1_35' title="bbox 213 3472 1778 3556">
     <span class='ocr_line' id='line_1_35' title="bbox 213 3472 1778 3556; baseline -0.01 -14"><span class='ocrx_word' id='word_1_262' title='bbox 213 3498 265 3542; x_wconf 91' lang='lat' dir='ltr'><strong>ut</strong></span> <span class='ocrx_word' id='word_1_263' title='bbox 289 3499 464 3543; x_wconf 85' lang='lat' dir='ltr'><strong>autem</strong></span> <span class='ocrx_word' id='word_1_264' title='bbox 492 3485 881 3556; x_wconf 87' lang='lat' dir='ltr'><strong>signiﬁcaretur</strong></span> <span class='ocrx_word' id='word_1_265' title='bbox 909 3481 1020 3550; x_wconf 89' lang='lat' dir='ltr'><strong>ipsa</strong></span> <span class='ocrx_word' id='word_1_266' title='bbox 1051 3477 1342 3532; x_wconf 88' lang='lat' dir='ltr'><strong>mortalitas</strong></span> <span class='ocrx_word' id='word_1_267' title='bbox 1373 3488 1576 3538; x_wconf 86' lang='lat' dir='ltr'><strong>eorum,</strong></span> <span class='ocrx_word' id='word_1_268' title='bbox 1611 3472 1778 3527; x_wconf 91' lang='lat' dir='ltr'><strong>induti</strong></span> 
     </span>
    </p>
   </div>
   <div class='ocr_carea' id='block_1_36' title="bbox 213 3562 1780 3645">
    <p class='ocr_par' dir='ltr' id='par_1_36' title="bbox 213 3562 1780 3645">
     <span class='ocr_line' id='line_1_36' title="bbox 213 3562 1780 3645; baseline -0.012 -12"><span class='ocrx_word' id='word_1_269' title='bbox 213 3588 327 3633; x_wconf 90' lang='lat' dir='ltr'><strong>sunt</strong></span> <span class='ocrx_word' id='word_1_270' title='bbox 342 3578 535 3633; x_wconf 79' lang='lat' dir='ltr'><strong>tunicis</strong></span> <span class='ocrx_word' id='word_1_271' title='bbox 551 3572 877 3645; x_wconf 70' lang='lat' dir='ltr'><strong>pellicciszde</strong></span> <span class='ocrx_word' id='word_1_272' title='bbox 898 3569 1120 3641; x_wconf 88' lang='lat' dir='ltr'><strong>pellibus</strong></span> <span class='ocrx_word' id='word_1_273' title='bbox 1137 3568 1276 3622; x_wconf 90' lang='lat' dir='ltr'><strong>enim</strong></span> <span class='ocrx_word' id='word_1_274' title='bbox 1294 3564 1496 3620; x_wconf 88' lang='lat' dir='ltr'><strong>tunicas</strong></span> <span class='ocrx_word' id='word_1_275' title='bbox 1515 3562 1678 3618; x_wconf 88' lang='lat' dir='ltr'><strong>factas</strong></span> <span class='ocrx_word' id='word_1_276' title='bbox 1689 3577 1780 3615; x_wconf 88' lang='lat' dir='ltr'><strong>ac-</strong></span> 
     </span>
    </p>
   </div>
   <div class='ocr_carea' id='block_1_37' title="bbox 213 3651 1781 3743">
    <p class='ocr_par' dir='ltr' id='par_1_37' title="bbox 213 3651 1781 3743">
     <span class='ocr_line' id='line_1_37' title="bbox 213 3651 1781 3743; baseline -0.011 -19"><span class='ocrx_word' id='word_1_277' title='bbox 213 3680 460 3743; x_wconf 87' lang='lat' dir='ltr'><strong>ceperunt</strong></span> <span class='ocrx_word' id='word_1_278' title='bbox 489 3667 601 3742; x_wconf 83' lang='lat' dir='ltr'><strong>(Id.</strong></span> <span class='ocrx_word' id='word_1_279' title='bbox 616 3667 694 3738; x_wconf 88' lang='grc' dir='ltr'>ιιι)</span> <span class='ocrx_word' id='word_1_280' title='bbox 721 3684 734 3720; x_wconf 90' lang='lat'>:</span> <span class='ocrx_word' id='word_1_281' title='bbox 753 3665 918 3735; x_wconf 88' lang='lat' dir='ltr'><strong>pelles</strong></span> <span class='ocrx_word' id='word_1_282' title='bbox 932 3671 1107 3730; x_wconf 85' lang='lat' dir='ltr'><strong>autem</strong></span> <span class='ocrx_word' id='word_1_283' title='bbox 1123 3656 1327 3714; x_wconf 86' lang='lat' dir='ltr'><strong>detrahi</strong></span> <span class='ocrx_word' id='word_1_284' title='bbox 1342 3671 1448 3710; x_wconf 91' lang='lat' dir='ltr'><strong>non</strong></span> <span class='ocrx_word' id='word_1_285' title='bbox 1467 3651 1660 3721; x_wconf 90' lang='lat' dir='ltr'><strong>solent,</strong></span> <span class='ocrx_word' id='word_1_286' title='bbox 1678 3652 1781 3707; x_wconf 89' lang='lat' dir='ltr'><strong>nisi</strong></span> 
     </span>
    </p>
   </div>
   <div class='ocr_carea' id='block_1_38' title="bbox 214 3749 1782 3827">
    <p class='ocr_par' dir='ltr' id='par_1_38' title="bbox 214 3749 1782 3827">
     <span class='ocr_line' id='line_1_38' title="bbox 214 3749 1782 3827; baseline -0.009 -9"><span class='ocrx_word' id='word_1_287' title='bbox 214 3766 526 3822; x_wconf 82' lang='lat' dir='ltr'><strong>animalibus</strong></span> <span class='ocrx_word' id='word_1_288' title='bbox 551 3761 774 3816; x_wconf 89' lang='lat' dir='ltr'><strong>mortuis</strong></span> <span class='ocrx_word' id='word_1_289' title='bbox 800 3774 819 3812; x_wconf 91' lang='lat'><strong><em>:</em></strong></span> <span class='ocrx_word' id='word_1_290' title='bbox 845 3772 972 3827; x_wconf 90' lang='lat' dir='ltr'><strong>ergo</strong></span> <span class='ocrx_word' id='word_1_291' title='bbox 997 3754 1212 3826; x_wconf 90' lang='lat' dir='ltr'><strong>pellium</strong></span> <span class='ocrx_word' id='word_1_292' title='bbox 1254 3751 1468 3806; x_wconf 90' lang='lat' dir='ltr'><strong>nomine</strong></span> <span class='ocrx_word' id='word_1_293' title='bbox 1492 3749 1782 3804; x_wconf 89' lang='lat' dir='ltr'><strong>mortalitas</strong></span> 
     </span>
    </p>
   </div>
   <div class='ocr_carea' id='block_1_39' title="bbox 214 3839 1784 3926">
    <p class='ocr_par' dir='ltr' id='par_1_39' title="bbox 214 3839 1784 3926">
     <span class='ocr_line' id='line_1_39' title="bbox 214 3839 1784 3926; baseline -0.01 -18"><span class='ocrx_word' id='word_1_294' title='bbox 214 3857 296 3910; x_wconf 89' lang='lat' dir='ltr'><strong>illa</strong></span> <span class='ocrx_word' id='word_1_295' title='bbox 326 3856 544 3926; x_wconf 87' lang='lat' dir='ltr'><strong>ﬁgurata</strong></span> <span class='ocrx_word' id='word_1_296' title='bbox 565 3859 666 3906; x_wconf 91' lang='lat' dir='ltr'><strong>est.</strong></span> <span class='ocrx_word' id='word_1_297' title='bbox 695 3849 831 3918; x_wconf 88' lang='lat' dir='ltr'><strong>Quid</strong></span> <span class='ocrx_word' id='word_1_298' title='bbox 858 3863 1004 3919; x_wconf 87' lang='lat' dir='ltr'><strong>ergo,</strong></span> <span class='ocrx_word' id='word_1_299' title='bbox 1031 3847 1118 3900; x_wconf 89' lang='lat' dir='ltr'><strong>hic</strong></span> <span class='ocrx_word' id='word_1_300' title='bbox 1138 3844 1183 3898; x_wconf 92' lang='lat' dir='ltr'><strong>si</strong></span> <span class='ocrx_word' id='word_1_301' title='bbox 1210 3843 1385 3897; x_wconf 85' lang='lat' dir='ltr'><strong>divina</strong></span> <span class='ocrx_word' id='word_1_302' title='bbox 1411 3840 1683 3908; x_wconf 90' lang='lat' dir='ltr'><strong>Scriptura</strong></span> <span class='ocrx_word' id='word_1_303' title='bbox 1713 3839 1784 3893; x_wconf 89' lang='lat' dir='ltr'><strong>si-</strong></span> 
     </span>
    </p>
   </div>
   <div class='ocr_carea' id='block_1_40' title="bbox 213 3931 1784 4018">
    <p class='ocr_par' dir='ltr' id='par_1_40' title="bbox 213 3931 1784 4018">
     <span class='ocr_line' id='line_1_40' title="bbox 213 3931 1784 4018; baseline -0.011 -16"><span class='ocrx_word' id='word_1_304' title='bbox 213 3950 487 4018; x_wconf 80' lang='lat' dir='ltr'><strong>gniﬁcatur</strong></span> <span class='ocrx_word' id='word_1_305' title='bbox 511 3945 663 4016; x_wconf 88' lang='lat' dir='ltr'><strong>pellis</strong></span> <span class='ocrx_word' id='word_1_306' title='bbox 684 3941 917 4006; x_wconf 87' lang='lat' dir='ltr'><strong>nomine,</strong></span> <span class='ocrx_word' id='word_1_307' title='bbox 948 3935 1213 4009; x_wconf 87' lang='lat' dir='ltr'><strong>quomodo</strong></span> <span class='ocrx_word' id='word_1_308' title='bbox 1238 3935 1376 3989; x_wconf 87' lang='lat' dir='ltr'><strong>Deus</strong></span> <span class='ocrx_word' id='word_1_309' title='bbox 1404 3932 1471 3987; x_wconf 92' lang='lat' dir='ltr'><strong>de</strong></span> <span class='ocrx_word' id='word_1_310' title='bbox 1496 3932 1634 4002; x_wconf 86' lang='lat' dir='ltr'><strong>pelle</strong></span> <span class='ocrx_word' id='word_1_311' title='bbox 1663 3931 1784 3985; x_wconf 87' lang='lat' dir='ltr'><strong>fecit</strong></span> 
     </span>
    </p>
   </div>
   <div class='ocr_carea' id='block_1_41' title="bbox 213 4023 1784 4100">
    <p class='ocr_par' dir='ltr' id='par_1_41' title="bbox 213 4023 1784 4100">
     <span class='ocr_line' id='line_1_41' title="bbox 213 4023 1784 4100; baseline -0.011 -8"><span class='ocrx_word' id='word_1_312' title='bbox 213 4041 426 4100; x_wconf 77' lang='lat' dir='ltr'><strong>cmlum,</strong></span> <span class='ocrx_word' id='word_1_313' title='bbox 451 4047 506 4091; x_wconf 88' lang='lat' dir='ltr'><strong>et</strong></span> <span class='ocrx_word' id='word_1_314' title='bbox 534 4034 750 4089; x_wconf 71' lang='lat' dir='ltr'><strong>extendit</strong></span> <span class='ocrx_word' id='word_1_315' title='bbox 773 4032 950 4086; x_wconf 74' lang='lat' dir='ltr'><strong>cazlum</strong></span> <span class='ocrx_word' id='word_1_316' title='bbox 969 4030 1094 4083; x_wconf 83' lang='lat' dir='ltr'><strong>sicut</strong></span> <span class='ocrx_word' id='word_1_317' title='bbox 1121 4025 1344 4096; x_wconf 84' lang='lat' dir='ltr'><strong>pellem?</strong></span> <span class='ocrx_word' id='word_1_318' title='bbox 1371 4023 1502 4091; x_wconf 85' lang='lat' dir='ltr'><strong>Quia</strong></span> <span class='ocrx_word' id='word_1_319' title='bbox 1531 4037 1624 4092; x_wconf 92' lang='lat' dir='ltr'><strong>per</strong></span> <span class='ocrx_word' id='word_1_320' title='bbox 1650 4035 1784 4091; x_wconf 92' lang='lat' dir='ltr'><strong>quos</strong></span> 
     </span>
    </p>
   </div>
   <div class='ocr_carea' id='block_1_42' title="bbox 213 4112 1781 4197">
    <p class='ocr_par' dir='ltr' id='par_1_42' title="bbox 213 4112 1781 4197">
     <span class='ocr_line' id='line_1_42' title="bbox 213 4112 1781 4197; baseline -0.013 -12"><span class='ocrx_word' id='word_1_321' title='bbox 213 4132 365 4185; x_wconf 84' lang='lat' dir='ltr'><strong>nobis</strong></span> <span class='ocrx_word' id='word_1_322' title='bbox 391 4129 665 4197; x_wconf 81' lang='lat' dir='ltr'><strong>Scriptura</strong></span> <span class='ocrx_word' id='word_1_323' title='bbox 691 4123 973 4196; x_wconf 66' lang='lat' dir='ltr'><strong>prtedicata</strong></span> <span class='ocrx_word' id='word_1_324' title='bbox 1004 4127 1104 4183; x_wconf 90' lang='lat' dir='ltr'><strong>est,</strong></span> <span class='ocrx_word' id='word_1_325' title='bbox 1122 4115 1374 4172; x_wconf 86' lang='lat' dir='ltr'><strong>mortales</strong></span> <span class='ocrx_word' id='word_1_326' title='bbox 1396 4113 1629 4168; x_wconf 89' lang='lat' dir='ltr'><strong>fuerunt.</strong></span> <span class='ocrx_word' id='word_1_327' title='bbox 1653 4112 1781 4166; x_wconf 85' lang='lat' dir='ltr'><strong>illud</strong></span> 
     </span>
    </p>
   </div>
   <div class='ocr_carea' id='block_1_43' title="bbox 212 4204 1785 4292">
    <p class='ocr_par' dir='ltr' id='par_1_43' title="bbox 212 4204 1785 4292">
     <span class='ocr_line' id='line_1_43' title="bbox 212 4204 1785 4292; baseline -0.012 -18"><span class='ocrx_word' id='word_1_328' title='bbox 212 4221 426 4292; x_wconf 89' lang='lat' dir='ltr'><strong>quidem</strong></span> <span class='ocrx_word' id='word_1_329' title='bbox 451 4218 689 4292; x_wconf 10' lang='lat' dir='ltr'><strong>Verbum,</strong></span> <span class='ocrx_word' id='word_1_330' title='bbox 718 4215 806 4269; x_wconf 89' lang='lat' dir='ltr'><strong>Dei</strong></span> <span class='ocrx_word' id='word_1_331' title='bbox 833 4227 1041 4281; x_wconf 89' lang='lat' dir='ltr'><strong>semper</strong></span> <span class='ocrx_word' id='word_1_332' title='bbox 1064 4209 1223 4274; x_wconf 91' lang='lat' dir='ltr'><strong>idem,</strong></span> <span class='ocrx_word' id='word_1_333' title='bbox 1251 4220 1462 4275; x_wconf 85' lang='lat' dir='ltr'><strong>semper</strong></span> <span class='ocrx_word' id='word_1_334' title='bbox 1490 4204 1785 4259; x_wconf 88' lang='lat' dir='ltr'><strong>incommu-</strong></span> 
     </span>
    </p>
   </div>
   <div class='ocr_carea' id='block_1_44' title="bbox 212 4285 1782 4372">
    <p class='ocr_par' dir='ltr' id='par_1_44' title="bbox 212 4285 1782 4372">
     <span class='ocr_line' id='line_1_44' title="bbox 212 4285 1782 4372; baseline -0.013 -14"><span class='ocrx_word' id='word_1_335' title='bbox 212 4285 376 4358; x_wconf 74' lang='lat' dir='ltr'><strong>tabile</strong></span> <span class='ocrx_word' id='word_1_336' title='bbox 410 4313 563 4372; x_wconf 91' lang='lat' dir='ltr'><strong>atque</strong></span> <span class='ocrx_word' id='word_1_337' title='bbox 588 4291 918 4354; x_wconf 81' lang='lat' dir='ltr'><strong>indeﬁcieus.</strong></span> <span class='ocrx_word' id='word_1_338' title='bbox 945 4295 1082 4349; x_wconf 88' lang='lat' dir='ltr'><strong>Ecce</strong></span> <span class='ocrx_word' id='word_1_339' title='bbox 1104 4335 1118 4360; x_wconf 89' lang='lat'><strong>,</strong></span> <span class='ocrx_word' id='word_1_340' title='bbox 1149 4291 1214 4346; x_wconf 87' lang='lat' dir='ltr'><strong>In</strong></span> <span class='ocrx_word' id='word_1_341' title='bbox 1248 4289 1496 4361; x_wconf 81' lang='lat' dir='ltr'><strong>principio</strong></span> <span class='ocrx_word' id='word_1_342' title='bbox 1519 4297 1628 4342; x_wconf 90' lang='lat' dir='ltr'><strong>erat</strong></span> <span class='ocrx_word' id='word_1_343' title='bbox 1665 4285 1782 4340; x_wconf 63' lang='lat' dir='ltr'><strong>Vero</strong></span> 
     </span>
    </p>
   </div>
   <div class='ocr_carea' id='block_1_45' title="bbox 211 4373 1782 4460">
    <p class='ocr_par' dir='ltr' id='par_1_45' title="bbox 211 4373 1782 4460">
     <span class='ocr_line' id='line_1_45' title="bbox 211 4373 1782 4460; baseline -0.013 -10"><span class='ocrx_word' id='word_1_344' title='bbox 211 4399 350 4458; x_wconf 84' lang='lat' dir='ltr'><strong>bum,</strong></span> <span class='ocrx_word' id='word_1_345' title='bbox 376 4405 422 4449; x_wconf 85' lang='lat' dir='ltr'><strong>et</strong></span> <span class='ocrx_word' id='word_1_346' title='bbox 462 4393 667 4448; x_wconf 72' lang='lat' dir='ltr'><strong>Verbum</strong></span> <span class='ocrx_word' id='word_1_347' title='bbox 689 4401 791 4446; x_wconf 86' lang='lat' dir='ltr'><strong>erat</strong></span> <span class='ocrx_word' id='word_1_348' title='bbox 814 4387 952 4460; x_wconf 86' lang='lat' dir='ltr'><strong>apud</strong></span> <span class='ocrx_word' id='word_1_349' title='bbox 965 4373 1164 4449; x_wconf 28' lang='lat' dir='ltr'><strong>IDeum,</strong></span> <span class='ocrx_word' id='word_1_350' title='bbox 1184 4392 1229 4437; x_wconf 89' lang='lat' dir='ltr'><strong>et</strong></span> <span class='ocrx_word' id='word_1_351' title='bbox 1248 4380 1387 4435; x_wconf 88' lang='lat' dir='ltr'><strong>Deus</strong></span> <span class='ocrx_word' id='word_1_352' title='bbox 1407 4388 1512 4434; x_wconf 89' lang='lat' dir='ltr'><strong>erat</strong></span> <span class='ocrx_word' id='word_1_353' title='bbox 1547 4378 1782 4432; x_wconf 79' lang='lat' dir='ltr'><strong>Verbum.</strong></span> 
     </span>
    </p>
   </div>
   <div class='ocr_carea' id='block_1_46' title="bbox 209 4473 1788 4556">
    <p class='ocr_par' dir='ltr' id='par_1_46' title="bbox 209 4473 1788 4556">
     <span class='ocr_line' id='line_1_46' title="bbox 209 4473 1788 4556; baseline -0.013 -13"><span class='ocrx_word' id='word_1_354' title='bbox 209 4485 476 4556; x_wconf 71' lang='lat' dir='ltr'><strong>Numquid</strong></span> <span class='ocrx_word' id='word_1_355' title='bbox 501 4492 634 4550; x_wconf 83' lang='lat' dir='ltr'><strong>erat,</strong></span> <span class='ocrx_word' id='word_1_356' title='bbox 667 4492 721 4537; x_wconf 85' lang='lat' dir='ltr'><strong>et</strong></span> <span class='ocrx_word' id='word_1_357' title='bbox 761 4479 919 4534; x_wconf 90' lang='lat' dir='ltr'><strong>modo</strong></span> <span class='ocrx_word' id='word_1_358' title='bbox 961 4493 1067 4532; x_wconf 91' lang='lat' dir='ltr'><strong>non</strong></span> <span class='ocrx_word' id='word_1_359' title='bbox 1109 4474 1224 4530; x_wconf 90' lang='lat' dir='ltr'><strong>est?</strong></span> <span class='ocrx_word' id='word_1_360' title='bbox 1263 4473 1326 4527; x_wconf 88' lang='lat' dir='ltr'><strong>Et</strong></span> <span class='ocrx_word' id='word_1_361' title='bbox 1353 4479 1452 4531; x_wconf 89' lang='lat' dir='ltr'><strong>est.</strong></span> <span class='ocrx_word' id='word_1_362' title='bbox 1495 4479 1546 4526; x_wconf 88' lang='lat' dir='ltr'><strong>et</strong></span> <span class='ocrx_word' id='word_1_363' title='bbox 1577 4484 1788 4538; x_wconf 88' lang='lat' dir='ltr'><strong>semper</strong></span> 
     </span>
    </p>
   </div>
   <div class='ocr_carea' id='block_1_47' title="bbox 209 4557 1784 4644">
    <p class='ocr_par' dir='ltr' id='par_1_47' title="bbox 209 4557 1784 4644">
     <span class='ocr_line' id='line_1_47' title="bbox 209 4557 1784 4644; baseline -0.012 -11"><span class='ocrx_word' id='word_1_364' title='bbox 209 4580 330 4634; x_wconf 87' lang='lat' dir='ltr'><strong>erit.</strong></span> <span class='ocrx_word' id='word_1_365' title='bbox 365 4577 420 4631; x_wconf 91' lang='lat' dir='ltr'><strong>Si</strong></span> <span class='ocrx_word' id='word_1_366' title='bbox 461 4591 587 4644; x_wconf 89' lang='lat' dir='ltr'><strong>ergo</strong></span> <span class='ocrx_word' id='word_1_367' title='bbox 611 4583 692 4628; x_wconf 89' lang='lat' dir='ltr'><strong>est</strong></span> <span class='ocrx_word' id='word_1_368' title='bbox 715 4557 951 4627; x_wconf 78' lang='lat' dir='ltr'><strong>Verbum</strong></span> <span class='ocrx_word' id='word_1_369' title='bbox 996 4567 1084 4620; x_wconf 91' lang='lat' dir='ltr'><strong>Dei</strong></span> <span class='ocrx_word' id='word_1_370' title='bbox 1128 4565 1268 4618; x_wconf 86' lang='lat' dir='ltr'><strong>Deus</strong></span> <span class='ocrx_word' id='word_1_371' title='bbox 1292 4561 1429 4632; x_wconf 90' lang='lat' dir='ltr'><strong>apud</strong></span> <span class='ocrx_word' id='word_1_372' title='bbox 1458 4561 1645 4622; x_wconf 90' lang='lat' dir='ltr'><strong>Deum,</strong></span> <span class='ocrx_word' id='word_1_373' title='bbox 1671 4561 1784 4628; x_wconf 83' lang='lat' dir='ltr'><strong>lege</strong></span> 
     </span>
    </p>
   </div>
   <div class='ocr_carea' id='block_1_48' title="bbox 209 4651 1787 4738">
    <p class='ocr_par' dir='ltr' id='par_1_48' title="bbox 209 4651 1787 4738">
     <span class='ocr_line' id='line_1_48' title="bbox 209 4651 1787 4738; baseline -0.012 -16"><span class='ocrx_word' id='word_1_374' title='bbox 209 4671 251 4722; x_wconf 89' lang='lat' dir='ltr'><strong>si</strong></span> <span class='ocrx_word' id='word_1_375' title='bbox 277 4677 452 4738; x_wconf 87' lang='lat' dir='ltr'><strong>potes.</strong></span> <span class='ocrx_word' id='word_1_376' title='bbox 479 4665 584 4721; x_wconf 88' lang='lat' dir='ltr'><strong>Sed</strong></span> <span class='ocrx_word' id='word_1_377' title='bbox 620 4662 744 4733; x_wconf 90' lang='lat' dir='ltr'><strong>quid</strong></span> <span class='ocrx_word' id='word_1_378' title='bbox 766 4660 930 4717; x_wconf 87' lang='lat' dir='ltr'><strong>dicis?</strong></span> <span class='ocrx_word' id='word_1_379' title='bbox 958 4657 1079 4728; x_wconf 87' lang='lat' dir='ltr'><strong>quia</strong></span> <span class='ocrx_word' id='word_1_380' title='bbox 1121 4669 1327 4709; x_wconf 89' lang='lat' dir='ltr'><strong>sursum</strong></span> <span class='ocrx_word' id='word_1_381' title='bbox 1358 4660 1459 4717; x_wconf 91' lang='lat' dir='ltr'><strong>est,</strong></span> <span class='ocrx_word' id='word_1_382' title='bbox 1488 4659 1542 4705; x_wconf 91' lang='lat' dir='ltr'><strong>et</strong></span> <span class='ocrx_word' id='word_1_383' title='bbox 1567 4651 1686 4704; x_wconf 90' lang='lat' dir='ltr'><strong>ideo</strong></span> <span class='ocrx_word' id='word_1_384' title='bbox 1713 4651 1787 4703; x_wconf 89' lang='lat' dir='ltr'><strong>le-</strong></span> 
     </span>
    </p>
   </div>
   <div class='ocr_carea' id='block_1_49' title="bbox 211 4741 1787 4831">
    <p class='ocr_par' dir='ltr' id='par_1_49' title="bbox 211 4741 1787 4831">
     <span class='ocr_line' id='line_1_49' title="bbox 211 4741 1787 4831; baseline -0.015 -15"><span class='ocrx_word' id='word_1_385' title='bbox 211 4777 335 4831; x_wconf 88' lang='lat' dir='ltr'><strong>gere</strong></span> <span class='ocrx_word' id='word_1_386' title='bbox 365 4775 470 4813; x_wconf 89' lang='lat' dir='ltr'><strong>non</strong></span> <span class='ocrx_word' id='word_1_387' title='bbox 505 4755 686 4828; x_wconf 88' lang='lat' dir='ltr'><strong>potes?</strong></span> <span class='ocrx_word' id='word_1_388' title='bbox 715 4753 921 4823; x_wconf 83' lang='lat' dir='ltr'><strong>Ubique</strong></span> <span class='ocrx_word' id='word_1_389' title='bbox 957 4759 1038 4804; x_wconf 90' lang='lat' dir='ltr'><strong>est</strong></span> <span class='ocrx_word' id='word_1_390' title='bbox 1085 4747 1310 4801; x_wconf 86' lang='lat' dir='ltr'><strong>Verbum</strong></span> <span class='ocrx_word' id='word_1_391' title='bbox 1351 4743 1477 4807; x_wconf 88' lang='lat' dir='ltr'><strong>Dei;</strong></span> <span class='ocrx_word' id='word_1_392' title='bbox 1521 4741 1787 4810; x_wconf 89' lang='lat' dir='ltr'><strong>pertendit</strong></span> 
     </span>
    </p>
   </div>
   <div class='ocr_carea' id='block_1_50' title="bbox 211 4835 1784 4924">
    <p class='ocr_par' dir='ltr' id='par_1_50' title="bbox 211 4835 1784 4924">
     <span class='ocr_line' id='line_1_50' title="bbox 211 4835 1784 4924; baseline -0.016 -16"><span class='ocrx_word' id='word_1_393' title='bbox 211 4871 236 4908; x_wconf 89' lang='lat' dir='ltr'><strong>a</strong></span> <span class='ocrx_word' id='word_1_394' title='bbox 265 4856 372 4910; x_wconf 88' lang='lat' dir='ltr'><strong>ﬁne</strong></span> <span class='ocrx_word' id='word_1_395' title='bbox 410 4867 578 4924; x_wconf 87' lang='lat' dir='ltr'><strong>usque</strong></span> <span class='ocrx_word' id='word_1_396' title='bbox 607 4847 673 4904; x_wconf 91' lang='lat' dir='ltr'><strong>ad</strong></span> <span class='ocrx_word' id='word_1_397' title='bbox 703 4849 858 4902; x_wconf 91' lang='lat' dir='ltr'><strong>tinem</strong></span> <span class='ocrx_word' id='word_1_398' title='bbox 899 4843 1127 4907; x_wconf 85' lang='lat' dir='ltr'><strong>fortiter,</strong></span> <span class='ocrx_word' id='word_1_399' title='bbox 1155 4848 1207 4893; x_wconf 90' lang='lat' dir='ltr'><strong>et</strong></span> <span class='ocrx_word' id='word_1_400' title='bbox 1231 4836 1439 4906; x_wconf 85' lang='lat' dir='ltr'><strong>attingit</strong></span> <span class='ocrx_word' id='word_1_401' title='bbox 1461 4835 1635 4889; x_wconf 91' lang='lat' dir='ltr'><strong>omnia</strong></span> <span class='ocrx_word' id='word_1_402' title='bbox 1659 4848 1784 4901; x_wconf 89' lang='lat' dir='ltr'><strong>pro-</strong></span> 
     </span>
    </p>
   </div>
   <div class='ocr_carea' id='block_1_51' title="bbox 213 4921 1786 5015">
    <p class='ocr_par' dir='ltr' id='par_1_51' title="bbox 213 4921 1786 5015">
     <span class='ocr_line' id='line_1_51' title="bbox 213 4921 1786 5015; baseline -0.015 -16"><span class='ocrx_word' id='word_1_403' title='bbox 213 4957 332 5015; x_wconf 88' lang='lat' dir='ltr'><strong>pter</strong></span> <span class='ocrx_word' id='word_1_404' title='bbox 380 4921 528 4998; x_wconf 82' lang='lat' dir='ltr'><strong>suam</strong></span> <span class='ocrx_word' id='word_1_405' title='bbox 576 4937 888 4994; x_wconf 89' lang='lat' dir='ltr'><strong>munditiam</strong></span> <span class='ocrx_word' id='word_1_406' title='bbox 921 4932 1073 5004; x_wconf 86' lang='lat' dir='ltr'><strong>(Sap.</strong></span> <span class='ocrx_word' id='word_1_407' title='bbox 1120 4945 1233 4994; x_wconf 79' lang='lat' dir='ltr'><strong>vni,</strong></span> <span class='ocrx_word' id='word_1_408' title='bbox 1263 4928 1327 4992; x_wconf 75' lang='lat' dir='ltr'><strong>l;</strong></span> <span class='ocrx_word' id='word_1_409' title='bbox 1368 4935 1415 4980; x_wconf 88' lang='lat' dir='ltr'><strong>et</strong></span> <span class='ocrx_word' id='word_1_410' title='bbox 1441 4940 1535 4988; x_wconf 87' lang='lat' dir='ltr'><strong>vn,</strong></span> <span class='ocrx_word' id='word_1_411' title='bbox 1561 4921 1786 5001; x_wconf 66' lang='lat' dir='ltr'><strong>‘24)._In</strong></span> 
     </span>
    </p>
   </div>
   <div class='ocr_carea' id='block_1_52' title="bbox 212 4999 1785 5094">
    <p class='ocr_par' dir='ltr' id='par_1_52' title="bbox 212 4999 1785 5094">
     <span class='ocr_line' id='line_1_52' title="bbox 212 4999 1785 5094; baseline -0.017 -4"><span class='ocrx_word' id='word_1_412' title='bbox 212 4999 305 5090; x_wconf 72' lang='lat' dir='ltr'><strong>lto:</strong></span> <span class='ocrx_word' id='word_1_413' title='bbox 332 5034 524 5088; x_wconf 84' lang='lat' dir='ltr'><strong>mundo</strong></span> <span class='ocrx_word' id='word_1_414' title='bbox 548 5040 677 5094; x_wconf 86' lang='lat' dir='ltr'><strong>erat,</strong></span> <span class='ocrx_word' id='word_1_415' title='bbox 701 5039 745 5083; x_wconf 87' lang='lat' dir='ltr'><strong>et</strong></span> <span class='ocrx_word' id='word_1_416' title='bbox 767 5026 984 5080; x_wconf 86' lang='lat' dir='ltr'><strong>mundus</strong></span> <span class='ocrx_word' id='word_1_417' title='bbox 1003 4999 1090 5094; x_wconf 80' lang='lat' dir='ltr'><strong>per</strong></span> <span class='ocrx_word' id='word_1_418' title='bbox 1119 5021 1284 5088; x_wconf 84' lang='lat' dir='ltr'><strong>ipsum</strong></span> <span class='ocrx_word' id='word_1_419' title='bbox 1309 5017 1470 5086; x_wconf 80' lang='lat' dir='ltr'><strong>factus</strong></span> <span class='ocrx_word' id='word_1_420' title='bbox 1507 5022 1580 5068; x_wconf 76' lang='lat' dir='ltr'><strong>est</strong></span> <span class='ocrx_word' id='word_1_421' title='bbox 1608 4999 1785 5084; x_wconf 83' lang='lat' dir='ltr'><strong>(Joan.</strong></span> 
     </span>
    </p>
   </div>
   <div class='ocr_carea' id='block_1_53' title="bbox 211 5105 1780 5197">
    <p class='ocr_par' dir='ltr' id='par_1_53' title="bbox 211 5105 1780 5197">
     <span class='ocr_line' id='line_1_53' title="bbox 211 5105 1780 5197; baseline -0.017 -12"><span class='ocrx_word' id='word_1_422' title='bbox 211 5147 248 5195; x_wconf 81' lang='grc' dir='ltr'>ι,</span> <span class='ocrx_word' id='word_1_423' title='bbox 286 5132 336 5193; x_wconf 87' lang='grc'><strong>1,</strong></span> <span class='ocrx_word' id='word_1_424' title='bbox 365 5127 472 5197; x_wconf 84' lang='grc'><strong>10);</strong></span> <span class='ocrx_word' id='word_1_425' title='bbox 494 5135 548 5180; x_wconf 90' lang='lat' dir='ltr'><strong>et</strong></span> <span class='ocrx_word' id='word_1_426' title='bbox 573 5138 694 5178; x_wconf 92' lang='lat' dir='ltr'><strong>cum</strong></span> <span class='ocrx_word' id='word_1_427' title='bbox 715 5118 883 5178; x_wconf 87' lang='lat' dir='ltr'><strong>venit,</strong></span> <span class='ocrx_word' id='word_1_428' title='bbox 911 5117 997 5170; x_wconf 90' lang='lat' dir='ltr'><strong>hic</strong></span> <span class='ocrx_word' id='word_1_429' title='bbox 1021 5123 1154 5168; x_wconf 89' lang='lat' dir='ltr'><strong>erat.</strong></span> <span class='ocrx_word' id='word_1_430' title='bbox 1178 5109 1332 5164; x_wconf 87' lang='lat' dir='ltr'><strong>Venit</strong></span> <span class='ocrx_word' id='word_1_431' title='bbox 1357 5107 1496 5162; x_wconf 89' lang='lat' dir='ltr'><strong>enim</strong></span> <span class='ocrx_word' id='word_1_432' title='bbox 1524 5105 1575 5158; x_wconf 91' lang='lat' dir='ltr'><strong>in</strong></span> <span class='ocrx_word' id='word_1_433' title='bbox 1601 5119 1780 5168; x_wconf 87' lang='lat' dir='ltr'><strong>carne,</strong></span> 
     </span>
    </p>
   </div>
   <div class='ocr_carea' id='block_1_54' title="bbox 209 5197 1786 5288">
    <p class='ocr_par' dir='ltr' id='par_1_54' title="bbox 209 5197 1786 5288">
     <span class='ocr_line' id='line_1_54' title="bbox 209 5197 1786 5288; baseline -0.018 -15"><span class='ocrx_word' id='word_1_434' title='bbox 209 5231 481 5288; x_wconf 88' lang='lat' dir='ltr'><strong>nunquam</strong></span> <span class='ocrx_word' id='word_1_435' title='bbox 500 5215 692 5269; x_wconf 88' lang='lat' dir='ltr'><strong>absens</strong></span> <span class='ocrx_word' id='word_1_436' title='bbox 707 5208 1001 5264; x_wconf 83' lang='lat' dir='ltr'><strong>divinitate.</strong></span> <span class='ocrx_word' id='word_1_437' title='bbox 1023 5204 1196 5270; x_wconf 85' lang='lat' dir='ltr'><strong>Quare</strong></span> <span class='ocrx_word' id='word_1_438' title='bbox 1215 5212 1340 5269; x_wconf 88' lang='lat' dir='ltr'><strong>ergo</strong></span> <span class='ocrx_word' id='word_1_439' title='bbox 1362 5197 1539 5266; x_wconf 87' lang='lat' dir='ltr'><strong>legere</strong></span> <span class='ocrx_word' id='word_1_440' title='bbox 1560 5209 1663 5248; x_wconf 92' lang='lat' dir='ltr'><strong>non</strong></span> <span class='ocrx_word' id='word_1_441' title='bbox 1690 5207 1786 5262; x_wconf 78' lang='lat' dir='ltr'><strong>po-</strong></span> 
     </span>
    </p>
   </div>
   <div class='ocr_carea' id='block_1_55' title="bbox 163 5284 1785 5373">
    <p class='ocr_par' dir='ltr' id='par_1_55' title="bbox 163 5284 1785 5373">
     <span class='ocr_line' id='line_1_55' title="bbox 163 5284 1785 5373; baseline -0.017 -12"><span class='ocrx_word' id='word_1_442' title='bbox 163 5353 169 5361; x_wconf 93' lang='lat'><strong>.</strong></span> <span class='ocrx_word' id='word_1_443' title='bbox 210 5284 391 5363; x_wconf 74' lang='lat' dir='ltr'><strong>teras?</strong></span> <span class='ocrx_word' id='word_1_444' title='bbox 421 5303 551 5373; x_wconf 85' lang='lat' dir='ltr'><strong>Quia</strong></span> <span class='ocrx_word' id='word_1_445' title='bbox 575 5305 626 5358; x_wconf 91' lang='lat' dir='ltr'><strong>in</strong></span> <span class='ocrx_word' id='word_1_446' title='bbox 652 5299 900 5371; x_wconf 81' lang='lat' dir='ltr'><strong>sapientia</strong></span> <span class='ocrx_word' id='word_1_447' title='bbox 929 5296 1026 5349; x_wconf 85' lang='lat' dir='ltr'><strong>Dei</strong></span> <span class='ocrx_word' id='word_1_448' title='bbox 1054 5310 1154 5348; x_wconf 88' lang='lat' dir='ltr'><strong>non</strong></span> <span class='ocrx_word' id='word_1_449' title='bbox 1181 5289 1446 5360; x_wconf 86' lang='lat' dir='ltr'><strong>congnovit</strong></span> <span class='ocrx_word' id='word_1_450' title='bbox 1463 5284 1678 5338; x_wconf 82' lang='lat' dir='ltr'><strong>mundus</strong></span> <span class='ocrx_word' id='word_1_451' title='bbox 1698 5300 1785 5354; x_wconf 87' lang='lat' dir='ltr'><strong>per</strong></span> 
     </span>
    </p>
   </div>
   <div class='ocr_carea' id='block_1_56' title="bbox 211 5373 1781 5467">
    <p class='ocr_par' dir='ltr' id='par_1_56' title="bbox 211 5373 1781 5467">
     <span class='ocr_line' id='line_1_56' title="bbox 211 5373 1781 5467; baseline -0.016 -16"><span class='ocrx_word' id='word_1_452' title='bbox 211 5399 514 5467; x_wconf 74' lang='lat' dir='ltr'><strong>sapientiam</strong></span> <span class='ocrx_word' id='word_1_453' title='bbox 556 5397 746 5459; x_wconf 85' lang='lat' dir='ltr'><strong>Deum,</strong></span> <span class='ocrx_word' id='word_1_454' title='bbox 799 5389 868 5445; x_wconf 87' lang='lat' dir='ltr'><strong>ibi</strong></span> <span class='ocrx_word' id='word_1_455' title='bbox 907 5385 1222 5442; x_wconf 87' lang='lat' dir='ltr'><strong>constitutus</strong></span> <span class='ocrx_word' id='word_1_456' title='bbox 1259 5381 1312 5435; x_wconf 93' lang='lat' dir='ltr'><strong>in</strong></span> <span class='ocrx_word' id='word_1_457' title='bbox 1353 5375 1608 5447; x_wconf 88' lang='lat' dir='ltr'><strong>sapientia</strong></span> <span class='ocrx_word' id='word_1_458' title='bbox 1651 5373 1781 5438; x_wconf 89' lang='lat' dir='ltr'><strong>Dei;</strong></span> 
     </span>
    </p>
   </div>
   <div class='ocr_carea' id='block_1_57' title="bbox 209 5464 1784 5551">
    <p class='ocr_par' dir='ltr' id='par_1_57' title="bbox 209 5464 1784 5551">
     <span class='ocr_line' id='line_1_57' title="bbox 209 5464 1784 5551; baseline -0.015 -11"><span class='ocrx_word' id='word_1_459' title='bbox 209 5464 390 5545; x_wconf 64' lang='lat' dir='ltr'><strong>«ninia</strong></span> <span class='ocrx_word' id='word_1_460' title='bbox 418 5487 558 5542; x_wconf 91' lang='lat' dir='ltr'><strong>enim</strong></span> <span class='ocrx_word' id='word_1_461' title='bbox 585 5486 677 5551; x_wconf 89' lang='lat' dir='ltr'><strong>ibi,</strong></span> <span class='ocrx_word' id='word_1_462' title='bbox 721 5491 795 5543; x_wconf 88' lang='lat' dir='ltr'><strong>et,</strong></span> <span class='ocrx_word' id='word_1_463' title='bbox 842 5481 952 5548; x_wconf 88' lang='lat' dir='ltr'><strong>ipsa</strong></span> <span class='ocrx_word' id='word_1_464' title='bbox 997 5476 1288 5534; x_wconf 88' lang='lat' dir='ltr'><strong>subtracta,</strong></span> <span class='ocrx_word' id='word_1_465' title='bbox 1338 5469 1480 5524; x_wconf 90' lang='lat' dir='ltr'><strong>nulla</strong></span> <span class='ocrx_word' id='word_1_466' title='bbox 1521 5474 1672 5530; x_wconf 91' lang='lat' dir='ltr'><strong>sunt;</strong></span> <span class='ocrx_word' id='word_1_467' title='bbox 1713 5464 1784 5518; x_wconf 90' lang='lat' dir='ltr'><strong>ibi</strong></span> 
     </span>
    </p>
   </div>
   <div class='ocr_carea' id='block_1_58' title="bbox 209 5554 1783 5642">
    <p class='ocr_par' dir='ltr' id='par_1_58' title="bbox 209 5554 1783 5642">
     <span class='ocr_line' id='line_1_58' title="bbox 209 5554 1783 5642; baseline -0.018 -7"><span class='ocrx_word' id='word_1_468' title='bbox 209 5580 532 5634; x_wconf 73' lang='lat' dir='ltr'><strong>antistitutus</strong></span> <span class='ocrx_word' id='word_1_469' title='bbox 574 5590 679 5629; x_wconf 90' lang='lat' dir='ltr'><strong>non</strong></span> <span class='ocrx_word' id='word_1_470' title='bbox 725 5581 938 5642; x_wconf 90' lang='lat' dir='ltr'><strong>poteras</strong></span> <span class='ocrx_word' id='word_1_471' title='bbox 964 5577 1285 5637; x_wconf 85' lang='lat' dir='ltr'><strong>cognoscere</strong></span> <span class='ocrx_word' id='word_1_472' title='bbox 1337 5576 1430 5631; x_wconf 89' lang='lat' dir='ltr'><strong>per</strong></span> <span class='ocrx_word' id='word_1_473' title='bbox 1473 5554 1783 5628; x_wconf 87' lang='lat' dir='ltr'><strong>sapientiam</strong></span> 
     </span>
    </p>
   </div>
   <div class='ocr_carea' id='block_1_59' title="bbox 210 5643 1785 5738">
    <p class='ocr_par' dir='ltr' id='par_1_59' title="bbox 210 5643 1785 5738">
     <span class='ocr_line' id='line_1_59' title="bbox 210 5643 1785 5738; baseline -0.018 -12"><span class='ocrx_word' id='word_1_474' title='bbox 210 5673 421 5726; x_wconf 84' lang='lat' dir='ltr'><strong>Deum:</strong></span> <span class='ocrx_word' id='word_1_475' title='bbox 451 5682 577 5738; x_wconf 87' lang='lat' dir='ltr'><strong>ergo</strong></span> <span class='ocrx_word' id='word_1_476' title='bbox 599 5661 952 5722; x_wconf 88' lang='lat' dir='ltr'><strong>necessarium</strong></span> <span class='ocrx_word' id='word_1_477' title='bbox 974 5667 1088 5713; x_wconf 88' lang='lat' dir='ltr'><strong>erat</strong></span> <span class='ocrx_word' id='word_1_478' title='bbox 1115 5654 1256 5726; x_wconf 90' lang='lat' dir='ltr'><strong>quod</strong></span> <span class='ocrx_word' id='word_1_479' title='bbox 1293 5651 1546 5722; x_wconf 85' lang='lat' dir='ltr'><strong>sequitur,</strong></span> <span class='ocrx_word' id='word_1_480' title='bbox 1581 5643 1785 5701; x_wconf 83' lang='lat' dir='ltr'><strong>Placuit</strong></span> 
     </span>
    </p>
   </div>
   <div class='ocr_carea' id='block_1_60' title="bbox 271 5785 1138 5853">
    <p class='ocr_par' dir='ltr' id='par_1_60' title="bbox 271 5785 1138 5853">
     <span class='ocr_line' id='line_1_60' title="bbox 271 5785 1138 5853; baseline -0.013 -1"><span class='ocrx_word' id='word_1_481' title='bbox 271 5803 293 5834; x_wconf 76' lang='grc'>⁸</span> <span class='ocrx_word' id='word_1_482' title='bbox 333 5799 496 5851; x_wconf 73' lang='lat' dir='ltr'><strong>Plures</strong></span> <span class='ocrx_word' id='word_1_483' title='bbox 517 5805 606 5850; x_wconf 71' lang='lat' dir='ltr'><strong>stas</strong></span> <span class='ocrx_word' id='word_1_484' title='bbox 652 5796 732 5847; x_wconf 84' lang='lat' dir='ltr'><strong>hic</strong></span> <span class='ocrx_word' id='word_1_485' title='bbox 753 5799 806 5846; x_wconf 86' lang='lat' dir='ltr'><strong>ct</strong></span> <span class='ocrx_word' id='word_1_486' title='bbox 827 5790 964 5853; x_wconf 81' lang='lat' dir='ltr'><strong>infra,</strong></span> <span class='ocrx_word' id='word_1_487' title='bbox 985 5785 1138 5841; x_wconf 67' lang='lat' dir='ltr'><strong>tarde.</strong></span> 
     </span>
    </p>
   </div>
   <div class='ocr_carea' id='block_1_61' title="bbox 1307 340 2327 402">
    <p class='ocr_par' dir='ltr' id='par_1_61' title="bbox 1307 340 2327 402">
     <span class='ocr_line' id='line_1_61' title="bbox 1307 340 2327 402; baseline 0 0"><span class='ocrx_word' id='word_1_488' title='bbox 1307 341 1698 402; x_wconf 66' lang='lat' dir='ltr'><strong>ENARRATIO</strong></span> <span class='ocrx_word' id='word_1_489' title='bbox 1735 340 1799 395; x_wconf 79' lang='lat' dir='ltr'><strong>IN</strong></span> <span class='ocrx_word' id='word_1_490' title='bbox 1839 341 2158 402; x_wconf 76' lang='lat' dir='ltr'><strong>PSALMUM</strong></span> <span class='ocrx_word' id='word_1_491' title='bbox 2193 347 2327 402; x_wconf 88' lang='lat' dir='ltr'><strong>Clll.</strong></span> 
     </span>
    </p>
   </div>
   <div class='ocr_carea' id='block_1_62' title="bbox 3301 341 3441 410">
    <p class='ocr_par' dir='ltr' id='par_1_62' title="bbox 3301 341 3441 410">
     <span class='ocr_line' id='line_1_62' title="bbox 3301 341 3441 410; baseline -0.007 -1"><span class='ocrx_word' id='word_1_492' title='bbox 3301 341 3441 410; x_wconf 50' lang='lat'><strong>1553&#39;</strong></span> 
     </span>
    </p>
   </div>
   <div class='ocr_carea' id='block_1_63' title="bbox 1878 463 3443 534">
    <p class='ocr_par' dir='ltr' id='par_1_63' title="bbox 1878 463 3443 534">
     <span class='ocr_line' id='line_1_63' title="bbox 1878 463 3443 534; baseline 0.006 -22"><span class='ocrx_word' id='word_1_493' title='bbox 1878 463 1989 516; x_wconf 83' lang='lat' dir='ltr'><strong>Deo</strong></span> <span class='ocrx_word' id='word_1_494' title='bbox 2019 479 2106 532; x_wconf 83' lang='lat' dir='ltr'><strong>per</strong></span> <span class='ocrx_word' id='word_1_495' title='bbox 2129 463 2396 518; x_wconf 76' lang='lat' dir='ltr'><strong>stultitiam</strong></span> <span class='ocrx_word' id='word_1_496' title='bbox 2425 463 2792 530; x_wconf 71' lang='lat' dir='ltr'><strong>prazdicationis</strong></span> <span class='ocrx_word' id='word_1_497' title='bbox 2824 465 2986 519; x_wconf 80' lang='lat' dir='ltr'><strong>salvos</strong></span> <span class='ocrx_word' id='word_1_498' title='bbox 3008 465 3174 534; x_wconf 76' lang='lat' dir='ltr'><strong>facere</strong></span> <span class='ocrx_word' id='word_1_499' title='bbox 3191 469 3443 523; x_wconf 78' lang='lat' dir='ltr'><strong>credmtes</strong></span> 
     </span>
    </p>
   </div>
   <div class='ocr_carea' id='block_1_64' title="bbox 1878 557 3445 628">
    <p class='ocr_par' dir='ltr' id='par_1_64' title="bbox 1878 557 3445 628">
     <span class='ocr_line' id='line_1_64' title="bbox 1878 557 3445 628; baseline 0.003 -16"><span class='ocrx_word' id='word_1_500' title='bbox 1878 557 1920 627; x_wconf 93' lang='grc'><strong>(1</strong></span> <span class='ocrx_word' id='word_1_501' title='bbox 1943 557 2059 612; x_wconf 87' lang='lat' dir='ltr'><strong>Cor.</strong></span> <span class='ocrx_word' id='word_1_502' title='bbox 2084 558 2265 625; x_wconf 21' lang='lat'><strong>1,421).</strong></span> <span class='ocrx_word' id='word_1_503' title='bbox 2295 557 2349 612; x_wconf 91' lang='lat' dir='ltr'><strong>Si</strong></span> <span class='ocrx_word' id='word_1_504' title='bbox 2373 571 2468 625; x_wconf 88' lang='lat' dir='ltr'><strong>per</strong></span> <span class='ocrx_word' id='word_1_505' title='bbox 2495 557 2766 611; x_wconf 81' lang='lat' dir='ltr'><strong>Stultitiam</strong></span> <span class='ocrx_word' id='word_1_506' title='bbox 2797 558 3184 628; x_wconf 66' lang='lat' dir='ltr'><strong>prmdicationis</strong></span> <span class='ocrx_word' id='word_1_507' title='bbox 3211 561 3339 615; x_wconf 83' lang='lat' dir='ltr'><strong>salvi</strong></span> <span class='ocrx_word' id='word_1_508' title='bbox 3363 561 3445 616; x_wconf 76' lang='grc' dir='ltr'><strong>ῆι-</strong></span> 
     </span>
    </p>
   </div>
   <div class='ocr_carea' id='block_1_65' title="bbox 1879 647 3441 718">
    <p class='ocr_par' dir='ltr' id='par_1_65' title="bbox 1879 647 3441 718">
     <span class='ocr_line' id='line_1_65' title="bbox 1879 647 3441 718; baseline 0.003 -16"><span class='ocrx_word' id='word_1_509' title='bbox 1879 649 1982 702; x_wconf 91' lang='lat' dir='ltr'><strong>turi</strong></span> <span class='ocrx_word' id='word_1_510' title='bbox 2008 657 2162 702; x_wconf 89' lang='lat' dir='ltr'><strong>erant</strong></span> <span class='ocrx_word' id='word_1_511' title='bbox 2186 647 2486 711; x_wconf 87' lang='lat' dir='ltr'><strong>credentes,</strong></span> <span class='ocrx_word' id='word_1_512' title='bbox 2522 647 2678 716; x_wconf 87' lang='lat' dir='ltr'><strong>elegit</strong></span> <span class='ocrx_word' id='word_1_513' title='bbox 2717 648 2857 703; x_wconf 89' lang='lat' dir='ltr'><strong>Deus</strong></span> <span class='ocrx_word' id='word_1_514' title='bbox 2899 649 3140 718; x_wconf 74' lang='lat' dir='ltr'><strong>qutedam</strong></span> <span class='ocrx_word' id='word_1_515' title='bbox 3181 653 3441 716; x_wconf 83' lang='lat' dir='ltr'><strong>mortalia,</strong></span> 
     </span>
    </p>
   </div>
   <div class='ocr_carea' id='block_1_66' title="bbox 1879 738 3440 809">
    <p class='ocr_par' dir='ltr' id='par_1_66' title="bbox 1879 738 3440 809">
     <span class='ocr_line' id='line_1_66' title="bbox 1879 738 3440 809; baseline 0.002 -15"><span class='ocrx_word' id='word_1_516' title='bbox 1879 740 2038 809; x_wconf 86' lang='lat' dir='ltr'><strong>elegit</strong></span> <span class='ocrx_word' id='word_1_517' title='bbox 2068 739 2312 793; x_wconf 85' lang='lat' dir='ltr'><strong>homines</strong></span> <span class='ocrx_word' id='word_1_518' title='bbox 2339 738 2589 792; x_wconf 87' lang='lat' dir='ltr'><strong>mortales</strong></span> <span class='ocrx_word' id='word_1_519' title='bbox 2615 750 2666 792; x_wconf 93' lang='lat' dir='ltr'><strong>et</strong></span> <span class='ocrx_word' id='word_1_520' title='bbox 2707 741 3026 806; x_wconf 88' lang='lat' dir='ltr'><strong>morituros;</strong></span> <span class='ocrx_word' id='word_1_521' title='bbox 3072 739 3302 796; x_wconf 87' lang='lat' dir='ltr'><strong>adhibita</strong></span> <span class='ocrx_word' id='word_1_522' title='bbox 3343 743 3440 797; x_wconf 89' lang='lat' dir='ltr'><strong>lin-</strong></span> 
     </span>
    </p>
   </div>
   <div class='ocr_carea' id='block_1_67' title="bbox 1885 829 3442 903">
    <p class='ocr_par' dir='ltr' id='par_1_67' title="bbox 1885 829 3442 903">
     <span class='ocr_line' id='line_1_67' title="bbox 1885 829 3442 903; baseline 0.004 -22"><span class='ocrx_word' id='word_1_523' title='bbox 1885 846 1983 900; x_wconf 85' lang='lat' dir='ltr'><strong>gua</strong></span> <span class='ocrx_word' id='word_1_524' title='bbox 2013 831 2216 884; x_wconf 89' lang='lat' dir='ltr'><strong>mortali</strong></span> <span class='ocrx_word' id='word_1_525' title='bbox 2243 829 2479 884; x_wconf 84' lang='lat' dir='ltr'><strong>exhibuit</strong></span> <span class='ocrx_word' id='word_1_526' title='bbox 2501 845 2660 882; x_wconf 87' lang='lat' dir='ltr'><strong>sonos</strong></span> <span class='ocrx_word' id='word_1_527' title='bbox 2681 831 2948 895; x_wconf 86' lang='lat' dir='ltr'><strong>mortales,</strong></span> <span class='ocrx_word' id='word_1_528' title='bbox 2977 832 3204 886; x_wconf 89' lang='lat' dir='ltr'><strong>adhibita</strong></span> <span class='ocrx_word' id='word_1_529' title='bbox 3229 833 3442 903; x_wconf 82' lang='lat' dir='ltr'><strong>diSpen-</strong></span> 
     </span>
    </p>
   </div>
   <div class='ocr_carea' id='block_1_68' title="bbox 1883 922 3441 989">
    <p class='ocr_par' dir='ltr' id='par_1_68' title="bbox 1883 922 3441 989">
     <span class='ocr_line' id='line_1_68' title="bbox 1883 922 3441 989; baseline 0.003 -12"><span class='ocrx_word' id='word_1_530' title='bbox 1883 923 2087 977; x_wconf 87' lang='lat' dir='ltr'><strong>satione</strong></span> <span class='ocrx_word' id='word_1_531' title='bbox 2113 924 2412 977; x_wconf 87' lang='lat' dir='ltr'><strong>mortalium</strong></span> <span class='ocrx_word' id='word_1_532' title='bbox 2430 922 2663 976; x_wconf 86' lang='lat' dir='ltr'><strong>adhibuit</strong></span> <span class='ocrx_word' id='word_1_533' title='bbox 2679 923 3020 978; x_wconf 89' lang='lat' dir='ltr'><strong>instrumenta</strong></span> <span class='ocrx_word' id='word_1_534' title='bbox 3039 926 3297 989; x_wconf 84' lang='lat' dir='ltr'><strong>mortalia,</strong></span> <span class='ocrx_word' id='word_1_535' title='bbox 3315 935 3368 981; x_wconf 88' lang='lat' dir='ltr'><strong>et</strong></span> <span class='ocrx_word' id='word_1_536' title='bbox 3389 928 3441 981; x_wconf 90' lang='lat' dir='ltr'><strong>in</strong></span> 
     </span>
    </p>
   </div>
   <div class='ocr_carea' id='block_1_69' title="bbox 1881 1013 3444 1089">
    <p class='ocr_par' dir='ltr' id='par_1_69' title="bbox 1881 1013 3444 1089">
     <span class='ocr_line' id='line_1_69' title="bbox 1881 1013 3444 1089; baseline 0.003 -23"><span class='ocrx_word' id='word_1_537' title='bbox 1881 1028 1946 1067; x_wconf 91' lang='lat' dir='ltr'><strong>eo</strong></span> <span class='ocrx_word' id='word_1_538' title='bbox 1975 1014 2064 1066; x_wconf 90' lang='lat' dir='ltr'><strong>tibi</strong></span> <span class='ocrx_word' id='word_1_539' title='bbox 2095 1013 2287 1068; x_wconf 88' lang='lat' dir='ltr'><strong>factum</strong></span> <span class='ocrx_word' id='word_1_540' title='bbox 2317 1025 2395 1068; x_wconf 89' lang='lat' dir='ltr'><strong>est</strong></span> <span class='ocrx_word' id='word_1_541' title='bbox 2421 1015 2634 1076; x_wconf 73' lang='lat' dir='ltr'><strong>emtum,</strong></span> <span class='ocrx_word' id='word_1_542' title='bbox 2664 1024 2722 1067; x_wconf 93' lang='lat' dir='ltr'><strong>ut</strong></span> <span class='ocrx_word' id='word_1_543' title='bbox 2757 1014 2806 1067; x_wconf 92' lang='lat' dir='ltr'><strong>in</strong></span> <span class='ocrx_word' id='word_1_544' title='bbox 2837 1029 2894 1069; x_wconf 89' lang='lat' dir='ltr'><strong>re</strong></span> <span class='ocrx_word' id='word_1_545' title='bbox 2922 1017 3128 1089; x_wconf 86' lang='lat' dir='ltr'><strong>mortali</strong></span> <span class='ocrx_word' id='word_1_546' title='bbox 3158 1031 3444 1086; x_wconf 82' lang='lat' dir='ltr'><strong>cognosce-</strong></span> 
     </span>
    </p>
   </div>
   <div class='ocr_carea' id='block_1_70' title="bbox 1882 1104 3444 1176">
    <p class='ocr_par' dir='ltr' id='par_1_70' title="bbox 1882 1104 3444 1176">
     <span class='ocr_line' id='line_1_70' title="bbox 1882 1104 3444 1176; baseline 0.003 -18"><span class='ocrx_word' id='word_1_547' title='bbox 1882 1121 1967 1158; x_wconf 91' lang='lat' dir='ltr'><strong>res</strong></span> <span class='ocrx_word' id='word_1_548' title='bbox 1995 1104 2225 1160; x_wconf 84' lang='lat' dir='ltr'><strong>Verhnm</strong></span> <span class='ocrx_word' id='word_1_549' title='bbox 2266 1105 2581 1170; x_wconf 76' lang='lat' dir='ltr'><strong>immortale,</strong></span> <span class='ocrx_word' id='word_1_550' title='bbox 2619 1115 2671 1158; x_wconf 91' lang='lat' dir='ltr'><strong>et</strong></span> <span class='ocrx_word' id='word_1_551' title='bbox 2707 1105 2861 1158; x_wconf 87' lang='lat' dir='ltr'><strong>ﬁeres</strong></span> <span class='ocrx_word' id='word_1_552' title='bbox 2890 1114 2942 1158; x_wconf 94' lang='lat' dir='ltr'><strong>tu</strong></span> <span class='ocrx_word' id='word_1_553' title='bbox 2967 1120 3176 1174; x_wconf 90' lang='lat' dir='ltr'><strong>quoque</strong></span> <span class='ocrx_word' id='word_1_554' title='bbox 3208 1107 3444 1176; x_wconf 80' lang='lat' dir='ltr'><strong>ejusdem</strong></span> 
     </span>
    </p>
   </div>
   <div class='ocr_carea' id='block_1_71' title="bbox 1882 1195 3446 1266">
    <p class='ocr_par' dir='ltr' id='par_1_71' title="bbox 1882 1195 3446 1266">
     <span class='ocr_line' id='line_1_71' title="bbox 1882 1195 3446 1266; baseline 0.002 -15"><span class='ocrx_word' id='word_1_555' title='bbox 1882 1196 2040 1251; x_wconf 88' lang='lat' dir='ltr'><strong>Verbi</strong></span> <span class='ocrx_word' id='word_1_556' title='bbox 2087 1196 2488 1265; x_wconf 88' lang='lat' dir='ltr'><strong>participatione</strong></span> <span class='ocrx_word' id='word_1_557' title='bbox 2533 1195 2868 1249; x_wconf 88' lang='lat' dir='ltr'><strong>immortalis.</strong></span> <span class='ocrx_word' id='word_1_558' title='bbox 2917 1195 3056 1249; x_wconf 78' lang='lat' dir='ltr'><strong>Vixit</strong></span> <span class='ocrx_word' id='word_1_559' title='bbox 3083 1197 3098 1227; x_wconf 87' lang='grc'>¹</span> <span class='ocrx_word' id='word_1_560' title='bbox 3126 1196 3351 1266; x_wconf 82' lang='lat' dir='ltr'><strong>Moyses,</strong></span> <span class='ocrx_word' id='word_1_561' title='bbox 3393 1209 3446 1254; x_wconf 92' lang='lat' dir='ltr'><strong>et</strong></span> 
     </span>
    </p>
   </div>
   <div class='ocr_carea' id='block_1_72' title="bbox 1881 1287 3443 1356">
    <p class='ocr_par' dir='ltr' id='par_1_72' title="bbox 1881 1287 3443 1356">
     <span class='ocr_line' id='line_1_72' title="bbox 1881 1287 3443 1356; baseline -0.001 -12"><span class='ocrx_word' id='word_1_562' title='bbox 1881 1297 2121 1344; x_wconf 86' lang='lat' dir='ltr'><strong>mortuus</strong></span> <span class='ocrx_word' id='word_1_563' title='bbox 2149 1297 2231 1342; x_wconf 84' lang='lat' dir='ltr'><strong>est</strong></span> <span class='ocrx_word' id='word_1_564' title='bbox 2257 1306 2270 1342; x_wconf 90' lang='lat'><strong>:</strong></span> <span class='ocrx_word' id='word_1_565' title='bbox 2303 1289 2375 1342; x_wconf 88' lang='lat' dir='ltr'><strong>ait</strong></span> <span class='ocrx_word' id='word_1_566' title='bbox 2403 1289 2544 1342; x_wconf 85' lang='lat' dir='ltr'><strong>enim</strong></span> <span class='ocrx_word' id='word_1_567' title='bbox 2577 1288 2651 1341; x_wconf 84' lang='lat' dir='ltr'><strong>illi</strong></span> <span class='ocrx_word' id='word_1_568' title='bbox 2683 1289 2840 1356; x_wconf 82' lang='lat' dir='ltr'><strong>Deqs,</strong></span> <span class='ocrx_word' id='word_1_569' title='bbox 2879 1287 3102 1340; x_wconf 86' lang='lat' dir='ltr'><strong>Ascende</strong></span> <span class='ocrx_word' id='word_1_570' title='bbox 3130 1289 3181 1340; x_wconf 91' lang='lat' dir='ltr'><strong>in</strong></span> <span class='ocrx_word' id='word_1_571' title='bbox 3208 1300 3443 1356; x_wconf 83' lang='lat' dir='ltr'><strong>montem,</strong></span> 
     </span>
    </p>
   </div>
   <div class='ocr_carea' id='block_1_73' title="bbox 1883 1378 3448 1451">
    <p class='ocr_par' dir='ltr' id='par_1_73' title="bbox 1883 1378 3448 1451">
     <span class='ocr_line' id='line_1_73' title="bbox 1883 1378 3448 1451; baseline 0 -16"><span class='ocrx_word' id='word_1_572' title='bbox 1883 1390 1928 1435; x_wconf 85' lang='lat' dir='ltr'><strong>et</strong></span> <span class='ocrx_word' id='word_1_573' title='bbox 1966 1395 2156 1434; x_wconf 88' lang='lat' dir='ltr'><strong>morere</strong></span> <span class='ocrx_word' id='word_1_574' title='bbox 2185 1378 2358 1451; x_wconf 86' lang='lat' dir='ltr'><strong>(Deut.</strong></span> <span class='ocrx_word' id='word_1_575' title='bbox 2390 1395 2554 1442; x_wconf 63' lang='grc' dir='ltr'>χχχιι,</span> <span class='ocrx_word' id='word_1_576' title='bbox 2589 1379 2703 1444; x_wconf 72' lang='grc'><strong>49).</strong></span> <span class='ocrx_word' id='word_1_577' title='bbox 2730 1379 2963 1433; x_wconf 82' lang='lat' dir='ltr'><strong>Mortuus</strong></span> <span class='ocrx_word' id='word_1_578' title='bbox 2993 1379 3364 1445; x_wconf 83' lang='lat' dir='ltr'><strong>estJeremias,</strong></span> <span class='ocrx_word' id='word_1_579' title='bbox 3393 1389 3448 1435; x_wconf 91' lang='lat' dir='ltr'><strong>et</strong></span> 
     </span>
    </p>
   </div>
   <div class='ocr_carea' id='block_1_74' title="bbox 1883 1471 3446 1542">
    <p class='ocr_par' dir='ltr' id='par_1_74' title="bbox 1883 1471 3446 1542">
     <span class='ocr_line' id='line_1_74' title="bbox 1883 1471 3446 1542; baseline 0.001 -17"><span class='ocrx_word' id='word_1_580' title='bbox 1883 1480 1961 1525; x_wconf 86' lang='lat' dir='ltr'><strong>tot</strong></span> <span class='ocrx_word' id='word_1_581' title='bbox 1981 1471 2259 1542; x_wconf 76' lang='lat' dir='ltr'><strong>Propheta:</strong></span> <span class='ocrx_word' id='word_1_582' title='bbox 2288 1471 2477 1524; x_wconf 91' lang='lat' dir='ltr'><strong>mortui</strong></span> <span class='ocrx_word' id='word_1_583' title='bbox 2505 1479 2658 1533; x_wconf 87' lang='lat' dir='ltr'><strong>sunt;</strong></span> <span class='ocrx_word' id='word_1_584' title='bbox 2689 1480 2742 1524; x_wconf 92' lang='lat' dir='ltr'><strong>et</strong></span> <span class='ocrx_word' id='word_1_585' title='bbox 2782 1480 3110 1525; x_wconf 87' lang='lat' dir='ltr'><strong>mortuorum</strong></span> <span class='ocrx_word' id='word_1_586' title='bbox 3141 1472 3300 1536; x_wconf 89' lang='lat' dir='ltr'><strong>dicta,</strong></span> <span class='ocrx_word' id='word_1_587' title='bbox 3327 1473 3446 1542; x_wconf 89' lang='lat' dir='ltr'><strong>quia</strong></span> 
     </span>
    </p>
   </div>
   <div class='ocr_carea' id='block_1_75' title="bbox 1883 1561 3447 1631">
    <p class='ocr_par' dir='ltr' id='par_1_75' title="bbox 1883 1561 3447 1631">
     <span class='ocr_line' id='line_1_75' title="bbox 1883 1561 3447 1631; baseline 0.001 -15"><span class='ocrx_word' id='word_1_588' title='bbox 1883 1579 1988 1616; x_wconf 93' lang='lat' dir='ltr'><strong>non</strong></span> <span class='ocrx_word' id='word_1_589' title='bbox 2010 1578 2214 1627; x_wconf 89' lang='lat' dir='ltr'><strong>eorum,</strong></span> <span class='ocrx_word' id='word_1_590' title='bbox 2251 1561 2343 1616; x_wconf 89' lang='lat' dir='ltr'><strong>sed</strong></span> <span class='ocrx_word' id='word_1_591' title='bbox 2391 1577 2487 1631; x_wconf 91' lang='lat' dir='ltr'><strong>per</strong></span> <span class='ocrx_word' id='word_1_592' title='bbox 2514 1577 2605 1616; x_wconf 90' lang='lat' dir='ltr'><strong>eos</strong></span> <span class='ocrx_word' id='word_1_593' title='bbox 2632 1562 2772 1616; x_wconf 91' lang='lat' dir='ltr'><strong>illius</strong></span> <span class='ocrx_word' id='word_1_594' title='bbox 2798 1570 2967 1626; x_wconf 90' lang='lat' dir='ltr'><strong>erant,</strong></span> <span class='ocrx_word' id='word_1_595' title='bbox 2995 1562 3081 1631; x_wconf 89' lang='lat' dir='ltr'><strong>qui</strong></span> <span class='ocrx_word' id='word_1_596' title='bbox 3108 1564 3322 1616; x_wconf 74' lang='lat' dir='ltr'><strong>extendit</strong></span> <span class='ocrx_word' id='word_1_597' title='bbox 3347 1579 3447 1617; x_wconf 73' lang='lat' dir='ltr'><strong>cm-</strong></span> 
     </span>
    </p>
   </div>
   <div class='ocr_carea' id='block_1_76' title="bbox 1884 1653 3447 1726">
    <p class='ocr_par' dir='ltr' id='par_1_76' title="bbox 1884 1653 3447 1726">
     <span class='ocr_line' id='line_1_76' title="bbox 1884 1653 3447 1726; baseline -0.001 -16"><span class='ocrx_word' id='word_1_598' title='bbox 1884 1657 1988 1711; x_wconf 89' lang='lat' dir='ltr'><strong>lum</strong></span> <span class='ocrx_word' id='word_1_599' title='bbox 2030 1657 2158 1710; x_wconf 83' lang='lat' dir='ltr'><strong>sicut</strong></span> <span class='ocrx_word' id='word_1_600' title='bbox 2187 1655 2384 1726; x_wconf 84' lang='lat' dir='ltr'><strong>pellem,</strong></span> <span class='ocrx_word' id='word_1_601' title='bbox 2418 1663 2631 1708; x_wconf 90' lang='lat' dir='ltr'><strong>manent</strong></span> <span class='ocrx_word' id='word_1_602' title='bbox 2656 1669 2819 1723; x_wconf 90' lang='lat' dir='ltr'><strong>usque</strong></span> <span class='ocrx_word' id='word_1_603' title='bbox 2861 1653 2928 1708; x_wconf 92' lang='lat' dir='ltr'><strong>ad</strong></span> <span class='ocrx_word' id='word_1_604' title='bbox 2965 1655 3323 1724; x_wconf 86' lang='lat' dir='ltr'><strong>posteritatem</strong></span> <span class='ocrx_word' id='word_1_605' title='bbox 3351 1670 3447 1709; x_wconf 86' lang='lat' dir='ltr'><strong>no-</strong></span> 
     </span>
    </p>
   </div>
   <div class='ocr_carea' id='block_1_77' title="bbox 1883 1744 3445 1816">
    <p class='ocr_par' dir='ltr' id='par_1_77' title="bbox 1883 1744 3445 1816">
     <span class='ocr_line' id='line_1_77' title="bbox 1883 1744 3445 1816; baseline -0.001 -13"><span class='ocrx_word' id='word_1_606' title='bbox 1883 1758 2066 1803; x_wconf 89' lang='lat' dir='ltr'><strong>stram.</strong></span> <span class='ocrx_word' id='word_1_607' title='bbox 2093 1747 2231 1802; x_wconf 90' lang='lat' dir='ltr'><strong>Ecce</strong></span> <span class='ocrx_word' id='word_1_608' title='bbox 2255 1746 2537 1814; x_wconf 85' lang='lat' dir='ltr'><strong>Apostolus</strong></span> <span class='ocrx_word' id='word_1_609' title='bbox 2581 1745 2786 1799; x_wconf 90' lang='lat' dir='ltr'><strong>solutus</strong></span> <span class='ocrx_word' id='word_1_610' title='bbox 2812 1744 2876 1799; x_wconf 89' lang='lat' dir='ltr'><strong>de</strong></span> <span class='ocrx_word' id='word_1_611' title='bbox 2905 1745 3000 1799; x_wconf 89' lang='lat' dir='ltr'><strong>hac</strong></span> <span class='ocrx_word' id='word_1_612' title='bbox 3027 1745 3152 1812; x_wconf 90' lang='lat' dir='ltr'><strong>vita,</strong></span> <span class='ocrx_word' id='word_1_613' title='bbox 3175 1747 3263 1816; x_wconf 90' lang='lat' dir='ltr'><strong>qui</strong></span> <span class='ocrx_word' id='word_1_614' title='bbox 3294 1746 3445 1806; x_wconf 81' lang='lat' dir='ltr'><strong>dixit.</strong></span> 
     </span>
    </p>
   </div>
   <div class='ocr_carea' id='block_1_78' title="bbox 1882 1836 3446 1907">
    <p class='ocr_par' dir='ltr' id='par_1_78' title="bbox 1882 1836 3446 1907">
     <span class='ocr_line' id='line_1_78' title="bbox 1882 1836 3446 1907; baseline -0.001 -13"><span class='ocrx_word' id='word_1_615' title='bbox 1882 1839 2096 1894; x_wconf 81' lang='lat' dir='ltr'><strong>dissolvi</strong></span> <span class='ocrx_word' id='word_1_616' title='bbox 2125 1847 2177 1893; x_wconf 90' lang='lat' dir='ltr'><strong>et</strong></span> <span class='ocrx_word' id='word_1_617' title='bbox 2201 1853 2318 1892; x_wconf 84' lang='lat' dir='ltr'><strong>esse</strong></span> <span class='ocrx_word' id='word_1_618' title='bbox 2343 1852 2460 1891; x_wconf 92' lang='lat' dir='ltr'><strong>cum</strong></span> <span class='ocrx_word' id='word_1_619' title='bbox 2492 1836 2723 1899; x_wconf 89' lang='lat' dir='ltr'><strong>Christo,</strong></span> <span class='ocrx_word' id='word_1_620' title='bbox 2765 1836 2932 1890; x_wconf 90' lang='lat' dir='ltr'><strong>multo</strong></span> <span class='ocrx_word' id='word_1_621' title='bbox 2973 1837 3139 1906; x_wconf 85' lang='lat' dir='ltr'><strong>magis</strong></span> <span class='ocrx_word' id='word_1_622' title='bbox 3162 1852 3279 1892; x_wconf 89' lang='lat' dir='ltr'><strong>esse</strong></span> <span class='ocrx_word' id='word_1_623' title='bbox 3306 1839 3446 1907; x_wconf 77' lang='lat' dir='ltr'><strong>opti~</strong></span> 
     </span>
    </p>
   </div>
   <div class='ocr_carea' id='block_1_79' title="bbox 1881 1927 3445 2002">
    <p class='ocr_par' dir='ltr' id='par_1_79' title="bbox 1881 1927 3445 2002">
     <span class='ocr_line' id='line_1_79' title="bbox 1881 1927 3445 2002; baseline -0.001 -17"><span class='ocrx_word' id='word_1_624' title='bbox 1881 1948 2025 1986; x_wconf 91' lang='lat' dir='ltr'><strong>mum</strong></span> <span class='ocrx_word' id='word_1_625' title='bbox 2061 1929 2315 2002; x_wconf 84' lang='lat' dir='ltr'><strong>(Philipp.</strong></span> <span class='ocrx_word' id='word_1_626' title='bbox 2347 1945 2384 1995; x_wconf 83' lang='grc' dir='ltr'>ι,</span> <span class='ocrx_word' id='word_1_627' title='bbox 2415 1929 2528 1999; x_wconf 69' lang='grc'><strong>25),</strong></span> <span class='ocrx_word' id='word_1_628' title='bbox 2573 1929 2700 1982; x_wconf 81' lang='lat' dir='ltr'><strong>vivit</strong></span> <span class='ocrx_word' id='word_1_629' title='bbox 2738 1943 2879 1982; x_wconf 90' lang='lat' dir='ltr'><strong>nunc</strong></span> <span class='ocrx_word' id='word_1_630' title='bbox 2907 1944 3026 1983; x_wconf 89' lang='lat' dir='ltr'><strong>cum</strong></span> <span class='ocrx_word' id='word_1_631' title='bbox 3052 1927 3281 1995; x_wconf 89' lang='lat' dir='ltr'><strong>Christo,</strong></span> <span class='ocrx_word' id='word_1_632' title='bbox 3313 1929 3445 1983; x_wconf 91' lang='lat' dir='ltr'><strong>sicut</strong></span> 
     </span>
    </p>
   </div>
   <div class='ocr_carea' id='block_1_80' title="bbox 1883 2017 3449 2091">
    <p class='ocr_par' dir='ltr' id='par_1_80' title="bbox 1883 2017 3449 2091">
     <span class='ocr_line' id='line_1_80' title="bbox 1883 2017 3449 2091; baseline -0.003 -14"><span class='ocrx_word' id='word_1_633' title='bbox 1883 2023 1959 2078; x_wconf 91' lang='lat' dir='ltr'><strong>illi</strong></span> <span class='ocrx_word' id='word_1_634' title='bbox 2006 2021 2286 2091; x_wconf 76' lang='lat' dir='ltr'><strong>Propheta:</strong></span> <span class='ocrx_word' id='word_1_635' title='bbox 2321 2035 2507 2074; x_wconf 87' lang='lat' dir='ltr'><strong>omnes</strong></span> <span class='ocrx_word' id='word_1_636' title='bbox 2546 2019 2730 2072; x_wconf 84' lang='lat' dir='ltr'><strong>vivunt</strong></span> <span class='ocrx_word' id='word_1_637' title='bbox 2768 2033 2887 2071; x_wconf 91' lang='lat' dir='ltr'><strong>cum</strong></span> <span class='ocrx_word' id='word_1_638' title='bbox 2927 2017 3138 2072; x_wconf 89' lang='lat' dir='ltr'><strong>Christo</strong></span> <span class='ocrx_word' id='word_1_639' title='bbox 3176 2018 3311 2073; x_wconf 90' lang='lat' dir='ltr'><strong>:sed</strong></span> <span class='ocrx_word' id='word_1_640' title='bbox 3352 2032 3449 2090; x_wconf 89' lang='lat' dir='ltr'><strong>per</strong></span> 
     </span>
    </p>
   </div>
   <div class='ocr_carea' id='block_1_81' title="bbox 1881 2107 3448 2183">
    <p class='ocr_par' dir='ltr' id='par_1_81' title="bbox 1881 2107 3448 2183">
     <span class='ocr_line' id='line_1_81' title="bbox 1881 2107 3448 2183; baseline -0.001 -20"><span class='ocrx_word' id='word_1_641' title='bbox 1881 2111 2006 2183; x_wconf 86' lang='lat' dir='ltr'><strong>quid</strong></span> <span class='ocrx_word' id='word_1_642' title='bbox 2029 2111 2182 2166; x_wconf 91' lang='lat' dir='ltr'><strong>nobis</strong></span> <span class='ocrx_word' id='word_1_643' title='bbox 2205 2109 2532 2180; x_wconf 87' lang='lat' dir='ltr'><strong>dispensavit</strong></span> <span class='ocrx_word' id='word_1_644' title='bbox 2561 2108 2614 2162; x_wconf 92' lang='lat' dir='ltr'><strong>id</strong></span> <span class='ocrx_word' id='word_1_645' title='bbox 2643 2107 2783 2178; x_wconf 89' lang='lat' dir='ltr'><strong>quod</strong></span> <span class='ocrx_word' id='word_1_646' title='bbox 2818 2107 3073 2178; x_wconf 80' lang='lat' dir='ltr'><strong>legimus?</strong></span> <span class='ocrx_word' id='word_1_647' title='bbox 3096 2108 3195 2162; x_wconf 84' lang='lat' dir='ltr'><strong>Per</strong></span> <span class='ocrx_word' id='word_1_648' title='bbox 3218 2107 3270 2163; x_wconf 92' lang='lat' dir='ltr'><strong>id</strong></span> <span class='ocrx_word' id='word_1_649' title='bbox 3307 2111 3448 2177; x_wconf 84' lang='lat' dir='ltr'><strong>quod</strong></span> 
     </span>
    </p>
   </div>
   <div class='ocr_carea' id='block_1_82' title="bbox 1882 2201 3446 2273">
    <p class='ocr_par' dir='ltr' id='par_1_82' title="bbox 1882 2201 3446 2273">
     <span class='ocr_line' id='line_1_82' title="bbox 1882 2201 3446 2273; baseline -0.004 -13"><span class='ocrx_word' id='word_1_650' title='bbox 1882 2206 2195 2260; x_wconf 89' lang='lat' dir='ltr'><strong>moriturum</strong></span> <span class='ocrx_word' id='word_1_651' title='bbox 2225 2213 2360 2268; x_wconf 88' lang='lat' dir='ltr'><strong>erat,</strong></span> <span class='ocrx_word' id='word_1_652' title='bbox 2388 2219 2481 2273; x_wconf 90' lang='lat' dir='ltr'><strong>per</strong></span> <span class='ocrx_word' id='word_1_653' title='bbox 2500 2217 2579 2266; x_wconf 91' lang='lat' dir='ltr'><strong>os,</strong></span> <span class='ocrx_word' id='word_1_654' title='bbox 2602 2217 2698 2272; x_wconf 92' lang='lat' dir='ltr'><strong>per</strong></span> <span class='ocrx_word' id='word_1_655' title='bbox 2723 2202 2972 2270; x_wconf 87' lang='lat' dir='ltr'><strong>linguam,</strong></span> <span class='ocrx_word' id='word_1_656' title='bbox 2999 2201 3202 2264; x_wconf 90' lang='lat' dir='ltr'><strong>dentes,</strong></span> <span class='ocrx_word' id='word_1_657' title='bbox 3234 2215 3446 2255; x_wconf 91' lang='lat' dir='ltr'><strong>manus.</strong></span> 
     </span>
    </p>
   </div>
   <div class='ocr_carea' id='block_1_83' title="bbox 1883 2290 3446 2365">
    <p class='ocr_par' dir='ltr' id='par_1_83' title="bbox 1883 2290 3446 2365">
     <span class='ocr_line' id='line_1_83' title="bbox 1883 2290 3446 2365; baseline -0.003 -14"><span class='ocrx_word' id='word_1_658' title='bbox 1883 2297 2070 2351; x_wconf 88' lang='lat' dir='ltr'><strong>Omnia</strong></span> <span class='ocrx_word' id='word_1_659' title='bbox 2097 2296 2193 2350; x_wconf 90' lang='lat' dir='ltr'><strong>ista</strong></span> <span class='ocrx_word' id='word_1_660' title='bbox 2223 2295 2412 2365; x_wconf 90' lang='lat' dir='ltr'><strong>quibus</strong></span> <span class='ocrx_word' id='word_1_661' title='bbox 2437 2301 2686 2360; x_wconf 87' lang='lat' dir='ltr'><strong>operatus</strong></span> <span class='ocrx_word' id='word_1_662' title='bbox 2703 2301 2784 2345; x_wconf 89' lang='lat' dir='ltr'><strong>est</strong></span> <span class='ocrx_word' id='word_1_663' title='bbox 2805 2291 3087 2360; x_wconf 85' lang='lat' dir='ltr'><strong>Apostolus</strong></span> <span class='ocrx_word' id='word_1_664' title='bbox 3117 2301 3280 2345; x_wconf 83' lang='lat' dir='ltr'><strong>tutum</strong></span> <span class='ocrx_word' id='word_1_665' title='bbox 3308 2290 3446 2360; x_wconf 90' lang='lat' dir='ltr'><strong>quod</strong></span> 
     </span>
    </p>
   </div>
   <div class='ocr_carea' id='block_1_84' title="bbox 1881 2379 3446 2459">
    <p class='ocr_par' dir='ltr' id='par_1_84' title="bbox 1881 2379 3446 2459">
     <span class='ocr_line' id='line_1_84' title="bbox 1881 2379 3446 2459; baseline -0.005 -17"><span class='ocrx_word' id='word_1_666' title='bbox 1881 2388 2121 2459; x_wconf 81' lang='lat' dir='ltr'><strong>legimus,</strong></span> <span class='ocrx_word' id='word_1_667' title='bbox 2147 2385 2384 2456; x_wconf 88' lang='lat' dir='ltr'><strong>corporis</strong></span> <span class='ocrx_word' id='word_1_668' title='bbox 2404 2383 2577 2437; x_wconf 80' lang='lat' dir='ltr'><strong>cilicia</strong></span> <span class='ocrx_word' id='word_1_669' title='bbox 2605 2390 2743 2446; x_wconf 91' lang='lat' dir='ltr'><strong>sunt,</strong></span> <span class='ocrx_word' id='word_1_670' title='bbox 2781 2381 2874 2435; x_wconf 90' lang='lat' dir='ltr'><strong>sed</strong></span> <span class='ocrx_word' id='word_1_671' title='bbox 2897 2379 3113 2449; x_wconf 74' lang='lat' dir='ltr'><strong>iubente</strong></span> <span class='ocrx_word' id='word_1_672' title='bbox 3156 2380 3330 2433; x_wconf 89' lang='lat' dir='ltr'><strong>anima</strong></span> <span class='ocrx_word' id='word_1_673' title='bbox 3359 2382 3446 2435; x_wconf 91' lang='lat' dir='ltr'><strong>cui</strong></span> 
     </span>
    </p>
   </div>
   <div class='ocr_carea' id='block_1_85' title="bbox 1877 2470 3445 2552">
    <p class='ocr_par' dir='ltr' id='par_1_85' title="bbox 1877 2470 3445 2552">
     <span class='ocr_line' id='line_1_85' title="bbox 1877 2470 3445 2552; baseline -0.006 -17"><span class='ocrx_word' id='word_1_674' title='bbox 1877 2479 2097 2552; x_wconf 88' lang='lat' dir='ltr'><strong>jubebat</strong></span> <span class='ocrx_word' id='word_1_675' title='bbox 2140 2479 2277 2532; x_wconf 90' lang='lat' dir='ltr'><strong>Deus</strong></span> <span class='ocrx_word' id='word_1_676' title='bbox 2311 2494 2324 2530; x_wconf 91' lang='lat'>:</span> <span class='ocrx_word' id='word_1_677' title='bbox 2368 2482 2645 2544; x_wconf 87' lang='lat' dir='ltr'><strong>propterea</strong></span> <span class='ocrx_word' id='word_1_678' title='bbox 2684 2483 2952 2528; x_wconf 84' lang='lat' dir='ltr'><strong>extentum</strong></span> <span class='ocrx_word' id='word_1_679' title='bbox 2983 2479 3065 2526; x_wconf 92' lang='lat' dir='ltr'><strong>est</strong></span> <span class='ocrx_word' id='word_1_680' title='bbox 3091 2470 3282 2525; x_wconf 63' lang='lat' dir='ltr'><strong>coelum</strong></span> <span class='ocrx_word' id='word_1_681' title='bbox 3313 2472 3445 2526; x_wconf 91' lang='lat' dir='ltr'><strong>sicut</strong></span> 
     </span>
    </p>
   </div>
   <div class='ocr_carea' id='block_1_86' title="bbox 1885 2560 3446 2642">
    <p class='ocr_par' dir='ltr' id='par_1_86' title="bbox 1885 2560 3446 2642">
     <span class='ocr_line' id='line_1_86' title="bbox 1885 2560 3446 2642; baseline -0.006 -16"><span class='ocrx_word' id='word_1_682' title='bbox 1885 2571 2057 2642; x_wconf 89' lang='lat' dir='ltr'><strong>pellis.</strong></span> <span class='ocrx_word' id='word_1_683' title='bbox 2081 2568 2188 2623; x_wconf 86' lang='lat' dir='ltr'><strong>Nos</strong></span> <span class='ocrx_word' id='word_1_684' title='bbox 2217 2567 2315 2622; x_wconf 89' lang='lat' dir='ltr'><strong>sub</strong></span> <span class='ocrx_word' id='word_1_685' title='bbox 2354 2566 2511 2629; x_wconf 75' lang='lat' dir='ltr'><strong>etelo,</strong></span> <span class='ocrx_word' id='word_1_686' title='bbox 2556 2574 2802 2632; x_wconf 89' lang='lat' dir='ltr'><strong>tanquam</strong></span> <span class='ocrx_word' id='word_1_687' title='bbox 2837 2561 2935 2615; x_wconf 88' lang='lat' dir='ltr'><strong>sub</strong></span> <span class='ocrx_word' id='word_1_688' title='bbox 2975 2561 3110 2631; x_wconf 88' lang='lat' dir='ltr'><strong>pelle</strong></span> <span class='ocrx_word' id='word_1_689' title='bbox 3153 2560 3446 2616; x_wconf 87' lang='lat' dir='ltr'><strong>divinarum</strong></span> 
     </span>
    </p>
   </div>
   <div class='ocr_carea' id='block_1_87' title="bbox 1882 2651 3447 2729">
    <p class='ocr_par' dir='ltr' id='par_1_87' title="bbox 1882 2651 3447 2729">
     <span class='ocr_line' id='line_1_87' title="bbox 1882 2651 3447 2729; baseline -0.007 -12"><span class='ocrx_word' id='word_1_690' title='bbox 1882 2663 2271 2729; x_wconf 87' lang='lat' dir='ltr'><strong>Scripturarum</strong></span> <span class='ocrx_word' id='word_1_691' title='bbox 2312 2657 2533 2724; x_wconf 88' lang='lat' dir='ltr'><strong>legimus</strong></span> <span class='ocrx_word' id='word_1_692' title='bbox 2575 2653 2754 2718; x_wconf 90' lang='lat' dir='ltr'><strong>modo,</strong></span> <span class='ocrx_word' id='word_1_693' title='bbox 2789 2667 2907 2707; x_wconf 91' lang='lat' dir='ltr'><strong>cum</strong></span> <span class='ocrx_word' id='word_1_694' title='bbox 2960 2652 3208 2706; x_wconf 88' lang='lat' dir='ltr'><strong>tenditur.</strong></span> <span class='ocrx_word' id='word_1_695' title='bbox 3237 2651 3447 2706; x_wconf 86' lang='lat' dir='ltr'><strong>Etenim</strong></span> 
     </span>
    </p>
   </div>
   <div class='ocr_carea' id='block_1_88' title="bbox 1881 2741 3445 2826">
    <p class='ocr_par' dir='ltr' id='par_1_88' title="bbox 1881 2741 3445 2826">
     <span class='ocr_line' id='line_1_88' title="bbox 1881 2741 3445 2826; baseline -0.008 -18"><span class='ocrx_word' id='word_1_696' title='bbox 1881 2764 2064 2826; x_wconf 87' lang='lat' dir='ltr'><strong>postea</strong></span> <span class='ocrx_word' id='word_1_697' title='bbox 2094 2752 2270 2805; x_wconf 68' lang='lat' dir='ltr'><strong>calum</strong></span> <span class='ocrx_word' id='word_1_698' title='bbox 2299 2748 2571 2819; x_wconf 81' lang='lat' dir='ltr'><strong>plicabitur</strong></span> <span class='ocrx_word' id='word_1_699' title='bbox 2595 2755 2649 2800; x_wconf 91' lang='lat' dir='ltr'><strong>ut</strong></span> <span class='ocrx_word' id='word_1_700' title='bbox 2676 2745 2798 2800; x_wconf 85' lang='lat' dir='ltr'><strong>liber</strong></span> <span class='ocrx_word' id='word_1_701' title='bbox 2824 2743 2974 2813; x_wconf 85' lang='lat' dir='ltr'><strong>(Isai.</strong></span> <span class='ocrx_word' id='word_1_702' title='bbox 3008 2759 3198 2808; x_wconf 79' lang='lat' dir='ltr'><strong>xxxw,</strong></span> <span class='ocrx_word' id='word_1_703' title='bbox 3229 2741 3304 2813; x_wconf 71' lang='grc'><strong>4).</strong></span> <span class='ocrx_word' id='word_1_704' title='bbox 3333 2742 3445 2798; x_wconf 82' lang='lat' dir='ltr'><strong>Non</strong></span> 
     </span>
    </p>
   </div>
   <div class='ocr_carea' id='block_1_89' title="bbox 1883 2834 3445 2906">
    <p class='ocr_par' dir='ltr' id='par_1_89' title="bbox 1883 2834 3445 2906">
     <span class='ocr_line' id='line_1_89' title="bbox 1883 2834 3445 2906; baseline -0.008 -7"><span class='ocrx_word' id='word_1_705' title='bbox 1883 2845 2097 2906; x_wconf 88' lang='lat' dir='ltr'><strong>frustra,</strong></span> <span class='ocrx_word' id='word_1_706' title='bbox 2127 2841 2336 2905; x_wconf 89' lang='lat' dir='ltr'><strong>fratres,</strong></span> <span class='ocrx_word' id='word_1_707' title='bbox 2368 2838 2454 2892; x_wconf 90' lang='lat' dir='ltr'><strong>hic</strong></span> <span class='ocrx_word' id='word_1_708' title='bbox 2479 2841 2534 2891; x_wconf 88' lang='lat' dir='ltr'><strong>ut</strong></span> <span class='ocrx_word' id='word_1_709' title='bbox 2566 2836 2736 2906; x_wconf 91' lang='lat' dir='ltr'><strong>pellis,</strong></span> <span class='ocrx_word' id='word_1_710' title='bbox 2770 2834 2839 2889; x_wconf 86' lang='lat' dir='ltr'><strong>ibi</strong></span> <span class='ocrx_word' id='word_1_711' title='bbox 2866 2843 2922 2888; x_wconf 92' lang='lat' dir='ltr'><strong>ut</strong></span> <span class='ocrx_word' id='word_1_712' title='bbox 2964 2834 3124 2896; x_wconf 90' lang='lat' dir='ltr'><strong>liber;</strong></span> <span class='ocrx_word' id='word_1_713' title='bbox 3167 2834 3445 2904; x_wconf 86' lang='lat' dir='ltr'><strong>ﬁguratum</strong></span> 
     </span>
    </p>
   </div>
   <div class='ocr_carea' id='block_1_90' title="bbox 1883 2923 3447 3004">
    <p class='ocr_par' dir='ltr' id='par_1_90' title="bbox 1883 2923 3447 3004">
     <span class='ocr_line' id='line_1_90' title="bbox 1883 2923 3447 3004; baseline -0.008 -13"><span class='ocrx_word' id='word_1_714' title='bbox 1883 2935 1955 2991; x_wconf 87' lang='lat' dir='ltr'><strong>ibi</strong></span> <span class='ocrx_word' id='word_1_715' title='bbox 1986 2931 2232 3004; x_wconf 88' lang='lat' dir='ltr'><strong>quiddam</strong></span> <span class='ocrx_word' id='word_1_716' title='bbox 2262 2928 2415 2984; x_wconf 87' lang='lat' dir='ltr'><strong>nobis</strong></span> <span class='ocrx_word' id='word_1_717' title='bbox 2444 2938 2542 2983; x_wconf 86' lang='lat' dir='ltr'><strong>est.</strong></span> <span class='ocrx_word' id='word_1_718' title='bbox 2575 2926 2724 2994; x_wconf 90' lang='lat' dir='ltr'><strong>Quod</strong></span> <span class='ocrx_word' id='word_1_719' title='bbox 2755 2924 2821 2979; x_wconf 90' lang='lat' dir='ltr'><strong>ad</strong></span> <span class='ocrx_word' id='word_1_720' title='bbox 2863 2925 3092 2978; x_wconf 88' lang='lat' dir='ltr'><strong>divinam</strong></span> <span class='ocrx_word' id='word_1_721' title='bbox 3121 2923 3447 2992; x_wconf 90' lang='lat' dir='ltr'><strong>Scripturam</strong></span> 
     </span>
    </p>
   </div>
   <div class='ocr_carea' id='block_1_91' title="bbox 1879 3013 3445 3086">
    <p class='ocr_par' dir='ltr' id='par_1_91' title="bbox 1879 3013 3445 3086">
     <span class='ocr_line' id='line_1_91' title="bbox 1879 3013 3445 3086; baseline -0.01 -7"><span class='ocrx_word' id='word_1_722' title='bbox 1879 3025 2089 3086; x_wconf 85' lang='lat' dir='ltr'><strong>attinet,</strong></span> <span class='ocrx_word' id='word_1_723' title='bbox 2120 3020 2420 3077; x_wconf 82' lang='lat' dir='ltr'><strong>extenditur</strong></span> <span class='ocrx_word' id='word_1_724' title='bbox 2449 3033 2626 3072; x_wconf 88' lang='lat' dir='ltr'><strong>sermo</strong></span> <span class='ocrx_word' id='word_1_725' title='bbox 2653 3025 3013 3070; x_wconf 91' lang='lat' dir='ltr'><strong>mortuorum:</strong></span> <span class='ocrx_word' id='word_1_726' title='bbox 3037 3031 3166 3084; x_wconf 80' lang='lat' dir='ltr'><strong>ergo</strong></span> <span class='ocrx_word' id='word_1_727' title='bbox 3191 3013 3308 3068; x_wconf 92' lang='lat' dir='ltr'><strong>ideo</strong></span> <span class='ocrx_word' id='word_1_728' title='bbox 3331 3024 3445 3068; x_wconf 87' lang='lat' dir='ltr'><strong>ten-</strong></span> 
     </span>
    </p>
   </div>
   <div class='ocr_carea' id='block_1_92' title="bbox 1883 3105 3446 3184">
    <p class='ocr_par' dir='ltr' id='par_1_92' title="bbox 1883 3105 3446 3184">
     <span class='ocr_line' id='line_1_92' title="bbox 1883 3105 3446 3184; baseline -0.01 -8"><span class='ocrx_word' id='word_1_729' title='bbox 1883 3119 2026 3176; x_wconf 90' lang='lat' dir='ltr'><strong>ditur</strong></span> <span class='ocrx_word' id='word_1_730' title='bbox 2061 3119 2196 3174; x_wconf 89' lang='lat' dir='ltr'><strong>sicut</strong></span> <span class='ocrx_word' id='word_1_731' title='bbox 2241 3113 2425 3184; x_wconf 88' lang='lat' dir='ltr'><strong>pellis;</strong></span> <span class='ocrx_word' id='word_1_732' title='bbox 2457 3121 2508 3165; x_wconf 91' lang='lat' dir='ltr'><strong>et</strong></span> <span class='ocrx_word' id='word_1_733' title='bbox 2552 3109 2717 3164; x_wconf 88' lang='lat' dir='ltr'><strong>multo</strong></span> <span class='ocrx_word' id='word_1_734' title='bbox 2743 3108 2908 3176; x_wconf 86' lang='lat' dir='ltr'><strong>magis</strong></span> <span class='ocrx_word' id='word_1_735' title='bbox 2946 3105 3198 3170; x_wconf 89' lang='lat' dir='ltr'><strong>tenditur,</strong></span> <span class='ocrx_word' id='word_1_736' title='bbox 3225 3105 3345 3175; x_wconf 79' lang='lat' dir='ltr'><strong>quia</strong></span> <span class='ocrx_word' id='word_1_737' title='bbox 3374 3105 3446 3160; x_wconf 92' lang='lat' dir='ltr'><strong>illi</strong></span> 
     </span>
    </p>
   </div>
   <div class='ocr_carea' id='block_1_93' title="bbox 1877 3197 3446 3273">
    <p class='ocr_par' dir='ltr' id='par_1_93' title="bbox 1877 3197 3446 3273">
     <span class='ocr_line' id='line_1_93' title="bbox 1877 3197 3446 3273; baseline -0.01 -7"><span class='ocrx_word' id='word_1_738' title='bbox 1877 3211 2074 3267; x_wconf 75' lang='lat' dir='ltr'><strong>‘mortui</strong></span> <span class='ocrx_word' id='word_1_739' title='bbox 2107 3215 2248 3262; x_wconf 91' lang='lat' dir='ltr'><strong>sunt.</strong></span> <span class='ocrx_word' id='word_1_740' title='bbox 2280 3205 2410 3259; x_wconf 72' lang='lat' dir='ltr'><strong>Nam</strong></span> <span class='ocrx_word' id='word_1_741' title='bbox 2442 3211 2558 3273; x_wconf 92' lang='lat' dir='ltr'><strong>post</strong></span> <span class='ocrx_word' id='word_1_742' title='bbox 2578 3209 2799 3256; x_wconf 89' lang='lat' dir='ltr'><strong>mortem</strong></span> <span class='ocrx_word' id='word_1_743' title='bbox 2826 3198 3294 3268; x_wconf 89' lang='lat' dir='ltr'><strong>plusinnotuerunt</strong></span> <span class='ocrx_word' id='word_1_744' title='bbox 3315 3197 3446 3251; x_wconf 84' lang='lat' dir='ltr'><strong>Pro-</strong></span> 
     </span>
    </p>
   </div>
   <div class='ocr_carea' id='block_1_94' title="bbox 1865 3291 3444 3374">
    <p class='ocr_par' dir='ltr' id='par_1_94' title="bbox 1865 3291 3444 3374">
     <span class='ocr_line' id='line_1_94' title="bbox 1865 3291 3444 3374; baseline -0.007 -18"><span class='ocrx_word' id='word_1_745' title='bbox 1865 3304 2059 3374; x_wconf 74' lang='lat' dir='ltr'><strong>.phette</strong></span> <span class='ocrx_word' id='word_1_746' title='bbox 2087 3311 2141 3356; x_wconf 91' lang='lat' dir='ltr'><strong>et</strong></span> <span class='ocrx_word' id='word_1_747' title='bbox 2163 3295 2431 3369; x_wconf 82' lang='lat' dir='ltr'><strong>Apostoli;</strong></span> <span class='ocrx_word' id='word_1_748' title='bbox 2462 3311 2565 3350; x_wconf 90' lang='lat' dir='ltr'><strong>non</strong></span> <span class='ocrx_word' id='word_1_749' title='bbox 2593 3301 2745 3348; x_wconf 91' lang='lat' dir='ltr'><strong>erant</strong></span> <span class='ocrx_word' id='word_1_750' title='bbox 2768 3301 2873 3345; x_wconf 91' lang='lat' dir='ltr'><strong>tam</strong></span> <span class='ocrx_word' id='word_1_751' title='bbox 2901 3291 3008 3344; x_wconf 90' lang='lat' dir='ltr'><strong>noti</strong></span> <span class='ocrx_word' id='word_1_752' title='bbox 3029 3305 3148 3344; x_wconf 91' lang='lat' dir='ltr'><strong>cum</strong></span> <span class='ocrx_word' id='word_1_753' title='bbox 3171 3291 3444 3346; x_wconf 86' lang='lat' dir='ltr'><strong>viverent:</strong></span> 
     </span>
    </p>
   </div>
   <div class='ocr_carea' id='block_1_95' title="bbox 1885 3383 3448 3464">
    <p class='ocr_par' dir='ltr' id='par_1_95' title="bbox 1885 3383 3448 3464">
     <span class='ocr_line' id='line_1_95' title="bbox 1885 3383 3448 3464; baseline -0.01 -13"><span class='ocrx_word' id='word_1_754' title='bbox 1885 3394 2178 3464; x_wconf 84' lang='lat' dir='ltr'><strong>Prophetas</strong></span> <span class='ocrx_word' id='word_1_755' title='bbox 2217 3392 2364 3445; x_wconf 86' lang='lat' dir='ltr'><strong>vivos</strong></span> <span class='ocrx_word' id='word_1_756' title='bbox 2404 3389 2512 3441; x_wconf 92' lang='lat' dir='ltr'><strong>sola</strong></span> <span class='ocrx_word' id='word_1_757' title='bbox 2540 3386 2718 3441; x_wconf 66' lang='lat' dir='ltr'><strong>Judara</strong></span> <span class='ocrx_word' id='word_1_758' title='bbox 2765 3383 2968 3449; x_wconf 89' lang='lat' dir='ltr'><strong>habuit,</strong></span> <span class='ocrx_word' id='word_1_759' title='bbox 3002 3391 3237 3437; x_wconf 88' lang='lat' dir='ltr'><strong>mortuos</strong></span> <span class='ocrx_word' id='word_1_760' title='bbox 3262 3397 3448 3436; x_wconf 84' lang='lat' dir='ltr'><strong>omnes</strong></span> 
     </span>
    </p>
   </div>
   <div class='ocr_carea' id='block_1_96' title="bbox 1885 3473 3448 3556">
    <p class='ocr_par' dir='ltr' id='par_1_96' title="bbox 1885 3473 3448 3556">
     <span class='ocr_line' id='line_1_96' title="bbox 1885 3473 3448 3556; baseline -0.008 -15"><span class='ocrx_word' id='word_1_761' title='bbox 1885 3494 2088 3556; x_wconf 89' lang='lat' dir='ltr'><strong>gentes.</strong></span> <span class='ocrx_word' id='word_1_762' title='bbox 2142 3482 2271 3537; x_wconf 89' lang='lat' dir='ltr'><strong>Cum</strong></span> <span class='ocrx_word' id='word_1_763' title='bbox 2317 3481 2456 3535; x_wconf 90' lang='lat' dir='ltr'><strong>enim</strong></span> <span class='ocrx_word' id='word_1_764' title='bbox 2499 3479 2760 3541; x_wconf 84' lang='lat' dir='ltr'><strong>viverent,</strong></span> <span class='ocrx_word' id='word_1_765' title='bbox 2809 3473 3040 3529; x_wconf 91' lang='lat' dir='ltr'><strong>nondum</strong></span> <span class='ocrx_word' id='word_1_766' title='bbox 3087 3485 3200 3529; x_wconf 90' lang='lat' dir='ltr'><strong>erat</strong></span> <span class='ocrx_word' id='word_1_767' title='bbox 3237 3482 3448 3528; x_wconf 81' lang='lat' dir='ltr'><strong>extenta</strong></span> 
     </span>
    </p>
   </div>
   <div class='ocr_carea' id='block_1_97' title="bbox 1886 3567 3448 3649">
    <p class='ocr_par' dir='ltr' id='par_1_97' title="bbox 1886 3567 3448 3649">
     <span class='ocr_line' id='line_1_97' title="bbox 1886 3567 3448 3649; baseline -0.009 -17"><span class='ocrx_word' id='word_1_768' title='bbox 1886 3579 2078 3649; x_wconf 84' lang='lat' dir='ltr'><strong>pellis,</strong></span> <span class='ocrx_word' id='word_1_769' title='bbox 2129 3573 2359 3628; x_wconf 90' lang='lat' dir='ltr'><strong>nondum</strong></span> <span class='ocrx_word' id='word_1_770' title='bbox 2415 3580 2530 3625; x_wconf 92' lang='lat' dir='ltr'><strong>erat</strong></span> <span class='ocrx_word' id='word_1_771' title='bbox 2577 3577 2846 3623; x_wconf 78' lang='lat' dir='ltr'><strong>extentum</strong></span> <span class='ocrx_word' id='word_1_772' title='bbox 2898 3567 3136 3633; x_wconf 74' lang='lat' dir='ltr'><strong>cmlum,</strong></span> <span class='ocrx_word' id='word_1_773' title='bbox 3192 3578 3253 3623; x_wconf 95' lang='lat' dir='ltr'><strong>ut</strong></span> <span class='ocrx_word' id='word_1_774' title='bbox 3300 3575 3448 3637; x_wconf 86' lang='lat' dir='ltr'><strong>tege-</strong></span> 
     </span>
    </p>
   </div>
   <div class='ocr_carea' id='block_1_98' title="bbox 1885 3656 3450 3728">
    <p class='ocr_par' dir='ltr' id='par_1_98' title="bbox 1885 3656 3450 3728">
     <span class='ocr_line' id='line_1_98' title="bbox 1885 3656 3450 3728; baseline -0.015 -4"><span class='ocrx_word' id='word_1_775' title='bbox 1885 3678 1968 3724; x_wconf 91' lang='lat' dir='ltr'><strong>ret</strong></span> <span class='ocrx_word' id='word_1_776' title='bbox 2005 3669 2185 3723; x_wconf 89' lang='lat' dir='ltr'><strong>orbem</strong></span> <span class='ocrx_word' id='word_1_777' title='bbox 2225 3674 2502 3719; x_wconf 90' lang='lat' dir='ltr'><strong>terrarum.</strong></span> <span class='ocrx_word' id='word_1_778' title='bbox 2532 3659 2773 3714; x_wconf 73' lang='lat' dir='ltr'><strong>Extendit</strong></span> <span class='ocrx_word' id='word_1_779' title='bbox 2815 3672 2941 3728; x_wconf 82' lang='lat' dir='ltr'><strong>ergo</strong></span> <span class='ocrx_word' id='word_1_780' title='bbox 2980 3657 3158 3711; x_wconf 62' lang='lat' dir='ltr'><strong>coelum</strong></span> <span class='ocrx_word' id='word_1_781' title='bbox 3187 3661 3318 3709; x_wconf 81' lang='lat' dir='ltr'><strong>sicut</strong></span> <span class='ocrx_word' id='word_1_782' title='bbox 3345 3656 3450 3726; x_wconf 81' lang='lat' dir='ltr'><strong>pel.</strong></span> 
     </span>
    </p>
   </div>
   <div class='ocr_carea' id='block_1_99' title="bbox 1887 3761 2002 3815">
    <p class='ocr_par' dir='ltr' id='par_1_99' title="bbox 1887 3761 2002 3815">
     <span class='ocr_line' id='line_1_99' title="bbox 1887 3761 2002 3815; baseline -0.009 0"><span class='ocrx_word' id='word_1_783' title='bbox 1887 3761 2002 3815; x_wconf 86' lang='lat' dir='ltr'><strong>lem.</strong></span> 
     </span>
    </p>
   </div>
   <div class='ocr_carea' id='block_1_100' title="bbox 1955 3837 3449 3924">
    <p class='ocr_par' dir='ltr' id='par_1_100' title="bbox 1955 3837 3449 3924">
     <span class='ocr_line' id='line_1_100' title="bbox 1955 3837 3449 3924; baseline -0.013 -17"><span class='ocrx_word' id='word_1_784' title='bbox 1955 3853 2009 3910; x_wconf 87' lang='lat'><strong>9.</strong></span> <span class='ocrx_word' id='word_1_785' title='bbox 2037 3850 2188 3924; x_wconf 82' lang='lat' dir='ltr'><strong>[vers.</strong></span> <span class='ocrx_word' id='word_1_786' title='bbox 2215 3846 2292 3918; x_wconf 82' lang='lat'><strong>5.]</strong></span> <span class='ocrx_word' id='word_1_787' title='bbox 2327 3846 2426 3914; x_wconf 85' lang='lat' dir='ltr'><strong>Qui</strong></span> <span class='ocrx_word' id='word_1_788' title='bbox 2468 3843 2724 3915; x_wconf 75' lang='lat' dir='ltr'><strong>protegit’</strong></span> <span class='ocrx_word' id='word_1_789' title='bbox 2760 3841 2813 3893; x_wconf 89' lang='lat' dir='ltr'><strong>in</strong></span> <span class='ocrx_word' id='word_1_790' title='bbox 2853 3838 2995 3908; x_wconf 86' lang='lat' dir='ltr'><strong>aquis</strong></span> <span class='ocrx_word' id='word_1_791' title='bbox 3029 3837 3287 3905; x_wconf 75' lang='lat' dir='ltr'><strong>superiora</strong></span> <span class='ocrx_word' id='word_1_792' title='bbox 3321 3837 3449 3906; x_wconf 79' lang='lat' dir='ltr'><strong>ejus.</strong></span> 
     </span>
    </p>
   </div>
   <div class='ocr_carea' id='block_1_101' title="bbox 1886 3927 3455 4008">
    <p class='ocr_par' dir='ltr' id='par_1_101' title="bbox 1886 3927 3455 4008">
     <span class='ocr_line' id='line_1_101' title="bbox 1886 3927 3455 4008; baseline -0.012 -9"><span class='ocrx_word' id='word_1_793' title='bbox 1886 3945 1956 4000; x_wconf 89' lang='lat' dir='ltr'><strong>Et</strong></span> <span class='ocrx_word' id='word_1_794' title='bbox 1999 3943 2100 3996; x_wconf 91' lang='lat' dir='ltr'><strong>hoc</strong></span> <span class='ocrx_word' id='word_1_795' title='bbox 2139 3939 2397 4008; x_wconf 78' lang='lat' dir='ltr'><strong>legimus,</strong></span> <span class='ocrx_word' id='word_1_796' title='bbox 2447 3944 2500 3989; x_wconf 91' lang='lat' dir='ltr'><strong>et</strong></span> <span class='ocrx_word' id='word_1_797' title='bbox 2541 3932 2607 3987; x_wconf 92' lang='lat' dir='ltr'><strong>ad</strong></span> <span class='ocrx_word' id='word_1_798' title='bbox 2659 3932 2886 3986; x_wconf 87' lang='lat' dir='ltr'><strong>litteram</strong></span> <span class='ocrx_word' id='word_1_799' title='bbox 2933 3928 3073 3982; x_wconf 89' lang='lat' dir='ltr'><strong>bene</strong></span> <span class='ocrx_word' id='word_1_800' title='bbox 3120 3927 3455 3998; x_wconf 82' lang='lat' dir='ltr'><strong>intelligitur.</strong></span> 
     </span>
    </p>
   </div>
   <div class='ocr_carea' id='block_1_102' title="bbox 1888 4020 3458 4110">
    <p class='ocr_par' dir='ltr' id='par_1_102' title="bbox 1888 4020 3458 4110">
     <span class='ocr_line' id='line_1_102' title="bbox 1888 4020 3458 4110; baseline -0.009 -20"><span class='ocrx_word' id='word_1_801' title='bbox 1888 4034 2106 4105; x_wconf 90' lang='lat' dir='ltr'><strong>Quando</strong></span> <span class='ocrx_word' id='word_1_802' title='bbox 2127 4033 2268 4110; x_wconf 81' lang='lat' dir='ltr'><strong>enim</strong></span> <span class='ocrx_word' id='word_1_803' title='bbox 2292 4023 2526 4099; x_wconf 84' lang='lat' dir='ltr'><strong>jussitth</strong></span> <span class='ocrx_word' id='word_1_804' title='bbox 2553 4027 2702 4080; x_wconf 83' lang='lat' dir='ltr'><strong>fieret</strong></span> <span class='ocrx_word' id='word_1_805' title='bbox 2722 4023 3108 4076; x_wconf 87' lang='lat' dir='ltr'><strong>ﬁrmamentum</strong></span> <span class='ocrx_word' id='word_1_806' title='bbox 3132 4020 3268 4074; x_wconf 88' lang='lat' dir='ltr'><strong>inter</strong></span> <span class='ocrx_word' id='word_1_807' title='bbox 3288 4037 3458 4090; x_wconf 81' lang='lat' dir='ltr'><strong>aquas</strong></span> 
     </span>
    </p>
   </div>
   <div class='ocr_carea' id='block_1_103' title="bbox 1883 4111 3452 4197">
    <p class='ocr_par' dir='ltr' id='par_1_103' title="bbox 1883 4111 3452 4197">
     <span class='ocr_line' id='line_1_103' title="bbox 1883 4111 3452 4197; baseline -0.011 -14"><span class='ocrx_word' id='word_1_808' title='bbox 1883 4139 1940 4184; x_wconf 87' lang='lat' dir='ltr'><strong>et</strong></span> <span class='ocrx_word' id='word_1_809' title='bbox 1961 4141 2141 4197; x_wconf 89' lang='lat' dir='ltr'><strong>aquas,</strong></span> <span class='ocrx_word' id='word_1_810' title='bbox 2170 4124 2364 4177; x_wconf 89' lang='lat' dir='ltr'><strong>factum</strong></span> <span class='ocrx_word' id='word_1_811' title='bbox 2389 4128 2488 4184; x_wconf 88' lang='lat' dir='ltr'><strong>est,</strong></span> <span class='ocrx_word' id='word_1_812' title='bbox 2511 4126 2570 4172; x_wconf 89' lang='lat' dir='ltr'><strong>ut</strong></span> <span class='ocrx_word' id='word_1_813' title='bbox 2587 4117 2692 4172; x_wconf 89' lang='lat' dir='ltr'><strong>sint</strong></span> <span class='ocrx_word' id='word_1_814' title='bbox 2718 4129 2866 4185; x_wconf 70' lang='lat' dir='ltr'><strong>aqua:</strong></span> <span class='ocrx_word' id='word_1_815' title='bbox 2892 4111 3167 4168; x_wconf 87' lang='lat' dir='ltr'><strong>inferiores</strong></span> <span class='ocrx_word' id='word_1_816' title='bbox 3190 4127 3305 4181; x_wconf 77' lang='lat' dir='ltr'><strong>qua:</strong></span> <span class='ocrx_word' id='word_1_817' title='bbox 3328 4127 3452 4180; x_wconf 87' lang='lat' dir='ltr'><strong>per-</strong></span> 
     </span>
    </p>
   </div>
   <div class='ocr_carea' id='block_1_104' title="bbox 1888 4196 3466 4277">
    <p class='ocr_par' dir='ltr' id='par_1_104' title="bbox 1888 4196 3466 4277">
     <span class='ocr_line' id='line_1_104' title="bbox 1888 4196 3466 4277; baseline -0.011 -4"><span class='ocrx_word' id='word_1_818' title='bbox 1888 4196 2117 4274; x_wconf 87' lang='lat' dir='ltr'><strong>fundunt</strong></span> <span class='ocrx_word' id='word_1_819' title='bbox 2163 4225 2351 4277; x_wconf 88' lang='lat' dir='ltr'><strong>terras,</strong></span> <span class='ocrx_word' id='word_1_820' title='bbox 2392 4219 2446 4266; x_wconf 91' lang='lat' dir='ltr'><strong>ct</strong></span> <span class='ocrx_word' id='word_1_821' title='bbox 2483 4209 2587 4264; x_wconf 92' lang='lat' dir='ltr'><strong>sint</strong></span> <span class='ocrx_word' id='word_1_822' title='bbox 2615 4221 2764 4276; x_wconf 61' lang='lat' dir='ltr'><strong>aqua:</strong></span> <span class='ocrx_word' id='word_1_823' title='bbox 2792 4204 3092 4274; x_wconf 90' lang='lat' dir='ltr'><strong>superiores</strong></span> <span class='ocrx_word' id='word_1_824' title='bbox 3132 4212 3351 4257; x_wconf 78' lang='lat' dir='ltr'><strong>remota:</strong></span> <span class='ocrx_word' id='word_1_825' title='bbox 3387 4196 3466 4256; x_wconf 24' lang='lat' dir='ltr'><strong>ab”</strong></span> 
     </span>
    </p>
   </div>
   <div class='ocr_carea' id='block_1_105' title="bbox 1887 4293 3452 4381">
    <p class='ocr_par' dir='ltr' id='par_1_105' title="bbox 1887 4293 3452 4381">
     <span class='ocr_line' id='line_1_105' title="bbox 1887 4293 3452 4381; baseline -0.011 -17"><span class='ocrx_word' id='word_1_826' title='bbox 1887 4309 2206 4381; x_wconf 87' lang='lat' dir='ltr'><strong>aspectibus,</strong></span> <span class='ocrx_word' id='word_1_827' title='bbox 2252 4315 2425 4358; x_wconf 90' lang='lat' dir='ltr'><strong>tamen</strong></span> <span class='ocrx_word' id='word_1_828' title='bbox 2472 4299 2592 4354; x_wconf 89' lang='lat' dir='ltr'><strong>ﬁdei</strong></span> <span class='ocrx_word' id='word_1_829' title='bbox 2633 4295 3033 4353; x_wconf 70' lang='lat' dir='ltr'><strong>commendatae.</strong></span> <span class='ocrx_word' id='word_1_830' title='bbox 3077 4293 3145 4348; x_wconf 85' lang='lat' dir='ltr'><strong>Et</strong></span> <span class='ocrx_word' id='word_1_831' title='bbox 3181 4309 3345 4365; x_wconf 68' lang='lat' dir='ltr'><strong>aquis,</strong></span> <span class='ocrx_word' id='word_1_832' title='bbox 3375 4295 3452 4348; x_wconf 82' lang='lat' dir='ltr'><strong>in-</strong></span> 
     </span>
    </p>
   </div>
   <div class='ocr_carea' id='block_1_106' title="bbox 1888 4385 3452 4472">
    <p class='ocr_par' dir='ltr' id='par_1_106' title="bbox 1888 4385 3452 4472">
     <span class='ocr_line' id='line_1_106' title="bbox 1888 4385 3452 4472; baseline -0.009 -20"><span class='ocrx_word' id='word_1_833' title='bbox 1888 4401 2022 4472; x_wconf 86' lang='lat' dir='ltr'><strong>quit,</strong></span> <span class='ocrx_word' id='word_1_834' title='bbox 2060 4414 2172 4469; x_wconf 78' lang='lat' dir='ltr'><strong>qute</strong></span> <span class='ocrx_word' id='word_1_835' title='bbox 2211 4411 2359 4466; x_wconf 81' lang='lat' dir='ltr'><strong>super</strong></span> <span class='ocrx_word' id='word_1_836' title='bbox 2388 4393 2535 4447; x_wconf 72' lang='lat' dir='ltr'><strong>caelos</strong></span> <span class='ocrx_word' id='word_1_837' title='bbox 2563 4400 2696 4454; x_wconf 89' lang='lat' dir='ltr'><strong>sunt,</strong></span> <span class='ocrx_word' id='word_1_838' title='bbox 2737 4389 2940 4444; x_wconf 82' lang='lat' dir='ltr'><strong>laudent</strong></span> <span class='ocrx_word' id='word_1_839' title='bbox 2989 4404 3168 4441; x_wconf 86' lang='lat' dir='ltr'><strong>nomen</strong></span> <span class='ocrx_word' id='word_1_840' title='bbox 3204 4385 3452 4444; x_wconf 84' lang='lat' dir='ltr'><strong>Domini:</strong></span> 
     </span>
    </p>
   </div>
   <div class='ocr_carea' id='block_1_107' title="bbox 1887 4480 3457 4562">
    <p class='ocr_par' dir='ltr' id='par_1_107' title="bbox 1887 4480 3457 4562">
     <span class='ocr_line' id='line_1_107' title="bbox 1887 4480 3457 4562; baseline -0.01 -15"><span class='ocrx_word' id='word_1_841' title='bbox 1887 4493 2120 4562; x_wconf 80' lang='lat' dir='ltr'><strong>quoniam</strong></span> <span class='ocrx_word' id='word_1_842' title='bbox 2139 4492 2244 4559; x_wconf 90' lang='lat' dir='ltr'><strong>ipse</strong></span> <span class='ocrx_word' id='word_1_843' title='bbox 2263 4488 2409 4552; x_wconf 68' lang='lat' dir='ltr'><strong>diuit,</strong></span> <span class='ocrx_word' id='word_1_844' title='bbox 2431 4496 2477 4540; x_wconf 84' lang='lat' dir='ltr'><strong>et</strong></span> <span class='ocrx_word' id='word_1_845' title='bbox 2499 4489 2631 4555; x_wconf 76' lang='lat' dir='ltr'><strong>facta</strong></span> <span class='ocrx_word' id='word_1_846' title='bbox 2650 4493 2763 4537; x_wconf 86' lang='lat' dir='ltr'><strong>sunt</strong></span> <span class='ocrx_word' id='word_1_847' title='bbox 2781 4498 2799 4545; x_wconf 88' lang='lat'><strong>;</strong></span> <span class='ocrx_word' id='word_1_848' title='bbox 2815 4483 2921 4551; x_wconf 88' lang='lat' dir='ltr'><strong>ipse</strong></span> <span class='ocrx_word' id='word_1_849' title='bbox 2939 4480 3211 4545; x_wconf 79' lang='lat' dir='ltr'><strong>mandavit,</strong></span> <span class='ocrx_word' id='word_1_850' title='bbox 3229 4489 3275 4534; x_wconf 88' lang='lat' dir='ltr'><strong>et</strong></span> <span class='ocrx_word' id='word_1_851' title='bbox 3292 4489 3457 4533; x_wconf 87' lang='lat' dir='ltr'><strong>creata</strong></span> 
     </span>
    </p>
   </div>
   <div class='ocr_carea' id='block_1_108' title="bbox 1888 4573 3491 4649">
    <p class='ocr_par' dir='ltr' id='par_1_108' title="bbox 1888 4573 3491 4649">
     <span class='ocr_line' id='line_1_108' title="bbox 1888 4573 3491 4649; baseline -0.007 -11"><span class='ocrx_word' id='word_1_852' title='bbox 1888 4595 2004 4639; x_wconf 85' lang='lat' dir='ltr'><strong>sunt</strong></span> <span class='ocrx_word' id='word_1_853' title='bbox 2030 4582 2199 4649; x_wconf 85' lang='lat' dir='ltr'><strong>(Psal.</strong></span> <span class='ocrx_word' id='word_1_854' title='bbox 2235 4595 2447 4643; x_wconf 74' lang='lat' dir='ltr'><strong>exnvnt,</strong></span> <span class='ocrx_word' id='word_1_855' title='bbox 2480 4578 2534 4644; x_wconf 76' lang='grc'><strong>4,</strong></span> <span class='ocrx_word' id='word_1_856' title='bbox 2562 4576 2640 4648; x_wconf 82' lang='grc'><strong>5).</strong></span> <span class='ocrx_word' id='word_1_857' title='bbox 2669 4575 2807 4645; x_wconf 84' lang='lat' dir='ltr'><strong>Ergo</strong></span> <span class='ocrx_word' id='word_1_858' title='bbox 2835 4573 3126 4641; x_wconf 82' lang='lat' dir='ltr'><strong>explicatus</strong></span> <span class='ocrx_word' id='word_1_859' title='bbox 3160 4580 3241 4626; x_wconf 91' lang='lat' dir='ltr'><strong>est</strong></span> <span class='ocrx_word' id='word_1_860' title='bbox 3269 4586 3458 4627; x_wconf 84' lang='lat' dir='ltr'><strong>sensus</strong></span> <span class='ocrx_word' id='word_1_861' title='bbox 3484 4590 3491 4599; x_wconf 83' lang='grc'>·</span> 
     </span>
    </p>
   </div>
   <div class='ocr_carea' id='block_1_109' title="bbox 1889 4663 3456 4744">
    <p class='ocr_par' dir='ltr' id='par_1_109' title="bbox 1889 4663 3456 4744">
     <span class='ocr_line' id='line_1_109' title="bbox 1889 4663 3456 4744; baseline -0.009 -12"><span class='ocrx_word' id='word_1_862' title='bbox 1889 4677 1952 4732; x_wconf 91' lang='lat' dir='ltr'><strong>ad</strong></span> <span class='ocrx_word' id='word_1_863' title='bbox 1985 4677 2240 4739; x_wconf 87' lang='lat' dir='ltr'><strong>litteram;</strong></span> <span class='ocrx_word' id='word_1_864' title='bbox 2265 4671 2471 4744; x_wconf 85' lang='lat' dir='ltr'><strong>protegit</strong></span> <span class='ocrx_word' id='word_1_865' title='bbox 2498 4669 2638 4725; x_wconf 91' lang='lat' dir='ltr'><strong>enim</strong></span> <span class='ocrx_word' id='word_1_866' title='bbox 2661 4670 2711 4721; x_wconf 89' lang='lat' dir='ltr'><strong>in</strong></span> <span class='ocrx_word' id='word_1_867' title='bbox 2735 4667 2877 4737; x_wconf 85' lang='lat' dir='ltr'><strong>aquis</strong></span> <span class='ocrx_word' id='word_1_868' title='bbox 2895 4666 3152 4736; x_wconf 84' lang='lat' dir='ltr'><strong>superiora</strong></span> <span class='ocrx_word' id='word_1_869' title='bbox 3169 4664 3299 4728; x_wconf 82' lang='lat' dir='ltr'><strong>eius.</strong></span> <span class='ocrx_word' id='word_1_870' title='bbox 3321 4663 3456 4729; x_wconf 87' lang='lat' dir='ltr'><strong>Quid</strong></span> 
     </span>
    </p>
   </div>
   <div class='ocr_carea' id='block_1_110' title="bbox 1889 4755 3454 4840">
    <p class='ocr_par' dir='ltr' id='par_1_110' title="bbox 1889 4755 3454 4840">
     <span class='ocr_line' id='line_1_110' title="bbox 1889 4755 3454 4840; baseline -0.01 -16"><span class='ocrx_word' id='word_1_871' title='bbox 1889 4771 1953 4824; x_wconf 92' lang='lat' dir='ltr'><strong>ad</strong></span> <span class='ocrx_word' id='word_1_872' title='bbox 2002 4766 2263 4840; x_wconf 85' lang='lat' dir='ltr'><strong>ﬁguram?</strong></span> <span class='ocrx_word' id='word_1_873' title='bbox 2304 4765 2560 4832; x_wconf 88' lang='lat' dir='ltr'><strong>Quoniam</strong></span> <span class='ocrx_word' id='word_1_874' title='bbox 2609 4761 2660 4814; x_wconf 89' lang='lat' dir='ltr'><strong>in</strong></span> <span class='ocrx_word' id='word_1_875' title='bbox 2715 4758 2878 4827; x_wconf 85' lang='lat' dir='ltr'><strong>ﬁgura</strong></span> <span class='ocrx_word' id='word_1_876' title='bbox 2923 4758 3224 4826; x_wconf 87' lang='lat' dir='ltr'><strong>accepimus</strong></span> <span class='ocrx_word' id='word_1_877' title='bbox 3264 4755 3454 4825; x_wconf 86' lang='lat' dir='ltr'><strong>pellent</strong></span> 
     </span>
    </p>
   </div>
   <div class='ocr_carea' id='block_1_111' title="bbox 1889 4844 3456 4930">
    <p class='ocr_par' dir='ltr' id='par_1_111' title="bbox 1889 4844 3456 4930">
     <span class='ocr_line' id='line_1_111' title="bbox 1889 4844 3456 4930; baseline -0.013 -14"><span class='ocrx_word' id='word_1_878' title='bbox 1889 4861 2216 4930; x_wconf 82' lang='lat' dir='ltr'><strong>Scripturam</strong></span> <span class='ocrx_word' id='word_1_879' title='bbox 2245 4864 2501 4918; x_wconf 89' lang='lat' dir='ltr'><strong>sanctam,</strong></span> <span class='ocrx_word' id='word_1_880' title='bbox 2521 4861 2574 4906; x_wconf 88' lang='lat' dir='ltr'><strong>et</strong></span> <span class='ocrx_word' id='word_1_881' title='bbox 2593 4850 2956 4904; x_wconf 87' lang='lat' dir='ltr'><strong>auctoritatem</strong></span> <span class='ocrx_word' id='word_1_882' title='bbox 2982 4845 3144 4900; x_wconf 85' lang='lat' dir='ltr'><strong>divini</strong></span> <span class='ocrx_word' id='word_1_883' title='bbox 3172 4845 3319 4899; x_wconf 88' lang='lat' dir='ltr'><strong>verbi</strong></span> <span class='ocrx_word' id='word_1_884' title='bbox 3344 4844 3456 4897; x_wconf 82' lang='lat' dir='ltr'><strong>dis-</strong></span> 
     </span>
    </p>
   </div>
   <div class='ocr_carea' id='block_1_112' title="bbox 1889 4935 3457 5023">
    <p class='ocr_par' dir='ltr' id='par_1_112' title="bbox 1889 4935 3457 5023">
     <span class='ocr_line' id='line_1_112' title="bbox 1889 4935 3457 5023; baseline -0.013 -16"><span class='ocrx_word' id='word_1_885' title='bbox 1889 4962 2162 5023; x_wconf 88' lang='lat' dir='ltr'><strong>pensatam</strong></span> <span class='ocrx_word' id='word_1_886' title='bbox 2202 4948 2352 5002; x_wconf 88' lang='lat' dir='ltr'><strong>nobis</strong></span> <span class='ocrx_word' id='word_1_887' title='bbox 2394 4960 2488 5014; x_wconf 91' lang='lat' dir='ltr'><strong>per</strong></span> <span class='ocrx_word' id='word_1_888' title='bbox 2527 4941 2794 5004; x_wconf 89' lang='lat' dir='ltr'><strong>mortales,</strong></span> <span class='ocrx_word' id='word_1_889' title='bbox 2840 4939 3030 5010; x_wconf 90' lang='lat' dir='ltr'><strong>quibus</strong></span> <span class='ocrx_word' id='word_1_890' title='bbox 3059 4935 3280 4991; x_wconf 91' lang='lat' dir='ltr'><strong>mortuis</strong></span> <span class='ocrx_word' id='word_1_891' title='bbox 3309 4935 3457 5004; x_wconf 87' lang='lat' dir='ltr'><strong>ejus-</strong></span> 
     </span>
    </p>
   </div>
   <div class='ocr_carea' id='block_1_113' title="bbox 1889 5024 3453 5108">
    <p class='ocr_par' dir='ltr' id='par_1_113' title="bbox 1889 5024 3453 5108">
     <span class='ocr_line' id='line_1_113' title="bbox 1889 5024 3453 5108; baseline -0.013 -12"><span class='ocrx_word' id='word_1_892' title='bbox 1889 5043 2009 5096; x_wconf 90' lang='lat' dir='ltr'><strong>dem</strong></span> <span class='ocrx_word' id='word_1_893' title='bbox 2037 5036 2444 5108; x_wconf 89' lang='lat' dir='ltr'><strong>dispensationis</strong></span> <span class='ocrx_word' id='word_1_894' title='bbox 2481 5031 2614 5086; x_wconf 84' lang='lat' dir='ltr'><strong>fama</strong></span> <span class='ocrx_word' id='word_1_895' title='bbox 2642 5029 2970 5093; x_wconf 79' lang='lat' dir='ltr'><strong>extenditur;</strong></span> <span class='ocrx_word' id='word_1_896' title='bbox 2997 5024 3453 5108; x_wconf 79' lang='lat' dir='ltr'><strong>secundum_hoc,</strong></span> 
     </span>
    </p>
   </div>
   <div class='ocr_carea' id='block_1_114' title="bbox 1889 5089 3454 5202">
    <p class='ocr_par' dir='ltr' id='par_1_114' title="bbox 1889 5089 3454 5202">
     <span class='ocr_line' id='line_1_114' title="bbox 1889 5089 3454 5202; baseline -0.012 -17"><span class='ocrx_word' id='word_1_897' title='bbox 1889 5089 2404 5202; x_wconf 42' lang='lat' dir='ltr'><strong>qllomOdD‘prOlt’gll</strong></span> <span class='ocrx_word' id='word_1_898' title='bbox 2445 5125 2496 5177; x_wconf 88' lang='lat' dir='ltr'><strong>in</strong></span> <span class='ocrx_word' id='word_1_899' title='bbox 2525 5121 2670 5193; x_wconf 87' lang='lat' dir='ltr'><strong>aquis</strong></span> <span class='ocrx_word' id='word_1_900' title='bbox 2711 5089 2966 5189; x_wconf 82' lang='lat' dir='ltr'><strong>superiOra</strong></span> <span class='ocrx_word' id='word_1_901' title='bbox 2996 5116 3146 5189; x_wconf 82' lang='lat' dir='ltr'><strong>ejus?</strong></span> <span class='ocrx_word' id='word_1_902' title='bbox 3173 5089 3335 5183; x_wconf 78' lang='lat' dir='ltr'><strong>Cuth</strong></span> <span class='ocrx_word' id='word_1_903' title='bbox 3365 5129 3454 5168; x_wconf 77' lang='lat' dir='ltr'><strong>su-</strong></span> 
     </span>
    </p>
   </div>
   <div class='ocr_carea' id='block_1_115' title="bbox 1890 5206 3450 5293">
    <p class='ocr_par' dir='ltr' id='par_1_115' title="bbox 1890 5206 3450 5293">
     <span class='ocr_line' id='line_1_115' title="bbox 1890 5206 3450 5293; baseline -0.013 -14"><span class='ocrx_word' id='word_1_904' title='bbox 1890 5221 2132 5293; x_wconf 82' lang='lat' dir='ltr'><strong>periora?</strong></span> <span class='ocrx_word' id='word_1_905' title='bbox 2168 5217 2317 5273; x_wconf 67' lang='lat' dir='ltr'><strong>Catii.</strong></span> <span class='ocrx_word' id='word_1_906' title='bbox 2369 5216 2435 5270; x_wconf 90' lang='lat' dir='ltr'><strong>Et</strong></span> <span class='ocrx_word' id='word_1_907' title='bbox 2480 5213 2608 5284; x_wconf 90' lang='lat' dir='ltr'><strong>quid</strong></span> <span class='ocrx_word' id='word_1_908' title='bbox 2654 5209 2885 5267; x_wconf 68' lang='lat' dir='ltr'><strong>caelum?</strong></span> <span class='ocrx_word' id='word_1_909' title='bbox 2921 5210 3112 5265; x_wconf 89' lang='lat' dir='ltr'><strong>Sancta</strong></span> <span class='ocrx_word' id='word_1_910' title='bbox 3159 5206 3450 5275; x_wconf 88' lang='lat' dir='ltr'><strong>Scriptura.</strong></span> 
     </span>
    </p>
   </div>
   <div class='ocr_carea' id='block_1_116' title="bbox 1890 5295 3453 5386">
    <p class='ocr_par' dir='ltr' id='par_1_116' title="bbox 1890 5295 3453 5386">
     <span class='ocr_line' id='line_1_116' title="bbox 1890 5295 3453 5386; baseline -0.016 -14"><span class='ocrx_word' id='word_1_911' title='bbox 1890 5319 2019 5386; x_wconf 70' lang='lat' dir='ltr'><strong>Qua:</strong></span> <span class='ocrx_word' id='word_1_912' title='bbox 2059 5321 2184 5370; x_wconf 89' lang='lat' dir='ltr'><strong>sunt</strong></span> <span class='ocrx_word' id='word_1_913' title='bbox 2226 5309 2495 5381; x_wconf 86' lang='lat' dir='ltr'><strong>superiora</strong></span> <span class='ocrx_word' id='word_1_914' title='bbox 2523 5314 2718 5360; x_wconf 76' lang='lat' dir='ltr'><strong>sancta:</strong></span> <span class='ocrx_word' id='word_1_915' title='bbox 2745 5300 3063 5372; x_wconf 69' lang='lat' dir='ltr'><strong>Scriptum?</strong></span> <span class='ocrx_word' id='word_1_916' title='bbox 3091 5298 3215 5369; x_wconf 90' lang='lat' dir='ltr'><strong>quid</strong></span> <span class='ocrx_word' id='word_1_917' title='bbox 3246 5295 3453 5351; x_wconf 84' lang='lat' dir='ltr'><strong>inveni-</strong></span> 
     </span>
    </p>
   </div>
   <div class='ocr_carea' id='block_1_117' title="bbox 1891 5390 3453 5473">
    <p class='ocr_par' dir='ltr' id='par_1_117' title="bbox 1891 5390 3453 5473">
     <span class='ocr_line' id='line_1_117' title="bbox 1891 5390 3453 5473; baseline -0.017 -8"><span class='ocrx_word' id='word_1_918' title='bbox 1891 5424 2008 5465; x_wconf 91' lang='lat' dir='ltr'><strong>mus</strong></span> <span class='ocrx_word' id='word_1_919' title='bbox 2037 5409 2088 5462; x_wconf 92' lang='lat' dir='ltr'><strong>in</strong></span> <span class='ocrx_word' id='word_1_920' title='bbox 2116 5401 2400 5473; x_wconf 88' lang='lat' dir='ltr'><strong>Scripturis</strong></span> <span class='ocrx_word' id='word_1_921' title='bbox 2429 5399 2626 5455; x_wconf 89' lang='lat' dir='ltr'><strong>sanctis</strong></span> <span class='ocrx_word' id='word_1_922' title='bbox 2661 5395 2942 5468; x_wconf 87' lang='lat' dir='ltr'><strong>superius?</strong></span> <span class='ocrx_word' id='word_1_923' title='bbox 2966 5392 3184 5447; x_wconf 89' lang='lat' dir='ltr'><strong>Paulum</strong></span> <span class='ocrx_word' id='word_1_924' title='bbox 3225 5390 3453 5443; x_wconf 59' lang='lat' dir='ltr'><strong>interro.</strong></span> 
     </span>
    </p>
   </div>
   <div class='ocr_carea' id='block_1_118' title="bbox 1887 5481 3452 5571">
    <p class='ocr_par' dir='ltr' id='par_1_118' title="bbox 1887 5481 3452 5571">
     <span class='ocr_line' id='line_1_118' title="bbox 1887 5481 3452 5571; baseline -0.014 -18"><span class='ocrx_word' id='word_1_925' title='bbox 1887 5515 1994 5571; x_wconf 81' lang='lat' dir='ltr'><strong>ga:</strong></span> <span class='ocrx_word' id='word_1_926' title='bbox 2029 5492 2579 5567; x_wconf 80' lang='lat' dir='ltr'><strong>Supereminentiorem,</strong></span> <span class='ocrx_word' id='word_1_927' title='bbox 2619 5489 2804 5557; x_wconf 91' lang='lat' dir='ltr'><strong>inquit,</strong></span> <span class='ocrx_word' id='word_1_928' title='bbox 2835 5485 2964 5538; x_wconf 82' lang='lat' dir='ltr'><strong>viam</strong></span> <span class='ocrx_word' id='word_1_929' title='bbox 3001 5481 3136 5536; x_wconf 73' lang='lat' dir='ltr'><strong>vobis</strong></span> <span class='ocrx_word' id='word_1_930' title='bbox 3171 5482 3452 5534; x_wconf 77' lang='lat' dir='ltr'><strong>demonstro</strong></span> 
     </span>
    </p>
   </div>
   <div class='ocr_carea' id='block_1_119' title="bbox 1889 5569 3453 5667">
    <p class='ocr_par' dir='ltr' id='par_1_119' title="bbox 1889 5569 3453 5667">
     <span class='ocr_line' id='line_1_119' title="bbox 1889 5569 3453 5667; baseline -0.014 -18"><span class='ocrx_word' id='word_1_931' title='bbox 1889 5569 1933 5667; x_wconf 62' lang='grc' dir='ltr'><strong>ξι</strong></span> <span class='ocrx_word' id='word_1_932' title='bbox 1961 5592 2078 5648; x_wconf 87' lang='lat' dir='ltr'><strong>Cor.</strong></span> <span class='ocrx_word' id='word_1_933' title='bbox 2101 5605 2193 5654; x_wconf 82' lang='lat' dir='ltr'><strong>xu,</strong></span> <span class='ocrx_word' id='word_1_934' title='bbox 2225 5587 2335 5656; x_wconf 82' lang='grc'><strong>51).</strong></span> <span class='ocrx_word' id='word_1_935' title='bbox 2363 5585 2530 5653; x_wconf 87' lang='lat' dir='ltr'><strong>Quam</strong></span> <span class='ocrx_word' id='word_1_936' title='bbox 2549 5582 2676 5637; x_wconf 92' lang='lat' dir='ltr'><strong>dicit</strong></span> <span class='ocrx_word' id='word_1_937' title='bbox 2699 5574 3270 5649; x_wconf 86' lang='lat' dir='ltr'><strong>superemincntiorem</strong></span> <span class='ocrx_word' id='word_1_938' title='bbox 3287 5569 3453 5628; x_wconf 71' lang='lat' dir='ltr'><strong>viam?</strong></span> 
     </span>
    </p>
   </div>
   <div class='ocr_carea' id='block_1_120' title="bbox 1953 5695 2530 5755">
    <p class='ocr_par' dir='ltr' id='par_1_120' title="bbox 1953 5695 2530 5755">
     <span class='ocr_line' id='line_1_120' title="bbox 1953 5695 2530 5755; baseline -0.014 -3"><span class='ocrx_word' id='word_1_939' title='bbox 1953 5706 1972 5736; x_wconf 73' lang='grc' dir='ltr'><strong>ι</strong></span> <span class='ocrx_word' id='word_1_940' title='bbox 2005 5700 2216 5751; x_wconf 78' lang='lat' dir='ltr'><strong>Potiores</strong></span> <span class='ocrx_word' id='word_1_941' title='bbox 2236 5705 2365 5755; x_wconf 68' lang='lat' dir='ltr'><strong>Mss,</strong></span> <span class='ocrx_word' id='word_1_942' title='bbox 2389 5695 2530 5746; x_wconf 75' lang='lat' dir='ltr'><strong>dixit.</strong></span> 
     </span>
    </p>
   </div>
   <div class='ocr_carea' id='block_1_121' title="bbox 1955 5746 3212 5836">
    <p class='ocr_par' dir='ltr' id='par_1_121' title="bbox 1955 5746 3212 5836">
     <span class='ocr_line' id='line_1_121' title="bbox 1955 5746 3212 5836; baseline -0.01 -21"><span class='ocrx_word' id='word_1_943' title='bbox 1955 5768 1976 5800; x_wconf 77' lang='grc'>³</span> <span class='ocrx_word' id='word_1_944' title='bbox 2007 5746 2375 5836; x_wconf 51' lang='grc' dir='ltr'><strong>ὲῖέει-Ϊεὶ</strong></span> <span class='ocrx_word' id='word_1_945' title='bbox 2396 5756 2618 5824; x_wconf 87' lang='lat' dir='ltr'><strong>plerique</strong></span> <span class='ocrx_word' id='word_1_946' title='bbox 2639 5761 2742 5804; x_wconf 71' lang='lat' dir='ltr'><strong>Mss.</strong></span> <span class='ocrx_word' id='word_1_947' title='bbox 2767 5759 2820 5806; x_wconf 77' lang='lat' dir='ltr'><strong>At</strong></span> <span class='ocrx_word' id='word_1_948' title='bbox 2841 5758 2970 5813; x_wconf 86' lang='lat' dir='ltr'><strong>Lov.,</strong></span> <span class='ocrx_word' id='word_1_949' title='bbox 2987 5746 3212 5812; x_wconf 67' lang='lat' dir='ltr'><strong>protegis.</strong></span> 
     </span>
    </p>
   </div>
  </div>
