3984 6204
525 313 668 372 1516

530 450 551 484 ι
587 432 642 486 Si
686 429 876 502 linguis
914 428 1183 484 hominum
1232 425 1418 496 loquar
1442 436 1496 481 et
1531 426 1875 494 Angelorum,
1913 426 2089 480 chari-

527 529 688 576 tatem
715 531 886 574 autem
917 534 1018 574 non
1053 518 1294 582 habeam,
1327 518 1493 572 factus
1523 532 1639 572 sum
1665 517 1806 570 velut
1828 518 2091 570 atramen-

529 623 636 668 tum
653 627 865 676 sonans,
882 622 970 663 aut
985 609 1286 681 cymbalum
1310 610 1538 690 tin‘niens
1568 628 1586 661 ι
1615 608 1786 679 (lCor.
1806 626 1920 674 xui,
1941 610 2016 678 1).
2039 609 2096 664 Si

534 719 655 775 ergo
681 704 810 758 nihil
835 703 1316 772 supereminentius
1351 704 1402 756 in
1429 703 1700 772 Scriptura
1726 712 1905 757 Sancta
1951 703 2097 758 inve-

533 796 630 849 niri
671 803 843 863 potest
886 809 1043 864 quam
1073 793 1341 858 eharitas,
1383 795 1653 863 superiora
1684 794 1804 849 caeli
1830 792 2096 863 quomodo

531 883 581 937 in
613 883 762 951 aquis
804 893 1170 954 proteguntur,
1216 885 1261 939 si
1305 885 1577 952 superiora
1619 883 1910 954 Scriptura:
1959 900 2096 953 prte-

528 982 678 1042 cepta
701 973 971 1028 charitatis
997 975 1156 1028 sunt?
1187 975 1318 1029 Audi
1346 975 1786 1044 quemadmodum
1810 995 1823 1031 :
1846 975 2098 1042 Charitas,

527 1044 716 1134 inquit,
749 1064 847 1119 Dei
871 1065 1061 1132 diffusa
1083 1077 1154 1121 est
1181 1069 1232 1119 in
1263 1068 1494 1121 cordibus
1519 1068 1699 1122 nostris
1725 1084 1812 1136 per
1849 1068 2101 1137 Spiritum

527 1167 773 1220 sanctum,
803 1158 890 1227 qui
917 1159 1062 1211 datus
1094 1168 1165 1212 est
1191 1157 1331 1212 nobis
1361 1159 1532 1230 (Rom.
1556 1174 1608 1222 ν,
1641 1159 1718 1228 5).
1747 1159 1861 1213 Jatn
1889 1161 2101 1214 nomine

529 1246 826 1303 difl‘usionis
851 1249 1081 1320 intellige
1106 1265 1266 1318 aquas
1297 1250 1346 1304 in
1377 1251 1632 1305 charitate
1659 1251 1885 1320 Spiritus
1906 1252 2099 1306 sancti.

533 1339 626 1400 lla:
647 1348 770 1394 sunt
796 1355 964 1410 aquae,
997 1341 1063 1394 de
1091 1325 1278 1410 quibus
1309 1341 1501 1418 dicitur
1535 1345 1585 1396 in
1611 1342 1834 1412 quadam
1865 1343 2104 1411 Scriptu-

531 1445 588 1483 ra
623 1447 636 1484 τ
669 1430 733 1484 Et
753 1431 804 1484 in
835 1432 1012 1502 plateis
1049 1434 1144 1485 tuis
1163 1434 1446 1486 discurrant
1474 1451 1619 1501 aqua:
1645 1445 1776 1500 tuae;
1804 1452 1946 1488 nemo
1977 1435 2102 1488 alie-

533 1535 628 1574 nus
656 1522 979 1576 communicet
1021 1521 1310 1592 tibi,.(Pror.
1360 1539 1409 1587 v,
1442 1523 1506 1578 16
1530 1535 1574 1576 et
1602 1525 1708 1594 l7).
1756 1525 1928 1580 Alieni
1961 1526 2101 1580 enim

534 1626 720 1664 mones
755 1627 784 1665 a
824 1613 902 1665 via
931 1614 1188 1677 veritatis,
1221 1615 1332 1668 sive
1373 1615 1583 1684 Pagaui,
1617 1616 1728 1669 sive
1767 1615 1957 1680 Judzei,
1991 1617 2102 1672 sive

540 1701 790 1767 lueretici,
815 1715 866 1758 et
895 1705 1012 1757 mali
1036 1706 1543 1776 quiquelehristiani,
1569 1707 1762 1763 habere
1783 1708 1944 1762 multa
1965 1709 2104 1763 dona

541 1805 780 1862 possunt.
813 1796 1124 1851 charitatem
1154 1815 1258 1852 non
1303 1811 1536 1868 possunt.
1582 1801 1691 1855 Hoc
1733 1802 1902 1870 ipsum
1941 1817 2105 1871 quare

535 1886 733 1940 donum
773 1889 892 1942 est?
935 1899 989 1942 ιιι
1037 1907 1138 1942 ιιιιιι
1186 1890 1465 1960 loquamur
1508 1891 1576 1946 de
1614 1892 1766 1945 donis
1807 1892 1923 1945 aliis
1954 1891 2100 1958 foris,

535 1977 812 2046 qnmdona
855 1979 1047 2032 habent
1075 1995 1260 2034 ontncs
1301 1981 1572 2046 homines,
1613 1983 1732 2052 quia
1779 1981 1902 2036 facit
1937 1983 2104 2037 solem

539 2085 694 2122 suum
715 2071 840 2124 oriri
873 2086 1030 2139 super
1055 2072 1219 2126 bonos
1240 2083 1291 2126 et
1314 2073 1480 2127 malos
1497 2073 1707 2139 (Matth.
1733 2091 1786 2137 ν,
1814 2074 1904 2145 45)
1927 2094 1938 2128 :
1967 2074 2106 2129 dona

541 2158 631 2212 Dei
675 2172 817 2224 sunt,
846 2170 897 2213 et
927 2177 1032 2214 non
1065 2171 1263 2216 tantum
1299 2163 1451 2218 bonis
1492 2171 1546 2218 et
1588 2165 1738 2218 malis
1781 2165 2104 2230 communia,

539 2250 633 2302 sed
663 2251 818 2304 etiam
865 2251 1047 2307 bestiis
1089 2262 1144 2307 et
1193 2255 1487 2322 pecoribus.
1531 2255 1702 2324 Ipsum
1731 2270 1868 2318 esse,
1901 2255 2105 2321 vivere,

541 2341 742 2404 videre,
771 2342 986 2405 sentire,
1016 2342 1218 2408 audire,
1244 2355 1297 2398 et
1323 2345 1532 2400 caeteris
1556 2345 1700 2416 fungi
1726 2361 1974 2401 sensuum
1995 2362 2108 2400 mu-

542 2430 775 2494 neribus,
802 2431 940 2487 dona
979 2434 1070 2488 Dei
1115 2445 1238 2488 sunt
1264 2453 1277 2490 :
1311 2436 1404 2490 sed
1441 2436 1615 2491 videte
1646 2453 1764 2491 cum
1793 2439 2036 2508 qualibus
2056 2448 2109 2494 et

539 2540 698 2591 quam
729 2527 906 2580 multis
935 2529 1254 2594 connnunia,
1285 2538 1484 2583 etcum
1525 2529 1602 2584 eis
1628 2546 1760 2600 quos
1807 2532 1943 2587 nolis
1986 2531 2109 2586 imi-

547 2616 668 2668 tari.
703 2615 875 2685 Ipsum
906 2618 1170 2687 ingenium
1211 2631 1420 2673 acutum
1452 2619 1646 2675 habent
1687 2629 1742 2675 et
1770 2623 1981 2692 pessimi
2015 2623 2110 2676 ho-

543 2709 737 2775 mines,
764 2710 1009 2765 solertem
1037 2713 1226 2765 artium
1255 2713 1566 2766 industriam
1610 2714 1804 2769 habent
1835 2725 1888 2770 et
1919 2717 2111 2786 turpis-

543 2797 664 2852 simi
712 2801 928 2865 scenici,
970 2801 1179 2854 divitias
1227 2802 1421 2857 habent
1467 2813 1522 2857 et
1564 2804 1818 2868 latrones,
1847 2806 2109 2875 conjugia,

547 2887 700 2951 lilios,
731 2890 878 2943 multi
918 2892 1039 2945 mali
1087 2891 1298 2946 habent.
1345 2893 1565 2948 Pulchra
1609 2895 1745 2950 dona
1789 2897 1878 2952 Dei
1911 2897 2109 2963 omnia,

547 2993 702 3032 neuio
728 2989 905 3050 negat;
936 2981 1026 3034 sed
1050 2982 1166 3035 vide
1191 2998 1310 3035 eum
1333 2983 1522 3052 quibus
1544 2986 1862 3040 communia.
1890 2986 2112 3055 RcSpice

544 3069 610 3122 ad
653 3084 868 3124 numera
913 3071 1074 3140 ipsius
1107 3071 1374 3130 Ecclesia}.
1415 3075 1603 3129 Munus
1643 3075 2110 3157 Sacrameutorum

547 3160 598 3214 in
633 3162 920 3231 Baptisnio,
955 3165 1003 3218 iu
1037 3166 1387 3232 Eocharisﬁa,
1439 3169 1489 3221 in
1529 3173 1737 3226 caneris
1777 3173 1970 3228 sanctis
2016 3173 2113 3228 Sa-

545 3244 850 3319 cramentis,
879 3258 1032 3325 quale
1064 3275 1252 3312 uulnus
1281 3261 1395 3314 est?
1427 3261 1534 3316 Hoc
1566 3279 1753 3318 munus
1781 3265 2003 3334 adeptus
2031 3277 2113 3323 est

546 3352 600 3395 et
625 3343 806 3398 Simon
826 3363 1002 3416 magns
1022 3349 1155 3417 (Act.
1181 3366 1288 3415 vni,
1319 3353 1426 3422 15).
1451 3352 1730 3422 PrOphetia
1750 3357 1904 3425 quale
1925 3375 2113 3415 munus

547 3434 660 3488 est?
692 3435 1018 3505 Prophetavit
1048 3449 1102 3494 et
1126 3441 1248 3495 Saiil
1281 3443 1449 3498 malus
1493 3460 1604 3508 rex,
1641 3455 1695 3501 ct
1732 3457 1854 3502 tunc
1883 3451 2112 3520 prophe-

552 3526 695 3588 tavit,
730 3543 846 3580 eum
877 3528 1034 3582 David
1074 3544 1311 3587 sanctum
1357 3548 1776 3604 persequeretur.
1806 3539 2063 3598 lntendite
2096 3561 2112 3599 :

549 3631 653 3670 non
683 3618 809 3685 dixi,
841 3636 958 3675 cum
987 3636 1292 3691 persecutus
1320 3629 1518 3683 fuisset.
1545 3629 1803 3686 Fortassis
1827 3636 1967 3688 enim
1993 3651 2113 3690 eum

547 3721 855 3779 persecutus
887 3716 1242 3782 pmnitentiam
1282 3720 1462 3788 gessit,
1495 3729 1549 3776 et
1575 3722 1761 3792 dignus
1803 3722 1899 3778 fuit
1928 3728 2115 3796 spiritu

551 3799 917 3868 progzhetandi.
963 3803 1079 3859 Non
1135 3817 1457 3889 persecutus,
1505 3804 1676 3882 neque
1724 3825 2112 3884 persecuturus,

547 3891 641 3944 sed
665 3907 984 3964 persequens
1016 3899 1368 3969 prophetavit.
1399 3901 1538 3956 Misit
1569 3904 1634 3957 ad
1665 3907 2119 3975 comprehenden-

548 3979 672 4034 dum
698 3982 857 4037 David
883 3987 1151 4042 ministros
1174 4005 1300 4044 suos
1324 4008 1337 4045 :
1362 3991 1529 4046 David
1545 4008 1670 4060 vero
1689 4009 1753 4049 co
1784 4004 2019 4068 tempore
2041 4000 2116 4053 in-

551 4080 633 4126 ter
660 4075 945 4145 pr0phetas
972 4089 1104 4146 erat,
1137 4081 1223 4137 ubi
1253 4093 1366 4137 erat
1407 4094 1462 4139 et
1507 4095 1722 4142 sanctus
1748 4088 1992 4157 Samuel;
2021 4092 2118 4147 im-

549 4167 676 4236 pleti
705 4180 827 4224 sunt
861 4172 1045 4240 spiritu
1074 4175 1363 4245 prophetia:
1404 4179 1494 4247 qui
1539 4181 1685 4236 missi
1729 4194 1870 4251 sunt,
1913 4195 1968 4240 et
1992 4203 2115 4256 pro-

551 4258 918 4328 phetavernnt.
943 4264 1046 4319 Sed
1076 4267 1208 4321 forte
1232 4268 1371 4323 bono
1403 4270 1474 4324 illi
1515 4271 1692 4327 animo
1719 4287 1993 4342 venerant,
2030 4279 2118 4335 vel

550 4350 620 4404 ob
646 4355 1012 4410 necessitatem
1042 4357 1200 4412 ofﬁcii
1227 4364 1329 4425 sui,
1362 4361 1445 4416 vel
1485 4379 1589 4419 non
1621 4365 1805 4422 facturi
1835 4369 1974 4439 quod
2005 4372 2121 4439 jus~

551 4456 668 4496 sum
697 4453 798 4499 est.
829 4446 968 4501 Misit
1005 4457 1058 4503 et
1098 4450 1231 4505 alios
1261 4469 1275 4506 :
1305 4451 1404 4507 hoc
1431 4464 1484 4509 et
1529 4454 1580 4509 in
1608 4457 1685 4512 eis
1713 4457 1905 4515 factum
1935 4471 2043 4527 est;
2067 4471 2119 4518 et

552 4546 734 4587 eorum
779 4535 880 4591 hoc
925 4539 1082 4594 modo
1125 4540 1356 4595 animum
1404 4543 1829 4616 interpretemur.
1869 4549 2004 4606 Cum
2046 4552 2117 4607 illi

553 4623 838 4690 tardarent,
868 4628 1012 4683 venit
1050 4630 1160 4699 ipse
1207 4631 1402 4697 furens,
1434 4635 1690 4692 anhelans
1729 4639 1951 4707 etedem,
1992 4656 2117 4696 san-

552 4714 762 4784 guinem
807 4719 990 4774 sitiens
1017 4721 1311 4777 innocentis
1340 4726 1530 4791 sancti,
1581 4727 1664 4781 cui
1690 4729 1847 4781 etiam
1886 4731 2119 4800 ingratus

551 4815 694 4871 erat;
722 4817 775 4862 et
805 4809 917 4876 ipse
946 4811 1190 4882 impletus
1217 4824 1298 4870 est
1324 4817 1508 4887 spiritu
1539 4818 1905 4887 prophetandi,
1923 4829 1975 4874 et
1997 4837 2120 4892 pro-

551 4896 785 4966 phetavit
814 4898 854 4969 (Ι
881 4899 1004 4972 Reg.
1030 4919 1135 4967 xix,
1170 4904 1378 4975 18-25).
1416 4906 1528 4960 Non
1554 4923 1682 4978 ergo
1721 4923 1780 4963 se
1801 4909 2004 4979 jactent
2027 4913 2116 4983 qui

556 4988 686 5042 forte
711 4991 825 5045 sine
848 4991 1100 5048 charitate
1121 4995 1399 5052 habuerint
1423 5000 1520 5054 hoc
1542 5014 1731 5053 munus
1752 5000 1839 5054 Dei
1857 5011 2115 5068 sanctum,

552 5083 952 5138 sicuPsanetum
983 5087 1330 5156 baptismum;
1363 5091 1454 5146 sed
1486 5092 1698 5159 videant
1723 5095 1930 5163 qualem
1958 5097 2119 5150 ratio-

556 5189 675 5228 nem
709 5175 934 5230 habituri
982 5189 1105 5232 sunt
1131 5195 1250 5233 eum
1289 5182 1424 5247 Deo,
1467 5184 1553 5253 qui
1584 5187 1780 5239 sanctis
1806 5201 1908 5240 non
1935 5199 2116 5244 sancte

556 5277 787 5322 utuntur.
822 5269 896 5323 Ex
921 5269 1000 5323 his
1026 5279 1182 5325 eruitt
1203 5273 1289 5341 qui
1317 5272 1504 5327 dicturi
1527 5284 1649 5329 sunt
1680 5293 1694 5327 :
1723 5275 1788 5329 In
1815 5279 2012 5332 nomine
2031 5288 2116 5333 tuo

551 5361 972 5431 prophetavimus.
1000 5362 1112 5416 Non
1141 5365 1242 5418 illis
1263 5363 1824 5429 dicetnr,Menlitnini;
1853 5369 1945 5424 sed
1971 5370 2115 5425 dieeo

553 5458 653 5506 tur.
683 5449 803 5505 Non
830 5454 941 5506 novi
971 5470 1086 5517 vos;
1114 5455 1328 5508 recedite
1351 5473 1381 5506 α
1403 5473 1497 5523 me,
1525 5461 1610 5525 qui
1636 5460 1910 5529 operamini
1933 5461 2116 5530 iniqui-

552 5547 698 5591 tatem
722 5541 926 5609 (Motth.
961 5559 1051 5604 vn.
1079 5545 1166 5608 9.2,
1198 5545 1310 5613 25).
1344 5546 1473 5614 Quia
1495 5548 1539 5602 si
1565 5548 1773 5603 habeam
1793 5567 1987 5604 onmem
2004 5570 2116 5623 pro-

551 5630 789 5696 phetiam,
833 5633 1123 5689 charitatem
1155 5647 1318 5691 autem
1363 5656 1461 5692 non
1501 5639 1730 5707 habeant,
1771 5643 1899 5696 nihil
1935 5661 2043 5696 sum
2072 5644 2112 5714 (l

553 5715 670 5772 Car.
699 5734 809 5787 xm,
837 5720 914 5792 2).
947 5723 1281 5795 Prophetavit
1306 5738 1358 5786 ct
1383 5730 1529 5798 Saul,
1556 5731 1646 5787 sed
1671 5735 1985 5803 operabatur
2010 5736 2110 5792 ini-

1716 309 1772 364 S.
1806 307 2168 364 AUGUS'l'lNl
2209 309 2504 370 EPlSCUl’l

3644 338 3794 394 ιδεε

2205 447 2476 518 quitatem.
2506 451 2635 518 Quis
2674 465 2852 511 autem
2874 468 3122 528 operatur
3152 461 3505 533 iniquitatem,
3551 469 3653 526 nisi
3692 473 3795 542 qui

2203 554 2308 594 non
2346 541 2587 598 habuerit
2613 545 2957 604 cbaritatem?
2996 551 3274 609 Plenitudo
3298 557 3442 610 enim
3471 556 3625 630 Legis
3649 541 3785 617 cha-

2204 633 2506 702 ritas(Rom.
2517 641 2656 705 xm,l
2667 641 2890 713 0).Ergo
2900 647 3109 718 protegit
3125 649 3177 702 in
3193 650 3335 718 aquis
3351 654 3610 723 superiora
3625 657 3739 725 ejus
3767 696 3786 711 .

2202 725 2326 794 quid
2345 726 2500 781 dixit?
2517 728 2571 783 ln
2588 733 2831 789 omnibus
2845 735 3130 807 Scripturis
3149 743 3790 810 supereminentissimam

2207 816 2366 882 viam,
2396 822 3032 889 supereminentissimum
3072 829 3244 885 locum
3281 831 3515 890 Charitas
3541 837 3790 903 obtinet;

2205 923 2311 962 non
2324 909 2387 963 ad
2409 925 2524 964 eam
2548 928 2608 967 as
2617 914 2788 983 pirant
2803 917 2903 972 nisi
2921 919 3063 984 boni,
3083 921 3216 977 hanc
3232 925 3504 979 nobiscum
3518 943 3625 983 non
3643 943 3793 983 com-

2205 1001 2475 1056 municant
2491 1004 2640 1059 mali:
2664 1018 2885 1076 possunt
2899 1013 3290 1070 communicare
3303 1015 3794 1089 Baptismum,pos-

2206 1099 2332 1145 sunt
2357 1096 2748 1154 communicare
2772 1108 2960 1155 cetera
2991 1101 3350 1171 Sacramenta,
3389 1118 3618 1176 possunt
3643 1125 3796 1164 con:-

2206 1185 2477 1243 munieare
2503 1191 2818 1260 orationem,
2847 1206 3068 1264 possunt
3113 1201 3508 1258 communicare
3537 1204 3673 1259 istos
3700 1221 3795 1275 pa-

2207 1279 2386 1344 rietes,
2416 1291 2470 1335 et
2495 1281 2647 1336 istam
2679 1285 3105 1356 conjunctionem
3126 1309 3141 1358 ;
3166 1293 3476 1351 charitatem
3508 1299 3794 1354 nobiscum

2208 1385 2312 1424 non
2340 1377 2752 1432 communicant.
2784 1377 2902 1448 Ipse
2927 1392 3010 1436 est
3035 1384 3175 1438 enim
3205 1385 3321 1441 fons
3348 1389 3596 1458 proprius
3631 1391 3796 1447 bono-

2207 1475 2345 1526 rum,
2376 1463 2619 1532 proprius
2643 1475 2968 1536 sanctorum,
2997 1472 3062 1526 de
3087 1489 3191 1543 quo
3215 1475 3443 1531 dicitur:
3471 1478 3639 1533 Nemo
3670 1482 3795 1536 alie-

2208 1569 2304 1607 nus
2343 1558 2669 1611 communicet
2698 1560 2805 1613 tibi.
2834 1562 2934 1627 Qui
2961 1573 3083 1618 sunt
3108 1566 3306 1624 alieni?
3333 1568 3531 1625 Omnes
3571 1573 3668 1643 qui
3698 1589 3796 1627 au-

2207 1638 2377 1709 diunt,
2407 1643 2526 1700 Non
2553 1645 2679 1701 novi
2709 1665 2813 1704 vos.
2842 1651 2895 1707 Si
2929 1654 3068 1708 enim
3101 1671 3206 1710 non
3245 1673 3656 1729 cognoscuntur,
3689 1665 3796 1718 uti-

2208 1749 2314 1803 que
2342 1735 2498 1792 alieni
2537 1747 2680 1802 sunt,
2714 1741 2906 1810 quibus
2930 1744 3143 1814 dicitur,
3170 1747 3291 1803 Non
3316 1753 3428 1804 novi
3455 1769 3559 1808 vos.
3587 1754 3793 1826 Super-

2210 1825 2450 1880 eminens
2476 1843 2603 1898 ergo
2634 1831 2717 1884 via
2736 1832 3007 1890 cbaritatis
3030 1845 3165 1892 tenet
3196 1854 3289 1894 eos
3309 1843 3396 1910 qui
3427 1846 3640 1915 proprie
3669 1825 3796 1917 per-

2213 1917 2381 1972 tinent
2414 1920 2480 1974 ad
2510 1937 2728 1992 regnum
2768 1927 3046 1982 caelorum.
3079 1929 3220 2001 Ergo
3257 1946 3575 2005 prmeeptum
3607 1938 3789 1993 chari-

2211 2011 2332 2063 tatis
2357 2026 2516 2080 super
2535 2014 2720 2082 caelos,
2756 2016 2917 2086 super
2943 2034 3128 2077 omnes
3157 2023 3318 2078 libros
3345 2037 3364 2078 ι
3388 2027 3437 2081 ei
3478 2028 3622 2083 enim
3669 2030 3796 2085 sub-

2211 2098 2407 2155 duntur
2452 2103 2592 2168 libri,
2625 2105 2674 2160 ei
2722 2107 2914 2163 militat
2942 2111 3114 2166 omnis
3158 2113 3330 2184 lingua
3363 2125 3704 2187 sanctorum,
3742 2131 3796 2176 et

2211 2192 2385 2246 omnis
2412 2204 2584 2249 motus
2600 2196 3025 2268 dispensatorum
3051 2205 3164 2271 Dei,
3192 2216 3247 2262 et
3269 2210 3428 2264 animi
3453 2220 3506 2267 et
3527 2215 3793 2283 corporis.

2211 2282 2622 2354 Sopereminens
2650 2299 2733 2345 est
2759 2306 2884 2363 ergo
2904 2294 3009 2362 via,
3031 2305 3087 2352 et
3107 2299 3295 2353 merito
3315 2303 3543 2372 protegit
3568 2282 3798 2376 inlaquis

2211 2375 2482 2442 superiora
2507 2378 2625 2434 cmli
2647 2396 2661 2443 ;
2680 2381 2802 2451 quia
2825 2383 2953 2438 nihil
2969 2385 3174 2442 invenis
3192 2391 3512 2447 eminentius
3532 2375 3800 2453 charitate

2213 2465 2265 2520 in
2291 2466 2481 2523 divinis
2511 2469 2709 2526 Libris.

2285 2579 2371 2635 10.
2412 2579 2514 2636 Sed
2537 2583 2707 2638 adhuc
2735 2585 3030 2646 evidentius
3055 2590 3175 2645 andi
3206 2591 3329 2661 quid
3356 2609 3490 2663 aqua
3517 2596 3606 2651 sit.
3645 2596 3796 2653 Dixi-

2215 2685 2334 2724 mus
2354 2673 2493 2726 enim
2521 2675 2660 2743 quod
2698 2675 2928 2733 charitas
2980 2680 3070 2736 Dei
3109 2681 3295 2737 dilTusa
3339 2686 3409 2738 sit
3446 2687 3496 2740 in
3546 2688 3798 2749 cordibus

2216 2765 2410 2819 nostris
2437 2781 2531 2836 per
2559 2766 2809 2837 Spiritum
2844 2783 3085 2828 sanctum
3107 2815 3122 2839 ,
3150 2777 3240 2845 qui
3279 2776 3433 2832 datus
3467 2788 3551 2834 est
3589 2780 3787 2835 nobis:

2215 2853 2444 2910 diximus
2474 2857 2631 2913 etiam
2653 2902 2668 2927 ,
2702 2859 2766 2915 In
2793 2863 2970 2931 plateis
2994 2865 3276 2922 discurrant
3309 2886 3454 2939 aqua:
3482 2881 3598 2926 tute.
3634 2869 3703 2928 Et
3727 2876 3800 2930 ait

2218 2945 2344 3000 mihi
2393 2947 2616 3018 aliquis,
2669 2949 2782 3005 Non
2832 2952 2905 3007 ibi
2945 2959 3198 3024 expresse
3242 2957 3439 3012 dictum
3485 2970 3587 3026 est,
3619 2975 3796 3020 utrum

2216 3035 2529 3092 charitatem
2583 3039 2877 3111 intelligere
2919 3043 3143 3100 debeam
3175 3065 3188 3099 :
3217 3049 3342 3117 quid
3377 3051 3419 3103 si
3464 3045 3600 3105 alios
3655 3055 3797 3110 aliud

2216 3129 2407 3199 aliquid
2433 3131 2721 3199 intelligat?
2743 3134 2966 3190 Tantum
2989 3151 3255 3195 memento
3280 3143 3419 3211 quod
3461 3144 3537 3198 ait
3566 3146 3795 3214 Aposto-

2192 3221 2318 3286 ‘lus,
2348 3221 2578 3278 Charitas
2606 3224 2702 3278 Dei
2721 3224 2908 3292 diffusa
2948 3238 3018 3282 est
3042 3231 3094 3283 in
3125 3231 3357 3286 cordibus
3379 3236 3582 3290 nostris.
3603 3237 3798 3292 Unde?

2218 3309 2322 3368 Per
2362 3315 2611 3384 Spiritum
2639 3329 2888 3386 sanctum,
2925 3323 3008 3391 qui
3051 3324 3199 3378 datus
3221 3335 3292 3379 est
3317 3327 3476 3381 nobis.
3507 3329 3644 3384 Audi
3690 3330 3796 3399 jam

2220 3407 2498 3463 Dominum
2539 3411 2845 3481 magistrum
2887 3413 3261 3482 Apostolorum
3328 3435 3341 3470 :
3398 3418 3460 3472 Si
3510 3421 3622 3490 quis
3677 3423 3794 3488 sitit,

2218 3499 2399 3563 veniat,
2429 3509 2474 3552 et
2503 3500 2654 3553 bibat.
2686 3502 2834 3557 Dicat
2857 3503 3029 3559 adhuc
3063 3525 3076 3560 :
3108 3505 3207 3571 Qui
3224 3508 3379 3561 credit
3400 3510 3450 3562 in
3472 3527 3568 3575 me,
3587 3513 3796 3581 [Iuntina

2217 3604 2359 3658 aqua:
2379 3591 2500 3643 viva:
2527 3592 2682 3661 [luent
2703 3593 2766 3647 de
2786 3605 2951 3648 ventre
2975 3597 3102 3667 ejus.
3132 3598 3266 3665 Quid
3293 3609 3374 3654 est
3390 3600 3535 3656 hoc?
3559 3602 3797 3672 Exponat

2223 3679 2555 3750 Evangelista
2577 3701 2590 3735 :
2615 3701 2632 3733 ι
2658 3683 2767 3738 Hoc
2792 3694 2968 3740 autem
2982 3685 3209 3753 dicebat,
3233 3707 3250 3739 ι
3277 3690 3463 3760 inquit,
3488 3692 3585 3748 «de
3600 3693 3795 3764 Spiritu

2218 3787 2374 3840 quem
2397 3764 2659 3842 accepturi
2682 3785 2831 3830 erant
2854 3777 3134 3834 credentes
3165 3780 3214 3834 in
3239 3796 3378 3835 cum.
3405 3773 3633 3852 spiritus
3659 3787 3794 3841 enim

2219 3863 2450 3918 nondum
2473 3875 2584 3919 erat
2621 3865 2778 3922 datus
2804 3910 2819 3935 ,
2852 3869 2972 3939 quia
3003 3869 3160 3925 Jesus
3195 3873 3426 3927 nondum
3457 3884 3572 3928 erat
3594 3876 3794 3946 gloriﬁ-

2218 3963 2388 4008 catus.
2424 3972 2443 4005 ι
2475 3955 2612 4024 Ergo
2636 3998 2650 4019 ,
2681 3956 2891 4022 fratres,
2930 3958 2973 4012 si
3005 3969 3282 4029 propterea
3310 3962 3536 4032 Spiritus
3566 3966 3794 4020 nonduin

2219 4055 2333 4098 erat
2387 4046 2559 4110 datus,
2606 4048 2727 4117 quia
2773 4048 2929 4104 Jesus
2985 4052 3216 4106 nondum
3268 4065 3385 4109 erat
3434 4058 3795 4128 gloriﬁcatos;

2219 4135 2510 4203 gloriﬁcato
2560 4154 2625 4192 eo
2667 4149 2723 4193 et
2772 4141 3092 4197 ascendente
3145 4144 3198 4198 in
3236 4147 3420 4212 caelos,
3480 4149 3670 4204 missus
3717 4163 3798 4207 est

2220 4225 2441 4295 Spiritus
2485 4237 2700 4283 sanctus
2729 4228 2913 4300 (Joan;
2938 4247 3032 4296 vn,
3059 4233 3272 4308 57-39),
3304 4246 3360 4291 et
3394 4237 3657 4295 charitate
3694 4243 3796 4297 im-

2223 4318 2344 4388 pleti
2387 4329 2511 4374 sunt
2541 4322 2814 4390 Apostoli,
2850 4325 3035 4381 ditl‘usa
3087 4328 3139 4382 in
3187 4331 3434 4390 cordibus
3479 4349 3666 4389 eorum
3706 4353 3797 4407 per

2219 4407 2470 4478 Spiritum
2495 4421 2758 4476 sanctum,
2786 4415 2872 4484 qui
2904 4415 3055 4472 datus
3083 4428 3167 4474 est
3201 4420 3308 4486 eis;
3363 4424 3484 4493 quia
3525 4433 3795 4496 superiora

2220 4501 2340 4555 caeli
2371 4502 2522 4572 aquis
2571 4512 2934 4575 proteguntur.
2970 4507 3035 4562 Et
3075 4510 3228 4576 bene,
3280 4514 3400 4583 quia
3446 4514 3706 4572 Dominus
3747 4518 3795 4572 in

2221 4594 2386 4648 cados
2405 4595 2665 4660 ascendit,
2699 4605 2757 4651 ut
2774 4613 3018 4668 superior
3041 4613 3182 4666 esset
3205 4603 3376 4671 cretis,
3403 4615 3456 4659 et
3472 4606 3595 4662 inde
3623 4609 3797 4663 mitte—

2221 4693 2302 4740 ret
2327 4683 2656 4742 charitatem.
2680 4687 2792 4743 Non
2823 4690 2965 4744 enim
2995 4691 3073 4746 sic
3107 4692 3244 4747 Deus
3281 4697 3544 4766 protegit,
3572 4708 3629 4751 ut
3649 4699 3796 4768 quasi

2222 4786 2548 4832 sustentetur
2565 4777 2638 4832 ab
2656 4793 2721 4833 eo
2749 4796 2904 4848 quem
2930 4781 3158 4852 protegit
3189 4800 3202 4836 :
3231 4785 3467 4840 sublevat
3485 4803 3644 4856 quem
3675 4804 3796 4860 pro-

2223 4869 2370 4939 tegit,
2398 4886 2502 4923 non
2539 4882 2742 4926 onerat.
2776 4871 2844 4927 Ita
2868 4889 2996 4944 ergo
3018 4875 3209 4930 coelum
3255 4879 3406 4949 aquis
3449 4882 3701 4952 protegit,
3745 4891 3796 4936 ut

2222 4961 2389 5032 magis
2415 4961 2542 5016 illud
2571 4961 2750 5018 divino
2775 4963 2971 5034 Spiritu
3001 4967 3326 5023 sublevetur.
3355 4970 3506 5036 Quod
3533 4973 3794 5037 sublevat,

2221 5066 2426 5107 sursum
2449 5063 2556 5119 est;
2588 5055 2728 5124 quod
2760 5057 3086 5125 sublevatur,
3119 5059 3251 5114 infra
3272 5070 3355 5116 est
3384 5081 3396 5114 :
3425 5063 3551 5118 illud
3575 5080 3797 5136 suspen-

2221 5143 2320 5208 dit,
2355 5144 2454 5198 hoc
2482 5146 2696 5214 pendet.
2723 5146 2778 5202 Si
2808 5164 2934 5218 ergo
2963 5150 3091 5204 illud
3119 5153 3414 5221 suspendit,
3446 5155 3546 5210 hoc
3567 5157 3795 5226 pendet;

2220 5237 2338 5291 audi
2366 5244 2485 5306 quia
2517 5240 2612 5292 hoc
2634 5240 2823 5311 coelum
2863 5243 3250 5312 Scripturarum
3285 5261 3351 5303 ex
3383 5247 3642 5304 eharitate
3667 5265 3795 5320 pen-

2220 5326 2328 5384 det.
2361 5328 2472 5382 Duo
2510 5342 2632 5382 sum
2671 5347 2860 5400 nempe
2905 5332 2992 5386 illa
3036 5335 3306 5390 notissima
3358 5348 3619 5409 praecepta
3667 5341 3806 5412 dile;

2220 5421 2410 5474 ctiouis
2439 5439 2452 5475 :
2482 5440 2500 5473 ι
2527 5420 2580 5476 In
2613 5423 2695 5477 his
2715 5423 2920 5480 duobus
2950 5431 3228 5498 prarceptis
3259 5440 3363 5485 tota
3393 5431 3500 5486 Lex
3532 5433 3726 5499 pendet
3743 5444 3796 5488 ct

2222 5513 2501 5583 Propheta:
2531 5515 2740 5586 (Matth.
2774 5535 2908 5586 χχιι,
2945 5521 3059 5591 40).
3110 5522 3207 5590 Qui
3260 5523 3489 5594 protegit
3537 5525 3589 5578 in
3646 5525 3794 5596 aquis

2220 5606 2488 5677 superiora
2511 5606 2644 5678 ejus.
2685 5627 2704 5660 ι
3178 5657 3190 5682 ἱ

2301 5717 2382 5772 lt.
2433 5715 2532 5784 Qui
2557 5720 2694 5790 ponit
2713 5719 2865 5776 nubes
2892 5738 3152 5778 ascensum
3173 5725 3297 5794 ejus.
3321 5723 3589 5795 Accipiter
3612 5733 3668 5782 et
3692 5724 3790 5778 hoc
