4012 6202
254 328 288 350 β

285 366 454 421 13-55

285 480 448 533 bene
467 461 536 532 ad
572 476 825 530 litteram.
858 474 1110 528 Dominus
1141 470 1414 526 visibiliter
1433 469 1670 524 ascendit
1705 469 1756 523 in
1784 483 1889 522 cm-

245 569 248 572 ’
290 571 464 631 lum.
502 567 781 635 Quomodo
825 565 1012 635 posita:
1056 571 1180 618 sunt
1225 563 1392 617 nubes
1432 575 1682 616 ascensus
1732 559 1892 614 cmli?

297 659 441 714 "me
502 676 616 712 cum
657 658 900 719 dixisset,
955 656 1106 709 nubes
1155 654 1370 724 suscepit
1423 667 1537 706 eum
1587 651 1720 723 (Act.
1748 665 1786 713 ς,
1809 648 1887 718 9).

289 750 488 804 Habes
516 750 640 804 item
671 747 739 802 de
765 747 1154 802 resurrectione
1182 757 1358 798 nostra
1389 741 1694 812 praadietnm
1727 759 1739 793 :
1779 758 1797 792 ι
1825 739 1891 794 Ει

291 842 581 906 ηιοιιιιὶι,
624 840 825 909 inquit,
872 856 891 890 ι
946 837 996 891 in
1052 837 1296 900 Christo,
1343 840 1622 903 resurgent
1671 830 1826 901 primi
1872 847 1886 896 ;

295 932 508 988 deinde
537 943 592 987 et
613 946 711 985 nos
730 932 820 1000 qui
856 930 1102 992 vivimus,
1135 928 1293 982 simul
1338 942 1457 981 cum
1485 925 1590 980 illis
1624 925 1890 994 rapiemnr
1931 925 1938 940 ί

295 1025 361 1078 in
392 1025 623 1078 nubibus
646 1024 854 1076 obviam
883 1020 1096 1076 Christo
1136 1021 1187 1074 in
1228 1035 1372 1086 aera,
1399 1025 1556 1088 atque
1583 1018 1650 1071 ita
1679 1031 1889 1085 semper

294 1131 426 1170 cum
445 1115 676 1169 Domino
695 1115 892 1168 erimus
911 1132 929 1164 ›
955 1112 993 1183 (Ι
1009 1111 1183 1165 Thess.
1203 1127 1274 1175 IV,
1295 1111 1376 1174 15,
1398 1107 1505 1180 16).
1529 1108 1701 1162 Habes
1722 1107 1888 1162 nubes

295 1221 590 1261 ascensum
615 1205 734 1260 coeli
768 1221 781 1256 :
809 1203 1082 1258 ostendam
1129 1211 1184 1256 et
1217 1203 1385 1255 nubes
1440 1213 1718 1254 ascensum
1767 1197 1885 1250 coeli

295 1295 485 1366 hujus,
519 1296 574 1350 id
607 1304 692 1349 est
716 1295 1012 1348 divinarum
1040 1292 1451 1360 Scripturarnm.
1483 1289 1617 1358 Quid
1644 1298 1727 1343 est
1755 1287 1883 1353 hoe,

297 1387 539 1443 fratres?
565 1386 776 1442 Utinam
809 1400 894 1440 me
935 1385 1189 1439 Dominus
1217 1383 1354 1436 Deus
1395 1395 1544 1436 meus
1600 1381 1734 1434 inter
1772 1380 1887 1433 illas

300 1479 724 1549 qualescumque
737 1475 904 1548 nubes
920 1488 1202 1529 numerare
1222 1473 1500 1543 dignetur;
1521 1470 1708 1524 viderit
1728 1485 1884 1539 quam

302 1572 566 1626 nebulosa
596 1569 764 1624 nubes
791 1568 891 1622 sim
925 1584 940 1621 :
971 1581 1157 1622 omnes
1187 1576 1358 1619 tamen
1377 1562 1750 1634 prmdicatores
1767 1577 1884 1614 ver-

302 1663 357 1718 bi
384 1664 631 1736 veritatis
670 1662 839 1717 nubes
871 1660 1114 1729 accipite.
1146 1658 1472 1727 Quicumque
1515 1671 1644 1726 ergo
1675 1652 1882 1708 inﬁrmi

303 1770 411 1808 non
442 1762 670 1824 possunt
694 1751 984 1808 ascendere
1017 1751 1068 1804 in
1096 1749 1196 1804 hoc
1223 1750 1436 1810 emlum,
1471 1747 1522 1801 id
1565 1756 1647 1801 est
1693 1745 1757 1799 ad
1807 1745 1885 1799 in-

304 1845 581 1903 tellectum
621 1845 1033 1914 Scripturarum,
1059 1857 1156 1912 per
1191 1840 1356 1894 nubes
1385 1837 1689 1892 ascendant.
1726 1835 1884 1890 Forte

299 1938 449 1993 enim
471 1945 526 1992 et
561 1937 720 1990 modo
746 1935 803 1988 lit
830 1934 981 1989 vobis
1004 1935 1019 1964 ¹
1044 1949 1058 1996 ;
1086 1933 1129 1986 si
1165 1929 1358 2001 aliquid
1388 1929 1590 1999 agimus
1610 1970 1625 1993 ,
1653 1928 1697 1981 si
1733 1928 1884 1981 labor

298 2031 575 2100 sudorque
605 2036 916 2082 nosternon
963 2034 1043 2081 est
1083 2023 1460 2084 infructuosus,
1499 2021 1786 2074 ascenditis
1828 2018 1880 2073 in

299 2125 500 2179 caelum
547 2122 936 2192 Scripturarum
963 2118 1276 2181 divinarum,
1309 2115 1411 2169 hoc
1453 2123 1532 2168 est
1579 2113 1629 2167 in
1674 2113 1879 2166 intelle-

303 2227 452 2271 ctum
477 2230 662 2270 earum
690 2229 784 2283 per
804 2211 1230 2283 praedicationem
1246 2217 1498 2261 nostram.
1520 2204 1686 2273 Quam
1717 2204 1880 2277 altum

301 2316 415 2362 erat
443 2307 637 2361 caelum
669 2304 721 2358 in
751 2303 954 2372 psalmo
981 2302 1082 2355 isto
1114 2302 1126 2354 !
1163 2298 1330 2354 Nemo
1357 2297 1502 2350 enim
1533 2304 1765 2350 vestrum
1801 2296 1880 2348 vi-

299 2400 464 2454 debat
505 2397 632 2468 quid
692 2405 834 2451 esset
883 2395 935 2448 in
989 2394 1150 2464 figura
1192 2409 1206 2444 :
1249 2389 1488 2444 Extendit
1539 2387 1717 2442 corium
1755 2389 1881 2441 sicut

298 2493 504 2561 pellent,
536 2489 619 2558 qui
645 2487 854 2558 protegit
879 2486 931 2539 in
955 2485 1098 2554 aquis
1124 2483 1384 2553 superiora
1407 2481 1536 2550 ejus.
1571 2480 1681 2533 Hoc
1707 2479 1877 2548 ipsum

297 2581 445 2651 quod
489 2579 689 2634 dictum
739 2586 840 2642 est,
885 2575 984 2643 Qui
1037 2573 1172 2644 ponit
1225 2570 1378 2625 nubes
1427 2586 1685 2623 ascensum
1733 2569 1878 2638 ejus;

295 2687 429 2726 ecce
452 2671 562 2740 jam
594 2669 913 2724 intellectum
941 2676 1041 2728 est,
1072 2671 1322 2732 quantum
1355 2659 1607 2714 Dominus
1631 2657 1867 2724 donavit,

301 2761 716 2832 praedicantibus
746 2758 927 2823 nobis;
959 2771 1061 2810 non
1085 2753 1225 2809 enim
1257 2751 1424 2805 nubes
1451 2748 1519 2803 de
1545 2764 1640 2801 suo
1661 2764 1878 2802 munere

302 2857 521 2927 pluunt.
549 2854 651 2908 Vos
678 2850 1016 2922 intelligendo
1043 2846 1344 2910 ascendite,
1376 2843 1426 2897 in
1460 2841 1728 2896 intellectu
1764 2840 1878 2909 ipso

297 2947 656 3011 fructilicate;
685 2960 752 2999 ne
775 2944 890 2998 sitis
915 2940 1083 3011 qualis
1111 2939 1198 2994 illa
1229 2937 1379 2990 vinea
1399 2978 1414 3001 ,
1444 2934 1510 2989 de
1547 2949 1646 3003 qua
1688 2932 1879 2986 dicitur

292 3038 444 3110 apud
495 3038 800 3108 prophetam
836 3050 849 3086 :
891 3027 1144 3084 Mandabo
1183 3025 1392 3080 nubibus
1431 3024 1552 3078 meis
1596 3040 1657 3077 ne
1702 3023 1877 3094 pluant

289 3150 455 3204 super
485 3147 613 3185 eant.
645 3125 1004 3183 Accusabatur
1046 3120 1188 3176 enim
1231 3117 1468 3189 qumdam
1518 3116 1688 3176 vinea,
1736 3113 1875 3184 quod

294 3242 401 3295 pro
431 3239 528 3277 uva
548 3222 724 3291 spinas
743 3216 1001 3278 dederat,
1029 3227 1131 3266 non
1165 3208 1466 3264 reddiderat
1506 3206 1717 3276 dignam
1751 3220 1874 3275 gra-

295 3321 430 3375 ‘iam
486 3316 622 3371 dulci
669 3313 878 3384 pluvia}.
923 3307 1021 3375 Qui
1061 3306 1201 3360 enim
1243 3303 1387 3358 bona
1433 3301 1599 3367 audit,
1644 3310 1698 3356 et
1737 3300 1874 3355 mala

292 3420 570 3480 operatur,
594 3406 731 3462 dulei
763 3403 935 3474 pluvia
963 3398 1301 3469 compluitur,
1328 3406 1381 3451 et
1414 3395 1593 3466 spinas
1633 3403 1870 3465 generat.

291 3504 416 3559 Non
443 3512 522 3556 est
549 3509 605 3553 ut
628 3498 974 3566 suspicemur,
998 3493 1211 3557 fratres,
1249 3486 1315 3543 de
1363 3487 1536 3557 aliqua
1565 3494 1772 3541 terrena
1820 3494 1876 3540 et

293 3599 404 3650 ista
434 3593 622 3648 visibili
652 3591 802 3644 vinea
837 3587 1116 3642 Dominum
1143 3584 1401 3639 locutum.
1433 3579 1671 3649 Namque
1710 3579 1777 3633 ibi
1807 3594 1873 3634 ne

291 3683 404 3738 sub
426 3681 746 3736 obscuritate
769 3675 1030 3734 sermonis
1057 3677 1249 3729 lateret
1266 3669 1536 3727 excusatio
1558 3668 1868 3738 iniquitatis,

292 3779 416 3847 ipse
446 3773 692 3828 Dominus
712 3786 806 3840 per
821 3770 988 3840 ipsum
1005 3764 1312 3838 praphetam
1335 3761 1578 3831 exposuit
1598 3759 1682 3814 cui
1702 3759 1870 3812 vineae
1912 3791 1918 3798 -

299 3869 628 3938 loqueretur,
660 3871 713 3917 et
739 3861 805 3916 de
839 3875 940 3930 qua
965 3859 1118 3912 vinea
1158 3857 1259 3911 ista
1288 3855 1529 3909 diceret:
1569 3849 1755 3912 Vinea,
1789 3849 1872 3903 in-

292 3958 435 4028 quit,
461 3953 662 4008 Domini
682 3951 926 4015 Sabaoth,
953 3950 1128 4002 domus
1149 3945 1308 4000 Israel
1335 3952 1425 3998 est.
1445 3940 1579 4010 Quid
1597 3951 1870 4011 vagantur,

293 4067 333 4102 θ
365 4047 549 4117 iniqui,
579 4043 738 4100 corda
757 4051 929 4098 vestra
955 4055 1047 4110 per
1061 4046 1267 4093 montes
1287 4044 1342 4091 et
1365 4034 1528 4089 colles
1549 4031 1872 4086 vinitorum?

287 4141 458 4203 Novi,
488 4137 672 4208 inquit,
699 4135 766 4191 de
795 4150 896 4205 qua
918 4132 1068 4189 vinea
1086 4131 1290 4201 loquar,
1313 4129 1434 4182 novi
1457 4125 1541 4181 ubi
1567 4124 1868 4195 quarrcbam

291 4238 555 4296 uvam,et
575 4229 749 4284 inveni
776 4227 992 4299 spinas;
1022 4225 1137 4279 sine
1170 4235 1328 4278 causa
1364 4219 1504 4274 aliud
1542 4227 1698 4286 atque
1729 4215 1871 4271 aliud

293 4323 637 4395 suspicamini
689 4329 744 4377 et
793 4316 1130 4390 opinamini,
1180 4313 1422 4368 nolentes
1473 4309 1766 4378 intelligere
1813 4317 1871 4362 ut

297 4421 442 4474 bene
463 4418 644 4488 agatis.
672 4414 803 4470 Nam
834 4421 889 4467 et
917 4409 1019 4464 hoc
1046 4408 1297 4475 scriptum
1319 4411 1401 4459 est
1435 4419 1447 4457 :
1483 4399 1663 4455 Noluit
1683 4399 1871 4453 intelli-

295 4520 488 4581 gerent
518 4508 636 4562 bene
678 4513 844 4578 ageret
891 4499 1059 4575 (Psal.
1101 4514 1274 4560 xxxv,
1330 4496 1407 4566 4).
1452 4493 1643 4548 Tollite
1687 4506 1873 4547 omnes

296 4599 630 4670 SllSplCiOlleS
655 4607 855 4652 vestras
883 4593 950 4649 de
977 4590 1186 4646 medio:
1219 4587 1373 4641 Vinea
1397 4583 1599 4638 Domini
1624 4583 1869 4650 Sabaoth,

293 4696 482 4750 domus
506 4691 670 4746 Israel
711 4699 816 4752 est;
846 4697 892 4743 et
938 4687 1085 4740 homo
1125 4680 1292 4745 Iuda,
1347 4678 1595 4734 novellum
1641 4677 1873 4730 dilectum

297 4786 458 4857 (Ιιαὶ.
481 4801 532 4850 v,
561 4782 703 4852 1-7).
737 4781 1018 4843 Dilectum,
1041 4790 1161 4831 cum
1191 4757 1476 4844 plantatum
1504 4778 1619 4833 est;
1652 4768 1873 4824 damna-

303 4887 438 4939 tum,
465 4891 584 4930 cum
614 4873 792 4942 spinas
820 4869 1038 4926 creavit.
1070 4866 1209 4936 Ergo
1229 4905 1244 4931 ,
1285 4863 1497 4928 fratres,
1544 4859 1681 4915 forte
1723 4861 1874 4915 vinea

303 4967 402 5023 fuit
425 4967 614 5022 domus
641 4962 822 5027 Israel,
865 4970 918 5015 et
966 4973 1064 5013 nos
1117 4971 1220 5010 non
1269 4968 1454 5008 sumus
1500 4952 1692 5006 vinea?
1742 4949 1872 5005 Cum

305 5062 494 5115 timore
522 5056 798 5111 audiamus
819 5051 958 5122 quod
979 5048 1176 5105 Judaeis
1201 5045 1398 5101 dictum
1429 5042 1687 5096 videmus.
1718 5041 1874 5096 Vide-

297 5161 353 5209 te
389 5146 832 5222 quemadmodum
881 5140 1165 5214 Apostolus
1196 5146 1388 5192 terreat
1431 5149 1609 5191 ramos
1647 5133 1874 5187 insertos

298 5245 366 5299 de
393 5242 554 5297 ramis
578 5239 780 5305 fractis,
812 5244 867 5292 et
905 5235 956 5288 in
1001 5231 1161 5288 ramis
1206 5228 1386 5284 fractis
1431 5223 1768 5282 commendet
1810 5223 1874 5277 ti-

290 5335 546 5391 mendam
588 5329 944 5390 severitatem,
987 5324 1038 5379 in
1075 5322 1236 5384 ramis
1286 5319 1498 5374 insertis
1539 5313 1877 5372 commendet

289 5424 580 5481 amandam
602 5421 891 5478 bonitatem
920 5413 1094 5488 (Rom.
1113 5429 1189 5479 XI,
1209 5407 1420 5480 20-22).
1441 5407 1555 5462 Noli
1577 5422 1695 5462 esse
1713 5405 1876 5459 infru-

295 5529 518 5572 ctuosus
548 5514 600 5569 in
625 5512 884 5574 bonitate,
912 5522 979 5562 ne
1022 5503 1215 5560 sterilis
1266 5501 1463 5558 sentias
1513 5499 1873 5554 severitatem.

295 5607 408 5664 Sed
437 5621 544 5661 non
569 5619 686 5660 sum
711 5602 860 5666 vitis,
885 5597 1017 5653 dicis
1046 5593 1196 5650 mihi.
1220 5591 1318 5648 Ubi
1366 5600 1448 5646 est
1479 5588 1685 5643 Domini
1729 5603 1830 5642 vox
1857 5602 1870 5638 :

365 5744 384 5774 ί
419 5741 492 5801 sic
513 5737 734 5801 plerique
755 5741 886 5793 Mss,
914 5738 964 5782 Αι
997 5738 1096 5782 am.
1123 5734 1175 5780 et
1207 5733 1300 5789 En,
1323 5723 1441 5777 satis
1478 5723 1538 5775 sit
1561 5720 1705 5786 robis,
1745 5727 1877 5781 ων..

295 5803 417 5858 satis
438 5799 495 5865 ﬁt

1439 349 1830 408 ENARRATIO
1871 351 1934 406 IN
1975 351 2290 416 PSALilUM
2331 350 2462 408 Clll.

3434 351 3567 410 1546

2003 467 2110 535 Ego
2139 485 2247 521 sum
2273 470 2404 532 vitis,
2437 483 2520 520 vos
2545 468 2660 522 estis
2686 479 2971 536 sarmenta;
3000 470 3156 524 Pater
3181 488 3315 526 meus
3341 473 3567 541 agricola

1999 558 2175 630 (Joan.
2217 576 2303 623 xv,
2355 561 2401 619 l.
2446 559 2539 627 5)?
2586 559 2683 614 Ubi
2731 577 2830 615 vox
2885 562 3121 630 Apostoli
3153 579 3166 614 :
3201 563 3323 624 Quis
3369 565 3566 635 plantat

1995 655 2208 717 vineam,
2239 666 2285 708 et
2326 655 2388 706 de
2412 653 2578 719 {ructu
2611 653 2719 720 eius
2759 670 2856 706 non
2904 656 3108 726 percipit
3157 655 3199 728 (Ι
3219 657 3333 710 Cor.
3362 674 3436 724 tx,
3467 658 3568 727 7)?

1997 743 2158 798 Vinea
2189 761 2313 814 ergo
2338 760 2417 808 es,
2445 760 2476 797 o
2499 744 2753 807 Ecclesia,
2785 755 2837 798 et
2870 745 3034 801 habes
3057 748 3341 816 agricolam
3368 750 3557 804 Deum.

1995 835 2161 890 Nemo
2189 836 2412 905 agricola
2448 835 2607 891 homo
2633 836 2886 904 compluit
2915 837 3119 890 vineam
3147 853 3314 891 suam.
3349 839 3562 894 Fratres

1994 942 2120 997 ergo
2150 926 2501 1007 dilectissimi,
2519 928 2721 982 viscera
2742 927 3015 994 Ecclesize,
3045 928 3259 996 pignora
3287 929 3558 1032 Ecclesia;

1996 1019 2088 1074 ﬁlii
2111 1020 2291 1072 matris
2311 1019 2562 1078 caelestis.
2600 1018 2800 1082 audite,
2831 1033 2948 1073 eum
2976 1027 3182 1088 tempus
3203 1029 3303 1072 est.
3334 1018 3556 1074 Minatﬁs

1993 1118 2076 1163 est
2098 1110 2238 1162 Deus
2266 1110 2337 1163 illi
2369 1111 2534 1163 vinea:
2563 1109 2891 1164 atrocissima
2919 1110 3367 1164 comminatione:
3402 1110 3562 1164 Man-

1990 1202 2122 1256 dabo
2158 1201 2366 1254 nubibus
2411 1201 2552 1265 meis,
2591 1202 2777 1271 inquit,
2810 1219 2872 1254 ne
2914 1212 3091 1272 ptuant
3137 1219 3286 1272 super
3319 1220 3446 1256 eant.
3497 1204 3561 1258 Et

1993 1291 2186 1347 factum
2217 1304 2298 1348 est
2327 1312 2340 1348 :
2372 1307 2628 1349 venerunt
2649 1296 2882 1364 Apostoli
2901 1296 2964 1349 ad
2986 1295 3214 1359 Judzeos,
3240 1306 3575 1365 respuerant“

1992 1400 2118 1450 eos;
2149 1396 2204 1441 et
2233 1387 2473 1441 dixerunt
2498 1387 2619 1450 illis,
2646 1388 2726 1441 Ad
2754 1405 2838 1442 vos
2874 1389 3011 1442 missi
3054 1406 3250 1442 eramus
3269 1430 3284 1454 ,
3321 1390 3407 1444 sed
3444 1393 3562 1460 quia

1991 1479 2244 1546 repulistis
2266 1479 2463 1532 verbum
2497 1478 2610 1543 Dei,
2641 1481 2770 1534 imus
2805 1480 2872 1532 ad
2901 1478 3080 1534 Gentes
3111 1480 3243 1549 (Act.
3278 1497 3390 1544 χιιι,
3443 1482 3558 1546 46).
3645 1544 3649 1549 ⁴

1995 1566 2197 1621 Videtis
2223 1569 2488 1636 quomodo
2528 1571 2579 1622 in
2611 1569 2797 1624 eodem
2826 1570 3023 1638 Spiritu
3074 1571 3186 1634 Dei,
3232 1572 3319 1625 illo
3343 1572 3562 1640 jubente

1991 1658 2308 1713 intrinsecus
2333 1660 2423 1730 qui
2462 1659 2663 1714 habitat
2693 1661 2744 1714 in
2771 1661 3016 1715 cordibus
3046 1675 3260 1716 suorum
3286 1703 3300 1724 ,
3345 1663 3562 1717 manda-

1992 1761 2102 1804 tum
2130 1752 2200 1805 sit
2235 1751 2459 1805 nubibus
2507 1753 2598 1806 Dei
2646 1769 2713 1807 ne
2759 1753 3122 1822 compluerent
3167 1754 3396 1818 vineam,
3440 1771 3560 1823 quae

1988 1856 2111 1896 eum
2139 1851 2539 1911 exspectaretur
2564 1852 2619 1896 ut
2641 1843 2834 1897 faceret
2862 1858 3034 1907 uvam,
3065 1842 3186 1898 fecit
3213 1845 3411 1914 spinas.
3437 1845 3560 1898 Ideo

1988 1944 2044 1990 et
2074 1937 2239 1991 nubes
2267 1935 2388 1991 fecit
2419 1951 2698 1991 ascensum
2727 1938 2861 2004 ejus,
2890 1946 2942 1990 et
2967 1937 3160 1992 cmlum
3194 1936 3411 1992 tetendit
3449 1937 3558 1991 sic-

1989 2036 2044 2079 ut
2091 2027 2303 2095 pellem.
2362 2027 2476 2081 Non
2521 2036 2602 2081 est
2665 2027 2804 2098 quod
2860 2028 3153 2096 queramini
3202 2045 3217 2081 :
3269 2029 3555 2082 auctoritas

1987 2116 2374 2187 Scripturarum
2425 2129 2634 2174 extenta
2684 2128 2766 2173 est
2819 2134 2978 2188 super
3025 2120 3207 2173 orbem
3253 2129 3549 2183 terrarum,

1987 2209 2154 2263 nubes
2198 2227 2303 2264 non
2351 2211 2584 2276 desunt,
2645 2211 2961 2281 praedicatur
3012 2212 3227 2265 verbum
3273 2210 3508 2265 veritatis
3536 2251 3552 2268 .

1985 2312 2321 2371 exponuntur
2337 2303 2510 2354 omnia
2542 2319 2657 2370 qua:
2683 2301 2902 2354 obscura
2943 2309 3084 2363 sunt,
3111 2309 3167 2355 ut
3193 2301 3352 2356 corda
3380 2312 3552 2355 vestra

1986 2410 2082 2464 per
2104 2395 2268 2447 nubes
2289 2393 2592 2448 ascendant.
2614 2393 2800 2448 Videte
2824 2393 3087 2462 quomodo
3105 2393 3352 2458 credatis,
3379 2394 3553 2446 videte

1986 2486 2107 2555 quid
2152 2487 2489 2554 suscipiatis:
2525 2493 2642 2554 post
2691 2484 3083 2554 praedicatorem
3141 2485 3314 2538 veniet
3366 2484 3546 2552 iudex,

1986 2588 2105 2647 post
2129 2578 2548 2646 dispensatorem
2578 2577 2748 2631 veniet
2796 2587 3030 2631 exactor.
3083 2575 3178 2642 Qui
3224 2576 3362 2646 ponit
3399 2576 3553 2630 nubes
3645 2599 3650 2614 ι

1983 2685 2240 2723 ascensum
2264 2671 2391 2740 ejus.
2415 2702 2422 2708 κ
2690 2725 2703 2734 δ
2851 2672 2853 2674 ’

2059 2761 2142 2813 Η..
2187 2759 2286 2824 Qui
2316 2761 2538 2814 ambulat
2582 2776 2733 2830 super
2761 2776 2950 2830 pennas
2991 2769 3266 2813 ventorum.
3299 2759 3407 2817 [loc
3438 2759 3548 2829 jam

1984 2851 2334 2920 periculosum
2366 2860 2448 2906 est
2473 2853 2712 2921 accipere
2748 2852 2812 2906 ad
2858 2853 3106 2906 litteram.
3139 2854 3241 2906 Aut
3281 2869 3397 2923 qum
3424 2861 3551 2908 sunt

1986 2959 2170 3012 penna:
2213 2945 2640 2998 ventornm?aut
2685 2960 2810 2999 vero
2857 2945 2874 2976 ί
2929 2945 3195 3012 quomodo
3234 2947 3284 3000 in
3323 2947 3544 3015 pictura,

1983 3035 2167 3104 facturi
2195 3037 2346 3091 nobis
2373 3051 2554 3090 sumus
2596 3045 2780 3091 ventos
2811 3037 3068 3099 volantes,
3109 3046 3161 3091 et
3197 3036 3306 3091 alas
3349 3037 3549 3091 haben-

1984 3129 2096 3182 tes?
2121 3126 2320 3181 Ventus
2341 3144 2472 3182 .non
2496 3135 2597 3193 est,
2645 3125 2853 3190 fratres,
2905 3128 3004 3182 nisi
3057 3142 3212 3197 quem
3266 3127 3544 3194 sentimus,

1987 3229 2160 3274 motus
2187 3219 2398 3290 quidam
2421 3227 2474 3274 et
2495 3220 2643 3290 quasi
2678 3218 2865 3274 ﬂuetus
2887 3220 3046 3285 aeris,
3090 3219 3366 3288 impellens
3404 3220 3547 3290 quod

1981 3319 2156 3380 potest
2191 3325 2288 3381 pro
2322 3309 2540 3364 viribus.
2563 3308 2690 3378 Qua:
2730 3325 2916 3379 penna:
2943 3317 3220 3364 ventorum
3255 3310 3410 3363 sunt?
3439 3310 3546 3364 Sed

1982 3410 2036 3456 et
2063 3417 2182 3472 qua:
2223 3402 2320 3455 alte
2370 3401 2503 3456 Dei?
2541 3399 2606 3456 Et
2633 3411 2803 3455 tamen
2833 3400 3026 3454 dictum
3067 3409 3148 3455 est
3182 3418 3196 3455 :
3225 3399 3332 3455 Sub
3372 3402 3548 3454 umbra
3586 3433 3590 3438 -

1981 3493 2184 3547 alarum
2225 3501 2424 3546 tuarum
2465 3492 2730 3564 sperabunt
2777 3491 2946 3563 (Psal.
2975 3509 3132 3555 xxxv,
3165 3493 3240 3564 8).
3281 3491 3550 3549 Conemur

1979 3598 2105 3652 ergo
2125 3593 2178 3639 et
2203 3583 2303 3639 hoc
2318 3583 2558 3653 accipere
2577 3584 2642 3638 ad
2673 3584 2918 3648 litteram,
2944 3583 3105 3636 veluti
3125 3585 3334 3653 proprie
3351 3584 3545 3639 factum

1981 3676 2032 3729 in
2063 3685 2303 3730 creatura
2332 3676 2449 3754 ista.
2484 3675 2820 3730 Velocitatem
2849 3675 2993 3728 verbi
3023 3675 3247 3730 fortasse
3271 3690 3546 3731 commen-

1979 3765 2392 3835 datScriptura;
2419 3765 2488 3820 de
2526 3781 2625 3834 qua
2671 3765 2948 3819 velocitate
2995 3767 3311 3835 jampridem
3349 3768 3401 3821 in
3441 3768 3547 3823 alio

1981 3856 2183 3926 psalmo
2221 3855 2382 3910 locuti
2430 3870 2632 3918 sumus,
2688 3855 2774 3909 ubi
2822 3856 3073 3924 scriptum
3106 3857 3242 3911 est:
3279 3856 3448 3926 Usque
3490 3860 3546 3914 in

1978 3947 2284 4001 velocitatem
2305 3945 2461 3999 currit
2489 3946 2690 3998 verbum
2717 3947 2824 4016 ejus
2855 3943 3022 4012 (Psal.
3051 3961 3248 4013 chvn,
3283 3948 3390 4018 15).
3411 3949 3545 4017 Quia

1980 4036 2108 4090 nihil
2147 4036 2319 4092 ventis
2348 4036 2583 4090 velocius
2618 4046 2812 4090 norunt
2857 4035 3117 4092 homines.
3146 4037 3423 4106 Quomodo
3454 4039 3542 4095 illa

1979 4129 2202 4186 facilitas
2231 4131 2251 4161 ²
2286 4127 2755 4184 commendabatur
2791 4127 2844 4182 in
2871 4127 3041 4197 pelle;
3080 4127 3207 4183 nihil
3234 4129 3375 4184 enim
3411 4128 3542 4186 faci-

1981 4221 2082 4276 lius
2123 4221 2190 4275 ab
2237 4220 2452 4275 homine
2487 4234 2643 4289 quam
2683 4218 2833 4289 pellis
2857 4219 3197 4275 extenditur:
3228 4221 3305 4275 sic
3351 4230 3406 4276 et
3456 4221 3543 4276 hic

1981 4312 2253 4367 insinuans
2284 4311 2446 4366 Deum
2467 4312 2554 4367 vel
2573 4309 2803 4368 Verbum
2822 4311 2843 4342 ³
2863 4311 2978 4381 ejus
2993 4311 3182 4381 ubique
3203 4323 3540 4381 prmsentem,

1980 4402 2258 4457 velocitate
2285 4411 2460 4456 motus
2488 4402 2616 4456 nihil
2642 4401 2917 4468 deserere,
2941 4402 3061 4471 quia
3094 4410 3147 4455 tu
3189 4416 3294 4456 non
3321 4417 3544 4458 noveras

1980 4493 2176 4564 aliquid
2202 4503 2362 4549 vento
2388 4493 2638 4558 velocius,
2669 4492 2920 4559 Ambulat,
2946 4492 3147 4561 inquit,
3178 4509 3339 4570 super!
3354 4511 3544 4564 pennas

1978 4598 2256 4652 uentorum,
2303 4587 2354 4642 id
2381 4597 2481 4652 est,
2515 4585 2764 4641 velocitas
2805 4585 2919 4652 ejus
2960 4592 3174 4655 superat
3208 4585 3543 4642 velocitatem

1981 4689 2258 4734 ventorum
2293 4696 2305 4732 :
2338 4688 2396 4734 ut
2426 4693 2517 4748 per
2541 4691 2740 4746 pennas
2768 4685 3039 4730 ventorum
3061 4675 3322 4747 intelligas
3343 4677 3543 4732 veloci-

1982 4762 2142 4825 tatem
2172 4779 2468 4835 ventorum,
2509 4777 2561 4822 et
2589 4767 2808 4822 verbum
2858 4766 2949 4820 Dei
2995 4767 3255 4836 intelligas
3305 4768 3545 4824 velocius

1981 4861 2227 4916 omnibus
2274 4861 2466 4914 ventis.
2521 4857 2589 4912 Et
2641 4859 2717 4912 sic
2765 4857 2816 4910 in
2852 4857 3018 4928 prima
3070 4858 3202 4913 facie
3237 4845 3545 4914 considera-

1985 4953 2140 5007 tionis
2189 4969 2202 5004 :
2249 4951 2517 5020 pulsemus
2562 4948 2629 5003 ad
2681 4948 2877 5020 aliquid
2923 4949 3176 5018 interius,
3229 4961 3284 5006 et
3321 4952 3544 5021 figurate

1982 5044 2179 5114 aliquid
2207 5044 2356 5098 nobis
2385 5043 2616 5098 indicent
2642 5044 2756 5098 ista:
2780 5043 2988 5098 litteras.
3327 5041 3360 5064 ⁴

2056 5137 2141 5190 15.
2185 5135 2381 5189 Ventos
2407 5134 2616 5204 quidem
2659 5135 2997 5206 intelligimus
3031 5136 3082 5190 in
3112 5135 3274 5206 figura
3309 5150 3414 5188 non
3450 5135 3548 5190 ab»

1981 5225 2142 5281 surde
2170 5225 2373 5279 animas
2404 5242 2417 5278 :
2451 5239 2555 5279 non
2583 5226 2704 5295 quia
2745 5234 2932 5280 ventus
2960 5235 3040 5280 est
3067 5227 3238 5281 anima
3257 5267 3274 5293 ,
3301 5226 3395 5281 sed
3420 5227 3548 5297 quia

1984 5316 2262 5372 invisibilis
2281 5326 2363 5372 est
2392 5326 2600 5383 ventus,
2634 5317 2873 5387 quamvis
2900 5333 2984 5371 res
3011 5332 3259 5386 corporea
3276 5360 3291 5383 ,
3319 5333 3547 5389 corpora

1984 5412 2281 5482 impellens,
2315 5419 2489 5466 tamen
2515 5412 2634 5480 quia
2660 5411 2872 5465 humani
2899 5410 3034 5465 oculi
3060 5410 3226 5466 aciem
3263 5410 3429 5484 fugit;
3462 5423 3550 5469 est

2045 5592 2062 5623 ι
2100 5621 2104 5626 .
2119 5599 2132 5612 ’

2045 5655 2066 5684 ¹
2082 5599 2525 5702 digitium
2538 5661 2551 5697 :
2564 5646 2681 5708 Quia
2694 5642 2813 5695 nihil
2829 5645 2975 5698 ventis
2989 5645 3205 5702 velocius.
3219 5648 3368 5704 Nostis
3383 5663 3545 5704 eomes

1981 5721 2207 5780 quantum
2225 5711 2310 5762 illa
2332 5709 2552 5780 facilitas,
2580 5716 2673 5758 etc.

2047 5779 2068 5811 ³
2097 5778 2170 5828 sic
2192 5784 2295 5827 Mss.
2321 5768 2376 5836 ﬁt
2400 5768 2706 5833 £dd.,'0eum
2727 5781 2813 5834 per
2837 5768 3047 5822 verbum.

3321 5894 3328 5899 .
3345 5890 3374 5900 ι.
