3984 6204
513 335 531 388 l
545 334 647 391 347

506 460 681 505 autem
705 448 878 505 anima
898 443 1207 508 invisibilis,
1240 449 1517 513 propterea
1552 440 1685 497 bene
1728 441 2069 515 intelligimus

504 543 710 597 animas
736 548 939 596 ventos.
971 536 1096 592 lude
1120 545 1199 591 est
1226 534 1365 607 quod
1402 544 1458 590 et
1487 534 1623 589 Deus
1652 532 1952 588 insultlasse
1989 533 2072 588 di-

504 635 641 690 citur
659 632 896 703 spiritum
917 629 1037 683 vitae
1064 628 1288 683 formato
1305 625 1531 688 homini;
1553 635 1598 680 et
1619 628 1782 696 factus
1807 634 1879 678 est
1920 625 2069 680 homo

503 726 555 778 in
596 724 815 778 animum
841 723 1079 776 viventem
1107 717 1253 790 (Gen.
1285 733 1344 783 ιι,
1373 716 1451 789 7).
1484 717 1622 786 Ergo
1669 716 1832 779 venti,
1879 716 2070 770 anime

505 817 554 869 in
585 816 830 885 allegoria
855 829 957 868 non
977 812 1205 867 absurde
1226 811 1570 879 accipiuntur.
1595 808 1782 865 Videte
1802 817 1976 863 autem
2001 823 2068 863 ne

503 908 697 996 pt‘etis
726 907 992 961 nominata
1010 904 1276 972 allegoria,
1310 901 1621 980 pantomimi
1654 900 1851 970 aliquid
1874 916 1958 955 me
1982 899 2067 980 di-

503 1004 660 1058 xisse.
680 1002 810 1057 Nam
835 1001 1074 1071 quaedam
1105 1001 1287 1062 verba,
1307 1000 1557 1069 quoniam
1581 1000 1739 1057 verba
1765 1006 1907 1065 sunt,
1922 1006 1977 1053 et
2001 1014 2068 1053 ex

506 1094 679 1163 lingua
713 1093 1022 1162 procedunt,
1049 1092 1347 1146 communia
1386 1090 1537 1146 nobis
1576 1100 1705 1146 sunt
1738 1089 1896 1144 etiam
1943 1103 2064 1142 cum

499 1189 657 1242 rebus
684 1186 920 1249 ludicris,
949 1193 1003 1240 et
1041 1200 1146 1239 non
1182 1184 1457 1239 honestis:
1482 1192 1660 1238 tamen
1698 1181 1870 1237 locum
1909 1196 2065 1236 suum

499 1278 693 1332 habent
714 1278 873 1331 verba
900 1279 999 1331 ista
1020 1279 1070 1330 in
1091 1277 1342 1335 Ecclesia.
1362 1285 1416 1330 et
1442 1275 1613 1329 locum
1634 1289 1793 1329 suum
1817 1274 1867 1328 in
1884 1288 2061 1353 scena.

495 1368 609 1422 Non
637 1368 777 1422 enim
799 1383 896 1438 ego
921 1369 1027 1422 dixi
1058 1367 1195 1433 quod
1225 1366 1509 1435 Apostolus
1536 1381 1641 1419 nou
1670 1364 1824 1428 dixit,
1850 1378 1970 1417 cum
1998 1362 2065 1417 de

494 1459 699 1513 duobus
728 1458 851 1513 liliis
893 1459 1119 1512 Abrahae
1160 1455 1550 1523 diceret:sz
1592 1465 1730 1523 sunt,
1779 1456 1967 1526 inquit,
2010 1456 2064 1509 in

494 1549 734 1620 allegoria
759 1548 949 1615 (Galat.
972 1565 1044 1610 tv,
1064 1548 1180 1619 9.5).
1206 1548 1467 1618 Allcgoria
1491 1548 1701 1609 dicitur,
1725 1563 1844 1601 cum
1862 1546 2062 1616 aliquit!

494 1640 633 1694 aliud
661 1640 867 1695 videtur
897 1655 1087 1694 sonare
1128 1639 1180 1693 iu
1220 1639 1393 1693 verbis
1412 1680 1429 1705 ,
1458 1648 1512 1694 et
1534 1638 1675 1693 aliud
1707 1638 1757 1692 in
1787 1637 2052 1692 intellectu

496 1731 808 1796 signiﬁcare.
839 1729 1117 1799 Quomodo
1138 1729 1331 1784 dicitur
1349 1729 1776 1799 agnustlhristus
1807 1728 1984 1799 (Joan.
2020 1743 2062 1793 ι,

494 1823 585 1892 29)
618 1842 633 1877 :
663 1822 917 1892 numquid
974 1820 1171 1891 pecus?
1217 1820 1324 1876 Leo
1364 1819 1606 1875 Christus
1650 1818 1833 1890 (Apoc.
1881 1819 2008 1887 v,5)
2041 1831 2058 1872 :

494 1913 745 1984 numquid
775 1914 978 1969 bestia?
1011 1913 1164 1968 Petra
1209 1912 1448 1967 Christus
1480 1911 1522 1982 (l
1548 1910 1666 1967 Cor.
1694 1928 1746 1977 χ,
1769 1912 1826 1980 4)
1856 1929 1870 1964 :
1901 1927 2059 1966 num-

492 2007 616 2078 quid
638 2007 864 2061 duritia?
898 2005 1046 2060 llons
1078 2004 1319 2060 Christus
1358 2002 1517 2077 (Dan.
1546 2020 1606 2061 ll.
1636 2002 1726 2075 55)
1763 2021 1776 2057 :
1804 2001 2058 2073 numquid

493 2107 670 2153 ttunor
698 2099 891 2151 terrm?
935 2097 1001 2150 Et
1046 2097 1124 2150 sic
1162 2096 1323 2149 multa
1365 2094 1505 2149 aliud
1553 2094 1796 2149 videntur
1844 2108 2056 2159 sonare,

491 2188 632 2243 aliud
658 2187 984 2256 significare;
1014 2195 1069 2242 et
1094 2196 1314 2241 vocatur
1341 2185 1612 2255 allegoria.
1635 2184 1764 2240 Nam
1792 2186 1879 2254 qui
1909 2193 2056 2254 putat

491 2294 578 2334 me
603 2279 670 2333 de
699 2277 905 2333 theatro
934 2278 1129 2332 dixisse
1152 2277 1481 2347 allegoriam,
1514 2285 1659 2345 putet
1686 2285 1741 2330 et
1772 2274 2050 2330 Dominum

491 2372 558 2425 de
598 2370 988 2441 amphitheatro
1025 2369 1221 2425 dixisse
1244 2369 1565 2438 parabolam.
1602 2367 1800 2427 Videtis
1832 2368 1953 2439 Quid
1984 2367 2057 2421 la-

489 2463 790 2518 ciatcivitas
805 2463 877 2534 ta)
893 2463 980 2517 ubi
993 2461 1565 2530 abundautspectacula
1580 2477 1595 2514 :
1612 2460 1661 2514 iu
1675 2475 1802 2530 agro
1821 2461 2056 2515 securius

489 2554 767 2624 loquerer;
797 2554 920 2624 quid
947 2555 1018 2608 sit
1043 2553 1482 2622 cuituallcgoria,
1512 2568 1618 2606 non
1649 2552 1718 2606 ibi
1748 2551 1883 2606 forte
1913 2552 2052 2605 didi-

493 2648 693 2701 cissmt
722 2647 960 2699 homines
984 2687 999 2709 ,
1033 2645 1129 2697 nisi
1161 2644 1210 2697 in
1237 2643 1523 2711 Scripturis
1564 2642 1677 2696 Dei.
1725 2642 1860 2712 Ergo
1913 2642 2054 2711 quod

490 2738 714 2791 dicimus
742 2736 1046 2806 allegoriam
1079 2736 1294 2804 ﬁgurant
1321 2750 1443 2788 esse
1464 2774 1477 2795 ,
1508 2743 1895 2790 sacramentum
1926 2734 2055 2804 ﬁgu-

488 2837 657 2880 ratum
686 2826 937 2892 allegoria
969 2834 1068 2880 est.
1104 2825 1169 2879 Et
1191 2824 1311 2890 quid
1342 2824 1426 2879 hic
1452 2824 1738 2892 accipimus
1763 2865 1778 2888 ,
1817 2824 2054 2878 Ascendit

486 2934 635 2989 super
662 2934 849 2986 pennas
870 2918 1163 2970 ventorum?
1196 2917 1451 2982 Diximus,
1484 2914 1619 2970 bene
1649 2916 1810 2984 accipi
1832 2919 2053 2986 ﬁgurate

487 3016 671 3063 ventos
689 3008 913 3062 animas.
944 3007 1134 3063 Penu:c
1162 3015 1438 3061 ventorum
1463 3045 1481 3072 ,
1525 3021 1711 3074 penna:
1757 3006 2049 3061 animarum

485 3115 603 3169 qua:
632 3109 775 3162 sunt,
805 3099 904 3152 nisi
947 3114 976 3152 a
1015 3097 1204 3168 quibus
1236 3112 1443 3152 sursum
1484 3097 1835 3153 attolluntur?
1860 3097 2050 3151 Penus:

485 3205 611 3259 ergo
633 3190 925 3244 animarum
957 3189 1194 3252 virtutes,
1226 3188 1361 3242 bona
1390 3203 1572 3258 opera,
1609 3197 1754 3243 recte
1796 3187 1949 3242 facta.
1992 3188 2045 3243 In

471 3274 687 3335 ‘dnabus
722 3280 820 3334 alis
846 3280 1041 3334 habent
1062 3294 1251 3333 omnes
1280 3294 1509 3348 pennas;
1541 3280 1716 3333 omnia
1743 3280 1884 3335 enim
1914 3295 2049 3348 pra:-

482 3383 633 3443 t-epta
662 3373 715 3427 in
744 3372 949 3427 duobus
986 3372 1264 3441 praeceptis
1313 3378 1454 3426 sunt.
1512 3371 1761 3441 Quisquis
1803 3371 2050 3427 dilexerit

470 3466 647 3520 ‘Dcum
677 3473 732 3519 et
754 3463 1075 3534 proximum,
1102 3463 1331 3518 animam
1362 3464 1520 3519 habet
1542 3472 1845 3532 pennatam,
1871 3465 2047 3521 liberis

481 3558 600 3619 alis,
633 3565 818 3610 sancto
846 3570 1028 3610 amore
1055 3555 1321 3609 volantem
1364 3554 1431 3609 ad
1462 3555 1761 3610 Dominum.
1792 3555 2045 3623 Quicum-

479 3648 901 3719 queiutplieatur
939 3660 1120 3700 amore
1166 3644 1383 3709 carnali,
1408 3646 1606 3700 viscum
1637 3645 1796 3701 habet
1824 3647 1873 3699 iu
1917 3660 2047 3715 pen-

483 3741 585 3794 nis.
612 3738 745 3793 Nam
765 3738 810 3791 si
834 3739 1006 3792 anima
1034 3751 1137 3791 non
1165 3735 1325 3791 habet
1344 3737 1456 3790 alas
1478 3745 1532 3790 et
1553 3741 1770 3805 pennas,
1798 3737 1938 3792 unde
1960 3738 2046 3791 ille

476 3843 694 3902 gemens
737 3830 789 3885 iu
846 3829 1272 3884 tribulationibus
1320 3827 1450 3883 dicit
1490 3845 1502 3881 :
1541 3846 1560 3880 ι
1584 3828 1713 3895 Quis
1737 3830 1881 3884 dabit
1916 3829 2043 3885 mihi

479 3937 698 3993 pennas,
725 3921 863 3975 sicut
883 3920 1142 3975 columba:
1163 3919 1187 3973 ?
1210 3937 1229 3970 ι
1259 3919 1325 3974 Ει
1348 3920 1585 3989 sequitur
1612 3937 1626 3973 :
1664 3938 1685 3973 ι
1717 3919 1786 3975 Ει
1812 3920 2000 3976 volabo
2023 3962 2039 3986 ,

475 4026 533 4069 et
558 4016 885 4085 requiescam
918 4032 938 4065 ι
968 4012 1141 4082 (Psal.
1168 4028 1273 4078 Ltv,
1297 4010 1373 4083 7).
1398 4011 1526 4068 ltem
1551 4013 1656 4068 alio
1680 4012 1801 4070 loco
1833 4032 1849 4070 :
1885 4033 1904 4066 ι
1930 4015 2044 4080 Quo

456 4110 563 4162 ibo
587 4123 616 4162 a
637 4107 823 4177 spiritu
843 4114 957 4170 tuo,
979 4113 1033 4161 et
1051 4120 1158 4175 quo
1177 4120 1206 4158 a
1237 4103 1371 4160 facie
1408 4113 1492 4159 tua
1523 4105 1713 4176 fugiam
1732 4106 1755 4160 ἲ
1777 4106 1831 4162 Si
1864 4121 2046 4162 ascen-

472 4200 670 4255 tlt'l‘O'itt
697 4199 912 4260 C(Bhtm,
936 4206 989 4250 tu
1020 4196 1092 4250 ibi
1112 4210 1205 4257 es;
1231 4195 1277 4251 si
1305 4195 1632 4251 descendero
1660 4196 1725 4252 ad
1757 4197 2040 4265 infernum,

476 4290 636 4352 ades;
667 4288 711 4341 si
736 4301 994 4354 accepero
1026 4300 1225 4355 pennas
1250 4300 1397 4359 meas
1420 4285 1557 4341 sicu't
1583 4287 1847 4349 columba,
1870 4296 1925 4342 et
1947 4303 2042 4342 vo-

475 4379 600 4434 labo
628 4379 680 4432 in
696 4386 935 4432 extrema
954 4376 1135 4433 maris.
1160 4376 1457 4447 i'l‘auquam
1478 4376 1710 4433 diceret:
1728 4379 2040 4447 Sicpossum

472 4469 656 4539 lugere
684 4483 714 4521 a
737 4465 872 4521 facie
902 4467 996 4522 ira:
1020 4475 1143 4531 tute,
1172 4466 1217 4522 si
1241 4481 1496 4536 accepero
1528 4483 1728 4537 pennas
1752 4480 1807 4523 ut
1839 4470 2043 4525 colum-

477 4563 565 4626 ba,
596 4569 649 4613 et
668 4559 917 4612 Wlkwcﬂ)
954 4558 1006 4612 in
1053 4568 1288 4613 extrema
1318 4559 1499 4613 maris.
1534 4559 1588 4613 lu
1616 4567 1851 4615 extrema
1880 4561 2042 4615 maris

475 4652 675 4716 volare,
719 4658 800 4703 est
828 4664 975 4719 spem
1015 4648 1124 4719 jam
1177 4648 1504 4719 praetendere
1544 4649 1599 4703 in
1638 4649 1794 4705 ﬁnem
1838 4652 2037 4715 smculi,

474 4740 742 4813 quomodo
783 4741 870 4795 ille
910 4741 998 4811 qui
1023 4739 1094 4796 ait
1127 4759 1140 4793 :
1179 4738 1292 4795 Hoc
1329 4741 1469 4796 labor
1509 4750 1581 4796 est
1610 4750 1725 4795 ante
1755 4758 1853 4809 me,
1880 4741 2041 4798 donec

471 4836 729 4888 introeamt
741 4832 796 4885 in
811 4832 1154 4886 sanctuarium
1178 4830 1289 4899 Dei,
1315 4840 1359 4886 et
1379 4832 1657 4905 intelligam
1688 4833 1741 4887 in
1775 4833 2040 4888 novissima

474 4926 646 4996 (Ptol.
683 4940 831 4983 Lxxu
851 4967 869 4989 ,
895 4924 985 4991 £6,
1016 4926 1127 4995 £7).
1152 4926 1217 4981 Et
1244 4925 1509 4996 quomodo
1534 4925 1681 4981 venit
1722 4926 1772 4979 in
1802 4937 2039 4983 extrema

474 5009 661 5085 maris,
701 5018 858 5073 etiam
904 5019 1133 5089 acceptis
1168 5019 1393 5089 pennis?
1442 5017 1637 5074 Etenim
1677 5019 1819 5083 illuc,
1850 5020 2035 5091 inquit,

481 5126 659 5166 manus
712 5122 799 5164 tun
834 5110 1043 5165 deducet
1088 5126 1199 5172 me,
1227 5120 1274 5164 et
1314 5112 1548 5180 perducet
1584 5128 1663 5166 me
1699 5113 1904 5178 dextera
1952 5123 2040 5168 tua

478 5196 648 5266 (Ρωι.
671 5212 933 5269 cxxxvin,
964 5200 1137 5274 7-t0).
1162 5202 1295 5258 Nam
1321 5212 1376 5259 et
1403 5219 1522 5260 cum
1563 5205 1750 5275 pennis
1779 5205 1922 5261 meis
1950 5221 2039 5262 ca-

475 5312 601 5353 sura
627 5312 767 5363 sum,
795 5297 894 5351 nisi
923 5305 980 5350 tu
1006 5294 1254 5352 deducas.
1278 5296 1417 5367 Ergo
1442 5297 1552 5352 alas
1574 5297 1769 5354 habent
1799 5299 1963 5354 bonas
1986 5307 2041 5355 et

480 5386 697 5451 liberas,
720 5395 774 5441 et
796 5386 941 5441 nullo
953 5385 1099 5442 visco
1114 5386 1389 5465 obligatas,
1404 5388 1593 5442 anima:
1609 5387 1743 5443 bene
1760 5397 2039 5459 operantes

482 5488 745 5549 praecepta
795 5480 906 5543 Dei,
954 5478 1210 5534 habentes
1254 5479 1562 5535 charitatem
1606 5479 1674 5537 de
1717 5482 2039 5537 conscientia
2087 5550 2092 5554 ,

412 5628 417 5633 ,
478 5584 609 5638 pura
636 5577 692 5626 et
714 5569 815 5625 lide
848 5586 952 5627 non
990 5572 1110 5628 ﬂeta
1150 5572 1197 5643 (Ι
1220 5572 1351 5628 Tim.
1384 5589 1425 5641 ι,
1446 5573 1524 5645 5).
1559 5572 1664 5631 Sed
1704 5575 2040 5645 quantumvis

479 5660 582 5715 sint
612 5660 845 5730 prmditze
868 5662 1148 5720 virtutibus
1168 5660 1459 5741 charitatis,
1485 5664 1610 5737 quid
1638 5664 1708 5721 ad
1734 5664 1878 5721 illam
1908 5664 2041 5722 dile-

535 5768 612 5829 (u)
641 5764 888 5826 Camnae.

1731 327 1792 385 S.
1830 327 2193 387 AUGUSTI!“
2233 329 2534 387 EPISCOPI

3618 343 3815 411 i348~

2182 443 2411 497 ctionem
2430 443 2544 503 Dei.
2570 457 2671 513 qua
2699 444 3060 514 suutdilectre,
3078 448 3237 504 etiam
3260 464 3381 506 cum
3404 451 3551 510 visco
3570 467 3755 512 essent

2178 533 2492 604 implicata?
2533 536 2701 609 Major
2743 554 2869 611 ergo
2904 541 2965 601 _iu
3020 556 3119 597 uos
3154 543 3371 598 dilectio
3416 546 3532 612 Dei,
3588 565 3746 618 quam

2181 634 2360 679 nostra
2390 625 2440 680 iu
2468 626 2634 681 illum.
2660 627 2850 684 Nostra
2888 629 3101 685 dilectio
3130 647 3320 701 penna:
3350 646 3545 693 nostra:
3579 650 3747 697 sunt:

2175 715 2269 770 sed
2300 716 2386 772 ille
2413 717 2635 773 ambulat
2669 731 2723 774 et
2747 736 2899 789 super
2919 738 3108 790 pennas
3148 734 3427 779 ventorum.

2246 809 2330 862 Μ.
2358 808 2474 863 Jam
2512 810 2716 865 dicebat
2753 811 3061 880 quihusdam
3106 816 3388 884 Apostolus
3429 835 3442 868 :
3493 837 3512 869 ι
3565 819 3761 877 Flecto

2172 914 2338 967 genua
2367 916 2479 956 mea
2506 916 2599 971 pro
2627 902 2776 957 vobis
2800 904 2863 956 ad
2893 904 3096 960 Patrem
3118 948 3132 968 ,
3174 915 3227 960 ut
3254 907 3343 962 dct
3378 906 3524 964 vobis
3552 927 3748 968 secun-

2171 991 2293 1044 dutu
2342 992 2643 1048 interiorem
2683 994 2947 1050 hominem
2993 996 3228 1052 habitare
3257 998 3522 1056 Christum
3563 1018 3660 1073 prr
3691 1006 3763 1059 ti-

2170 1083 2288 1138 dem
2319 1084 2367 1137 in
2404 1084 2654 1141 cordibus
2681 1087 2904 1150 vestris,
2947 1096 3001 1140 ut
3046 1088 3095 1142 in
3143 1088 3401 1146 charitate
3441 1092 3662 1150 radicati
3694 1106 3757 1153 et

2169 1172 2388 1229 fundati.
2420 1197 2439 1228 ι
2470 1175 2583 1230 Jum
2605 1178 2697 1230 dat
2723 1177 2826 1231 illis
2851 1178 3157 1233 cbaritatem
3188 1181 3356 1250 ‘.j:tm
3382 1182 3473 1237 dat
3498 1184 3597 1239 illis
3629 1186 3759 1241 alas

2167 1275 2220 1320 et
2271 1283 2487 1337 pennas.
2538 1266 2603 1324 Ut
2650 1270 2885 1336 possitis,
2930 1270 3128 1340 inquit,
3167 1275 3585 1342 comprehendere
3632 1296 3763 1347 qua:

2165 1357 2230 1409 sit
2258 1357 2490 1418 latitudo,
2517 1358 2797 1430 longitudo,
2829 1359 3043 1416 altitudo
3065 1371 3111 1415 et
3128 1363 3451 1432 profundum.
3482 1365 3763 1423 Fortassis

2164 1461 2375 1504 crucem
2409 1448 2613 1503 Domini
2641 1450 2924 1520 signiﬁcat.
2954 1451 3080 1507 Erat
3102 1454 3240 1507 enim
3273 1454 3493 1511 latitudo
3514 1500 3528 1524 ,
3557 1459 3610 1512 in
3639 1476 3758 1531 qua

2165 1550 2420 1608 porrectae
2457 1548 2580 1597 sunt
2614 1557 2829 1608 manus;
2864 1543 3131 1614 longitudo
3158 1559 3186 1598 a
3222 1554 3360 1600 terra
3391 1561 3645 1618 surgens,
3692 1551 3755 1607 in

2163 1644 2264 1699 qua
2302 1640 2415 1685 erat
2438 1646 2629 1702 corpus
2664 1633 2920 1701 infixum;
2947 1635 3169 1691 altitudo
3188 1679 3202 1702 ,
3230 1637 3298 1694 ab
3327 1639 3416 1694 illo
3443 1640 3650 1699 devexo
3681 1645 3757 1700 lia

2161 1736 2267 1792 gno
2293 1738 2501 1778 sursum
2543 1725 2683 1794 quod
2723 1727 2960 1790 eminet;
2999 1729 3332 1796 profundum,
3366 1733 3452 1789 ubi
3492 1734 3597 1790 lixa
3625 1744 3754 1794 erat

2161 1827 2289 1867 crux
2309 1855 2325 1878 ,
2353 1824 2407 1869 et
2436 1814 2504 1869 ibi
2532 1816 2707 1870 omnis
2735 1830 2857 1887 spes
2892 1818 3013 1872 vitae
3049 1826 3264 1875 nostra}.
3307 1820 3556 1879 Latitudo
3593 1829 3749 1883 enim

2161 1912 2243 1958 est
2290 1905 2343 1958 in
2398 1904 2550 1961 bonis
2594 1907 2883 1977 operibus,
2937 1909 3291 1980 longitudin
3344 1921 3754 1984 perseverando

2159 2007 2326 2062 usque
2358 1993 2406 2047 iu
2431 1994 2610 2060 linem,
2627 1998 2848 2052 altitudo
2877 2008 3093 2070 propter
3109 2000 3328 2058 Sursum
3346 2020 3459 2072 cor,
3482 2016 3539 2062 ut
3558 2011 3749 2066 omnia

2160 2083 2296 2138 bona
2323 2100 2483 2155 opera
2511 2096 2690 2142 nostra
2715 2130 2731 2154 ,
2761 2087 2812 2142 in
2844 2090 3036 2159 quibus
3060 2106 3462 2161 perseveramus
3486 2113 3660 2168 usque
3691 2101 3747 2155 in

2161 2174 2340 2244 linem,
2369 2178 2621 2234 habentes
2640 2180 2971 2257 latitudinem,
2995 2199 3097 2254 qua
3123 2185 3144 2216 ⁹
3168 2185 3305 2241 bene
3329 2204 3615 2256 operantur
3636 2234 3652 2256 ,
3689 2201 3749 2247 et

2160 2269 2538 2340 longitudinem
2577 2288 2676 2341 qua
2704 2288 3102 2342 perseveramus
3131 2264 3298 2348 usque
3322 2279 3372 2333 in
3403 2279 3562 2336 linem
3584 2323 3600 2349 ,
3631 2300 3745 2339 non

2159 2359 2410 2416 faciamus
2450 2364 2550 2418 nisi
2600 2378 2694 2435 spe
2741 2364 3032 2421 cmlestium
3080 2370 3439 2439 praemiorum.
3484 2372 3602 2445 Ipsa
3652 2387 3741 2430 est

2156 2456 2294 2507 enim
2319 2454 2575 2521 altitudo,
2606 2472 2709 2510 non
2744 2456 2829 2510 hic
2852 2473 3089 2528 qurerere
3118 2462 3414 2518 mercedem
3436 2505 3449 2528 ,
3480 2466 3575 2520 sed
3624 2485 3745 2522 sur-

2155 2559 2304 2609 sum;
2345 2560 2410 2600 ne
2439 2546 2644 2601 dicatur
2669 2547 2821 2602 nobis
2850 2564 2863 2601 :
2889 2551 3043 2602 Amen
3065 2549 3178 2605 dico
3201 2553 3369 2619 vobis,
3406 2566 3745 2627 perceperunt

2156 2640 2426 2690 mercedem
2466 2654 2609 2691 suam
2653 2637 2861 2708 (Matth.
2906 2654 2954 2693 Vl
2981 2682 2997 2706 ,
3048 2640 3129 2712 2).
3183 2642 3498 2698 Profundum
3548 2656 3739 2702 autem

2154 2727 2292 2797 quod
2322 2727 2449 2791 dixi,
2475 2727 2562 2783 ubi
2593 2728 2693 2783 lixa
2719 2740 2831 2785 erat
2858 2744 2977 2800 pars
3010 2733 3200 2797 crucis,
3226 2743 3278 2789 et
3300 2751 3403 2789 non
3431 2735 3739 2806 videbatur;

2155 2818 2277 2875 inde
2297 2821 2579 2890 surgebant
2608 2837 2725 2891 qtttc
2749 2822 3082 2879 videbantur.
3110 2826 3243 2893 Quid
3273 2838 3354 2883 est
3375 2830 3513 2897 quod
3542 2833 3740 2887 occul-

2156 2922 2261 2965 tum
2287 2921 2398 2975 est,
2428 2923 2481 2968 et
2506 2930 2610 2968 non
2628 2915 2901 2983 publicum
2935 2916 2987 2971 in
3016 2918 3290 2975 Ecclesia?
3325 2921 3737 2980 Sacrameutum

2154 3001 2424 3072 Baptismi,
2454 3013 2839 3059 sacramentum
2874 3006 3239 3064 Eucharisttm.
3266 3010 3434 3083 Opera
3459 3014 3600 3068 enim
3629 3031 3737 3069 uo-

2151 3104 2258 3147 stra
2290 3094 2422 3148 bona
2464 3095 2643 3150 vident
2670 3109 2720 3177 et
2750 3096 2941 3168 Pagani
2962 3141 2978 3165 ,
3005 3098 3345 3159 Sacramenta
3375 3119 3505 3162 vero
3549 3111 3738 3163 occul-

2153 3195 2330 3240 tantur
2359 3187 2458 3240 illis
2488 3205 2503 3242 :
2532 3188 2622 3243 sed
2656 3190 2723 3243 ab
2759 3191 2842 3246 bis
2869 3208 2987 3260 qua:
3015 3204 3119 3248 non
3148 3195 3362 3264 vident,
3391 3211 3612 3271 surgunt
3638 3204 3734 3258 illa

2150 3293 2267 3347 quae
2296 3278 2475 3333 vident
2501 3278 2555 3343 ';
2588 3279 2726 3334 sicut
2767 3296 2795 3343 a
2827 3281 3089 3352 profundo
3113 3287 3287 3343 crucis
3311 3289 3451 3359 quod
3496 3291 3549 3346 in
3578 3300 3730 3349 terra

2150 3368 2358 3437 (igitur,
2388 3369 2554 3439 surgit
2594 3379 2696 3424 tota
2728 3386 2853 3426 crux
2892 3389 3010 3443 qoze
3038 3384 3257 3445 apparet
3284 3387 3341 3434 et
3362 3382 3619 3437 cernitur.
3664 3385 3734 3440 Et

2149 3460 2275 3530 quid
2312 3462 2528 3531 postea?
2569 3462 2700 3517 Cum
2745 3463 2847 3519 hoc
2871 3464 3093 3523 dixisset
3137 3472 3456 3539 Apostolus,
3483 3476 3728 3545 adjecit,

2150 3552 2295 3606 Scire
2318 3553 2466 3607 etiam
2493 3555 2939 3625 supereminentem
2964 3559 3222 3614 scientiam
3257 3562 3514 3620 charitatis
3535 3566 3734 3624 Christi

2148 3639 2364 3713 (Ephes.
2393 3660 2449 3699 ut
2469 3686 2484 3708 ,
2515 3644 2734 3719 14-19);
2763 3662 2880 3702 cum
2903 3648 3012 3718 jam
3036 3649 3233 3708 dictum
3258 3653 3470 3723 fuisset,
3500 3657 3568 3713 In
3594 3663 3731 3715 cloa-

2145 3734 2294 3788 ritate
2333 3736 2548 3790 radicati
2581 3747 2628 3792 et
2660 3740 2876 3809 fundati.
2921 3741 3125 3796 Amatis
3162 3745 3303 3799 enim
3331 3746 3600 3805 Christum
3628 3796 3646 3820 ,
3675 3764 3731 3809 et

2147 3825 2267 3880 ideo
2297 3826 2348 3880 iu
2375 3841 2534 3907 cruce
2560 3829 2870 3898 operamini.
2899 3828 3001 3886 Sed
3043 3836 3295 3905 numquid
3323 3841 3509 3895 amatis
3547 3856 3729 3913 quan-

2149 3925 2258 3970 tum
2279 3932 2374 3972 vos
2394 3917 2482 3973 ille
2501 3919 2738 3974 amavit?
2764 3922 3001 3977 Amando
3029 3934 3204 3980 autem
3234 3939 3730 4004 quantumcumque

2130 4009 2356 4074 amatis,
2382 4009 2569 4065 volatis
2589 4010 2655 4065 ad
2693 4012 2863 4082 ipsum
2886 4055 2901 4080 ,
2933 4024 2991 4068 ut
3015 4020 3345 4087 cognoscatis
3370 4026 3729 4092 quemadmo-

2146 4096 2269 4151 dum
2303 4099 2414 4168 ipse
2435 4116 2529 4155 vos
2551 4103 2841 4169 amaverit;
2865 4104 2967 4160 hoc
2990 4115 3070 4161 est
3088 4149 3103 4169 ,
3134 4096 3397 4167 ut'sciatis
3422 4121 3729 4185 superemi-

2146 4192 2378 4247 ucutiam
2405 4193 2674 4249 charitatis
2699 4195 2912 4252 Christi.
2944 4200 3147 4255 Amatis
3174 4205 3314 4258 enim
3344 4200 3437 4261 vos
3465 4219 3728 4278 quauttun

2146 4284 2385 4351 potestis,
2408 4293 2462 4339 et
2481 4286 2670 4341 velatis
2690 4297 2940 4357 quantum
2968 4292 3189 4360 potestis
3218 4312 3231 4348 :
3254 4294 3349 4349 sed
3373 4297 3461 4353 ille
3484 4301 3731 4358 ambulat

2145 4382 2200 4429 et
2231 4388 2389 4444 super
2418 4391 2617 4445 pennas
2643 4388 2941 4433 ventorum.
2975 4380 3076 4447 Qui
3099 4385 3321 4438 ambulat
3349 4404 3499 4457 super
3526 4408 3731 4460 pennas

2144 4474 2421 4519 ventorum.

2217 4556 2301 4610 l5.
2334 4554 2481 4629 [vers.
2510 4555 2588 4631 4.]
2619 4557 2720 4626 Qui
2746 4560 2867 4630 facit
2886 4559 3091 4631 angelos
3109 4579 3225 4617 suos
3245 4566 3470 4634 spiritus,
3502 4580 3547 4622 et
3567 4574 3730 4628 mini-

2143 4655 2271 4699 stros
2294 4664 2411 4703 suos
2432 4649 2597 4719 ignem
2622 4649 2940 4720 ﬂagrantem.
2975 4649 3039 4706 Et
3070 4652 3190 4717 hoc,
3221 4660 3459 4726 quamvis
3491 4675 3599 4717 non
3635 4668 3726 4720 vi-

2142 4733 2361 4790 deamus
2380 4738 2760 4808 apparitionem
2776 4740 3114 4810 Angelorum;
3139 4744 3386 4801 abscontﬁ
3395 4759 3442 4801 ta
3465 4763 3545 4805 εει
3569 4756 3726 4810 enim

2144 4824 2211 4879 ab
2241 4826 2420 4881 'oculis
2443 4827 2638 4882 nostris
2659 4869 2673 4894 ,
2702 4838 2756 4884 et
2774 4839 2856 4884 est
2881 4831 2933 4884 in
2961 4831 3184 4901 quadam
3218 4836 3486 4905 republica
3526 4858 3728 4915 magna

2144 4917 2475 4989 imperatoris
2498 4920 2586 4975 Dei
2608 4962 2623 4986 ,
2643 4932 2819 4976 tamen
2842 4937 2961 4978 esse
2982 4925 3208 4994 Angelos
3228 4927 3471 4986 novimus
3490 4948 3556 4988 ex
3588 4938 3726 5005 tide,

2143 5020 2197 5065 et
2222 5012 2399 5066 multis
2434 5013 2741 5082 apparuisse
2778 5014 3031 5095 scriptum
3058 5014 3313 5089 legimus,
3343 5028 3396 5076 et
3437 5031 3688 5084 tenemus
3709 5072 3731 5097 ,

2144 5116 2261 5161 uec‘
2283 5104 2405 5161 inde
2432 5105 2674 5161 dubitare
2704 5105 2782 5162 fas
2810 5108 2962 5165 nobis
2988 5118 3089 5165 est.
3133 5110 3358 5181 Spiritus
3397 5125 3575 5172 alutam
3616 5123 3744 5177 Ar,-

2141 5199 2244 5268 geli
2264 5210 2420 5265 sunt;
2447 5207 2502 5255 et
2527 5214 2645 5254 cum
2670 5201 2885 5270 spiritus
2908 5212 3050 5269 sunt,
3080 5219 3185 5260 non
3211 5215 3333 5262 sunt
3353 5212 3562 5281 angeli;
3590 5230 3728 5271 cum

2143 5291 2452 5359 mittuntur,
2484 5292 2616 5347 liunt
2653 5295 2843 5366 angeli.
2873 5297 3106 5369 Angelus
3141 5302 3283 5357 enim
3321 5305 3480 5360 ofﬁcii
3517 5322 3729 5367 nomen

2143 5392 2224 5438 est
2243 5424 2258 5449 ,
2289 5399 2394 5437 non
2422 5394 2642 5439 naturae.
2672 5386 2876 5455 Qumris
2903 5390 3094 5444 numen
3116 5390 3271 5461 hujus
3298 5405 3499 5451 natura:
3520 5438 3535 5460 ,
3558 5401 3734 5467 spiri~

2144 5484 2229 5531 tus
2252 5485 2352 5541 est;
2382 5478 2574 5546 quzeris
2593 5477 2848 5547 ofﬁcium,
2870 5483 3088 5553 angelus
3111 5493 3196 5540 est
3223 5502 3238 5539 :
3264 5498 3329 5541 ex
3356 5502 3423 5541 eo
3442 5491 3585 5560 quod
3608 5505 3729 5561 est,

2209 5587 2227 5652 ξ
2258 5587 2342 5652 uie
2361 5588 2408 5637 in
2431 5587 2542 5638 add.
2564 5589 2768 5651 additur,
2795 5600 2922 5643 Deus
2944 5606 2964 5644 :
2984 5596 3110 5652 quod
3134 5609 3159 5645 a
3182 5603 3285 5649 Mss.
3309 5599 3467 5652 abest.

2207 5649 2230 5722 ξ
2261 5646 2445 5722 etiam
2462 5652 2684 5722 ιιι-’ξεδξρο
2700 5646 2987 5722 είρτοδίεηο
3002 5646 3130 5718 loco.
3151 5646 3281 5722 φιίῶ

2210 5709 2231 5742 ³
2260 5710 2334 5759 Sic
2481 5720 2539 5762 Αι
2557 5713 2690 5775 Edd.,
2712 5709 2798 5767 sed
2820 5715 2882 5768 ab
2904 5717 2977 5770 his
2997 5730 3104 5782 qui:
3118 5709 3300 5785 rident,
3324 5724 3609 5789 κηρυκηίαι
3633 5726 3737 5780 Illa

2143 5782 2357 5835 autem
2378 5772 2553 5826 rideat.
