4012 6202
221 420 378 478 ,549
1240 455 1244 459 .
1330 395 1724 460 ENARRATIO
1761 389 1827 446 IN
1865 387 2183 448 PSALMUM
2212 392 2340 450 cm.

223 536 460 607 spiritus
497 540 610 594 est;
640 546 703 584 ex
736 542 802 584 eo
829 525 967 598 quod
998 524 1135 595 agit,
1165 521 1380 592 angelus
1407 527 1508 607 est.
1537 513 1668 568 Vide
1695 507 1822 564 illud

226 605 288 680 iu
325 626 563 680 homine.
599 621 803 675 Nomen
838 629 1037 672 natura:
1081 615 1276 675 homo,
1304 605 1465 664 ofﬁcii
1495 607 1644 660 miles
1677 621 1689 656 :
1731 617 1828 656 no-

228 736 369 774 men
395 727 596 771 natura:
618 715 721 778 vir,
751 711 911 765 ofﬁcii
952 723 1155 778 pr.eco;
1191 705 1350 760 homo
1369 702 1511 756 enim
1540 699 1596 752 ﬁt
1615 710 1821 768 prmco,

229 815 289 868 id
341 823 422 865 eat
443 855 458 874 ,
487 811 574 879 qui
603 810 762 862 homo
801 814 914 859 erat
939 802 995 857 ﬁt
1035 815 1236 871 prmco;
1265 813 1370 850 non
1401 795 1487 865 qui
1514 801 1627 846 erat
1653 801 1828 858 praeco

1935 506 2063 561 tebit
2091 525 2104 560 :
2131 525 2248 580 qua:
2278 525 2557 580 possumus
2583 513 2873 581 videamus,
2902 532 2963 571 ex
2995 517 3078 574 his
3096 535 3213 589 qum
3235 522 3494 591 videmus,

1934 597 2079 652 illum
2127 600 2402 657 laudemus
2445 613 2499 659 et
2549 619 2806 662 amemus.
2851 606 3232 670 Convertamus
3282 632 3382 673 nos
3428 619 3496 674 ad

1930 697 2271 763 quaerendum
2312 698 2506 769 aliquid
2551 701 2635 755 hic
2679 704 2728 756 in
2762 703 2922 773 ﬁgura
2952 709 3197 775 positum.
3248 709 3500 766 Fundani!

1933 794 2115 838 terram
2135 828 2150 854 ,
2181 788 2417 860 intelligo
2442 791 2750 848 Ecclesiam.
2788 795 2987 850 Domini
3008 811 3076 853 est
3103 810 3231 854 terra
3258 813 3304 854 et
3345 803 3502 871 pleni-

233 907 300 958 fit
351 904 532 959 homo.
578 899 667 953 Sic
695 912 821 966 ergo
859 894 948 966 qui
979 899 1130 947 erant
1164 888 1272 958 jam
1311 885 1526 956 spiritus
1563 879 1760 935 conditi
1797 891 1826 929 a

233 1007 492 1050 creatore
519 992 663 1053 Deo,
699 989 819 1042 facit
848 977 939 1041 eos
975 982 1211 1052 angelos,
1260 974 1516 1031 mittendo
1556 986 1652 1027 eos
1695 985 1828 1022 nun-

238 1091 383 1142 tiare
427 1055 852 1155 quod'jnsserit;
892 1087 944 1130 et
974 1075 1147 1145 ignem
1179 1071 1484 1139 flagrantem
1529 1064 1648 1117 facit
1668 1059 1833 1155 inini-

239 1194 388 1234 stros
425 1149 574 1230 suos.
603 1149 863 1241 Legimus
880 1164 1188 1236 apparuisse
1213 1162 1385 1230 ignem
1406 1158 1457 1210 in
1480 1155 1612 1209 rubo
1638 1149 1828 1223 (Exod.

245 1290 304 1328 ιιι
327 1316 340 1337 ,
365 1270 451 1339 2),
481 1269 711 1338 legimus
737 1265 894 1317 etiam
923 1260 1139 1312 missum
1169 1255 1338 1324 ignem
1371 1249 1622 1316 desuper,
1658 1254 1709 1296 et
1737 1244 1833 1294 im-

241 1365 426 1434 plesse
449 1358 591 1430 quod
621 1363 937 1424 praieeptum
960 1363 1059 1403 est.
1085 1344 1396 1427 Ministravit
1415 1354 1562 1407 ergo,
1585 1352 1704 1438 cum
1734 1344 1831 1438 int:

250 1424 425 1524 pleret
455 1424 479 1504 ε⁷
498 1467 622 1504 cum
650 1456 809 1506 esset,
846 1446 895 1497 in
926 1451 1108 1496 natura
1130 1453 1222 1491 sua
1246 1444 1386 1495 erat;
1419 1446 1535 1485 cum
1558 1427 1665 1497 egit
1692 1424 1830 1527 quod

250 1517 461 1617 'jussum
489 1553 600 1604 est,
629 1536 978 1592 ministerium
1011 1529 1263 1599 implevit.
1297 1525 1386 1581 Sic
1413 1520 1702 1576 secundum
1743 1517 1829 1569 lit-

252 1650 424 1692 teram
451 1636 502 1687 in
527 1642 788 1686 creatura.
825 1680 830 1684 .

327 1727 417 1781 16.
445 1724 581 1793 Quid
612 1729 695 1776 est
719 1728 892 1773 autem
934 1715 984 1767 in
1015 1710 1244 1766 Ecclesia
1277 1704 1532 1777 ﬁgurate?
1560 1697 1834 1769 Quomodo

251 1820 550 1889 accipimus
569 1858 584 1880 ,
620 1815 715 1882 Qui
749 1812 868 1882 facit
896 1807 1098 1875 angelos
1125 1819 1241 1857 suos
1258 1798 1483 1869 spiritus,
1511 1805 1555 1848 et
1586 1793 1842 1889 ministros

257 1881 387 1964 suos.
400 1911 566 1980 ignem
588 1881 915 1975 ﬂagrantem?
941 1898 1168 1966 Spiritus
1195 1888 1493 1982 spirituales
1525 1885 1673 1982 dicit.
1698 1881 1836 1982 iit-ne

253 2003 385 2057 facit
410 1975 632 2068 angelus
658 2009 781 2049 suos
800 1989 1122 2061 spirituales,
1152 1984 1200 2037 id
1224 1990 1305 2036 cst
1334 1978 1545 2033 nuntios
1568 1975 1709 2027 verbi
1733 1975 1833 2074 sui.

257 2093 562 2163 Spiritualis
595 2090 727 2142 enim
768 2085 937 2138 omnia
965 2079 1200 2151 judicat;
1228 2075 1335 2143 ipse
1371 2081 1534 2122 autem
1577 2084 1607 2118 a
1646 2080 1841 2163 nemine

258 2155 640 2256 dijntlicaturﬂ
687 2177 806 2232 Cor.
840 2191 906 2239 ιι,
955 2169 1065 2242 ιδ).
1114 2167 1247 2221 Vide
1293 2159 1613 2256 spiritualem
1648 2155 1838 2256 unum

259 2250 510 2347 angelum
545 2250 659 2327 Dei.
690 2270 809 2324 Non
839 2265 996 2336 potui,
1020 2261 1182 2331 inquit
1205 2301 1219 2319 ,
1248 2255 1381 2310 vobis
1409 2252 1539 2349 loqui
1568 2250 1710 2320 quasi
1737 2250 1840 2349 spi-

260 2341 533 2421 ritimlibus
557 2407 572 2429 ,
617 2363 705 2417 sed
732 2359 876 2429 quasi
912 2353 1195 2410 carnalibus
1224 2347 1332 2420 (Id.
1366 2361 1454 2407 ιιι,
1488 2341 1563 2413 1).
1589 2343 1659 2394 De
1683 2341 1842 2408 Spiri-

263 2460 391 2512 tuali
422 2454 650 2524 quadam
677 2450 954 2506 affectione
980 2447 996 2476 ¹
1023 2443 1213 2497 missus
1235 2449 1313 2493 est
1341 2435 1406 2490 ad
1433 2433 1701 2524 carnales,
1724 2441 1840 2482 tan-

264 2565 425 2619 quam
444 2522 677 2615 angelus
704 2543 766 2595 de
789 2540 924 2595 C(Blo
951 2535 1016 2589 ad
1047 2544 1260 2587 terram.
1292 2524 1570 2596 Quomodo
1603 2522 1729 2619 dicit
1749 2532 1842 2619 ,‘et

265 2611 670 2693 titinistrosvsuos
693 2635 857 2703 ignem
893 2631 1192 2698 ﬂagrantem
1214 2662 1227 2685 ,
1259 2619 1355 2672 nisi
1389 2613 1654 2686 quomodo
1681 2611 1840 2674 dicit,

267 2735 472 2803 Spiritu
519 2734 756 2802 ferventes
802 2724 977 2794 (Rom.
1027 2735 1132 2782 xu,
1184 2713 1314 2781 ll)?
1348 2710 1436 2764 Sic
1465 2708 1606 2808 enim
1637 2705 1843 2808 fervens

265 2794 496 2896 spiritu,
519 2794 662 2889 ignis
692 2816 880 2869 ardens
910 2820 990 2864 est
1030 2807 1200 2862 omnis
1240 2802 1479 2856 minister
1505 2797 1623 2885 Dei.
1660 2794 1845 2896 l-‘ionne

268 2886 495 2970 ardebat
523 2886 858 2979 Sitepbamts?
901 2903 1014 2970 Quo
1045 2901 1163 2970 igne
1205 2891 1456 2950 ardebat?
1497 2897 1550 2945 et
1591 2886 1845 2986 quisnillc

267 3006 412 3075 ignis
440 3013 588 3062 erat,
619 2976 830 3069 quando
873 2990 1199 3062 lapidabatur
1219 3025 1235 3051 ,
1268 2992 1321 3039 et
1365 2996 1461 3051 pro
1500 2980 1629 3077 eis-ti
1658 2976 1846 3077 quibus

266 3068 608 3165 [Epidabatur
638 3068 851 3159 rogabat
877 3085 1011 3157 (Act.
1047 3096 1116 3133 vn
1139 3121 1152 3143 ,
1185 3075 1272 3145 59)
1293 3075 1316 3127 ?
1340 3074 1471 3128 Cum
1501 3070 1650 3165 audis
1670 3110 1684 3132 ,
1708 3068 1846 3165 Ignis

267 3159 353 3243 est
386 3187 625 3240 minister
665 3181 755 3235 Dei
780 3196 795 3244 ;
825 3178 1161 3231 incensurum
1190 3170 1337 3222 illum
1380 3162 1571 3234 putas?
1600 3159 1850 3214 lnccndat

269 3283 424 3343 licet,
455 3276 548 3330 sed
583 3276 754 3327 fenum
780 3281 944 3331 tuum;
975 3264 1024 3318 id
1055 3271 1154 3321 est,
1184 3256 1412 3313 carnalia
1439 3254 1609 3309 omnia
1637 3251 1847 3307 deside-

269 3374 354 3425 ria
390 3380 473 3422 tua
518 3375 634 3420 urat
676 3362 919 3417 minister
957 3357 1086 3420 Dei,
1134 3351 1424 3422 pra‘dicans
1469 3347 1684 3400 verbum
1736 3343 1848 3397 Dei.

271 3459 419 3515 Audi
449 3460 592 3512 illum
624 3475 637 3509 :
679 3454 766 3508 Sic
804 3467 894 3503 nos
931 3446 1177 3502 existimet
1207 3443 1352 3496 homo
1373 3482 1387 3506 ,
1430 3437 1572 3508 quasi
1599 3434 1851 3488 ministros

269 3554 493 3615 Christi,
525 3560 570 3603 et
593 3549 959 3616 dispensatores
979 3538 1324 3610 mysteriorum
1354 3533 1444 3587 Dei
1467 3533 1506 3606 (Ι
1530 3531 1646 3587 Cor.
1675 3545 1741 3587 tv.
1776 3528 1850 3591 1).

274 3645 562 3716 Quomodo
592 3653 766 3696 autem
811 3635 1066 3696 ardebat,
1093 3645 1212 3685 cum
1240 3629 1439 3683 diceret
1469 3645 1482 3680 :
1515 3623 1584 3678 0s
1630 3630 1854 3716 nostrum

279 3710 422 3810 patet
445 3737 512 3790 ad
534 3752 616 3790 ros
633 3777 649 3798 ,
672 3754 700 3787 υ
725 3728 962 3786 Corinthii
983 3742 1001 3789 ,'
1036 3741 1121 3778 cor
1146 3731 1367 3775 nostrum
1403 3717 1763 3811 dilatatam-est
1790 3710 1855 3811 ςιι

279 3803 408 3886 lior.
431 3845 502 3892 vt,
537 3824 662 3897 ll)?
685 3821 916 3877 Ardebat
943 3827 994 3870 et
1012 3813 1264 3885 flagrabat
1291 3808 1566 3868 cbaritate,
1589 3814 1640 3857 et
1665 3803 1771 3897 ibat
1798 3803 1849 3897 in

279 3939 421 3985 eos,
445 3928 501 3974 ut
537 3895 858 3971 incenderet.
891 3909 1038 3974 lluuc
1074 3907 1247 3974 ignem
1278 3916 1334 3956 se
1361 3899 1642 3953 missurum
1674 3895 1854 3948 Domi-

285 4032 394 4068 nus
431 4013 488 4064 iu
515 4019 708 4063 terram
737 4001 978 4066 dicebat,
1018 4012 1137 4050 cum
1167 3994 1240 4047 ait
1272 4009 1286 4046 :
1321 3989 1496 4060 Ignem
1522 3987 1630 4040 veni
1671 3986 1858 4037 mittere

281 4123 342 4158 in
379 4115 562 4155 terram
587 4097 732 4166 (Luc.
772 4109 842 4148 xu
867 4135 881 4159 ,
913 4090 1023 4157 49).
1063 4083 1336 4154 Quomodo
1374 4079 1600 4150 gladium
1644 4075 1856 4146 (Matth.

283 4215 349 4262 κ,
373 4195 464 4261 54)
486 4235 500 4256 ,
525 4192 601 4244 sic
628 4189 822 4258 ignem.
849 4181 1068 4238 Gladius
1092 4175 1275 4233 dividit
1299 4172 1542 4226 affectum
1572 4166 1857 4268 carnalem,

285 4290 436 4359 ignis
465 4283 707 4339 absumit.
731 4267 920 4331 Totum
948 4276 1001 4329 in
1033 4272 1196 4326 verbo
1227 4269 1317 4324 Dei
1341 4265 1589 4359 intelligo,
1607 4269 1780 4359 totum
1811 4265 1860 4310 in

287 4355 492 4451 s‘piritu
539 4375 621 4428 Dei
669 4383 952 4440 cognosce.
1001 4364 1174 4432 Incipe
1223 4361 1427 4413 fervere
1473 4355 1864 4451 cbaritate-per

287 4443 518 4524 verbum
558 4463 694 4535 quod
732 4460 884 4516 audis
905 4499 918 4522 ,
957 4464 1011 4510 et
1051 4454 1168 4508 vide
1195 4450 1322 4522 quid
1357 4451 1406 4502 iu
1438 4458 1488 4501 te
1522 4445 1704 4499 fecerit
1731 4443 1866 4535 ignis

292 4561 542 4617 minister
570 4532 682 4609 Dei.
716 4552 814 4617 Qui
846 4549 964 4619 facit
1002 4545 1202 4615 angelos
1228 4557 1344 4595 suos
1373 4537 1578 4606 spiritus
1598 4577 1613 4600 ,
1641 4543 1687 4588 et
1721 4532 1868 4587 mini-

293 4665 431 4709 stros
459 4666 575 4703 suos
597 4649 760 4720 ignem
787 4645 1104 4714 ﬂagrantem.

377 4749 462 4801 Π.
491 4717 639 4816 iverit.
779 4734 1026 4791 Fundani!
1057 4740 1236 4783 (errant
1258 4741 1404 4794 super
1428 4721 1712 4791 ﬁrmitatem
1739 4717 1869 4786 ejus;

298 4857 402 4894 non
431 4807 752 4891 inclinabitur
777 4829 828 4880 in
855 4822 1094 4880 saeculum
1137 4817 1324 4871 saeculi.
1357 4815 1428 4868 De
1466 4822 1600 4865 terra
1634 4810 1729 4863 ista
1771 4807 1872 4859 hoc

299 4934 545 5000 accipere
568 4967 586 4990 ,
613 4923 794 4979 nescio
812 4930 990 4974 utrum
1020 4914 1208 4967 habeat
1237 4909 1396 4992 ullum
1427 4906 1622 4960 exitum
1650 4944 1664 4965 ,
1697 4910 1872 4953 utrum

303 4993 451 5078 recte
475 5023 704 5084 dicatur,
735 5014 854 5068 Non
887 5007 1211 5064 inclinabitur
1236 5003 1289 5054 in
1314 4999 1546 5054 saeculum
1575 4993 1782 5056 swculi;
1811 4993 1874 5044 de

303 5133 410 5187 qua
437 5115 632 5169 dictum
650 5115 750 5171 est,
767 5103 1158 5159 Cazlumetterra
1173 5087 1566 5187 transibuntUrl.
1592 5085 1874 5187 ungi-35).

308 5174 603 5263 llaboratur
631 5201 715 5253 hic
736 5237 749 5261 ,
782 5194 826 5250 si
857 5191 921 5245 ad
950 5190 1177 5243 litteram
1217 5195 1422 5252 quuzras
1460 5178 1718 5246 accipere.
1745 5174 1875 5228 Nam

309 5294 452 5368 quod
477 5295 580 5358 ait,
619 5288 662 5342 F
663 5284 869 5342 undavit
899 5292 1082 5334 ten-am
1119 5289 1267 5368 super
1293 5271 1576 5368 ﬁrmitatem
1601 5267 1708 5336 ejus
1726 5306 1741 5331 ,
1771 5264 1879 5368 for-

312 5355 455 5442 t-asse
483 5355 722 5453 quaedam
751 5385 832 5431 est
858 5370 1078 5426 ﬁrmitas
1101 5363 1302 5421 occulta
1348 5359 1500 5453 nobis
1519 5399 1533 5422 ,
1713 5355 1881 5453 conti-

311 5488 402 5534 net
431 5447 646 5536 terram,
671 5478 725 5524 et
748 5467 850 5520 hoc
870 5463 1020 5527 dixit,
1049 5457 1096 5512 F
1100 5455 1322 5510 undavit.
1351 5452 1518 5520 Super
1538 5448 1691 5518 quid?
1717 5447 1884 5516 Super

312 5565 620 5624 ﬁrmitatem
651 5559 816 5628 ipsius
845 5564 1019 5614 terrae,
1051 5561 1207 5618 quam
1232 5544 1281 5600 ei
1311 5540 1602 5610 supposuit,
1633 5549 1687 5591 ut
1711 5537 1881 5590 c0uti-

311 5668 558 5719 neretur,
586 5632 702 5722 qu‘m
727 5636 854 5703 la'tet
885 5644 1016 5699 forte
1037 5639 1219 5695 oculos
1250 5647 1386 5690 tuos.
1414 5632 1529 5688 Sint
1555 5633 1652 5685 ista
1678 5629 1882 5722 occulta

312 5757 366 5809 in
411 5720 654 5804 creatura
673 5785 690 5808 ,
721 5757 822 5795 nou
851 5738 917 5794 de
943 5733 1260 5790 obscuritate
1281 5737 1535 5782 creatura:
1561 5723 1780 5778 Creator
1808 5720 1886 5776 la-

379 5893 397 5922 ι
439 5885 623 5946 aliqum
645 5887 769 5937 Mss,
795 5873 1050 5937 eﬂectione.

1933 880 2052 930 tudo
2065 880 2174 948 ejus
2194 881 2360 952 (Psal.
2391 899 2518 938 χχιιι
2538 925 2552 949 ,
2587 887 2675 954 l);
2707 888 2937 957 intelligo
2965 891 3250 946 Ecclesium
3281 905 3494 948 terram.

1935 968 2048 1039 Ipsa
2087 980 2168 1025 est
2194 980 2332 1028 terra
2368 975 2553 1030 sitiens
2577 1019 2592 1042 ,
2619 976 2729 1045 ipsa
2757 989 2838 1033 est
2858 996 2975 1048 qum
3001 983 3124 1035 dicit
3152 984 3202 1036 in
3234 984 3497 1074 Psalmis.-

1935 1077 2034 1114 una
2061 1063 2202 1116 enim
2247 1063 2375 1118 dicit
2413 1081 2474 1119 ex
2519 1068 2764 1122 omnibus
2797 1086 2810 1122 :
2838 1072 3017 1139 Anima
3045 1088 3154 1126 mea
3197 1076 3323 1127 sicut
3369 1063 3496 1128 terra

1933 1154 2040 1204 sine
2063 1171 2192 1224 aqua
2231 1156 2316 1208 tibi
2346 1156 2510 1225 (Psal.
2539 1173 2676 1227 cxi."
2698 1202 2712 1224 ,
2743 1158 2817 1231 6).
2861 1161 2992 1227 Quid
3025 1173 3137 1228 est,
3179 1165 3284 1218 sine
3330 1169 3499 1235 aqua?

1932 1243 2145 1320 Sitiens.
2179 1245 2265 1298 Sic
2289 1239 2585 1302 si'titanima
2615 1266 2726 1304 mea
2750 1251 2813 1304 ad
2845 1259 2913 1317 te,
2944 1264 3190 1322 tanquam
3221 1265 3358 1311 terra
3383 1260 3498 1313 sine

1933 1350 2065 1402 aqua
2093 1353 2104 1388 :
2134 1336 2231 1388 nisi
2261 1339 2398 1390 enim
2428 1339 2605 1404 sitiat,
2639 1356 2741 1395 non
2768 1356 2911 1398 recte
2949 1346 3267 1415 irrigabitur.
3298 1350 3500 1405 Anima:

1935 1425 2095 1478 ebria:
2123 1427 2293 1494 pluvia
2321 1428 2572 1484 diluvium
2599 1443 2715 1498 est;
2746 1435 2887 1488 sitiat
2910 1447 3119 1505 oportet
3147 1456 3160 1490 :
3189 1438 3332 1492 Beati
3361 1443 3501 1496 enim

1933 1520 2016 1588 qui
2041 1522 2262 1574 esuriant
2286 1532 2330 1576 et
2352 1525 2523 1578 sitiunt
2539 1527 2791 1595 justitiam
2820 1527 3028 1597 (Matt/1.
3056 1547 3108 1594 ν,
3138 1532 3192 1602 6)
3221 1551 3233 1586 :
3267 1542 3320 1587 et
3339 1533 3501 1601 dicat,

1937 1611 2118 1663 Anima
2146 1629 2254 1665 mea
2280 1624 2516 1681 tanquam
2559 1626 2692 1670 terra
2731 1619 2837 1672 sine
2882 1636 3011 1689 aqua
3045 1621 3170 1686 tibi;
3212 1626 3332 1692 quia
3378 1626 3504 1683 dicit

1935 1704 2079 1769 alibi,
2114 1705 2281 1760 Sitivit
2309 1709 2477 1762 anima
2502 1726 2611 1764 mea
2639 1711 2689 1763 in
2724 1711 2879 1764 Deum
2908 1712 3069 1766 vivum
3094 1714 3260 1786 (Psal.
3287 1733 3393 1780 xu,
3423 1719 3501 1787 5).

1936 1794 2152 1849 Terram
2201 1809 2326 1867 ergo
2370 1797 2612 1870 intelligo
2642 1803 2950 1857 Ecclesium.
2993 1805 3122 1871 Qnre
3162 1819 3241 1862 est
3288 1810 3506 1865 firmitas

1936 1887 2050 1952 ejus
2071 1901 2230 1956 super
2255 1905 2410 1958 quam
2439 1890 2651 1946 fundata
2678 1905 2777 1956 est,
2807 1895 2906 1948 nisi
2935 1897 3328 1953 fundamentum
3353 1901 3506 1967 eius?

1937 1993 2003 2030 an
2030 1979 2312 2048 incongrue
2343 1981 2679 2052 intelligimus
2700 1985 2996 2040 ﬁrmitatem
3024 2002 3183 2057 super
3207 2005 3360 2060 qumn
3386 1991 3505 2045 fun-

1940 2065 2057 2120 data
2089 2077 2170 2120 est
2195 2077 2353 2135 terra,
2387 2071 2780 2128 fundamentum
2808 2077 2892 2130 ubi
2919 2081 3200 2134 constituta
3225 2092 3306 2134 est
3329 2083 3508 2136 Eccle-

1942 2158 2058 2230 sia?
2099 2159 2248 2227 Quod
2299 2173 2382 2216 est
2421 2163 2550 2218 illud
2592 2165 3024 2223 fundamentum?
3071 2169 3504 2237 Fundamentum,

1943 2249 2140 2320 inquit,
2173 2269 2314 2306 nemo
2354 2264 2512 2323 potest
2555 2273 2738 2326 ponere
2762 2271 3094 2328 praeterquam
3120 2264 3255 2331 quod
3293 2266 3508 2330 positum

1941 2352 2044 2408 est,
2073 2350 2207 2412 quod
2234 2355 2304 2397 est
2349 2345 2574 2400 Christus
2598 2349 2745 2403 Iesus
2773 2351 2822 2420 (1
2850 2352 2966 2407 Cor.
2995 2369 3079 2418 tn,
3119 2357 3228 2424 Η).
3269 2356 3338 2410 lbi
3382 2374 3508 2425 ergo

1944 2435 2130 2488 ﬁrmati
2159 2451 2358 2490 smnus.
2390 2438 2575 2492 Merito
2604 2443 2721 2510 quia
2751 2442 2817 2495 ibi
2853 2444 3061 2510 ﬁrmati,
3095 2461 3198 2499 non
3230 2448 3507 2501 inclinabi-

1944 2543 2062 2582 mur
2087 2529 2136 2582 in
2166 2532 2413 2584 smculum
2459 2534 2674 2597 smculi;
2705 2534 2830 2588 nihil
2863 2537 3002 2590 enim
3038 2539 3234 2591 firmius
3262 2540 3360 2592 isto
3387 2539 3508 2592 fun-

1943 2616 2210 2672 damento.
2236 2620 2480 2676 Inﬁrmus
2508 2631 2560 2676 tu
2582 2638 2731 2689 eras,
2755 2625 2844 2682 sed
2880 2626 3084 2680 firmum
3115 2627 3507 2683 fundamentum

1943 2719 1998 2768 te
2027 2723 2218 2783 portat.
2251 2715 2304 2769 In
2335 2723 2383 2769 te
2415 2716 2595 2770 ﬁrmus
2629 2731 2747 2772 esse
2783 2734 2885 2772 non
2917 2731 3164 2788 poteras;
3200 2723 3378 2774 ﬁrmus
3407 2725 3512 2775 eris

1945 2821 2190 2877 semper,
2231 2810 2274 2863 si
2305 2809 2372 2861 ab
2417 2811 2505 2862 illo
2545 2809 2696 2864 ﬁrmo
2740 2807 3229 2868 fundamento'nou
3270 2816 3509 2870 recedas.

1949 2895 2068 2950 Non
2092 2899 2415 2952 inclinabitur
2432 2903 2484 2954 in
2510 2901 2750 2955 stecuium
2776 2903 2964 2956 saeculi.
2997 2904 3110 2972 lpsa
3135 2918 3212 2958 est
3236 2907 3512 2975 prmdesti-

1947 2997 2066 3043 nata
2091 2989 2332 3051 columna
2355 3000 2406 3044 et
2433 2990 2818 3045 ﬁrmamentum
2839 2993 3070 3048 veritatis
3087 2996 3128 3064 (Ι
3150 2995 3277 3048 Tim.
3303 3013 3376 3056 nt,
3399 2998 3508 3062 15).

2019 3078 2102 3133 18.
2136 3077 2284 3151 [vers.
2315 3079 2493 3153 6-17.]
2528 3099 2546 3133 ι
2580 3083 2814 3153 Abyssus
2843 3085 2972 3138 sicut
2995 3087 3360 3140 vestimentum
3383 3090 3515 3141 ami-

1947 3179 2062 3223 ctus
2091 3169 2255 3238 ipsius
2285 3189 2298 3224 :
2322 3186 2482 3239 super
2503 3181 2708 3225 montes
2740 3175 2950 3227 stabunt
2974 3190 3143 3245 aqua}.
3175 3177 3254 3230 Ab
3282 3180 3517 3248 increpa-

1953 3261 2092 3315 tione
2132 3271 2218 3314 tua
2263 3261 2464 3330 fugient
2486 3303 2500 3326 ,
2547 3279 2576 3315 a
2607 3279 2737 3317 voce
2769 3267 2994 3319 tonitrus
3023 3267 3094 3320 tui
3139 3267 3514 3324 formidabant.

1953 3351 2256 3405 Ascenduut
2295 3361 2523 3418 montes,
2554 3363 2607 3408 et
2647 3354 2976 3410 descendunt
3018 3357 3226 3425 campi,
3267 3358 3317 3412 in
3345 3359 3517 3414 locum

1952 3458 2107 3510 quem
2156 3442 2383 3496 fundasti
2433 3444 2532 3498 eis.
2579 3443 2884 3498 Terininum
2916 3448 3169 3515 posuisti,
3217 3464 3371 3518 quem
3417 3468 3520 3503 non

1955 3534 2421 3602 transgredientur,
2445 3551 2614 3604 neque
2639 3545 2969 3590 revertentur
2995 3547 3168 3608 tegere
3189 3551 3400 3594 terram.
3423 3541 3524 3609 Qui

1955 3625 2150 3679 emittis
2177 3624 2351 3679 fontes
2377 3625 2427 3678 in
2454 3627 2777 3679 ceuvallibns
2797 3644 2811 3691 ;
2831 3628 2981 3680 'iuter
3005 3630 3233 3682 medium
3270 3633 3524 3685 montium

1957 3719 2344 3787 pertransibunt
2366 3734 2533 3788 aqum.
2565 3719 3026 3776 Potabuntomn-es
3044 3721 3223 3774 bestia:
3249 3724 3380 3791 agri,
3410 3741 3521 3776 sus-

1955 3810 2150 3877 cipient
2195 3811 2376 3878 onagri
2432 3811 2481 3863 in
2540 3811 2679 3864 sitim
2725 3825 2893 3862 suam.
2927 3811 3099 3879 Super
3149 3813 3266 3866 illos
3293 3815 3526 3868 volatilia

1957 3899 2076 3952 ρωΙί
2106 3899 2490 3962 inhabitabant,
2526 3901 2593 3954 de
2621 3900 2796 3953 medio
2819 3910 3086 3968 petrarum
3121 3903 3319 3956 dabunt
3343 3920 3528 3958 vocem

1958 4005 2127 4044 suam.
2151 3991 2348 4061 Rigans
2370 4000 2578 4046 montes
2607 3992 2674 4046 de
2701 3993 3061 4061 superioribus
3085 3996 3196 4048 suis
3225 4013 3241 4049 :
3269 3996 3335 4051 de
3359 3997 3528 4051 fructu

1959 4097 2176 4152 operum
2221 4091 2426 4136 tuorum
2475 4083 2751 4138 satiabitur
2791 4093 2951 4139 terra.
2993 4086 3305 4140 Producens
3351 4089 3530 4142 fenum

1955 4174 2239 4242 jumentis,
2270 4182 2325 4228 et
2354 4174 2571 4228 herbam
2599 4175 2837 4229 servituti
2868 4175 3163 4230 hominum.
3196 4177 3261 4232 Ut
3297 4178 3484 4231 educat
3512 4181 3530 4211 ⁸

1963 4284 2152 4338 panem
2182 4267 2248 4322 de
2281 4277 2452 4331 terra;
2485 4278 2538 4321 et
2567 4268 2746 4321 vinum
2777 4268 3005 4322 laetificat
3029 4271 3050 4300 ¹
3075 4283 3167 4322 cor
3195 4269 3440 4323 hominis.
3466 4271 3533 4325 Ut

1964 4359 2226 4414 cxhilaret
2264 4357 2459 4413 faciem
2495 4359 2546 4412 in
2575 4359 2729 4423 oleo;
2760 4367 2815 4414 et
2853 4359 3005 4430 panis
3032 4375 3124 4414 cor
3153 4359 3378 4431 hominis
3406 4377 3534 4416 con-

1967 4452 2159 4506 ﬁrmat.
2185 4451 2523 4506 Satiabuutur
2543 4451 2563 4481 ³
2587 4452 2722 4522 ligna
2744 4455 2936 4520 campi,
2959 4462 3014 4506 et
3037 4453 3186 4508 cedri.
3204 4453 3384 4508 Libani
3405 4471 3540 4524 quas

1970 4544 2242 4614 plantavit.
2289 4543 2401 4597 lllic
2450 4557 2692 4612 passeres
2739 4542 3112 4606 nidiﬁcabunt;
3143 4543 3312 4599 fulica:
3349 4544 3540 4599 domus

1969 4636 2072 4689 dux
2101 4644 2182 4689 est
2225 4649 2430 4688 eorum.
2461 4632 2949 4687 sAni-madvertitis
2993 4644 3261 4687 extentum
3305 4635 3494 4689 cmlum
3520 4676 3542 4700 ,

1972 4728 2126 4782 vultis
2153 4726 2423 4780 intellectu
2449 4725 2757 4788 ascendere,
2781 4733 2834 4778 et
2853 4737 2950 4791 ego
2977 4723 3150 4778 video.
3178 4725 3342 4789 Quam
3368 4736 3545 4778 tamen

1972 4822 2135 4875 altum
2157 4821 2223 4874 sit
2247 4828 2371 4889 puto
2390 4817 2528 4890 quod
2551 4831 2757 4870 mecum
2772 4814 3069 4870 consideret
3087 4816 3326 4871 Charitas
3346 4827 3534 4870 vestra.

1976 4915 2102 4967 Nam
2132 4912 2250 4966 ideo
2277 4910 2468 4965 multos
2498 4921 2683 4962 versus
2708 4906 2844 4959 volui
2872 4907 3235 4975 pronuntiare,
3277 4915 3336 4960 ut
3362 4907 3544 4960 videa-

1980 5005 2044 5056 tis
2070 5017 2224 5072 quam
2255 5001 2361 5054 alte
2385 4998 2490 5052 sint
2518 4996 2686 5065 posita
2714 5004 3040 5050 sacramenta
3073 4995 3197 5059 Dei;
3223 5011 3287 5049 ne
3316 4994 3544 5048 fastidia-

1981 5108 2099 5146 mus
2123 5090 2316 5150 oblata,
2346 5102 2412 5140 ne
2441 5094 2685 5156 prompta
2715 5084 2986 5148 vilescunt,
3019 5093 3074 5137 ut
3099 5099 3308 5152 semper
3329 5084 3545 5152 qnmsita

1981 5182 2080 5239 etsi
2127 5195 2245 5234 cum
2275 5177 2582 5232 difﬁcultate
2605 5217 2621 5243 ,
2662 5190 2782 5229 cum
2814 5174 3001 5244 majori
3041 5173 3369 5244 iucunditate
3399 5173 3546 5226 iuve-
3600 5170 3604 5176 ’

1982 5276 2210 5328 piantur.
2243 5269 2385 5324 luter
2403 5276 2595 5322 caatera
2623 5276 2821 5330 tamen,
2846 5265 3053 5328 fratres,
3081 5281 3198 5334 qua:
3224 5273 3439 5333 possunt
3463 5278 3551 5316 ae~

1982 5365 2083 5434 cipi
2124 5361 2191 5417 ad
2237 5362 2500 5424 litteram;
2531 5357 2783 5429 numquid
2813 5366 2868 5413 et
2901 5357 3002 5411 hoc
3028 5355 3170 5426 quod
3201 5355 3396 5410 dictum
3435 5364 3550 5422 est,
3591 5376 3602 5385 -

2049 5534 2065 5564 ι
2103 5542 2199 5579 am.
2227 5536 2302 5577 Er.
2328 5535 2380 5589 et
2403 5524 2568 5589 plures
2588 5531 2712 5589 uss,
2740 5521 3019 5589 uteriuc‘as.‘
3198 5583 3211 5589 _
3300 5585 3302 5587 _

2049 5599 2069 5627 ²
2103 5593 2235 5651 ωδ..
2259 5598 2304 5641 et
2321 5581 2480 5639 vinum
2511 5584 2715 5651 lwtiﬁcet
2736 5596 2818 5633 cor
2841 5581 3041 5651 hominis
3065 5595 3080 5631 :
3105 5583 3342 5644 pauloque
3358 5590 3487 5651 post,
3510 5586 3564 5629 et

1986 5657 2122 5724 panis
2144 5643 2448 5724 cor'ttorninis
2479 5643 2739 5724 conﬁrmet.
2776 5651 2830 5692 At
2850 5643 3065 5724 melioris
3085 5643 3207 5692 nota:
3358 5643 3556 5717 [iam-ni,

1988 5706 2217 5782 fictiﬁcat,
2240 5706 2655 5782 conﬁrmat-,juxta
2672 5713 2882 5754 Graecum
2902 5711 3008 5754 ιλιι
3033 5722 3045 5754 ;
3072 5719 3218 5769 quem
3236 5706 3561 5756 bebraistntun

2123 5771 2590 5840 alaservaisobjlius.
2754 5827 2764 5838 O

2007 5828 2187 5891 ’Ὕιιὶε
2209 5842 2254 5889 iu
2280 5838 2388 5886 add.
2413 5833 2616 5892 additur,
2637 5828 2792 5880 annua
2815 5840 2832 5878 :
2853 5828 2982 5891 quod
3010 5830 3189 5880 abesta
3211 5837 3313 5881 uss.
