4012 6202
477 388 611 445 1351
642 440 647 447 .

480 504 598 559 Illic
617 519 836 575 passeres
856 499 1181 567 nidiﬁcabunt
1192 515 1209 564 ;
1231 498 1397 571 fulica
1419 498 1596 552 domus
1614 497 1719 552 dua:
1732 506 1803 550 est
1826 511 1995 549 eorum
2009 496 2034 548 ?

478 596 737 666 Numquid
765 594 953 648 domus
979 591 1147 649 fulica:
1164 591 1271 645 dux
1297 600 1379 645 est
1407 590 1714 660 passerum?
1736 598 1827 643 aut
1850 588 2039 642 domus

478 688 649 744 fulicae
673 686 775 740 dux
806 692 887 738 est
912 682 1231 737 cedrorum?
1259 681 1327 736 Et
1353 682 1452 736 hoc
1476 681 1617 736 enim
1646 680 1716 735 ibi
1742 688 1843 741 est,
1879 678 1939 732 Et
1958 693 2040 732 ce-

477 781 560 834 dri
585 777 762 832 Libani
808 792 931 845 quas
973 773 1218 844 plantavit
1246 788 1265 827 :
1291 772 1395 826 illic
1425 787 1648 841 passeres
1675 769 2001 837 nidiﬁcabuut
2017 784 2038 831 ;

476 872 643 943 fatim
668 870 844 922 domus
871 867 977 921 dua:
1019 876 1092 920 est
1119 881 1307 919 eorum.
1341 863 1409 918 Et
1434 863 1647 933 quidem
1688 860 1848 915 latina
1890 860 2037 914 locu-

475 963 616 1024 tione
637 1002 652 1022 ,
695 975 865 1013 eorum
890 956 1167 1012 cedrorum
1191 996 1208 1020 ,
1258 969 1360 1008 non
1401 967 1682 1024 possumus
1708 951 2031 1020 intelligere;

475 977 494 1016 ι
584 977 616 1015 e
637 1002 652 1022 ,
695 977 865 1013 eorum
890 977 1167 1012 ceororutn
1191 996 1208 1020 ν
1258 977 1360 1008 IIOII
1403 977 1682 1024 possumus
1709 977 2031 1020 utmtugcru,

474 977 617 1108 ἐξ.τὶ
649 1052 788 1106 enim
817 1049 1053 1103 feminini
1082 1047 1290 1117 generis
1330 1053 1470 1100 sunt.
1501 1043 1695 1099 Fulica:
1734 1043 1909 1110 itaque
1936 1040 2035 1095 d0-

475 1160 592 1200 mus
621 1138 884 1213 quomodo
912 1149 992 1195 est
1035 1140 1139 1193 dux
1189 1135 1497 1208 passerum?
1534 1134 1644 1209 Hoc
1678 1134 1816 1189 enim
1847 1133 1897 1187 in
1935 1133 2033 1186 ista

473 1243 749 1299 creatura,
779 1247 895 1301 qua:
935 1230 1102 1285 oculis
1129 1228 1325 1283 nostris
1362 1226 1594 1294 adjacet,
1636 1224 1853 1292 intelligi
1892 1220 2035 1276 nullo

473 1337 628 1398 pacto
652 1334 840 1395 potest.
873 1324 1079 1378 Fulicas
1104 1322 1243 1376 enim
1272 1334 1396 1374 aves
1423 1332 1540 1373 esse
1565 1316 1795 1370 marinas
1822 1314 1902 1368 vel
1927 1322 2036 1368 sta-
2064 1378 2081 1391 κ

473 1437 701 1490 gnenses
746 1420 1004 1474 novimus.
1056 1415 1253 1471 Domus
1291 1415 1461 1470 fulicae
1504 1413 1574 1467 sit
1620 1411 1772 1466 nidus
1813 1409 2029 1464 fulicae:

473 1512 738 1584 quomodo
773 1527 899 1582 ergo
942 1509 1129 1563 domus
1172 1506 1343 1562 fulicte
1369 1506 1471 1561 dux
1520 1502 1831 1576 passerum?-
1861 1490 2034 1568 Quare

474 1605 712 1674 qumdam
760 1604 811 1658 in
850 1603 1009 1658 rebus
1055 1599 1345 1654 visibilibus
1387 1596 1537 1667 quasi
1579 1594 1806 1650 absurda
1848 1590 2034 1647 miscet

471 1695 696 1763 Spiritus
721 1706 950 1754 sanctus,
982 1692 1079 1745 nisi
1099 1699 1159 1744 ut
1181 1705 1247 1745 ex
1270 1703 1334 1743 co
1351 1686 1491 1757 quod
1520 1701 1621 1741 non
1646 1698 1926 1755 possumus
1946 1695 2033 1736 ac-

475 1790 651 1857 cipere
688 1787 751 1840 ad
781 1786 1009 1839 litteram
1030 1823 1045 1848 ,
1075 1790 1229 1851 cogat
1260 1795 1356 1835 nos
1386 1779 1484 1834 ista
1524 1777 1864 1849 spiritualiter
1891 1789 2033 1844 qua:-

474 1897 592 1935 rcre
606 1884 629 1932 ‘t

548 1971 632 2025 t9.
663 1969 804 2037 Ergo
831 1968 873 2021 si
903 1967 967 2021 ad
1009 1965 1198 2020 cuiium
1228 1962 1495 2018 intellectu
1515 2002 1530 2026 ,
1566 1968 1627 2014 ut
1663 1959 1803 2024 dixi,
1834 1956 1899 2011 ad
1941 1971 2033 2010 cx-

478 2073 673 2117 teutam
707 2062 893 2131 pellem
918 2060 1074 2113 vultis
1099 2056 1405 2116 ascendere.
1430 2064 1483 2109 et
1510 2053 1676 2108 nubes
1702 2051 1822 2106 fecit
1844 2064 2033 2104 ascen-

473 2156 675 2210 sionem
705 2154 846 2223 cjus;
879 2152 1044 2206 nubes
1068 2142 1175 2205 ista
1211 2163 1327 2218 qua:
1352 2146 1502 2201 vobis
1526 2145 1771 2214 loquitur,
1796 2140 2023 2197 invalida

476 2254 560 2299 cst
587 2245 742 2307 hodie
769 2243 832 2297 ad
860 2243 1033 2297 omnia
1062 2242 1157 2295 ista
1182 2236 1509 2308 exponenda.
1535 2236 1663 2291 Date
1687 2233 1909 2296 veniam,
1933 2231 2032 2285 etsi

473 2352 579 2393 non
604 2344 963 2399 vestratpmem
991 2342 1133 2387 certe
1154 2329 1457 2385 infirmitati.
1483 2326 1797 2382 Aviditatem
1820 2322 2028 2393 quidem

474 2437 700 2482 vestram
732 2434 928 2480 ιιιιιιιιιιι
954 2424 1128 2488 video,
1154 2431 1211 2476 ut
1236 2416 1638 2489 semper‘parati
1665 2417 1780 2471 sitis
1807 2412 2026 2468 audire:

471 2520 562 2576 sed
583 2519 701 2574 du:e
725 2534 811 2573 res
829 2526 969 2579 sunt,
992 2529 1210 2584 quarum
1234 2512 1367 2566 ratio
1385 2527 1489 2566 non
1510 2505 1892 2565 contemnenda
1922 2513 2026 2559 est.

472 2612 600 2665 Nam
627 2619 682 2666 et
702 2608 977 2665 inﬁrmitas
1000 2606 1237 2676 corporis
1261 2604 1425 2659 nostri
1446 2588 1827 2657 consideranda
1848 2607 1949 2661 est,
1978 2604 2032 2651 et

473 2703 700 2770 ipsarum
743 2715 919 2755 rerum
962 2713 1078 2768 quae
1118 2703 1452 2766 exponuntur
1492 2690 1764 2747 memoria.
1814 2686 2029 2743 Interim

469 2809 588 2864 qua:
620 2790 838 2847 audistis
873 2790 1114 2859 cogitate.
1162 2786 1298 2854 Quid
1335 2785 1479 2841 dixit
1505 2783 1633 2850 Qum
1672 2779 2030 2836 manducastis

469 2885 746 2939 ruminate.
792 2881 879 2937 Sic
921 2879 1061 2936 enim
1099 2878 1247 2934 eritis
1273 2876 1466 2932 munda
1495 2872 1758 2935 animalia,
1809 2877 1866 2928 et
1906 2878 2027 2939 apta

467 2976 635 3045 epulis
658 2973 765 3029 Dei.
787 2971 1035 3028 Fructum
1060 2983 1233 3025 autem
1247 2976 1476 3023 vestrum
1501 2966 1553 3020 in
1573 2962 1824 3035 operibus
1838 2961 2028 3017 vestris

470 3066 744 3121 advertite.
771 3064 932 3119 Valde
961 3063 1100 3119 enim
1125 3060 1263 3115 male
1298 3058 1488 3130 digerit
1513 3057 1557 3111 is
1575 3056 1665 3127 qui
1704 3054 1839 3109 bene
1857 3050 2024 3117 audit,

468 3169 645 3214 etnon
670 3158 804 3213 bene
825 3164 1073 3226 operatur
1098 3172 1113 3208 :
1136 3154 1258 3223 quia
1283 3151 1537 3205 Dominus
1556 3148 1693 3203 Deus
1714 3155 1894 3201 noster
1920 3158 2025 3198 non

467 3254 618 3307 deest
637 3265 870 3321 pascere.
894 3248 1088 3302 Notum
1114 3254 1196 3300 est
1215 3243 1459 3298 omnibus
1477 3239 1596 3311 quia
1625 3237 1693 3293 de
1713 3252 1846 3307 pane
1864 3250 2023 3306 quem

467 3340 785 3409 accepimus,
815 3346 869 3392 et
907 3328 1062 3406 quem
1090 3347 1389 3402 erogamus,
1428 3327 1681 3383 reddituri
1720 3341 1902 3381 sumus
1935 3329 2022 3379 ra-

470 3432 688 3486 tionem.
718 3429 927 3499 Optime
946 3425 1092 3481 novit
1107 3422 1348 3480 Charitas
1368 3431 1535 3476 vesua
1557 3435 1572 3484 ;
1600 3433 1707 3472 non
1726 3417 1866 3472 enim
1890 3423 2027 3471 tacet

467 3523 621 3578 nobis
641 3521 831 3592 Pagina
861 3519 1057 3584 divina,
1086 3510 1176 3574 aut
1199 3513 1441 3569 adulatur
1462 3512 1480 3544 ¹
1504 3526 1601 3565 nos
1626 3510 1786 3565 Deus.
1828 3508 1902 3564 De
1924 3508 2025 3562 isto

466 3615 583 3670 loco
601 3628 754 3684 quam
782 3609 931 3665 liberi
956 3609 1120 3663 simus
1146 3604 1211 3660 ad
1234 3618 1346 3666 vos.
1388 3600 1612 3673 potestis
1633 3599 1910 3655 advertere
1935 3616 1946 3650 :
1971 3608 2026 3652 et

464 3705 510 3760 si
539 3702 674 3761 forte
697 3716 795 3773 ego
832 3699 1006 3754 minus
1044 3696 1179 3767 iiber
1216 3709 1355 3758 sum,
1386 3691 1469 3746 vel
1505 3703 1691 3746 omnes
1710 3688 1798 3757 qui
1842 3688 1895 3742 in
1922 3686 2024 3741 hoc

468 3794 583 3850 loco
599 3793 745 3848 vobis
766 3792 1068 3861 loquuntur,
1090 3787 1134 3841 si
1165 3784 1336 3839 minus
1356 3781 1504 3845 liberi
1523 3793 1724 3843 sumus,
1747 3786 1892 3834 certe
1913 3778 2025 3846 ipse

466 3901 641 3942 sermo
667 3884 756 3940 Dei
779 3883 1038 3938 neminem
1066 3880 1230 3935 timet.
1257 3875 1363 3932 Nos
1389 3885 1566 3930 autem
1586 3872 1700 3928 sive
1720 3872 2020 3937 timeant“,

464 3983 576 4036 sive
596 3978 745 4035 liberi
773 3978 957 4041 simus,
981 3988 1102 4029 eum
1123 3971 1360 4043 cogimur
1377 3968 1713 4032 annuntiare,
1738 3965 1826 4037 qui
1852 3964 2023 4020 nemi-

468 4087 589 4128 nem
628 4071 813 4126 timet:
844 4070 943 4123 hoc
967 4066 1115 4125 vobis
1140 4060 1244 4119 ιιὸιι
1287 4061 1549 4124 homines,
1592 4058 1685 4114 sed
1712 4058 1850 4113 Deus
1885 4073 2022 4127 pne-

466 4167 620 4230 stitit,
645 4171 699 4217 ut
728 4170 780 4217 et
805 4176 901 4231 per
933 4154 1159 4213 tumidos
1185 4155 1410 4210 liberum
1448 4150 1692 4227 audiatis.
1722 4146 2025 4204 Excusatio—

466 4273 587 4313 nem
627 4257 679 4309 in
699 4252 895 4323 judicio
936 4249 1028 4304 Dei
1065 4263 1172 4302 non
1207 4240 1485 4310 habebitis,
1533 4243 1634 4298 nisi
1670 4258 1765 4297 vos
1790 4241 1842 4296 in
1872 4240 2023 4296 bonis

466 4347 712 4416 operibus
732 4339 1095 4406 exercueritis,
1135 4347 1185 4393 et
1205 4352 1386 4393 eorum
1408 4351 1523 4402 qua:
1539 4334 1757 4390 audistis
1776 4342 2022 4402 tanquam

468 4440 656 4511 pluviae
673 4436 894 4491 fructum
915 4442 1203 4503 congruum
1225 4428 1496 4486 dederitis.
1518 4428 1741 4483 Fructus
1761 4441 2024 4496 congruos

466 4543 626 4599 opera
642 4527 808 4588 bona;
836 4524 1034 4580 fructus
1053 4536 1317 4591 congruus
1333 4519 1535 4576 sincera
1554 4518 1789 4584 dilectio,
1809 4534 1912 4572 non
1935 4532 2024 4571 so-

467 4621 575 4674 lum
595 4617 791 4679 fratris,
813 4615 905 4671 sed
926 4622 978 4669 et
1001 4611 1217 4668 inimici.
1245 4610 1544 4680 Supplicem
1568 4609 1766 4664 nullum
1784 4622 2021 4678 spernas,

466 4719 519 4764 et
534 4708 614 4764 cui
632 4706 759 4762 dare
775 4720 879 4761 non
897 4714 1046 4775 potes
1063 4701 1201 4773 quod
1222 4701 1558 4771 petierit,non
1576 4715 1695 4755 eum
1711 4712 1932 4767 spernas
1950 4715 1962 4750 :
1978 4697 2024 4753 si

470 4810 619 4870 potes
630 4798 777 4862 dare,
799 4796 894 4861 da;
913 4795 955 4849 si
975 4810 1078 4850 non
1098 4801 1268 4866 potes,
1283 4790 1542 4847 affabilem
1560 4799 1611 4845 te
1628 4797 1834 4860 prmsta.
1854 4788 2022 4844 Coro-

471 4903 561 4946 uat
574 4892 708 4945 Deus
727 4889 863 4944 intus
877 4888 1196 4942 voluntatem
1209 4886 1252 4949 ',
1266 4882 1357 4940 ubi
1372 4897 1475 4938 non
1493 4879 2023 4937 invenitfacultatem.

467 4980 635 5037 Nemo
644 4980 791 5036 dicat
820 4996 833 5033 :
851 4976 964 5033 Non
992 4977 1181 5031 habeo.
1200 4974 1441 5030 Charitas
1456 4988 1560 5028 non
1588 4972 1655 5027 de
1679 4972 1901 5028 saccello
1914 4987 2028 5027 ero-

465 5084 620 5144 gatur
648 5091 662 5126 :
690 5072 808 5142 quia
831 5067 1081 5140 quidquid
1103 5066 1348 5131 dicimus,
1370 5064 1688 5135 etquidquid
1710 5064 1957 5129 diximus,
1974 5072 2027 5118 et

435 5232 440 5237 θ
464 5165 717 5238 quidquid
742 5164 918 5220 dicere
939 5160 1283 5232 potuerimus,
1312 5158 1393 5213 vel
1421 5173 1536 5226 nos,
1558 5156 1640 5212 vel
1664 5166 1780 5227 post
1804 5173 1920 5223 nos,
1942 5156 2026 5211 vel

466 5258 553 5327 qui
582 5267 705 5312 ante
729 5269 846 5319 nos,
879 5253 1037 5308 ﬁnem
1062 5266 1169 5306 non
1200 5249 1393 5305 habent
1417 5249 1515 5305 uisi
1535 5248 1841 5305 charitatem
1867 5265 1880 5300 :
1903 5248 2026 5319 quia

410 5366 425 5377 ·
466 5350 589 5407 ﬁnis
609 5348 855 5420 praecepti
873 5346 1104 5402 charitas
1119 5351 1220 5408 est,
1244 5343 1312 5398 de
1336 5342 1497 5398 corde
1518 5357 1667 5413 puro,
1691 5351 1745 5398 et
1762 5342 2027 5399 conscien-

469 5444 539 5497 tia
581 5443 740 5508 bona,
770 5450 824 5497 et
842 5439 944 5499 ﬁde
970 5454 1077 5493 non
1104 5437 1220 5493 ﬁcta
1246 5436 1285 5509 (l
1316 5436 1446 5490 Tim.
1476 5426 1519 5503 ιζ
1547 5436 1627 5507 5).
1670 5435 2021 5507 lntcrrogate,

467 5532 677 5601 quando
701 5533 895 5603 rogatis
920 5531 1105 5596 Deum,
1145 5528 1305 5584 corda
1328 5535 1499 5583 vestra
1523 5542 1538 5591 ;
1565 5526 1739 5582 videte
1762 5526 2026 5597 quomodo

467 5623 835 5680 tramntittatis
849 5637 1056 5678 versum
1077 5621 1234 5676 istum
1255 5636 1269 5673 :
1290 5618 1493 5674 Dimitte
1504 5617 1643 5674 nobis
1659 5617 1820 5673 debita
1835 5627 2021 5683 nostra,

533 5754 548 5785 ⁸
585 5750 750 5800 Plures
768 5734 896 5807 Mss,
918 5749 1099 5799 adulat.

530 5813 552 5844 ³
587 5823 685 5860 tuo.
707 5817 781 5859 Er.
806 5818 858 5861 et
879 5810 1098 5873 plerique
1115 5818 1242 5871 Mss,
1265 5811 1526 5862 bonitutmt.

1693 382 1747 439 S.
1792 378 2147 437 AUCUSTINI
2187 382 2485 439 EPISCOPI

2148 496 2277 548 sicut
2303 508 2350 549 et
2392 513 2481 550 nos
2516 497 2811 551 dimittimus
2839 499 3139 554 debitoribus
3175 502 3356 554 nostris
3385 498 3592 571 (Matth.
3615 519 3670 559 Vl
3695 544 3713 570 ,

2145 585 2253 657 12).
2267 587 2380 642 Νοιι
2408 589 2517 644 eris
2533 604 2710 656 orans,
2737 591 2833 645 nisi
2852 591 3002 645 istam
3021 591 3096 662 (α)
3115 592 3259 647 dicas
3280 594 3518 648 :sialiant
3540 595 3710 661 dicas,

2143 693 2246 734 non
2273 690 2325 735 te
2346 681 2561 736 exaudit
2596 682 2682 737 ille
2706 698 2721 746 ;
2747 683 2867 752 quia
2896 699 2998 738 non
3026 684 3194 754 ipsam
3223 685 3314 739 tibi
3351 685 3568 742 dictavit
3607 687 3710 744 Ju-

2140 769 2414 838 risperitus
2445 787 2599 841 quem
2628 773 2788 829 misit.
2816 773 3041 830 Necesse
3067 784 3157 831 est
3174 791 3301 846 ergo
3340 788 3397 830 ut
3419 787 3475 832 et
3493 779 3712 848 quando

2139 860 2298 913 verba
2338 872 2514 916 nostra
2556 862 2781 917 dicimus
2818 865 2868 918 iu
2914 867 3172 932 oratione,
3215 867 3505 923 secundum
3534 869 3707 940 ipsam

2139 948 2373 1005 dicamus
2399 971 2412 1008 :
2440 962 2493 1007 et
2537 953 2748 1020 quando
2796 955 2907 1024 ipsa
2938 957 3103 1010 verba
3143 956 3390 1020 dicimus,
3439 957 3575 1014 bene
3617 959 3703 1014 in-

2140 1040 2435 1110 telligamus
2456 1043 2597 1113 quod
2627 1043 2868 1109 dicimus,
2892 1046 3010 1115 quia
3043 1045 3372 1102 manifestam
3402 1047 3546 1104 illam
3582 1064 3707 1107 esse

2141 1131 2277 1185 Deus
2304 1133 2485 1187 voluit.
2516 1135 2574 1190 Si
2605 1151 2732 1205 ergo
2762 1152 2864 1190 non
2891 1139 3185 1205 oraveritis,
3217 1154 3363 1209 spem
3392 1157 3496 1195 non
3537 1140 3704 1198 habeo

2139 1220 2258 1275 bilis
2283 1239 2295 1275 :
2319 1221 2362 1276 si
2392 1224 2548 1280 aliter
2581 1242 2735 1296 quam
2763 1227 3008 1297 Magister
3035 1227 3214 1284 docuit
3253 1231 3547 1299 oraveritis,
3590 1247 3702 1287 nou

2135 1312 2486 1368 exaudiemini
2515 1330 2531 1379 ;
2567 1325 2657 1371 aut
2681 1317 2727 1371 si
2757 1318 2807 1373 in
2832 1319 3071 1374 oratione
3097 1321 3299 1374 mentiti
3339 1322 3562 1387 fueritis,
3591 1338 3701 1377 non

2135 1402 2503 1473 impetrabilis.
2536 1408 2696 1479 Ergo,
2721 1418 2775 1464 ct
2799 1410 3077 1475 orandum,
3109 1421 3164 1467 et
3200 1429 3380 1468 verum
3419 1414 3702 1471 dicendum

2134 1502 2234 1560 est,
2266 1506 2320 1550 et
2357 1497 2433 1551 sic
2458 1499 2714 1554 orandum
2744 1510 2846 1567 est,
2884 1502 3147 1571 quomodo
3184 1503 3270 1560 ille
3313 1505 3511 1560 docuit.
3555 1505 3704 1561 Veiis

2135 1589 2290 1667 nolis,
2317 1591 2551 1658 quotidie
2588 1592 2823 1649 dicturus
2852 1610 2914 1650 es
2941 1614 2955 1648 :
2985 1594 3191 1651 Dimitte
3214 1583 3356 1653 nobis
3398 1600 3562 1655 debita
3598 1619 3699 1655 no-

2133 1690 2256 1743 stra,
2288 1681 2416 1734 sicut
2461 1692 2506 1737 et
2542 1700 2633 1738 nos
2675 1685 2970 1741 dimittimus
3016 1687 3318 1745 debitoribus
3364 1694 3565 1751 nostris.
3608 1695 3703 1750 Vis

2132 1786 2352 1828 securus
2378 1772 2590 1839 dicere?
2614 1775 2720 1833 Fac
2754 1778 2890 1848 quod
2918 1779 3071 1835 dicis.

2784 1906 2952 1961 saeuo
2981 1910 3034 1947 tt.

2208 2006 2257 2047 1.
2288 1993 2410 2049 Scio
2435 1997 2554 2066 quia
2582 1999 2843 2056 debitores
2871 2019 2966 2058 nos
2992 2007 3203 2071 tenetis,
3231 2023 3333 2062 non
3361 2012 3694 2077 necessitate,

2134 2084 2226 2138 sed
2252 2088 2390 2156 quod
2420 2097 2501 2143 est
2525 2090 2905 2160 vehementius,
2934 2097 3206 2152 citat-itale.
3237 2099 3493 2155 Debemus
3519 2111 3696 2160 autem

2136 2175 2237 2233 hoc
2266 2178 2435 2248 primo
2477 2182 2699 2237 Domino
2744 2186 2850 2240 Deo
2890 2197 3102 2253 nostro,
3133 2192 3219 2260 qui
3260 2192 3505 2260 ltabitaus
3548 2206 3599 2250 et
3643 2196 3694 2250 in

2133 2269 2282 2324 vobis
2310 2272 2468 2342 exigit
2500 2274 2592 2327 ista
2624 2276 2690 2330 dc
2730 2280 2879 2333 nobis
2904 2297 2917 2333 :
2947 2280 3137 2337 deinde
3164 2256 3360 2339 domno
3385 2287 3400 2318 ί
3432 2296 3485 2341 et
3523 2291 3693 2358 patri,

2133 2365 2377 2429 praesenti
2419 2373 2472 2417 et
2493 2367 2696 2434 jubeuti
2725 2380 2775 2422 et
2801 2373 2968 2424 oranti
3010 2388 3107 2441 pro
3146 2390 3260 2440 me;
3289 2376 3480 2432 deinde
3504 2389 3697 2434 vestra:

2132 2455 2393 2511 violentite
2420 2473 2519 2527 qua
2550 2464 2874 2529 extorquetis
2913 2466 3070 2517 etiam
3112 2465 3333 2522 inﬁrmis
3358 2469 3558 2524 viribus
3594 2488 3693 2525 no-

2132 2547 2274 2602 stris.
2306 2548 2503 2604 Tamen
2524 2592 2536 2611 ,
2565 2562 2814 2620 quantum
2846 2555 3096 2611 Dominus
3132 2558 3325 2620 donat.
3357 2561 3445 2629 qui
3475 2571 3526 2615 et
3554 2550 3697 2632 ips-ts

2130 2639 2269 2695 vires
2289 2640 2435 2696 vobis
2455 2645 2723 2698 orantibus
2744 2646 2940 2703 donare
2959 2648 3221 2719 dignetur,
3240 2653 3485 2721 quoniam
3502 2655 3694 2724 psalmi

2131 2729 2289 2799 hujus
2328 2736 2522 2803 primas
2559 2746 2735 2808 partes
2761 2739 2844 2793 die
2868 2740 2975 2809 jam
3003 2758 3173 2812 nuper
3216 2746 3544 2813 prtece'lente
3588 2759 3696 2803 tra~

2129 2825 2415 2890 ctavimus;
2448 2829 2604 2883 etiam
2646 2834 2913 2901 sequentia
2960 2836 3290 2905 suscipienda
3321 2849 3474 2903 sunt,
3519 2849 3574 2896 et
3601 2841 3694 2896 illo

2128 2913 2434 2983 adiuvante.
2482 2919 2532 2973 in
2577 2920 2725 2989 cujus
2770 2923 2979 2979 nomine
3025 2926 3315 2996 capimus,
3363 2931 3692 2987 terminanda

2128 3013 2269 3061 sunt.
2316 3007 2883 3067 Commendaveramus
2934 3024 3109 3071 autem
3160 3016 3414 3074 Charitati
3461 3002 3689 3089 restria,

2127 3096 2215 3163 qui
2257 3096 2494 3152 adfuistis
2514 3141 2528 3164 ,
2563 3109 2726 3155 totum
2754 3116 2909 3157 istum
2940 3106 3201 3175 psalmum
3230 3108 3464 3179 figuratis
3487 3121 3689 3183 myste-

2125 3185 2220 3240 riis
2245 3202 2362 3242 esse
2390 3198 2713 3247 contextum.
2749 3193 2898 3251 Unde
2934 3196 3073 3266 quod
3111 3197 3374 3255 difﬁcilius
3403 3203 3687 3271 quarritur,

2111 3279 2263 3334 .solet
2286 3278 2489 3336 dulcius
2519 3283 2756 3338 inveniri.
2791 3285 2895 3342 Nec
2925 3289 3118 3356 putetis
3147 3290 3245 3345 ista
3273 3292 3423 3347 vobis
3451 3293 3692 3351 obseuri-
3748 3302 3751 3311 '

2128 3378 2232 3423 tate
2255 3370 2539 3435 subtracta.
2572 3376 2665 3430 sed
2694 3375 3001 3444 difﬁcultate
3025 3381 3267 3449 condita;
3295 3382 3362 3436 ad
3392 3384 3517 3449 hoc,
3545 3385 3690 3456 quod

2126 3472 2267 3531 saepe
2285 3460 2393 3528 jam
2424 3462 2683 3531 diximus,
2717 3476 2773 3520 ut
2798 3467 2951 3523 detur
2981 3470 3307 3538 petentibus.
3336 3458 3633 3530 inveniatur
3658 3494 3692 3533 ει
3750 3472 3759 3475 ’
3854 3456 3859 3457 ί

2126 3553 2500 3619 qumreutibus,
2519 3554 2742 3612 intretur
2755 3573 2782 3610 a
2804 3559 3132 3629 pulsantibus
3146 3561 3357 3631 (Matth.
3376 3579 3445 3620 vtt
3458 3607 3473 3630 ,
3490 3566 3526 3621 Ἰ
3544 3577 3589 3621 et
3605 3567 3689 3636 8).

2126 3642 2227 3698 Sed
2253 3660 2387 3715 opus
2414 3655 2497 3701 est
2542 3646 2693 3703 nobis
2729 3649 2995 3721 aliquanto
3032 3652 3231 3723 majore
3258 3663 3313 3709 et
3351 3655 3563 3712 silentio
3592 3674 3691 3712 ve-

2126 3746 2256 3801 stro,
2287 3745 2341 3791 et
2364 3737 2604 3806 patientia
2637 3747 2829 3805 vestra,
2861 3751 2915 3795 ut
2942 3756 3104 3810 pauca
3130 3759 3246 3811 qua:
3265 3743 3453 3801 dicturi
3478 3762 3687 3813 sumus,

2127 3838 2230 3878 non
2261 3840 2356 3895 per
2393 3828 2665 3897 Strepitum
2700 3830 2904 3899 tempus
2942 3833 3169 3902 amplius
3203 3846 3483 3904 occupent.
3513 3836 3686 3892 Pauca

2126 3918 2265 3971 enim
2294 3933 2388 3973 nos
2410 3919 2587 3975 dicere
2625 3923 2873 3992 temporis
2898 3925 3038 3994 cogit
3075 3926 3311 3996 angustia
3330 3969 3343 3987 .
3373 3928 3511 3997 quod
3542 3931 3691 3984 novit

2125 4018 2177 4064 et
2199 4008 2435 4064 Charitas
2458 4019 2627 4066 vestra
2655 4011 2848 4067 debere
2882 4029 2978 4068 nos
3006 4016 3268 4085 exsequiis
3300 4016 3468 4075 ﬁdelis
3491 4033 3687 4087 corpo-

2127 4102 2201 4155 ris
2224 4102 2458 4156 solemne
2481 4100 2809 4172 obsequium.
2841 4102 2982 4160 Ecce
3000 4105 3109 4175 jam
3138 4121 3255 4176 qua:
3280 4105 3417 4163 dicta
3446 4117 3565 4163 sunt
3594 4125 3689 4163 re-

2124 4201 2337 4262 petere.
2369 4199 2421 4244 et
2463 4206 2645 4246 rursus
2670 4208 2935 4261 exponere
2963 4208 3069 4251 non
3108 4210 3391 4266 cogamur:
3424 4199 3468 4254 si
3501 4197 3689 4255 defue-

2125 4292 2246 4336 runt
2272 4282 2447 4352 aliqui,
2474 4282 2560 4353 qui
2585 4299 2687 4338 non
2708 4281 3003 4345 audierunt.
3029 4302 3135 4340 non
3158 4287 3437 4352 deessent;
3472 4288 3689 4359 prodest

2070 4418 2073 4419 ,
2127 4380 2302 4438 aptum
2329 4371 2433 4426 illis
2462 4370 2713 4437 fortasse,
2758 4373 2898 4442 quod
2939 4389 3042 4429 non
3078 4376 3296 4432 audiunt
3322 4372 3515 4433 modo’
3546 4381 3687 4451 quod

2128 4460 2407 4516 audierunt
2449 4463 2535 4532 qui
2581 4461 2895 4530 adfuerunt,
2943 4474 3000 4519 ut
3034 4474 3089 4521 et
3122 4468 3219 4537 ipsi
3245 4468 3445 4524 discant
3474 4470 3688 4529 adesse.

2129 4553 2386 4623 Legamus
2409 4569 2533 4625 ergo
2562 4556 2776 4610 cursim.

2195 4645 2249 4699 2.
2292 4644 2439 4718 [verm
2489 4648 2541 4713 1,
2585 4644 2666 4721 2.]
2716 4646 2947 4713 Benedic,
2996 4650 3164 4703 anima
3215 4667 3344 4712 mea,
3385 4649 3688 4709 Dominum.

2128 4734 2370 4791 Oumium
2403 4747 2638 4793 nostrum
2669 4738 2838 4793 anima
2866 4738 3037 4804 dicat,
3068 4755 3168 4794 una
3196 4738 3331 4795 facta
3373 4743 3423 4796 in
3450 4743 3688 4801 Christo.

2127 4828 2341 4885 Domine
2366 4829 2501 4885 Deus
2523 4847 2659 4884 meus
2676 4872 2690 4894 ,
2740 4831 3084 4900 magniﬁcatus
3108 4848 3160 4885 es
3184 4833 3350 4887 nimis.
3392 4833 3547 4891 Unde
3571 4852 3691 4891 ma-

2126 4918 2403 4989 gniﬁcatus
2428 4919 2522 4973 es?
2550 4918 2921 4986 Confessionem
2948 4929 2994 4973 et
3020 4919 3246 4974 decorem
3283 4921 3511 4977 induisti.
3543 4922 3692 4980 Con-

2129 5009 2368 5073 ﬁtemini,
2397 5020 2451 5063 ut
2474 5009 2815 5075 decoremini,
2844 5022 2901 5063 ut
2928 5009 3110 5064 induat
3135 5026 3248 5066 vos.
3275 5011 3692 5070 Circumamictus

2128 5099 2285 5153 lucem
2325 5100 2452 5153 sicut
2497 5101 2857 5154 uestimentum.
2909 5098 3342 5158 Circumamictus
3398 5104 3690 5161 Ecclesium

2127 5204 2306 5254 suam;
2337 5189 2460 5260 quia
2500 5190 2610 5259 ipsa
2642 5191 2772 5245 facta
2801 5198 2881 5246 cst
2919 5191 3007 5246 lux
3047 5191 3099 5245 iu
3131 5192 3240 5257 illo,
3267 5210 3385 5264 qua:
3408 5195 3554 5265 prius
3579 5204 3693 5251 erat

2130 5281 2360 5336 tenebrae
2406 5281 2457 5335 in
2500 5296 2591 5345 se,
2634 5280 2843 5336 dicente
2876 5281 3129 5350 Apostolo
3153 5301 3166 5336 :
3193 5282 3380 5338 Fuistis
3418 5284 3693 5353 aliquando

2130 5371 2356 5438 tenebra',
2373 5388 2504 5425 nunc
2514 5381 2676 5426 autem
2688 5372 2777 5426 tua:
2791 5373 2843 5426 in
2862 5371 3076 5426 Domino
3090 5371 3302 5443 (Ephcs.
3324 5390 3374 5438 v,
3390 5374 3467 5445 8).
3492 5371 3693 5429 Exten-

2128 5465 2252 5519 dens
2274 5464 2451 5518 caelum
2476 5465 2601 5519 sicut
2627 5463 2840 5535 pellem:
2861 5464 2946 5519 vel
2975 5474 3077 5519 tam
3105 5463 3259 5521 facile
3292 5481 3449 5537 quam
3491 5476 3545 5520 tu
3576 5468 3693 5537 pel-

2193 5568 2210 5597 ι
2243 5567 2314 5615 sic
2333 5572 2439 5615 Mss.
2467 5573 2519 5616 Αι
2539 5565 2668 5623 Edd.,
2691 5565 2895 5617 domino.

2194 5628 2214 5698 ξ
2243 5630 2316 5675 sic
2328 5628 2489 5700 probae
2516 5634 2753 5700 qotgeuss.
2772 5629 2885 5700 fed.
2908 5630 3185 5700 autem,sed
3206 5629 3250 5679 si
3264 5626 3698 5700 Adefucrintatiqui,

2230 5664 3701 5762 i571F5555!'iiivﬁiiﬁ'wwuﬂiﬁéizm:

2133 5747 2229 5799 illis
2249 5749 2445 5871 {amasse
2565 5747 2658 5800 nari
2689 5750 2887 5803 audiunt
2908 5751 3065 5814 mdo,
3089 5759 3186 5803 etc.

2201 5811 2253 5869 (α
2305 5811 2461 5859 Subau
2497 5824 2527 5871 ι,
2554 5823 2759 5872 precem.

2306 5846 2527 5871 manui-uua,
2554 5846 2600 5871 re
2613 5846 2759 5863 νυνι...

3228 5951 3299 5959 ᾐρ-
