3984 6204
266 315 358 366 355
1325 309 1716 366 ENARRATIO
1758 310 1781 365 li

1885 310 2177 366 suum:
2215 310 2341 365 cm.
2389 294 2394 298 ’

238 321 358 370 1353

231 430 343 491 lein,
369 427 408 480 si
437 435 542 478 tam
571 423 724 478 facile
753 425 842 489 sit,
875 433 1120 492 tanquam
1151 422 1215 476 ad
1243 422 1471 476 litteram
1498 423 1726 489 accipias
1768 439 1782 474 :

233 519 307 574 vel
330 516 688 570 auctoritatem
709 512 1479 582 Seriplurarum'intelligamus
1503 513 1784 566 distentam

231 624 314 678 per
343 615 496 660 totum
559 605 810 658 mundum
857 605 1072 658 nomine
1109 605 1293 673 pellis;
1333 604 1454 672 quia
1497 604 1788 656 mortalitas

231 702 272 753 iu
317 697 446 766 pelle
495 695 856 764 significatur,
914 695 1216 762 dispensata
1269 706 1350 748 est
1399 704 1574 748 autem
1637 695 1788 747 nobis

228 790 380 842 omnis
399 787 686 840 auctoritas
705 785 1100 853 Scripturarum
1120 785 1415 838 divinartnn
1437 800 1529 852 per
1548 785 1787 837 homines

227 877 456 931 mortales
475 919 490 941 ,
520 891 746 945 quorum
785 877 894 943 jam
925 884 1252 928 mortuorum
1282 874 1416 927 fama
1444 873 1780 928 distenditur.

288 971 335 1024 5.
374 967 522 1039 [νει-δ.
552 965 631 1037 5.]
675 967 773 1032 Qui
819 966 1031 1035 protegit
1075 966 1126 1018 in
1173 967 1319 1032 aquis
1355 966 1615 1033 superiora
1653 967 1782 1034 ejus.

231 1061 370 1128 Cujus
405 1058 721 1126 superiora?
765 1057 922 1112 lei.
971 1056 1106 1122 Quid
1153 1065 1234 1110 est
1261 1056 1491 1110 cmlum?
1542 1056 1786 1124 Figurale

229 1153 460 1204 duntaxat
476 1150 707 1203 diximus
727 1149 1056 1218 Scripturam
1082 1149 1332 1201 divinam.
1358 1147 1488 1214 Quze
1511 1147 1783 1215 superiora

230 1242 493 1310 Scriptura:
513 1240 748 1293 divinae?
775 1241 1123 1308 Vra-ceptum,
1153 1255 1257 1308 quo
1287 1238 1414 1315 nihil
1439 1248 1520 1291 est
1547 1238 1786 1292 eminen-

187 1343 191 1346 '
233 1339 349 1399 tius,
396 1335 690 1389 charitatis.
730 1335 904 1402 Quare
943 1343 1120 1386 autem
1169 1332 1318 1399 aquis
1360 1341 1661 1398 comparata
1704 1342 1786 1384 est.

230 1425 473 1480 rharitas?
527 1406 924 1490 Quiut/raritas
967 1421 1062 1475 Dei
1111 1421 1298 1487 diffusa
1343 1432 1412 1474 est
1458 1421 1509 1472 in
1552 1421 1784 1472 cordibus

229 1518 388 1570 nostris
412 1533 498 1584 per
531 1515 781 1584 Spiritum
806 1523 1057 1577 sanctum,
1079 1513 1163 1581 qui
1186 1512 1332 1564 datus
1353 1520 1425 1564 est
1447 1511 1585 1563 nobis
1608 1510 1778 1575 (Rom.

231 1625 270 1672 v,
298 1609 367 1676 ὅ).
403 1606 552 1661 Unde
586 1621 720 1674 aqua
752 1606 863 1672 ipse
883 1604 1151 1672 Spiritus?
1178 1602 1308 1668 Quia
1339 1601 1499 1654 stabat
1524 1600 1706 1663 Jesus,
1738 1608 1783 1652 et

229 1699 493 1752 clamabat:
516 1697 577 1751 Si
598 1697 706 1766 quis
733 1697 855 1759 sitit,
879 1695 1040 1747 ueniat
1069 1694 1135 1746 ad
1161 1692 1484 1759 me,etbibat.
1508 1690 1606 1757 Qui
1627 1690 1782 1742 credit

226 1795 268 1846 in
302 1810 396 1856 me,
425 1792 638 1861 ﬂumina
664 1795 809 1857 aqua:
849 1791 970 1842 virm
999 1789 1153 1856 ﬂuent
1191 1787 1252 1838 de
1280 1796 1449 1838 centre
1476 1785 1602 1848 eius.
1633 1783 1782 1837 Unde

229 1885 493 1952 probamus
541 1882 664 1950 quia
709 1881 775 1934 de
823 1880 1024 1948 Spiritu
1070 1878 1271 1931 dictum
1314 1878 1430 1929 est?
1473 1875 1622 1929 Dicat
1669 1876 1782 1943 ipse

228 1976 538 2044 Erangelista
560 2016 574 2037 ,
612 1974 702 2043 qui
733 1973 972 2041 sequitur
1000 1981 1052 2024 et
1079 1971 1155 2023 ait
1189 1986 1200 2021 :
1235 1968 1350 2021 Hoc
1393 1977 1559 2021 autem
1589 1966 1782 2020 dicebat

227 2069 275 2118 de
313 2067 519 2128 Spiritu,
549 2081 693 2132 quem
717 2063 968 2130 accepturi
996 2071 1138 2115 erant
1169 2061 1221 2114 lii
1245 2061 1328 2130 qui
1358 2061 1411 2113 in
1440 2076 1551 2112 eum
1582 2061 1780 2128 fuerant

225 2157 442 2210 credituri
471 2154 647 2216 (Joan.
690 2171 760 2215 νι,
785 2153 993 2219 57-59).
1026 2151 1126 2218 Qui
1164 2151 1386 2204 ambulat
1414 2165 1564 2219 super
1593 2165 1780 2220 pennas

225 2258 461 2300 uentorum
480 2263 498 2300 :
520 2247 569 2298 id
611 2256 692 2299 est
715 2286 730 2307 ,
765 2261 923 2318 super
952 2245 1172 2297 virtutes
1198 2242 1516 2294 animarum.
1547 2241 1676 2306 Qua:
1701 2248 1782 2294 est

226 2344 380 2392 virtus
416 2340 648 2392 animae?
691 2337 804 2406 Ipsa
849 2338 1100 2391 chmitas.
1151 2335 1428 2400 Quomodo
1473 2343 1647 2388 autem
1693 2333 1780 2388 ille

227 2446 372 2496 super
398 2429 535 2483 illam
565 2429 842 2482 ambulat?
868 2429 998 2495 Quia
1028 2426 1195 2497 major
1225 2436 1308 2480 est
1335 2425 1568 2478 charitas
1598 2425 1690 2479 Dei
1725 2425 1778 2478 in

227 2539 334 2583 nos,
355 2539 502 2592 quam
533 2533 714 2576 nostra
741 2523 790 2576 in
821 2523 1006 2575 Deum.

297 2615 342 2667 4.
373 2614 526 2687 [uera
556 2619 608 2669 4.
634 2614 655 2687 ]
689 2614 785 2679 Qui
812 2614 930 2684 facit
961 2611 1166 2682 angelos
1194 2627 1309 2664 suos
1358 2612 1581 2680 spiritus,
1611 2619 1655 2662 et
1683 2610 1776 2661 mi-

232 2713 402 2763 uistros
425 2724 538 2760 suos
560 2707 722 2776 ignem
747 2706 1044 2772 ﬂagrantem
1066 2718 1083 2754 :
1107 2701 1156 2754 id
1188 2711 1290 2764 est,
1317 2715 1410 2753 eos
1431 2700 1518 2770 qui
1541 2700 1650 2766 jam
1672 2700 1779 2768 spi-

229 2805 356 2855 ritus
382 2809 520 2863 sunt,
553 2798 642 2867 qui
673 2796 996 2864 spirituales,
1039 2808 1143 2846 non
1179 2791 1422 2844 carnales
1474 2777 1619 2851 sunt,
1657 2790 1780 2842 facit

229 2893 430 2962 angelos
446 2905 589 2952 suos,
619 2886 876 2940 mittendo
895 2894 948 2936 ut
974 2880 1387 2952 pra~dicentejus
1410 2879 1778 2948 Evangelium.

231 2983 294 3036 Et
318 2983 558 3035 ministros
579 2995 696 3031 suos
721 2978 883 3047 ignem
911 2977 1229 3044 ﬂagrantem.
1275 2970 1386 3024 Nisi
1429 2969 1571 3023 enim
1596 2967 1781 3022 ardeat

228 3074 449 3125 minister
479 3069 793 3139 prtedicans.
825 3081 929 3120 non
960 3063 1198 3118 accendit
1235 3077 1355 3115 eum
1393 3059 1478 3115 cui
1503 3058 1777 3130 prtedicat.

296 3165 340 3217 ‘5.
364 3163 382 3234 [
407 3179 532 3216 vers.
561 3161 614 3222 5,
643 3159 696 3212 6.
728 3157 747 3228 ]
799 3156 1051 3209 Fundarit
1091 3164 1276 3206 terram
1315 3168 1466 3220 super
1492 3151 1783 3218 ﬁrmamen-

230 3256 474 3323 tutuejus.
533 3250 784 3304 Firmavit
839 3246 1132 3300 Ecclesium
1189 3257 1349 3310 super
1388 3243 1777 3295 firmamentum

231 3347 486 3402 Ecclesize.
518 3342 671 3410 Quod
711 3352 790 3395 est
822 3341 1211 3394 ﬁrmamentum
1235 3337 1505 3400 Ecclesizc,
1537 3335 1636 3388 nisi
1669 3334 1782 3386 fun-

227 3417 518 3490 damentum?
539 3433 833 3488 [iecit-sim?
862 3430 1010 3498 Quod
1038 3438 1119 3482 est
1147 3427 1542 3481 fundamentum
1592 3425 1778 3479 Eccle-

231 3529 330 3589 siae,
351 3526 450 3580 nisi
471 3527 537 3580 de
559 3539 661 3594 quo
691 3524 817 3578 dicit
839 3520 1122 3590 Apostolus
1152 3537 1164 3573 ε
1192 3518 1606 3572 Fundamentum
1635 3533 1780 3570 nemo

235 3626 372 3683 potest
419 3632 597 3684 ponere
637 3624 970 3682 praeterquam
996 3609 1128 3680 quod
1169 3610 1383 3678 positum
1411 3618 1501 3673 est,
1530 3608 1662 3677 quod
1711 3617 1781 3659 est

235 3705 444 3757 Christus
470 3705 616 3758 Jesus
642 3703 681 3774 (l
708 3702 824 3756 Cor.
857 3719 931 3765 ιιι,
959 3699 1087 3762 li)?
1111 3700 1174 3752 Et
1204 3698 1322 3752 ideo
1354 3697 1441 3751 tali
1469 3696 1783 3750 fundamen-

238 3806 281 3848 to
309 3797 531 3855 suffulta,
565 3795 687 3864 quid
721 3795 912 3847 meruit
945 3789 1171 3845 audire?
1209 3789 1327 3842 Non
1371 3787 1693 3842 inclinabitur
1730 3788 1782 3840 in

236 3889 454 3939 tandum
478 3886 666 3939 seaculi.
700 3883 744 3937 Γ
747 3884 952 3937 undavit
979 3893 1159 3935 terram
1179 3897 1327 3951 super
1347 3881 1632 3949 ﬁrmitatem
1647 3880 1778 3949 ejus,

234 3978 274 4031 id
303 3990 396 4041 ρει,
432 3979 652 4032 lirmuvit
683 3977 968 4030 Ecclesium
1001 3989 1160 4043 super
1192 3974 1585 4027 fundamentum
1641 3971 1785 4026 Chri-

229 4081 374 4122 stum.
402 4069 607 4122 Nntabit
627 4068 852 4121 Ecclesia
871 4067 915 4122 si
937 4064 1202 4119 nutaverit
1228 4063 1624 4118 fundamentum
1651 4079 1663 4114 :
1687 4061 1782 4116 sed

231 4161 355 4213 unde.
382 4161 575 4212 nutabit
601 4159 861 4219 Christus,
893 4158 980 4226 qui
1011 4165 1292 4224 antequam
1323 4153 1527 4208 veniret
1555 4152 1620 4206 ad
1643 4167 1739 4206 nos
1762 4193 1777 4217 ,

229 4261 275 4302 et
301 4267 506 4304 carnem
533 4251 840 4317 susciperet,
875 4248 1042 4299 omnia
1072 4256 1159 4316 per
1182 4247 1346 4314 ipsum
1399 4247 1532 4316 facta
1555 4251 1690 4306 situt,
1735 4254 1782 4297 et

227 4343 327 4393 sine
350 4343 454 4409 ipso
478 4343 661 4409 factum
683 4352 752 4395 est
781 4340 905 4393 nillil
936 4338 1110 4410 (Joau.
1138 4354 1173 4403 ι,
1198 4336 1253 4409 5)
1278 4353 1292 4401 ;
1331 4338 1418 4406 qui
1447 4338 1622 4390 omnia
1647 4351 1778 4390 con-

232 4432 358 4484 tinet
388 4435 649 4498 majesta:e
675 4475 688 4495 ,
723 4440 775 4484 et
805 4445 901 4484 nos
930 4429 1205 4483 bonitate?
1235 4428 1347 4482 Non
1377 4435 1594 4482 nutante
1620 4427 1778 4481 Chri-

230 4531 329 4583 sto,
359 4540 449 4574 non
475 4524 794 4576 inclinabitur
814 4525 868 4573 in
912 4520 1148 4574 swculum
1175 4519 1366 4572 seaculi.
1394 4517 1494 4573 Ubi
1524 4528 1646 4570 sunt
1689 4519 1780 4586 qui

227 4613 398 4666 dicunt
435 4615 630 4682 perisse
660 4614 726 4666 de
753 4615 950 4667 mundo
991 4612 1300 4672 Ecclesium,
1330 4608 1540 4678 quando
1563 4624 1660 4663 nec
1693 4609 1778 4662 in-

228 4706 400 4758 clinari
431 4707 636 4774 potest?

293 4797 342 4850 6.
371 4799 471 4852 Sed
501 4798 640 4850 unde
663 4797 822 4865 cmpit
853 4795 1106 4848 Dominus
1136 4808 1374 4848 asserere
1409 4792 1561 4846 istam
1593 4791 1796 4848 Eccle-.

232 4889 368 4954 simu,
392 4894 650 4954 revelare,
677 4891 929 4958 incipere,
959 4886 1258 4950 ostendere,
1284 4885 1613 4940 diffundere?
1644 4885 1781 4938 unde

233 4987 374 5050 carpit
403 4983 540 5036 hoc?
571 4981 694 5050 quid
737 4989 851 5034 erat
896 4979 1110 5049 primo?
1143 4977 1272 5043 Quia
1323 4977 1553 5046 fundavit
1598 4987 1782 5029 terram

232 5087 365 5134 super
389 5075 758 5142 [irritamentum
784 5072 893 5138 eius
913 5113 926 5134 ,
979 5087 1078 5124 non
1107 5069 1428 5123 inclinabitur
1455 5069 1508 5121 in
1544 5069 1782 5121 saxulum

231 5166 404 5216 saeculi.
450 5165 676 5234 Abyssus
697 5164 823 5216 sicut
859 5163 1201 5216 vestimentum
1226 5161 1438 5213 amictus
1466 5160 1648 5230 ipsius.
1681 5159 1783 5213 Cu-

229 5254 343 5322 jus?
371 5257 620 5326 mnnquid
654 5259 789 5310 forte
831 5256 963 5310 Dei?
1011 5254 1116 5308 Sed
1163 5253 1271 5322 jam
1311 5253 1378 5306 de
1420 5253 1613 5306 amictu
1667 5253 1782 5319 ejus

228 5347 433 5410 dixerat,
467 5348 880 5401 Circumamictus
919 5346 1099 5410 lucem,
1128 5345 1258 5396 velut
1283 5343 1641 5396 vestimentum.
1670 5346 1782 5396 Au—

227 5438 305 5490 dio
328 5440 486 5493 Demn
518 5440 635 5492 luce
673 5439 944 5503 vestitum,
977 5446 1030 5491 et
1061 5436 1148 5489 lux
1172 5436 1282 5505 ipsa
1308 5435 1352 5488 si
1394 5434 1661 5499 volumus,
1685 5447 1782 5487 nos

227 5545 412 5584 sumus.
444 5532 578 5598 Quid
631 5541 730 5592 est,
786 5531 829 5583 si
860 5530 1146 5584 volumus?
1173 5528 1228 5582 Si
1261 5527 1369 5597 jam
1402 5527 1631 5581 tenebrae
1676 5543 1780 5581 non

226 5631 392 5673 smnus
417 5628 456 5672 ι.
491 5622 629 5690 Ergo
658 5622 700 5673 si
734 5621 874 5674 Deus
897 5621 1012 5674 lucc
1029 5620 1248 5673 vestitus
1271 5626 1370 5680 est,
1397 5617 1548 5684 cujus
1571 5633 1778 5669 rursum

281 5731 294 5758 '
325 5730 545 5793 meliores
568 5738 691 5779 Mssa
714 5729 762 5781 si
782 5731 889 5793 jam
901 5730 1103 5779 tenebra:
1120 5727 1314 5792 fuimus.
1338 5725 1584 5777 Nonnulli:
1612 5725 1660 5776 si
1671 5725 1782 5788 jam

219 5791 421 5842 tenebras
445 5791 666 5854 Iugarius.

473 5873 739 5938 ΡΑτιιοι,
788 5865 1117 5935 XXXVII.

3328 318 3464 376 1554

1900 421 2270 476 vestimentum
2293 432 2374 476 est
2396 422 2659 493 abyssus?
2691 424 2930 495 Abyssus
2959 425 3100 484 enim
3139 425 3330 482 dicitur
3358 429 3461 486 im-

1894 526 2076 564 mensa
2105 526 2362 580 aquarum
2393 513 2544 580 cnpia
2574 530 2586 564 :
2614 515 2788 569 omnis
2837 531 2970 584 aqua
2995 557 3010 580 ,
3041 518 3215 571 omnis
3245 517 3458 573 humida

1893 612 2098 666 natura,
2148 612 2305 669 atque
2353 603 2645 656 substantia
2703 605 3109 676 circumquaque
3134 608 3322 662 diffusa
3359 605 3462 679 per

1892 692 2077 756 maria,
2115 701 2169 745 et
2195 692 2429 754 flunnna,
2465 702 2517 746 et
2562 705 2712 747 antra
2751 697 2988 758 occulta.
3032 698 3190 752 simul
3221 715 3326 753 uno
3365 716 3462 756 no-

1891 783 2032 835 mine
2062 782 2285 852 abyssus
2320 793 2556 836 vocatur.
2595 783 2735 854 Ergo
2758 795 2950 839 terram
2979 771 3350 858 intelligimus,
3394 792 3462 846 de

1887 888 1988 942 qua
2020 872 2172 937 dixit,
2204 873 2252 926 F
2257 876 2462 928 undavit
2493 885 2676 928 terram
2704 893 2852 947 super
2894 879 3263 945 ﬁrmamentum
3311 883 3462 952 ejus;

1889 979 1990 1016 non
2030 965 2351 1019 inclinabitur
2403 967 2454 1019 in
2500 967 2739 1020 saxulum
2779 971 2990 1033 seaculi;
3021 971 3086 1025 de
3141 973 3225 1027 illa
3255 974 3458 1028 dictum

1886 1053 2068 1116 credo,
2099 1054 2317 1124 Abyssus
2341 1056 2468 1109 sicut
2496 1058 2841 1111 vestimentum
2872 1062 3082 1114 amictus
3109 1062 3284 1132 ipsius.
3327 1065 3460 1119 Ter-

1887 1157 1960 1194 ra:
1988 1143 2128 1196 enim
2157 1146 2305 1213 quasi
2361 1147 2736 1201 vestimentum
2782 1162 2862 1203 est
2901 1167 3071 1219 aqua,
3125 1154 3456 1209 circumdans

1887 1246 2004 1286 eam
2035 1243 2087 1286 ct
2130 1245 2419 1304 contegens
2446 1252 2586 1291 eam.
2620 1238 2723 1293 Sed
2763 1240 3044 1309 aliquamlo
3071 1243 3119 1296 in
3155 1244 3347 1299 diluvio
3385 1247 3456 1301 ita

1885 1324 2054 1377 erevit
2087 1324 2199 1379 lucc
2229 1329 2392 1381 V't'StiS
2435 1338 2622 1392 terrm,
2655 1341 2710 1383 ut
2737 1333 2916 1385 omnia
2965 1335 3182 1389 omnino
3214 1339 3456 1406 conperi-

1884 1423 1984 1476 ret,
2018 1423 2072 1468 et
2121 1417 2526 1473 transcenderet
2555 1419 2847 1475 altissimos
2877 1434 3117 1489 montes,
3147 1426 3457 1482 sicutScri-

1884 1515 2034 1571 ptura
2067 1514 2324 1567 testatur.
2353 1508 2547 1562 cubitis
2592 1509 2756 1564 ferme
2798 1512 3100 1580 quindecim
3145 1514 3316 1585 (Gen.
3360 1533 3454 1584 vn,

1881 1594 1992 1665 9.0).
2025 1595 2270 1651 Fortasse
2299 1597 2470 1667 ipsum
2499 1608 2706 1669 tempus
2731 1602 3047 1671 signiﬁcavit
3074 1606 3171 1659 iste
3200 1607 3453 1675 psalmus,
3479 1643 3488 1652 ι

1881 1699 2000 1738 cum
2053 1686 2301 1752 diceret,
2367 1689 2592 1760 Abyssus
2658 1691 2782 1745 sicut
2847 1694 3188 1749 vestimentum
3247 1709 3458 1752 amictus

1881 1792 2058 1845 ipsius.

1953 1869 2005 1921 7.
2039 1869 2207 1937 Super
2233 1879 2426 1926 montes
2449 1873 2650 1927 stabunt
2677 1891 2820 1945 aqua:
2846 1892 2864 1929 :
2890 1875 2938 1929 id
2963 1887 3050 1930 est
3079 1879 3453 1935 vestimentum

1881 1968 2059 2023 terrae,
2091 1960 2231 2029 quod
2263 1971 2344 2016 est
2372 1963 2627 2034 abyssus,
2658 1967 2730 2019 ita
2765 1968 2932 2021 crevit
2953 2011 2967 2031 ,
3003 1977 3057 2022 ut
3100 1970 3257 2025 etiam
3297 1986 3457 2042 super

1882 2061 2092 2106 montes
2115 2067 2265 2121 aqua:
2291 2063 2512 2108 starent.
2536 2055 2782 2126 Legimus
2807 2057 2927 2122 hoc,
2962 2068 3018 2112 ut
3037 2059 3165 2122 dixi,
3191 2061 3381 2116 factum
3401 2063 3453 2115 in

1880 2139 2098 2194 diluvio.
2153 2141 2279 2197 inde
2309 2144 2622 2213 loquebatur
2657 2146 2960 2216 Propheta?
3011 2153 3260 2206 narrabat
3303 2147 3456 2209 nobis

1882 2232 2146 2298 prazterita
2172 2273 2187 2296 ,
2241 2249 2308 2286 an
2338 2235 2726 2302 praenuntiabat
2756 2238 2970 2293 futura?
2997 2239 3098 2294 Sed
3142 2241 3187 2295 si
3217 2256 3453 2298 narraret

1881 2322 2166 2389 praeterita,
2207 2338 2313 2376 non
2361 2324 2514 2378 nobis
2551 2325 2791 2394 diceret,
2825 2329 2994 2398 Super
3037 2342 3226 2386 montes
3251 2337 3452 2388 stabunt

1877 2428 2061 2481 aqua;
2087 2413 2386 2485 sed,Super
2407 2426 2615 2471 montes
2644 2427 2903 2473 steterunt
2930 2437 3099 2489 aqum.
3118 2423 3448 2481 Prmteritum

1880 2504 2018 2558 enim
2043 2509 2374 2576 tempus‘pro
2396 2506 2574 2563 futuro
2602 2510 2775 2566 solere
2801 2513 2925 2581 poni
2960 2514 3010 2566 in
3043 2515 3353 2586 Scripturis,
3376 2523 3448 2576 ita

1880 2595 2201 2662 praevidente
2254 2598 2454 2667 Spiritu
2492 2615 2612 2668 qua:
2665 2611 2884 2656 ventura
2937 2615 3083 2669 sunt,
3138 2607 3289 2675 quasi
3331 2609 3443 2678 jam

1878 2684 2014 2739 facta
2036 2688 2160 2751 sint,
2189 2691 2424 2746 solemus
2451 2678 2646 2761 legere.
2677 2691 2803 2748 Inde
2828 2702 2910 2748 est
2934 2697 3072 2765 quod
3099 2697 3226 2751 illud
3267 2700 3315 2753 in
3343 2701 3448 2756 alio
3482 2767 3484 2770 _

1879 2777 2082 2844 psalmo
2110 2779 2356 2834 novimus
2406 2797 2632 2848 omnes,
2666 2783 2756 2838 ubi
2806 2794 3051 2855 tanquam
3100 2787 3445 2858 Evangelium

1879 2869 2132 2923 recitatur
2160 2888 2173 2924 :
2196 2869 2455 2926 Fuderunt
2485 2890 2662 2928 manus
2680 2892 2815 2928 meas
2841 2886 2884 2930 et
2907 2878 3071 2946 pedes,
3098 2879 3447 2935 dinumerare-

1877 2967 1996 3010 runt
2020 2959 2186 3012 omnia
2220 2977 2336 3015 ossa
2363 2978 2472 3014 utea
2494 2979 2515 3026 ;
2557 2979 2709 3031 super
2736 2968 3078 3020 vestimentum
3107 2986 3269 3023 meum
3294 2972 3442 3026 mise-

1880 3057 1996 3100 runt
2025 3059 2208 3103 sortem
2241 3050 2422 3122 (Psal.
2451 3069 2540 3107 XXI
2566 3095 2581 3119 ,
2607 3055 2812 3127 17-19).
2842 3054 3030 3112 Omnia
3062 3062 3210 3128 quasi
3231 3061 3340 3129 jam
3369 3063 3448 3116 fa-

1881 3149 1964 3191 cta
1987 3153 2498 3210 commemorantur,
2531 3160 2648 3214 qua:
2681 3149 2862 3216 utique
2888 3149 3060 3204 adhuc
3088 3161 3306 3208 ventura
3335 3169 3452 3210 cer-

1883 3230 2165 3286 nebantur.
2213 3232 2318 3288 Sed
2371 3245 2624 3305 quantum
2681 3249 2856 3307 potest
2892 3251 3073 3296 nostra
3144 3243 3453 3316 diligentia?

1880 3330 2139 3388 quantum
2173 3332 2349 3377 autem
2384 3335 2557 3393 potest
2585 3335 2728 3382 tanta
2751 3332 3068 3400 occupatio?
3110 3345 3201 3388 aut
3241 3338 3455 3406 quando

1889 3411 1972 3464 sic
2005 3421 2188 3478 vacat,
2218 3421 2276 3466 ut
2311 3415 2574 3482 possimus
2621 3431 2718 3485 pro
2763 3429 2911 3472 certo
2957 3421 3276 3480 dicerezlta
3322 3431 3452 3481 est?

1883 3503 2374 3560 Animadvertimus
2401 3521 2542 3576 smpe
2589 3507 2878 3579 PrOphetas
2912 3516 3182 3581 prazterito
3217 3529 3455 3588 tempore

1881 3594 2168 3648 verborum
2190 3597 2379 3666 .dicere
2425 3614 2542 3666 qua:
2572 3598 2741 3654 futura
2778 3613 2939 3666 sunt;
2975 3603 3134 3672 figura
3164 3617 3342 3662 autem
3369 3609 3453 3662 fu-

1884 3686 1985 3739 turi
2006 3686 2183 3742 dicere
2209 3690 2497 3756 prmterita,
2523 3705 2628 3744 non
2659 3691 2809 3746 facile
2835 3697 3068 3748 occurrit
3097 3697 3310 3767 legenti.
3341 3701 3454 3755 Non

1883 3775 2054 3830 audeo
2089 3776 2284 3841 dicere,
2323 3778 2439 3832 Non
2485 3789 2600 3844 est;
2650 3781 2742 3835 sed
2788 3793 2932 3838 certe
2967 3785 3220 3842 studiosis
3268 3805 3452 3844 earmn

1883 3866 2204 3920 Litterarum
2235 3868 2514 3922 indixerim
2537 3869 2660 3937 quid
2689 3883 2946 3940 quazrant.
2978 3874 3031 3928 Si
3057 3875 3371 3945 invenerint,
3400 3890 3458 3935 et

1885 3955 1956 4010 ad
2009 3972 2108 4011 nos
2140 3958 2450 4024 attulerint,
2481 3959 2862 4027 gratulabimur
2897 3964 3310 4020 adolescentimn
3338 3979 3453 4022 stu-

1883 4047 1984 4100 diis
2014 4048 2306 4102 otiosorum
2335 4049 2576 4116 occupati
2612 4064 2789 4112 senes,
2817 4062 2870 4104 et
2904 4069 2966 4106 ex
2993 4070 3178 4110 eorum
3209 4058 3451 4113 ministe-

1883 4139 1963 4190 rio
1993 4146 2046 4192 et
2068 4153 2165 4193 nos
2203 4139 2400 4207 aliquid
2426 4138 2718 4195 discemus.
2748 4139 2863 4195 Non
2903 4144 3042 4197 enim
3068 4145 3450 4217 dedignamur;

1883 4231 2092 4298 quando
2125 4231 2364 4285 Christus
2385 4232 2452 4287 de
2491 4233 2739 4286 omnibus
2762 4233 2935 4288 docet.
2972 4237 3081 4290 lloc
3125 4255 3251 4311 ergo
3278 4241 3405 4296 dicit
3435 4261 3448 4294 :

1886 4320 2055 4388 Super
2102 4331 2294 4375 montes
2321 4324 2520 4375 stabunt
2546 4338 2707 4394 aquae.
2743 4324 3005 4394 Propheta
3055 4343 3250 4385 curans
3281 4333 3452 4388 futura

1885 4411 2197 4480 praedicere,
2232 4428 2338 4466 non
2389 4429 2606 4468 narrare
2634 4417 2921 4483 praeterita,
2956 4429 3231 4488 propterea
3271 4423 3407 4478 dixit
3435 4467 3451 4489 ,

1883 4503 2006 4571 quia
2059 4502 2349 4555 Ecclesium
2395 4502 2623 4557 futuram
2676 4505 2728 4558 in
2775 4503 2979 4561 diluvio
3029 4514 3452 4578 persecutionum

1884 4593 2095 4648 volebat
2125 4594 2366 4664 intelligi.
2391 4594 2513 4648 Fuit
2550 4596 2691 4648 enim
2733 4605 2939 4665 tempus
2981 4600 3266 4668 aliquando
3291 4645 3306 4670 ,
3349 4621 3455 4674 quo

1887 4696 2081 4738 terram
2120 4685 2254 4748 Dei,
2286 4685 2577 4740 Ecclesium
2609 4687 2701 4741 Dei
2737 4701 3122 4758 cooperucrant
3149 4707 3299 4762 aqua:
3343 4711 3458 4764 per-

1884 4775 2254 4845 sequentium;
2283 4787 2336 4830 et
2366 4777 2436 4829 ita
2467 4789 2884 4845 cooperuerant,
2917 4790 2972 4833 ut
3003 4797 3109 4835 non
3131 4797 3454 4852 apparerent

1886 4884 1981 4922 nec
2008 4869 2105 4937 ipsi
2131 4868 2323 4938 magni,
2341 4870 2432 4938 qui
2460 4878 2585 4922 sunt
2608 4880 2836 4925 montes.
2861 4873 3237 4938 Qnauducnim
3262 4877 3455 4946 ubique

1885 4959 2180 5028 fugiebant,
2214 4958 2479 5027 quomodo
2508 4973 2613 5011 non
2650 4959 2824 5013 minus
2854 4963 3226 5029 apparebant?
3252 4965 3319 5018 Et
3343 4966 3453 5020 lor-

1887 5057 2024 5101 tasse
2048 5049 2125 5109 de
2143 5048 2418 5116 illis'aquis
2435 5057 2514 5101 est
2544 5062 2644 5102 vox
2672 5035 2762 5102 illa
2791 5065 2810 5104 :
2838 5050 3048 5106 Salvum
3069 5070 3146 5106 me
3171 5058 3271 5124 fac,
3297 5055 3451 5122 Deus,

1885 5139 2118 5206 quoniam
2139 5138 2445 5190 intrauerunt
2459 5154 2603 5207 aqua:
2613 5155 2766 5210 usque
2784 5141 2851 5202 ad
2872 5143 3092 5195 animam
3105 5161 3263 5196 meam
3284 5143 3452 5213 (Psal.

1887 5243 2064 5291 vam,
2081 5225 2160 5299 9.).
2181 5227 2403 5282 Maxime
2419 5243 2567 5300 aquae
2579 5245 2698 5300 qua:
2719 5247 2865 5286 mare
2883 5230 3099 5300 faciunt,
3122 5237 3449 5304 procellosav,

1889 5319 2250 5374 infructuosa).
2280 5318 2393 5373 Non
2421 5321 2562 5374 enim
2609 5337 2995 5391 quamcumque
3021 5335 3216 5379 terram
3260 5341 3453 5394 coope-

1885 5415 2198 5482 rueritaqua
2221 5413 2444 5480 marina,
2468 5415 2767 5469 fecundabit
2784 5431 2904 5470 eam
2921 5419 3247 5487 potiusquam
3266 5420 3330 5472 ad
3356 5431 3462 5475 ste—

1885 5505 2134 5558 rilitatem
2167 5501 2439 5571 perducet.
2475 5505 2637 5557 Erant
2656 5505 2799 5558 enim
2828 5515 3109 5561 ctmontcs
3137 5508 3235 5561 sub
3262 5511 3413 5581 aquis
3435 5554 3450 5575 ,

1887 5595 2008 5663 quia
2039 5608 2200 5662 super
2227 5600 2432 5645 montes
2467 5593 2677 5646 stabant
2704 5609 2889 5661 aqum:
2917 5595 3094 5664 pepuli
3144 5599 3455 5656 resistentes

1886 5695 2267 5754 superaverant
2296 5686 2666 5739 auctoritatem
2712 5685 2948 5738 omnium
2998 5687 3192 5758 ubique
3246 5689 3455 5745 fortiter

1869 5778 2357 5847 evangeliumtium
2383 5776 2601 5833 verbum
2619 5775 2737 5842 Dei,
2761 5791 3149 5847 coeperuerant
3172 5798 3263 5839 eos
3279 5799 3452 5852 aqmc,

2599 5871 3213 5957 (Quarunte—trois.)
