4012 6202
450 237 590 295 1355
662 261 666 263 Α

450 359 507 404 et
521 363 681 418 super
703 345 821 402 illos
846 342 1056 398 stabant
1077 354 1247 410 aquae,
1277 335 1542 400 dicebant,
1565 334 1772 397 Preme,
1802 346 2018 402 preme;

370 444 377 449 ’
455 452 511 499 et
532 441 842 512 premebant
869 453 883 490 :
917 432 1205 503 Exstinguc
1227 470 1246 498 ,
1284 444 1390 483 non
1421 435 1729 497 appareant.
1773 424 2024 479 Dicebant

1675 221 1733 276 S.
1774 218 2132 276 AUGUSTI.“
2175 214 2471 271 lil‘lSCOl’l

3559 214 3702 272 ηδε

2206 328 2294 384 to.
2319 330 2459 399 Quid
2480 344 2627 400 ergo,
2654 331 2776 400 quia
2790 332 2898 399 jam
2925 329 3114 387 [luctus
3137 332 3455 388 amarissiml
3482 333 3703 389 modum

2139 430 2480 492 acceperunt,
2507 430 2564 475 ut
2592 421 2750 478 liccat
2777 422 2932 477 nobis
2960 423 3082 483 talia
3113 424 3274 479 etiam
3318 423 3483 480 libere
3504 424 3702 496 pra-di-

457 511 558 590 ista
581 574 597 599 ,
647 540 704 587 et
739 525 1099 601 praevalebant
1132 535 1293 592 super
1321 527 1583 589 martyres
1607 557 1623 578 ,
1673 525 1725 570 et
1752 512 2027 584 fugiebant
2129 524 2253 601 Care
2270 511 2427 601 ;quia
2445 511 2725 566 terminum
2756 523 3072 582 acceperunt
3099 512 3353 580 debitum,
3376 515 3501 585 quia
3527 525 3704 571 trans-

460 600 976 695 ubiqueChristiani,
992 624 1047 670 et
1070 614 1189 684 luga
1214 609 1441 682 quadam
1466 604 1867 663 occultabantur
1883 603 2027 672 Apo-
2130 600 2280 671 gredi
2327 616 2435 655 non
2485 610 2708 672 possunt
2735 603 3037 695 impositum
3087 602 3279 670 linem,
3308 619 3481 695 neque
3521 622 3711 662 rever.

459 715 603 772 stoli.
629 711 782 770 Unde
807 711 925 779 luga
947 704 1356 762 occultabantur
1380 697 1664 771 Apostoli?
1688 696 1822 765 Quia
1862 709 2026 766 super

463 814 672 863 montes
699 803 911 858 stabant
938 815 1113 870 aqum.
1131 796 1262 851 Erat
1278 802 1517 867 potestas
1532 804 1793 861 aquarum
1814 801 2026 857 magna.

462 895 565 952 Sed
590 891 884 966 quamdiu?
911 889 1046 945 Audi
1072 885 1212 958 quod
1244 886 1501 954 sequitur.

532 988 587 1045 8.
622 985 647 1062 [
673 1001 801 1041 vers.
831 984 884 1038 7.
909 980 933 1056 ]
957 981 1033 1036 Ab
1081 976 1423 1048 increpatione
1456 983 1543 1028 tua
1582 970 1808 1062 fugimus
1836 967 1905 1023 Et
1928 966 2032 1022 hoc

468 1059 663 1135 factum
703 1086 819 1139 est,
868 1072 1101 1136 fratres;
1143 1070 1211 1124 ab
1258 1064 1625 1135 increpatione
1663 1060 1757 1117 Dei
1789 1059 2035 1130 ingerunt

467 1182 620 1238 aqua:
650 1184 666 1221 :
693 1164 798 1220 hoc
849 1171 953 1227 est,
985 1176 1015 1214 a
1062 1170 1310 1229 pressura
1366 1153 1627 1211 montium
1673 1157 2032 1206 recesserunt.

468 1258 583 1313 iam
611 1266 822 1316 montes
846 1252 949 1322 ipsi
970 1259 1184 1307 exstant
1209 1247 1402 1302 Petrus
1436 1254 1490 1299 et
1517 1243 1712 1299 Paulus
1731 1258 1746 1294 :
1764 1239 2036 1310 quomodo

467 1347 742 1403 entiuent?
768 1344 866 1412 Qui
911 1351 1033 1398 ante
1062 1356 1093 1395 a
1144 1335 1575 1415 persecutoribus
1600 1332 2035 1404 premebantur,

472 1452 615 1497 nunc
652 1436 721 1492 ab
750 1432 1157 1505 imperatoribus
1183 1436 1525 1485 venerantur.
1570 1423 1845 1495 Fugerunt
1893 1421 2039 1478 enim

470 1522 623 1599 aquie
646 1528 713 1583 ab
735 1524 1097 1596 increpatione
1124 1521 1217 1576 Dei
1244 1537 1258 1574 :
1285 1520 1407 1589 quia
1435 1533 1532 1573 cor
1571 1531 1759 1586 regum
1784 1515 1839 1569 in
1880 1528 2040 1568 manu

472 1620 604 1685 Dei;
633 1617 850 1673 deﬂexit
873 1629 979 1686 quo
1006 1613 1172 1668 voluit
1200 1609 1381 1686 (Prov.
1414 1623 1523 1673 xxi,
1559 1604 1634 1680 l),
1653 1606 1805 1677 jussit
1829 1620 1925 1674 per
1949 1617 2043 1659 eos

478 1724 659 1780 pacem
690 1707 801 1761 dari
823 1703 1140 1760 Christianis
1162 1720 1177 1768 ;
1203 1701 1417 1757 emicuit
1442 1708 1495 1754 et
1512 1697 1735 1772 eminuit
1757 1694 2044 1750 auctoritas

477 1799 787 1871 apostolica.
815 1795 1085 1867 Numquid
1134 1802 1190 1850 et
1213 1792 1426 1864 quando
1476 1805 1637 1861 supra
1686 1796 1841 1845 erant
1867 1801 2041 1857 aquae,

471 1893 739 1949 mluntium
775 1890 1044 1946 defecerat
1081 1885 1430 1958 magnitudo?
1456 1884 1560 1941 Sed
1604 1893 1802 1946 tamen,
1853 1880 2047 1937 fratres

482 1984 608 2047 mei,
644 1990 701 2036 ut
742 1996 933 2035 omnes
973 1979 1213 2034 viderent
1242 1975 1586 2034 eminentiam
1613 1973 1869 2029 montium
1891 2012 1908 2039 ,
1954 1986 2049 2042 per

481 2089 613 2145 quos
639 2081 848 2127 montes
872 2070 1017 2125 salus
1042 2076 1187 2124 esset
1212 2066 1392 2138 generi
1422 2065 1674 2130 humano,
1703 2062 1848 2134 quia,
1877 2061 2044 2116 Leva-

478 2165 528 2217 vi
566 2163 736 2218 oculos
777 2176 912 2216 meos
938 2160 992 2214 in
1041 2168 1232 2213 montes
1254 2198 1276 2224 ,
1302 2154 1437 2211 unde
1462 2154 1621 2210 veniet
1651 2153 1901 2209 auxilium
1924 2150 2049 2206 nulli

481 2251 655 2323 (Psal.
684 2267 809 2319 cxx,
841 2249 923 2321 l);
954 2249 1026 2305 ab
1067 2246 1427 2318 increpatione
1454 2245 1550 2301 Dei
1601 2242 1852 2315 fugerunt
1873 2256 2047 2312 aquae.

481 2346 526 2400 Δ
551 2360 669 2399 voce
685 2342 898 2397 tonitrus
923 2339 997 2395 tui
1028 2338 1390 2412 formidabant.
1420 2335 1536 2392 lam
1564 2336 1684 2407 quis
1703 2348 1809 2390 non
1839 2342 2044 2389 terrea-

479 2446 571 2491 tur
592 2449 623 2489 a
646 2448 776 2489 voce
806 2432 899 2489 Dei
936 2446 1033 2504 per
1059 2428 1366 2500 Apostolus,
1394 2439 1526 2483 voce
1553 2425 1649 2482 Dei
1674 2440 1772 2497 per
1810 2423 2048 2493 Scriptu-

483 2540 594 2592 ras,
615 2538 711 2595 per
737 2522 902 2579 nubes
917 2521 1073 2592 ejus?
1097 2517 1413 2589 Conquievit
1436 2532 1610 2585 mare,
1629 2514 2050 2573 formidaverunt

486 2630 661 2684 aqua',
690 2611 868 2668 nudati
893 2618 1019 2666 sunt
1042 2617 1273 2674 montes,
1292 2608 1453 2677 jussit
1476 2607 1781 2677 imperator.
1802 2604 1908 2661 Sed
1931 2604 2055 2674 quis

480 2688 750 2775 jussisset,
781 2701 881 2756 nisi
909 2699 1052 2755 Deus
1097 2695 1394 2754 tonuisset?
1422 2695 1554 2766 Quia
1581 2695 1749 2751 voluit
1774 2695 1933 2760 Deus,
1975 2694 2051 2749 illi

483 2794 781 2864 jusserunt,
807 2797 863 2846 et
885 2787 1081 2847 factum
1110 2797 1214 2844 est.
1248 2787 1386 2859 Ergo
1415 2786 1595 2842 nullus
1642 2784 1745 2840 sibi
1764 2784 2050 2841 hominum

487 2894 700 2956 arroget
722 2881 919 2953 aliquid
945 2897 961 2948 ;
991 2880 1407 2936 lormidavcrunt
1428 2892 1600 2949 aqum,
1627 2876 1721 2933 sed
1747 2893 1781 2932 a
1810 2892 1927 2931 voce
1970 2886 2053 2930 to-

487 2979 653 3034 nitrus
671 2977 763 3031 lui.
781 2975 914 3032 Nam
930 2988 1074 3041 ecce,
1098 2987 1223 3029 cum
1242 2972 1410 3027 voluit
1434 2971 1593 3038 Deus,
1617 2969 1860 3041 fugerunt
1878 2985 2049 3040 aquae,

487 3087 556 3127 ne
584 3076 885 3143 premerent
945 3074 1189 3129 montes;
1232 3073 1516 3134 antequam
1564 3061 1618 3118 id
1647 3061 1821 3127 ﬂeret,
1871 3070 1926 3117 et
1953 3060 2058 3116 sub

485 3164 637 3233 aquis
668 3160 804 3216 [ii-mi
829 3167 982 3213 erant
1009 3165 1241 3213 montes.
1785 3217 1789 3221 ν

556 3255 611 3312 9.
641 3252 816 3327 [veru
865 3249 1020 3306 840.
1047 3247 1071 3322 ]
1106 3246 1388 3302 Ascendunt
1416 3256 1630 3313 montes,
1676 3254 1724 3300 ct
1748 3244 2054 3300 descendunt

487 3345 674 3415 campi,
728 3343 780 3396 in
806 3341 971 3396 locum
1019 3354 1167 3409 quem
1191 3336 1417 3408 fundasti
1449 3334 1540 3390 eis.
1581 3334 1768 3391 Adhuc
1793 3334 1862 3390 de
1895 3334 2052 3404 aquis

487 3433 738 3504 loquitur.
775 3428 891 3486 Non
942 3428 1031 3483 hic
1083 3435 1294 3483 montes
1319 3424 1637 3495 accipiamus
1662 3464 1679 3493 ,
1705 3424 1855 3495 quasi
1885 3433 2053 3482 terre-

488 3538 621 3590 nos;
648 3535 817 3591 neque
828 3532 1076 3587 campos,
1104 3515 1255 3588 quasi
1283 3525 1525 3571 terrenos
1552 3532 1565 3569 :
1605 3514 1699 3571 sed
1725 3513 1917 3570 tluctus
1942 3522 2055 3570 tam

489 3628 709 3686 magnos
732 3652 749 3677 ,
781 3619 860 3669 ut.
886 3608 1157 3665 tuentibus
1201 3615 1601 3676 comparentur.
1634 3604 1934 3661 Fluctuavit
1955 3606 2052 3659 ali-

484 3703 697 3776 quando
723 3716 891 3766 mare,
942 3709 999 3755 et
1044 3696 1237 3754 lluctus
1267 3698 1387 3766 ejus
1428 3705 1675 3766 tanquam
1707 3705 1916 3752 montes
1941 3697 2053 3752 lue-

484 3802 644 3862 runt,
702 3791 790 3861 qui
836 3798 1044 3845 montes
1111 3787 1230 3843 illos
1281 3786 1565 3855 Apostolos
1614 3786 1904 3855 operirent.
1946 3786 2051 3841 Sed

482 3883 735 3957 quamdiu
761 3878 1034 3936 ascendunt
1057 3886 1265 3942 utentes,
1295 3887 1340 3930 et
1369 3876 1671 3931 descendunt
1696 3878 1910 3947 campi?
1934 3877 2050 3933 Sa:-

488 3974 740 4038 vicrunt,
788 3979 844 4027 et
894 3965 1081 4039 placati
1135 3976 1278 4021 sunt.
1323 3965 1457 4022 Cum
1491 3967 1814 4034 saeviebant,
1844 3979 2051 4023 montes

490 4072 676 4126 erant:
700 4075 820 4116 cum
868 4057 1057 4129 placati
1088 4065 1239 4119 sunt,
1267 4055 1440 4126 campi
1473 4055 1593 4110 lacti
1628 4065 1788 4123 sunt;
1819 4057 2053 4112 fundavit

484 4156 628 4212 enim
655 4156 733 4209 eis
758 4134 952 4206 locum:
976 4148 1074 4203 Est
1109 4147 1320 4217 quidam
1348 4156 1554 4202 meatus
1580 4148 1621 4215 ⁸,
1647 4150 1799 4219 quasi
1828 4152 2047 4220 profun-

488 4251 589 4304 dus
621 4245 788 4309 locus,
816 4256 922 4311 quo
944 4247 1155 4309 recepta
1176 4247 1300 4318 sunt
1324 4237 1715 4307 quodammodo
1738 4242 1913 4298 omnia
1952 4257 2053 4299 sa:-

484 4336 680 4394 vientia
707 4331 869 4388 corda
891 4329 1211 4385 mortalium.
1240 4328 1408 4395 Quam
1440 4329 1589 4384 multi
1615 4330 1793 4394 modo,
1821 4340 1874 4387 et
1900 4333 2048 4401 salsi,

482 4438 544 4483 et
568 4423 736 4482 amari
766 4432 926 4483 sunt;
970 4429 1025 4476 ct
1055 4428 1229 4475 tamen
1277 4420 1479 4491 quieti?
1514 4420 1681 4489 Quam
1725 4424 1877 4480 multi
1927 4436 2051 4482 sunt

478 4516 582 4587 qui
610 4514 914 4571 dnlcescere
961 4509 1183 4566 nolunt?
1233 4509 1333 4579 Qui
1359 4512 1593 4583 suntqui
1620 4512 1925 4572 duleeseere
1955 4532 2050 4572 no.

482 4607 638 4667 lunt?
677 4605 779 4676 Qui
823 4606 876 4660 in
919 4602 1189 4660 Christum
1242 4602 1414 4658 adhuc
1457 4604 1675 4660 credere
1719 4608 1923 4663 nolunt.
1982 4610 2050 4665 Et

481 4698 723 4770 quamvis
765 4694 919 4752 multi
961 4702 1085 4749 sunt
1111 4694 1200 4765 qui
1251 4694 1484 4750 nondum
1512 4696 1890 4767 crediderunt,
1922 4701 2046 4769 quid

488 4791 688 4846 iaciunt
741 4786 1037 4845 Ecclesiae?
1087 4785 1292 4841 Montes
1326 4796 1479 4842 erant
1519 4786 1834 4857 aliquando,
1891 4792 2050 4848 modo

488 4880 661 4952 campi
692 4890 815 4951 sunt
848 4896 863 4933 :
894 4887 1070 4932 tamen
1095 4918 1108 4943 ,
1158 4866 1348 4932 fratres
1375 4876 1503 4945 mei,
1532 4879 1831 4935 ct-malacia
1860 4883 1881 4913 ²
1904 4898 2049 4939 mare

480 4984 585 5030 est.
627 4971 803 5042 Quare
825 4970 967 5026 enim
1000 4982 1106 5024 non
1152 4968 1375 5024 sazviunt
1420 4967 1618 5024 modo?
1647 4985 1809 5040 quare
1838 4987 1942 5028 non
1970 4974 2050 5029 in-

486 5046 757 5121 saniunt?
779 5076 942 5133 quare
993 5074 1098 5114 non
1153 5058 1281 5114 dant
1317 5059 1577 5129 operam?
1605 5059 1659 5116 Si
1689 5076 1795 5117 non
1827 5075 2049 5134 possunt

480 5167 721 5215 evertere
757 5164 951 5211 terram
980 5158 1215 5207 nostram
1239 5191 1256 5218 ,
1303 5159 1449 5206 certe
1471 5161 1757 5224 contegere
1779 5153 1820 5208 ⁸.
1875 5154 2048 5223 Quare

480 5250 626 5305 non?
652 5246 787 5304 Audi
818 5263 829 5297 :
857 5242 1145 5297 Tcrminum
1162 5240 1372 5314 posuisti
1393 5256 1538 5309 quem
1553 5259 1653 5297 non
1675 5246 2050 5317 transgredien-

480 5354 579 5409 tur,
604 5355 758 5408 neque
785 5345 1087 5393 revertentur
1114 5342 1277 5406 tegere
1297 5342 1500 5389 terram.

542 5455 559 5486 ι
594 5462 770 5502 υιιιιιοε
791 5455 918 5508 ω,
941 5452 1110 5500 metus.
1469 5506 1475 5508 Α
1772 5454 1777 5463 ’

539 5514 564 5548 ε
597 5514 729 5571 ωιιη
746 5506 946 5561 malitia.
970 5509 1060 5559 Sed
1084 5508 1362 5573 legendum,
1378 5506 1745 5573 malacia,an
1768 5524 1899 5565 mare
1925 5514 2047 5565 Mor.

478 5584 615 5629 suum
642 5570 833 5633 duntur,
856 5584 964 5623 cum
984 5579 1080 5626 stat
1095 5570 1203 5625 sine
1228 5571 1386 5623 ventis
1409 5577 1461 5621 et
1480 5570 1587 5622 stne
1608 5570 1757 5622 motu.

539 5638 566 5674 ³
595 5634 794 5699 διξνιδιει
813 5638 1022 5697 9088"“-

2133 701 2310 747 tcntur
2356 701 2536 764 tegere
2567 704 2795 759 terram;
2846 694 2972 764 quid
3003 693 3061 750 lit
3108 696 3162 750 in
3210 697 3321 766 ipsa
3370 692 3554 753 terra?
3580 714 3707 769 qua:

2133 785 2472 854 operationes
2500 784 2573 839 ibi
2600 784 2750 853 fiunt,
2777 801 2935 856 quam
2959 786 3068 856 jam
3114 802 3261 842 mare
3288 787 3550 845 nudavit?
3590 792 3710 846 Etsi

2134 872 2200 928 ad
2221 872 2339 943 ejus
2366 889 2512 930 oram
2544 884 2729 930 tenues
2753 875 2945 931 ﬂuctus
2997 886 3354 948 perstrepunt,
3381 880 3483 935 etsi
3524 882 3708 941 adhuc

2136 974 2469 1020 murmurant
2511 965 2745 1037 Pagani;
2790 967 3020 1023 sonitum
3068 969 3304 1025 littorum
3332 972 3514 1041 audio,
3561 975 3711 1029 dilu—

2137 1054 2279 1110 vium
2306 1070 2410 1110 non
2436 1055 2807 1126 perhorresco.
2843 1059 2980 1127 Quid
3008 1075 3157 1130 ergo,
3192 1062 3317 1131 quid
3344 1063 3403 1117 lit
3431 1063 3482 1119 in
3513 1076 3657 1121 terra
3674 1069 3704 1121 ’ἐ

2142 1146 2242 1213 Qui
2268 1148 2454 1227 emittis
2482 1153 2645 1221 fontes
2668 1150 2722 1205 in
2773 1139 3102 1208 convallibus.
3129 1152 3352 1223 Emittis,
3383 1138 3570 1228 inquit,
3604 1163 3719 1230 fon-

2141 1248 2212 1293 tes
2236 1239 2288 1294 in
2316 1240 2646 1297 convallibus.
2671 1242 2949 1298 Convalles
2968 1246 3132 1299 nostis
3158 1245 3284 1315 quid
3307 1246 3434 1316 sint,
3459 1247 3719 1319 depressa

2141 1329 2257 1385 loca
2286 1340 2567 1387 terrarum.
2597 1332 2728 1388 Nam
2776 1335 3004 1391 collibus
3050 1346 3107 1392 et
3143 1328 3415 1394 montibus
3438 1342 3714 1396 contraria

2148 1420 2317 1491 ﬁgura
2356 1432 2697 1495 opponuntur
2732 1426 2900 1481 valles
2950 1427 3032 1482 vel
3089 1428 3377 1486 convalles.
3426 1430 3609 1488 Colles
3659 1444 3717 1487 et

2144 1524 2355 1570 montes
2378 1557 2395 1583 ,
2443 1525 2684 1576 tumores
2738 1526 2998 1575 terrarum
3026 1530 3184 1590 sunt;
3209 1504 3375 1581 valles
3401 1535 3576 1581 autem
3625 1528 3717 1582 vel

2144 1604 2415 1659 convalles
2443 1646 2458 1673 ,
2511 1607 2832 1664 humilitates
2885 1620 3164 1668 terrarum.
3212 1611 3327 1669 Noli
3373 1628 3725 1674 contemnere

2147 1695 2502 1764 bumilitates;
2530 1697 2653 1754 inde
2671 1697 2841 1756 ﬂuunt
2863 1701 3038 1757 fontes
3059 1718 3073 1756 :
3101 1700 3306 1758 Emittis
3325 1708 3485 1774 fontes
3506 1701 3561 1752 in
3586 1713 3712 1749 con-

2147 1785 2380 1841 vallibus.
2428 1788 2589 1844 Audi‘
2613 1800 2848 1846 montem
2884 1782 3058 1849 :dcit
3088 1796 3410 1865 Apostolus,
3437 1792 3567 1851 Plus
3606 1792 3722 1848 illis

2149 1879 2379 1934 omnibus
2399 1879 2640 1935 laboravi.
2667 1882 2969 1953 Magnitudo
2994 1885 3239 1956 quaedam
3281 1887 3724 1955 commendatur;

2149 1967 2332 2024 statim
2354 1978 2553 2037 tamen,
2584 1981 2642 2026 ut
2668 1971 2933 2042 proﬂuunt
2951 1990 3120 2046 aqum,
3147 1978 3438 2034 convallem
3458 1994 3517 2034 se
3556 1977 3681 2035 fecit
3696 1994 3723 2035 :

2153 2056 2273 2113 Non
2297 2077 2389 2131 ego
2420 2070 2608 2126 autem,
2629 2064 2719 2118 sed
2742 2064 2906 2135 gratia
2932 2065 3028 2120 Dei
3053 2083 3248 2123 mecum
3274 2067 3318 2140 (ι
3343 2069 3458 2123 Cor.
3490 2086 3576 2134 xv,
3600 2070 3721 2142 l0).

2150 2148 2267 2205 Non
2294 2161 2552 2222 repugnat
2577 2154 2747 2224 utqui
2777 2163 2902 2210 sunt
2934 2167 3141 2212 montes
3156 2197 3172 2222 ,
3196 2158 3305 2214 sint
3329 2167 3383 2214 et
3403 2159 3674 2215 convalles
3697 2177 3723 2227 ;

2150 2242 2287 2297 sicut
2305 2244 2448 2299 enim
2476 2255 2683 2301 montes
2709 2246 2958 2304 dicuntur
2993 2244 3210 2319 propter
3241 2251 3571 2321 Spiritualem
3599 2266 3725 2306 ma-

2153 2332 2479 2404 gnitudinem
2500 2375 2515 2398 ,
2542 2336 2614 2389 ita
2641 2345 2697 2391 et
2721 2339 2991 2394 convalles
3010 2349 3229 2411 propter
3255 2340 3337 2396 sui
3374 2341 3595 2409 spiritus
3618 2341 3725 2397 hu-

2152 2424 2449 2482 militatem.
2490 2426 2612 2482 Non
2648 2444 2760 2500 ego,
2789 2427 2991 2501 inquit,
3041 2430 3130 2485 sed
3167 2432 3332 2502 gratia
3357 2431 3455 2488 Dei
3503 2448 3726 2488 mecura.

2155 2514 2276 2570 Non
2301 2532 2414 2587 ego,
2441 2517 2696 2573 convallis
2720 2528 2834 2586 est;
2863 2529 2918 2575 et
2940 2520 3107 2589 gratia
3125 2519 3225 2576 Dei
3244 2538 3454 2586 mecum,
3475 2520 3598 2578 forts
3614 2532 3726 2579 est.

2159 2605 2260 2672 Qui
2284 2606 2470 2662 emittis
2489 2607 2653 2676 fontes
2677 2608 2728 2662 in
2756 2608 3085 2664 convallibus.
3118 2610 3192 2666 De
3212 2610 3413 2680 Spiritu
3439 2610 3727 2669 dicebatur

2154 2696 2295 2768 quod
2323 2697 2482 2752 modo
2501 2700 2937 2766 commemoravi,
2966 2700 3028 2755 Si
3051 2700 3164 2771 quis
3186 2702 3311 2770 sitit,
3343 2702 3511 2756 veniat
3528 2703 3600 2757 ad
3619 2720 3733 2770 me,

2154 2796 2202 2841 et
2226 2786 2377 2842 bibat.
2410 2786 2511 2855 Qui
2546 2789 2704 2842 credit
2730 2790 2784 2844 in
2808 2806 2903 2853 nte,
2931 2790 3142 2861 [lumina
3168 2808 3313 2854 aqum
3335 2792 3459 2849 vivat
3482 2795 3642 2864 ﬂuent
3661 2797 3727 2851 de

2156 2888 2328 2932 ventre
2353 2879 2483 2947 eius.
2513 2877 2627 2933 Hoc
2672 2889 2838 2933 autem
2865 2881 3058 2935 diccbat
3085 2882 3148 2937 de
3188 2881 3418 2953 Spiritu,
3455 2901 3597 2955 quem
3646 2902 3731 2940 ac-

2155 2969 2346 3040 cepturi
2360 2969 2571 3023 erantlti
2595 2969 2681 3038 qui
2702 2970 2756 3023 in
2770 2986 2884 3025 eum
2912 2971 3112 3041 fuerant
3155 2974 3407 3028 credituri.
3442 2974 3728 3031 Videamus

2155 3061 2202 3115 si
2223 3061 2490 3116 convalles
2518 3069 2661 3127 sunt,
2685 3070 2743 3117 ut
2765 3062 3076 3119 emittantur
3100 3063 3279 3122 fontes
3298 3065 3351 3121 in
3374 3066 3726 3124 convallibus.

2155 3150 2294 3207 Audi
2352 3151 2669 3221 prophetam
2723 3170 2737 3207 :
2778 3152 2949 3224 Super
2997 3171 3146 3227 quem
3193 3158 3460 3228 requiescet
3501 3158 3735 3227 Spiritus

2154 3257 2295 3295 meus
2317 3282 2332 3308 ,
2375 3241 2475 3296 nisi
2508 3258 2660 3313 super
2689 3243 2964 3310 humilem,
3009 3254 3055 3298 et
3076 3246 3319 3314 quietum,
3358 3256 3407 3301 et
3439 3256 3733 3305 trementem

2155 3333 2301 3387 verba
2320 3348 2429 3387 mea
2448 3332 2599 3405 (lsai.
2620 3349 2759 3399 vat,
2778 3333 2863 3405 2)?
2887 3336 3021 3402 Quid
3048 3347 3150 3403 est,
3173 3336 3341 3409 Super
3365 3354 3511 3408 quem
3529 3340 3728 3411 requie-

2154 3432 2258 3478 scet
2285 3422 2509 3493 Spiritus
2538 3440 2675 3479 meus
2695 3464 2711 3489 ,
2741 3441 2895 3494 super
2931 3426 3168 3481 humilem
3210 3437 3257 3482 et
3284 3429 3545 3500 uitiatum?
3592 3429 3731 3501 Quis

2157 3510 2375 3568 habebit
2399 3513 2596 3569 lentem
2627 3529 2801 3569 meum
2824 3515 2849 3571 Ἰ
2876 3514 3162 3571 Convallis.
3310 3528 3319 3543 ‘
3726 3510 3735 3515 ’

2226 3603 2315 3658 Η.
2339 3602 2482 3658 Inter
2502 3605 2718 3660 medium
2742 3606 2986 3660 montium
3013 3608 3384 3677 pertransibunt
3403 3625 3566 3682 aqua.
3602 3609 3722 3667 "ne

2156 3708 2322 3765 usque
2349 3709 2380 3748 a
2418 3693 2642 3751 Leetore
2683 3696 3052 3766 pronuntiatus
3074 3707 3158 3754 est
3203 3699 3463 3766 Psalmus,
3499 3701 3602 3757 huc
3631 3718 3729 3757 us-

2154 3800 2259 3855 que
2294 3785 2550 3841 Cliaritati
2592 3796 2784 3842 vestra:
2830 3787 3077 3844 sufﬁciat.
3121 3790 3233 3846 lloe
3269 3791 3547 3859 dicemus,
3575 3803 3631 3849 et
3672 3795 3732 3849 in

2155 3876 2369 3931 nomine
2397 3877 2489 3932 Dei
2512 3891 2817 3933 sermonem
2849 3879 3266 3936 terminabimus.
3294 3883 3428 3950 Quid
3449 3893 3550 3950 est,
3573 3883 3725 3940 Inter

2154 3965 2375 4019 medium
2408 3966 2649 4020 montium
2680 3969 3053 4037 pertransibunt
3084 3987 3229 4041 aqua:
3246 3973 3272 4026 ?
3295 3973 3606 4030 Audivimus
3629 3979 3727 4048 qui

2154 4057 2260 4111 sint
2282 4068 2509 4121 montes,
2537 4058 2710 4128 magni
2733 4059 3106 4128 praedicatores
3136 4063 3317 4130 verbi,
3345 4065 3594 4122 sublimes
3616 4082 3723 4123 an-

2154 4148 2255 4215 geli
2283 4149 2414 4213 Dei,
2466 4149 2705 4217 quamvis
2730 4148 2905 4205 adhuc
2932 4149 2986 4205 in
3037 4168 3198 4209 carne
3237 4155 3446 4210 mortali
3479 4175 3494 4211 :
3523 4158 3725 4214 excelsi

2155 4255 2267 4295 non
2283 4255 2378 4296 sua
2406 4239 2618 4307 virtute,
2651 4240 2744 4297 sed
2783 4240 2926 4298 illius
2951 4244 3155 4314 gratia;
3184 4255 3436 4315 quantum
3457 4258 3634 4304 autem
3656 4253 3731 4305 ad

2154 4332 2300 4402 ipsos
2320 4330 2541 4397 attinet,
2568 4331 2839 4389 convalles
2864 4343 3007 4401 sunt,
3036 4334 3304 4392 humiliter
3332 4339 3582 4394 emittunt
3609 4340 3726 4394 fon-

2155 4431 2253 4480 tes.
2295 4422 2361 4478 Et
2384 4422 2511 4476 inter
2534 4423 2753 4477 medium
2794 4424 3037 4501 montium
3059 4466 3073 4490 ,
3121 4424 3319 4497 inquit,
3349 4431 3727 4499 pertransibunt

2153 4529 2315 4582 aquis.
2347 4513 2601 4569 Putemus
2639 4513 2742 4570 hoc
2785 4514 2861 4571 ita
2896 4516 3091 4571 dictuut
3115 4556 3130 4581 ,
3177 4515 3319 4575 Inter
3346 4520 3724 4591 Apostolorum

2154 4604 2384 4677 medium
2409 4604 2802 4674 pertransibunt
2825 4606 3227 4676 pratdicationes
3249 4610 3265 4642 ¹
3286 4610 3430 4665 verbi
3458 4615 3727 4672 veritatis.

2154 4695 2289 4764 Quid
2316 4704 2419 4763 est,
2448 4694 2590 4752 inter
2613 4696 2847 4751 medium
2878 4698 3292 4767 Apostolorum?
3314 4700 3466 4769 Quod
3488 4706 3726 4763 medium

2153 4788 2363 4853 dicitur,
2392 4800 2675 4843 commune
2704 4796 2806 4842 est.
2848 4786 2958 4843 lies
2995 4791 3323 4858 connnunis,
3364 4792 3507 4849 unde
3536 4810 3731 4856 omnes

2153 4880 2425 4951 aequaliter
2452 4880 2653 4943 vivunt,
2681 4878 2852 4935 media
2883 4890 2987 4948 est,
3025 4895 3125 4936 nec
3159 4881 3347 4938 attinet
3368 4884 3434 4939 ad
3463 4901 3591 4954 me;
3627 4892 3726 4950 sed

2154 4987 2252 5028 nec
2277 4972 2461 5028 attinet
2501 4971 2567 5027 ad
2599 4979 2670 5038 te,
2705 4986 2805 5027 nec
2838 4971 2905 5027 ad
2929 4988 3034 5027 nte.
3072 4973 3354 5043 Propterea
3377 4976 3646 5048 loquimur
3671 4992 3731 5036 et

2154 5066 2232 5120 sic
2254 5064 2323 5120 ile
2352 5063 2616 5135 aliquibus
2636 5063 2966 5120 hominibus:
2999 5059 3209 5121 llabent
3242 5066 3382 5124 inter
3405 5083 3465 5124 se
3495 5085 3680 5139 pacem
3706 5114 3724 5139 ,

2155 5156 2349 5212 habent
2391 5156 2529 5211 inter
2553 5170 2613 5211 se
2638 5156 2797 5212 ﬁdem
2815 5196 2832 5223 ,
2871 5155 3066 5212 habent
3109 5157 3249 5215 inter
3273 5173 3331 5216 se
3359 5160 3679 5220 charitatem
3706 5183 3721 5230 ;

2153 5249 2234 5304 sic
2261 5256 2405 5303 certe
2430 5246 2677 5301 dicimus.
2703 5242 2838 5314 Quid
2868 5256 2988 5317 est,
3014 5248 3153 5304 inter
3178 5249 3277 5305 se?
3300 5249 3355 5305 ln
3399 5252 3576 5309 medio
3613 5257 3727 5311 sui.

2155 5337 2290 5406 Quid
2304 5346 2406 5404 est,
2434 5337 2487 5390 in
2509 5335 2683 5390 medio
2698 5336 2816 5391 sui?
2835 5337 3127 5394 Commune
3145 5350 3226 5396 est
3248 5340 3531 5409 illis.,Audi
3558 5359 3729 5415 aquas

2152 5429 2291 5484 inter
2336 5426 2565 5481 medium
2610 5427 2891 5482 montium.
2939 5427 3073 5495 Quia
3109 5432 3407 5488 communis
3454 5433 3563 5491 illis
3589 5433 3729 5493 ﬁdes

2151 5525 2286 5581 erat,
2317 5531 2415 5572 nec
2441 5517 2663 5587 quisque
2688 5530 2853 5588 aquas
2881 5517 3031 5587 quasi
3057 5521 3300 5589 prOprias
3327 5532 3380 5579 et
3409 5538 3532 5582 suas
3560 5506 3728 5585 liabe-

2216 5630 2234 5665 ⁸
2267 5622 2341 5681 sic'
2360 5637 2458 5680 Am.
2484 5634 2558 5680 Er.
2579 5636 2630 5680 et
2651 5636 2757 5682 llas.
2783 5637 2838 5682 At
2860 5637 2990 5696 tam,
3008 5633 3364 5696 prodicitur“.

3734 5722 3749 5753 .l
