4012 6202
234 321 364 383 i357

229 440 333 496 bat.
359 438 415 492 Si
437 437 579 493 enim
617 452 719 490 non
747 446 866 490 sunt
893 435 945 489 itt
976 434 1170 500 medio,
1204 437 1349 506 quasi
1379 437 1595 505 privata)
1622 446 1742 489 sunt
1770 476 1785 501 ,

230 544 334 585 non
364 528 573 601 publice
593 527 792 592 ﬂuunt;
821 537 875 581 ct
895 542 992 597 ego
1019 526 1189 581 habeo
1218 541 1411 591 meam,
1444 535 1498 581 et
1520 526 1605 580 ille
1631 525 1791 579 habet

227 632 404 686 suam,
428 635 532 672 non
559 628 641 673 cst
668 619 721 671 in
752 618 924 671 medio
951 617 1091 687 quod
1115 625 1169 670 et
1199 632 1298 687 ego
1326 627 1378 671 et
1418 616 1529 686 ipse
1567 616 1790 681 habeat;

222 711 317 766 sed
347 712 465 765 talis
489 724 596 764 non
625 720 705 763 est
724 706 939 777 paciﬁca
977 706 1299 777 prmdicatio.
1331 709 1401 761 At
1419 722 1544 761 vero
1569 716 1627 761 ut
1653 707 1794 761 inter

223 800 458 855 medium
486 796 741 851 montium
772 796 938 849 ﬂuant
965 810 1135 865 aquae,
1167 794 1289 849 audi
1328 810 1511 849 vocem
1554 794 1748 848 montis
1774 812 1787 847 :

222 896 380 961 Deus,
405 894 603 965 inquit,
632 899 770 964 pacis
790 893 872 946 det
901 892 1036 946 vobis
1055 893 1273 962 idipsum
1296 907 1471 962 sapere
1496 891 1548 944 in
1585 890 1793 943 invicem

229 983 406 1061 (Rom.
434 1004 521 1052 xv,
552 986 628 1058 5).
661 987 726 1041 Et
754 986 942 1041 iterum
968 1003 980 1038 :
1013 985 1080 1041 Ut
1105 986 1325 1054 idipsum
1361 984 1567 1052 sapiatis
1593 998 1789 1048 omnes,

220 1093 265 1135 et
287 1098 392 1134 non
417 1081 518 1134 sint
547 1079 601 1132 in
623 1078 757 1132 vobis
778 1078 1045 1130 schismata
1071 1076 1113 1147 (l
1137 1074 1252 1131 Cor.
1286 1091 1324 1139 ι,
1351 1074 1459 1145 10).
1489 1074 1638 1140 Quod
1666 1087 1792 1127 sen-

222 1174 311 1239 tio,
344 1172 546 1236 semis;
573 1173 625 1225 in
653 1170 826 1225 medio
855 1170 968 1223 ﬂuit
987 1183 1121 1238 aqua
1146 1186 1159 1221 :
1188 1182 1292 1221 non
1319 1167 1488 1221 habeo
1517 1166 1665 1236 quasi
1686 1166 1792 1236 prl-

222 1276 395 1318 vatum
426 1279 637 1329 meum,
668 1277 765 1316 nec
805 1272 857 1314 tu
899 1260 1159 1330 privatum
1186 1264 1331 1311 tuttm
1370 1258 1410 1310 ³.
1460 1257 1665 1311 Veritas
1691 1270 1791 1310 nec

220 1371 332 1411 mea
361 1355 429 1408 sit
451 1353 664 1424 prolaria
685 1393 700 1419 ,
729 1367 830 1407 nec
858 1360 966 1415 tua,
999 1360 1053 1404 ut
1081 1358 1134 1404 et
1161 1359 1246 1402 tua
1283 1349 1353 1403 sit
1376 1359 1429 1403 et
1457 1362 1575 1401 mea
1605 1364 1618 1399 :
1647 1345 1790 1399 Inter

222 1449 437 1503 medium
459 1446 702 1499 montium
719 1444 1086 1515 pertransibunt
1108 1456 1268 1509 aqum.
1294 1440 1430 1494 Audi
1452 1440 1622 1509 ipsum
1637 1454 1786 1493 mon-

222 1551 346 1606 teut,
376 1549 433 1591 ιιι
456 1537 589 1604 dixi,
616 1535 736 1605 quia
760 1537 887 1589 inter
906 1533 1123 1587 medium
1144 1533 1387 1585 montium
1417 1531 1788 1600 pertransibunt

221 1648 381 1702 aqua.
408 1631 528 1686 Sive
553 1638 717 1682 autem
736 1641 829 1698 ego
846 1667 860 1691 ,
896 1627 999 1680 sive
1034 1625 1131 1690 illi,
1158 1625 1231 1678 sic
1256 1623 1609 1694 praedicamus,
1640 1634 1688 1677 et
1716 1624 1819 1676 sic‘

222 1722 499 1776 credidistis
524 1718 633 1793 (Id.
663 1734 752 1783 xv,
780 1717 888 1787 ii).
918 1716 1148 1772 Securus
1186 1713 1348 1779 dixit,
1378 1713 1497 1767 Sive
1532 1726 1643 1783 ego,
1683 1710 1787 1767 sive

220 1810 312 1880 illi,
356 1813 430 1866 sic
460 1804 811 1880 prozdica'mus,
843 1816 887 1862 et
915 1808 987 1862 sic
1015 1805 1295 1861 credidistis
1323 1820 1343 1859 :
1373 1805 1511 1860 inter
1552 1803 1783 1858 medium

223 1905 357 1960 enim
378 1902 640 1957 montium
667 1899 899 1955 ﬂuebant
921 1913 1072 1968 aqua:
1097 1914 1112 1962 ;
1143 1897 1283 1951 nulla
1311 1892 1379 1950 de
1400 1890 1549 1965 aquis
1577 1894 1784 1950 discor-

220 1996 298 2051 dia
327 1994 622 2058 montium,
651 1991 743 2046 sed
780 2005 881 2060 pax
905 1988 1290 2051 consensionis,
1324 1996 1377 2042 et
1403 1986 1629 2043 societas
1654 1986 1786 2041 cha-

220 2087 387 2141 ritatis
412 2104 427 2142 :
450 2085 496 2140 si
520 2084 637 2154 quis
662 2092 836 2136 autem
864 2080 1024 2136 vellet
1048 2078 1192 2134 aliud
1232 2063 1541 2150 prmdieare,
1584 2078 1693 2148 jam
1718 2076 1787 2133 de

223 2194 310 2233 suo
337 2176 684 2247 prmdicarct,
715 2187 817 2227 non
854 2171 921 2226 de
947 2171 1142 2226 medio.
1188 2171 1254 2226 Et
1287 2169 1407 2224 audi
1438 2169 1562 2239 quid
1603 2168 1670 2224 dc
1696 2169 1787 2224 illo

223 2271 423 2326 dicatur
450 2269 520 2322 ab
550 2268 666 2337 ipso
690 2265 778 2336 qui
799 2264 977 2321 emisit
1004 2263 1177 2317 fontes
1205 2262 1258 2317 in
1285 2261 1612 2316 convallibus
1637 2278 1651 2313 :
1684 2261 1785 2325 Qui

224 2361 435 2427 loquitur
458 2357 777 2412 mendacium
799 2396 814 2421 ,
862 2354 924 2409 de
947 2370 1038 2409 suo
1077 2353 1294 2423 loquitur
1315 2350 1490 2419 (Joan.
1518 2366 1626 2416 vnl,
1668 2347 1782 2421 44).

224 2450 391 2521 itaque
420 2466 489 2505 ne
511 2450 839 2518 acciperetur
856 2446 1043 2515 aliquis
1063 2458 1215 2499 mons
1236 2457 1341 2497 non
1370 2432 1435 2497 de
1465 2441 1660 2507 medio,
1689 2440 1782 2495 sed

224 2544 280 2598 de
304 2557 406 2596 suo
436 2554 691 2605 manans,
722 2538 794 2592 ait
838 2536 1123 2607 Apostolus
1155 2550 1168 2586 :
1202 2532 1434 2601 Quisquis
1477 2531 1612 2584 vobis
1636 2546 1785 2584 evan-

223 2631 498 2703 gelizaverit
550 2641 881 2700 prazterquam
910 2626 1043 2696 quod
1072 2622 1330 2693 accepistis
1349 2662 1364 2688 ,
1406 2623 1673 2674 anathema
1697 2623 1780 2674 sit.

224 2724 283 2777 Et
305 2723 424 2776 vide
448 2718 894 2792 quemadmodum
926 2716 1152 2770 noluerit
1175 2714 1242 2767 de
1288 2723 1463 2766 monte
1488 2712 1731 2781 prmsumi
1765 2728 1781 2767 :

223 2831 281 2870 ne
308 2814 445 2869 forte
474 2825 630 2866 mons
645 2808 881 2864 discedat
917 2807 983 2861 ab
1007 2800 1169 2875 aquis
1186 2819 1281 2873 per
1307 2802 1539 2857 medium
1558 2816 1785 2856 (ειη-νεη-

222 2907 371 2970 tibus,
394 2915 449 2959 et
483 2901 682 2972 aliquid
710 2899 977 2970 proprium
1020 2896 1148 2951 velit
1168 2894 1405 2949 inﬂuere.
1443 2890 1580 2946 Licet
1621 2893 1662 2945 si
1692 2908 1783 2945 nos

225 2999 304 3068 (Et
346 3004 578 3067 quantus
619 3007 773 3046 mons
811 2989 943 3044 dixit
982 2988 1121 3042 hoc!
1151 3001 1309 3056 quam
1354 2984 1617 3039 uberrime
1648 2999 1781 3054 aqua

221 3091 405 3146 ﬂuebat
438 3088 509 3143 de
547 3084 790 3142 convalle
818 3082 970 3152 ejus!
994 3078 1191 3135 Tamen
1221 3078 1322 3133 hoc
1347 3078 1555 3133 volebat
1591 3086 1650 3130 ut
1670 3092 1781 3130 me-

221 3181 328 3236 dios
359 3182 500 3234 inter
540 3185 750 3231 montes
778 3179 1018 3228 curreret
1041 3212 1055 3235 ,
1088 3179 1140 3224 et
1168 3169 1237 3223 ibi
1264 3178 1406 3223 esset
1436 3166 1566 3221 fides
1585 3175 1729 3222 certa
1759 3166 1781 3198 ⁸

183 3266 190 3271 ’
221 3273 527 3343 populorum
548 3311 563 3333 ,
605 3265 745 3337 quod
776 3265 913 3318 inter
942 3276 1000 3316 se
1036 3260 1266 3314 medium
1308 3268 1463 3327 atque
1500 3271 1781 3311 commune

220 3362 446 3432 Apostoli
479 3352 826 3425 retinebant).
854 3352 985 3406 Licet
1006 3350 1050 3405 si
1070 3366 1179 3416 nos,
1205 3347 1390 3417 inquit.
1417 3349 1478 3401 Et
1499 3357 1571 3410 tu,
1593 3346 1776 3412 Paule,

221 3464 362 3522 potes
383 3449 587 3519 aliquid
607 3447 761 3501 aliter
783 3440 1109 3514 prmdicare?
1133 3441 1199 3495 de
1221 3439 1381 3493 Paulo
1401 3438 1639 3507 qumstio;
1659 3437 1780 3490 audi

220 3544 351 3613 quod
377 3542 621 3611 sequitur
652 3556 665 3591 :
700 3536 837 3589 Licet
870 3533 913 3587 si
942 3530 1030 3586 nos
1050 3573 1062 3595 ,
1090 3541 1174 3583 aut
1200 3528 1406 3599 angelus
1433 3527 1495 3579 de
1533 3526 1655 3580 cwlo
1684 3542 1778 3578 un-

222 3634 509 3688 uuntiarcrit
526 3629 662 3684 vobis
685 3635 1012 3697 prwterquam
1040 3620 1175 3691 quod
1194 3618 1481 3687 accepistis;
1513 3616 1781 3669 anathema

222 3728 280 3781 sit
300 3726 491 3797 (Colat.
520 3738 561 3787 ι,
586 3722 641 3784 9,
661 3719 740 3788 8).
767 3718 823 3772 Si
850 3716 1027 3769 veniat
1055 3727 1208 3766 mons
1227 3708 1366 3763 aliud
1389 3706 1777 3776 cvangelizaus,

222 3795 614 3875 anathemetur;
644 3809 691 3863 si
737 3805 916 3861 veniat
953 3801 1169 3871 angelus
1217 3797 1355 3853 aliud
1389 3795 1754 3864 evangelizans

222 3910 602 3964 auatbcmetur.
632 3900 782 3957 Unde
800 3895 939 3952 hoc?
966 3895 1100 3965 Quia
1122 3893 1190 3949 de
1211 3891 1414 3962 privato
1440 3887 1550 3942 vult
1575 3886 1739 3940 ﬂuere
1763 3924 1779 3948 ,

223 4018 320 4059 non
337 4002 399 4056 de
426 3997 629 4054 medio.
656 3994 723 4051 Et
743 3993 844 4047 hoc
870 3990 1006 4045 forte
1033 3991 1189 4042 homo
1214 3982 1413 4039 carnali
1436 3978 1623 4035 nebula
1648 3992 1782 4047 pra:-

224 4095 447 4165 petlitus,
479 4100 534 4146 ct
570 4105 601 4143 a
648 4087 792 4142 fonte
816 4080 1082 4139 communi
1117 4077 1183 4131 ad
1211 4073 1475 4145 propriam
1506 4085 1656 4125 suam
1678 4068 1780 4123 fal-

222 4160 426 4240 sitatem
452 4182 702 4238 redactus
724 4216 742 4243 ,
773 4174 939 4245 possit
965 4172 1064 4225 hoc
1089 4170 1294 4230 facere;
1329 4160 1582 4231 numquid
1604 4169 1657 4215 et
1683 4174 1780 4213 an-

221 4276 411 4347 gelus?
452 4287 580 4327 vere
637 4264 891 4335 numquid
940 4272 993 4315 et
1039 4254 1299 4329 angelus?
1347 4253 1403 4309 Si
1458 4250 1673 4321 angelus
1716 4247 1784 4302 de

223 4343 439 4439 proprio
475 4364 644 4418 ﬂuens
688 4359 740 4414 in
773 4353 1016 4426 paradiso
1054 4366 1161 4406 non
1201 4355 1343 4402 esset
1384 4343 1626 4406 auditus,
1676 4356 1781 4395 non

223 4435 674 4529 prmitipitaremur
719 4450 771 4503 in
821 4454 1065 4501 mortem.
1095 4440 1261 4495 Media
1291 4452 1425 4507 aqua
1454 4435 1622 4504 posita
1670 4441 1782 4486 erat

224 4528 555 4614 bominibus,
587 4549 907 4614 praeceptum
948 4535 1039 4589 Dei
1065 4551 1077 4587 :
1101 4547 1233 4601 aqua
1267 4528 1461 4593 media,
1493 4540 1624 4595 aqua
1650 4539 1783 4593 quo-

224 4644 343 4697 dam
376 4640 531 4693 modo
559 4633 786 4705 publica,
830 4630 945 4683 sine
982 4622 1162 4677 fraude
1200 4618 1426 4681 valebat,
1460 4615 1602 4685 quod
1644 4614 1783 4667 dixi-

224 4748 341 4788 mus
368 4726 621 4786 Cbaritati
648 4732 835 4779 vestrm
858 4720 898 4784 ³,
923 4720 1037 4773 sine
1061 4714 1197 4777 labe,
1230 4712 1343 4765 sine
1371 4721 1523 4763 omne
1560 4705 1775 4760 ﬂuebat.

220 4827 272 4881 Si
299 4827 413 4894 ipsa
433 4836 568 4892 aqua
607 4829 818 4883 semper
835 4811 1124 4871 biberetur,
1144 4818 1354 4872 semper
1376 4802 1657 4856 viveretur.
1677 4797 1783 4852 Ve-

222 4918 299 4970 nit
318 4888 537 4982 angelus
560 4910 737 4976 lapsus
761 4904 825 4957 de
850 4900 1006 4962 coelo,
1038 4897 1203 4951 factus
1222 4905 1439 4961 serpens
1459 4931 1472 4953 ,
1495 4888 1617 4959 quia
1653 4888 1783 4941 insi-

224 5008 374 5060 diose
394 5004 499 5074 jam
522 5011 724 5054 venena
746 5005 993 5063 spargere
1012 4986 1255 5057 cupiebat
1278 5002 1292 5038 :
1310 4982 1485 5038 emisit
1502 4994 1781 5039 venenum,

225 5102 291 5152 de
320 5073 532 5167 proprio
552 5092 759 5145 locutus
778 5093 881 5150 est,
909 5084 977 5137 de
1000 5095 1096 5135 suo
1119 5095 1133 5143 ;
1160 5077 1278 5148 quia
1300 5092 1383 5144 qut
1403 5073 1623 5167 loquitur
1649 5087 1788 5123 tuen-

225 5162 447 5250 dae-iuni,
474 5186 536 5238 de
579 5196 671 5236 suo
701 5177 915 5244 loquitur
943 5189 961 5227 :
990 5181 1041 5227 et
1069 5168 1246 5223 miseri
1273 5164 1534 5220 audiendo
1570 5162 1786 5215 dimise-

229 5288 354 5333 runt
399 5277 535 5346 quod
580 5283 860 5327 commune
888 5273 1029 5328 erat,
1077 5252 1214 5316 unde
1262 5256 1398 5311 beati
1431 5261 1611 5317 erant;
1641 5260 1696 5305 et
1723 5250 1787 5304 ad

226 5386 384 5426 suum
405 5344 675 5439 proprium
701 5357 919 5423 redacti,
945 5369 1065 5412 cum
1092 5351 1275 5407 volunt
1298 5360 1543 5418 perverse
1575 5358 1693 5398 csse
1713 5344 1788 5396 si-

292 5529 311 5560 ⁸
350 5524 511 5575 Plures
544 5530 673 5581 uss,
706 5516 844 5581 quasi
872 5513 1107 5578 privatam
1135 5520 1307 5566 meam,
1337 5516 1422 5554 nec
1466 5506 1518 5553 tu
1560 5497 1794 5563 privatam

227 5598 417 5698 mansio
436 5659 607 5697 omnes
629 5652 732 5692 Mss.
749 5639 860 5688 ladd.
886 5648 1019 5689 vero.
1046 5641 1192 5698 recta.

294 5680 319 5744 λ
348 5680 1198 5758 Ῑιέιίιᾴιῖίξίνιιιὲὺιει,
1230 5691 1353 5753 quod
1387 5686 1598 5738 diximus
1629 5680 1795 5733 (Ituri-

228 5776 319 5827 tati
334 5780 515 5824 deum.

1601 5853 1651 5865 δη

1349 322 1733 379 ENARRATIO
1774 323 1836 378 IN
1875 325 2189 385 PSAIJIUM
2228 330 2351 386 Cili.

3328 342 3465 402 {358

1908 440 2059 494 wifes
2086 441 2193 497 Deo
2216 442 2339 513 (hoc
2360 442 2500 497 enim
2522 444 2599 500 eis
2619 444 2845 515 dixerat,
2869 447 3097 518 Gustate,
3124 463 3173 507 et
3199 454 3337 509 eritis
3368 458 3466 511 sic-

1903 542 1958 582 ut
1978 532 2048 583 dii
2076 530 2225 606 [Gem
2252 549 2329 598 ut,
2354 532 2429 606 5])
2450 576 2464 599 ,
2494 545 2801 605 appetentes
2824 539 2962 610 quod
2989 557 3093 596 non
3121 554 3290 610 erant,
3324 549 3467 617 quod

1899 633 2213 690 acceperant
2249 624 2559 679 amiserunt.
2607 626 2764 696 Ergo,
2806 629 2995 685 fratres
3018 673 3033 697 ,
3071 633 3137 687 ad
3169 633 3269 690 hoc
3293 637 3467 693 valeat

1899 713 2036 781 quod
2058 713 2287 768 diximus
2322 714 2575 769 Cbaritati
2619 728 2810 772 vestras
2834 761 2848 785 ,
2897 732 3115 790 propter
3154 723 3330 780 fontes
3365 746 3378 781 :
3410 738 3469 783 ut
3532 764 3541 769 ρ

1899 803 2067 857 fluant
2087 804 2154 858 de
2176 804 2343 870 vobis,
2366 806 2631 861 convalles
2652 818 2839 874 estote,
2863 820 2917 865 et
2937 829 3055 865 cum
3074 815 3317 870 omnibus
3341 832 3467 871 con-

1898 891 2031 948 ferte
2054 896 2192 963 quod
2215 895 2281 950 de
2310 897 2417 950 Deo
2446 896 2672 952 habetis.
2698 898 2837 955 inter
2858 903 3088 957 medium
3108 904 3273 960 ﬂuant
3290 922 3465 976 aqum,

1900 985 2028 1037 nulli
2052 984 2361 1052 invideatis;
2389 986 2570 1054 bibite,
2594 990 2936 1057 saturamini;
2965 1004 3173 1049 manate
3189 999 3466 1054 saturati‘.

1899 1074 2104 1144 Ubique
2131 1076 2428 1130 communis
2452 1093 2586 1147 aqua
2618 1078 2713 1134 Dei
2744 1080 2933 1136 habeat
2955 1082 3199 1152 gloriam,
3228 1100 3333 1141 non
3360 1086 3463 1141 lto-

1896 1165 2096 1219 minum
2123 1165 2323 1235 privata
2347 1168 2639 1224 mendacia.

2543 1359 2713 1403 εειιιιο
2740 1364 2814 1403 lii.

1966 1502 2015 1553 l.
2042 1500 2381 1571 Reliquarum
2410 1503 2636 1571 partium
2667 1506 2850 1573 psalmi
2878 1505 3035 1575 hujus
3069 1510 3464 1576 pertractanda-

1892 1606 2011 1645 rum
2035 1591 2303 1646 debitores
2329 1607 2428 1647 nos
2455 1609 2575 1673 esse
2597 1595 2837 1650 meminit
2859 1596 3102 1652 Charitas
3122 1598 3327 1654 Vestra.
3346 1600 3463 1656 Non

1892 1697 2017 1751 ergo
2039 1697 2169 1751 opus
2194 1693 2354 1739 estut
2384 1684 2730 1741 intentionem
2748 1696 2981 1742 vestram
3006 1688 3182 1759 aliquo
3201 1694 3461 1761 prommio

1891 1788 2131 1827 moveam
2158 1776 2199 1827 ³.
2233 1774 2395 1829 Video
2420 1775 2564 1831 enim
2581 1791 2675 1832 vos
2700 1776 2768 1832 ad
2796 1776 3135 1849 intelligenda
3155 1796 3462 1839 sacramen-

1893 1874 1940 1918 ta
1963 1865 2270 1935 prophetica
2286 1870 2430 1922 omni
2453 1868 2725 1926 alacritate
2749 1886 3073 1942 suspensos;
3100 1890 3199 1930 nec
3227 1891 3361 1946 opus
3378 1888 3463 1933 est

1891 1966 1949 2010 ut
1978 1957 2209 2012 intentos
2234 1956 2402 2013 faciat
2424 1973 2602 2015 sermo
2625 1976 2807 2027 meus,
2838 1978 2971 2032 quos
2998 1963 3107 2033 jam
3138 1964 3263 2021 fecit
3289 1966 3461 2036 Spiri-

1892 2056 1976 2101 tus
2004 2047 2116 2101 Dei.
2140 2048 2253 2103 lioc
2276 2050 2450 2117 potius
2475 2065 2694 2120 agamus
2722 2052 2862 2121 quod
2907 2064 3078 2125 urget.
3111 2055 3185 2110 De
3226 2058 3458 2114 fontibus

1890 2139 2098 2194 emissis
2132 2139 2185 2194 in
2225 2140 2588 2209 convallibus,
2616 2152 2671 2198 et
2717 2144 2784 2198 de
2833 2146 2985 2215 aquis
3036 2146 3176 2204 inter
3221 2148 3457 2205 medium

1890 2229 2148 2283 montium
2176 2232 2660 2298 pertranseuntibus
2681 2232 2789 2303 jam
2820 2235 3014 2290 dictum
3039 2247 3122 2293 est
3147 2255 3162 2293 :
3189 2237 3287 2294 sed
3310 2238 3451 2295 huc-

1888 2336 2057 2389 usque
2079 2321 2302 2386 dictum;
2330 2320 2451 2377 hinc
2473 2323 2724 2393 deinceps
2746 2327 3034 2380 ordiamur.

1957 2414 2009 2468 2.
2036 2413 2187 2487 [υει-ε.
2208 2414 2320 2488 Η.]
2342 2415 2590 2483 Sequitur
2617 2417 2756 2471 enim
2782 2431 2795 2470 :
2824 2416 3075 2471 Potabunt
3096 2435 3267 2475 omnes
3283 2420 3455 2477 bestiae

1888 2508 2045 2560 silvw.
2099 2505 2235 2574 Quid
2288 2505 2576 2574 putabunt?
2618 2508 2798 2577 Aquas
2840 2516 3268 2577 pertranseuntes
3318 2510 3457 2565 inter

1889 2597 2118 2651 medium
2146 2598 2421 2652 montium.
2443 2596 2579 2667 Quid
2609 2598 2903 2668 potabunt?
2931 2599 3125 2655 Fontes
3150 2602 3374 2655 emissos
3398 2601 3453 2656 in

1887 2688 2237 2743 convallibus.
2262 2687 2325 2742 Et
2351 2688 2438 2758 qui
2467 2688 2763 2757 potabunt?
2787 2687 2977 2743 Bestiae
3004 2690 3171 2744 silvze.
3203 2690 3454 2746 Videmus

1888 2781 2100 2850 quidem
2146 2779 2247 2835 boc
2274 2780 2433 2835 etiam
2460 2780 2511 2834 in
2543 2780 2641 2835 ista
2669 2790 2931 2845 creatura,
2971 2781 3169 2836 bestias
3196 2782 3343 2836 silvae
3370 2781 3455 2837 bi-

1887 2872 2015 2924 bere
2036 2869 2104 2925 de
2125 2869 2356 2925 fontibus
2374 2880 2430 2926 et
2452 2868 2521 2925 de
2547 2870 2675 2924 rivis
2698 2870 2838 2925 inter
2857 2880 3066 2926 montes
3086 2871 3449 2927 currentibus:

1886 2959 1981 3015 sed
2020 2959 2131 3031 jam
2179 2960 2428 3029 quoniam
2457 2960 2565 3015 Deo
2603 2959 2798 3029 placuit
2823 2959 3006 3014 talium
3048 2976 3226 3015 rerum
3265 2960 3450 3033 ﬁguris

1885 3051 2215 3107 abscondere
2258 3051 2567 3121 sapientiam
2593 3065 2762 3117 suam,
2793 3067 2897 3106 non
2927 3052 3139 3107 auferre
3163 3054 3446 3121 studiosis,

1885 3142 1977 3195 sed
2006 3141 2254 3195 claudere
2276 3140 2683 3210 negligentibus,
2716 3132 2926 3212 aperire
2952 3143 3306 3211 pulsantibus;
3331 3146 3447 3214 pla-

1884 3234 1992 3288 cuit
2016 3232 2175 3288 etiant
2204 3232 2302 3302 ipsi
2328 3233 2554 3288 Domino
2581 3233 2689 3287 Deo
2711 3243 2889 3288 nostro
2913 3234 2980 3288 ad
3008 3235 3108 3290 hoc
3133 3236 3331 3290 hortari
3353 3252 3447 3291 vos

1889 3338 1981 3391 per
2002 3338 2117 3386 nos,
2149 3333 2209 3377 ut
2235 3324 2287 3377 in
2336 3322 2417 3378 his
2442 3323 2718 3391 omnibus,
2748 3340 2864 3393 quae
2898 3324 3039 3379 velut
3075 3325 3143 3379 de
3183 3328 3448 3395 corporali

1886 3424 1939 3468 et
1982 3416 2049 3467 de
2090 3414 2283 3468 visibili
2325 3423 2566 3469 creatura
2610 3413 2876 3482 dicuntur,
2907 3430 3207 3484 quaeramus
3250 3416 3449 3485 aliquid

1885 3506 2227 3573 spiritualiter
2273 3505 2640 3560 absconditum
2665 3547 2680 3571 ,
2711 3521 2816 3577 quo
2864 3484 3077 3561 invento
3105 3484 3448 3577 gaudeamus.

1885 3599 2088 3653 Bestias
2117 3598 2264 3653 silvae
2285 3638 2300 3664 ,
2331 3596 2529 3654 Gentes
2556 3598 2927 3667 intelligimus;
2957 3608 3009 3653 et
3029 3600 3207 3654 multis
3242 3600 3343 3655 hoc
3373 3600 3450 3653 lo-

1885 3692 1960 3746 cis
1989 3692 2262 3761 Scriptura
2293 3700 2534 3746 testatur.
2565 3690 2668 3746 Sed
2699 3700 2873 3744 tameu
2904 3690 3298 3745 evidentissima
3342 3692 3449 3745 duo

1885 3782 2111 3835 maxime
2137 3789 2422 3834 occurrunt
2439 3779 2771 3843 documenta,
2799 3778 2939 3847 quod
2967 3779 3019 3832 in
3044 3792 3165 3832 arca
3185 3778 3314 3843 Noe,
3343 3796 3447 3848 qua

1886 3887 2041 3926 nemo
2067 3880 2306 3925 nostrum
2333 3870 2537 3925 dubitat
2567 3870 2859 3924 Ecclesiam
2880 3884 2999 3925 esse
3022 3870 3404 3939 prmﬂguratam
3426 3911 3442 3935 ,

1886 3979 1991 4019 non
2012 3963 2404 4018 includerentur
2423 3960 2603 4017 omnia
2629 3974 2823 4029 genera
2851 3959 3154 4015 animalium
3174 3958 3325 4029 (Gen.
3349 3976 3442 4023 vn,

1884 4056 1942 4123 2,
1970 4053 2081 4126 14),
2111 4054 2211 4108 nisi
2240 4052 2298 4107 in
2322 4046 2431 4106 'illa
2470 4052 2673 4105 unitate
2696 4050 3018 4119 compaginis
3047 4063 3234 4104 omnes
3261 4058 3446 4118 gentes

1887 4146 2307 4217 signiﬁcarentur
2335 4163 2349 4199 :
2381 4143 2482 4198 nisi
2518 4141 2658 4197 forte
2691 4150 2968 4211 putamus,
3013 4141 3057 4195 si
3099 4141 3274 4194 omnia
3320 4142 3446 4196 talia

1888 4238 2097 4308 penitus
2120 4236 2320 4291 diluvio
2358 4234 2683 4297 delerentur,
2715 4230 3011 4287 defuturam
3039 4231 3201 4287 fuisse
3220 4232 3329 4285 Deo
3350 4248 3444 4299 po-

1887 4341 2130 4385 testatem
2149 4328 2375 4399 jubendi
2398 4336 2454 4382 ut
2486 4337 2627 4381 terra
2656 4339 2719 4380 ea
2744 4323 3078 4394 produceret,
3111 4324 3246 4378 sicut
3271 4325 3449 4393 primo

1888 4424 2051 4478 verbo
2091 4423 2204 4492 ejus
2232 4420 2555 4489 produxerat
2577 4416 2687 4491 (Id.
2716 4416 2886 4485 t,24).
2918 4415 3033 4471 Non
3060 4430 3185 4485 ergo
3222 4416 3410 4471 frustra
3432 4458 3448 4481 ,

1888 4534 1992 4572 non
2022 4527 2220 4571 temere
2239 4555 2255 4581 ,
2279 4528 2385 4568 non
2414 4512 2589 4581 aliqua
2618 4508 2901 4580 indigentia
2927 4508 3016 4563 Dei
3047 4508 3129 4563 vel
3154 4508 3325 4577 inopia
3350 4523 3450 4576 po-

1888 4607 2092 4661 testatis
2114 4605 2259 4675 jussa
2289 4610 2412 4657 sunt
2446 4599 2692 4655 animalia
2728 4599 2816 4654 illa
2843 4599 2894 4652 in
2924 4613 3045 4652 area
3072 4597 3284 4652 includi.
3314 4596 3444 4649 Nam

1889 4708 2230 4767 posteaquam
2269 4693 2413 4748 venit
2438 4700 2649 4760 tempus
2676 4688 2816 4757 (jam
2843 4688 2983 4742 enim
3011 4686 3265 4741 debemus
3290 4696 3344 4740 ct
3368 4687 3449 4739 al-
3530 4750 3533 4753 Α

1890 4801 2058 4844 terum
2074 4784 2522 4842 evidentissimum
2546 4779 2830 4847 adjuugere
2858 4775 3250 4846 testimonium)
3281 4793 3294 4829 :
3322 4791 3441 4830 cum
3522 4788 3527 4791 '

1890 4896 2017 4951 ergo
2055 4879 2194 4933 venit
2235 4887 2470 4944 tempus,
2501 4883 2558 4925 ut
2585 4868 2710 4922 illud
2741 4866 2881 4937 quod
2907 4867 2958 4921 in
2988 4882 3108 4921 arca
3135 4878 3249 4921 erat
3277 4867 3446 4934 pra-li-

1890 4981 2154 5043 guratum,
2180 4968 2287 5035 jam
2320 4965 2371 5018 in
2422 4960 2653 5017 Ecclesia
2694 4958 3073 5027 complcrctur,
3106 4958 3294 5011 Petrus
3319 4971 3446 5024 apo-

1892 5062 2058 5117 stolus
2075 5060 2319 5113 dubitans
2347 5056 2475 5109 dare
2499 5059 2882 5106 sacramentum
2914 5049 3274 5118 evangelicum
3304 5044 3447 5099 Gen-

1892 5155 2031 5207 tibus
2058 5130 2472 5209 incircutncisis;
2517 5144 2623 5197 imo
2662 5158 2770 5196 non
2802 5142 3066 5204 dubitans,
3100 5139 3192 5194 sed
3228 5138 3449 5192 omnino

1892 5242 2123 5298 dandum
2150 5254 2269 5293 csse
2304 5253 2407 5291 non
2438 5242 2628 5304 putans
2652 5274 2664 5297 ,
2696 5232 2920 5300 quodam
2950 5232 3035 5284 die
3065 5230 3303 5284 esuriens
3326 5242 3446 5281 cum

1897 5335 2154 5406 prandere
2184 5330 2360 5393 vellet,
2391 5323 2628 5380 ascendit
2670 5332 2730 5377 ut
2770 5332 2964 5375 oraret.
3004 5320 3114 5374 iloc
3142 5321 3191 5372 in
3232 5318 3449 5373 Actibus

1896 5423 2268 5494 Apostolorum
2310 5416 2555 5470 omnibus
2599 5414 2734 5468 bene
2765 5412 3059 5479 legentibus
3085 5420 3137 5463 ct
3179 5410 3312 5464 bene
3358 5425 3452 5461 au-
3522 5440 3533 5445 -

1898 5514 2163 5569 dieutibus
2188 5516 2367 5562 notum
2401 5513 2502 5559 est.
2550 5503 2641 5556 illo
2683 5502 2842 5570 igitur
2875 5510 3059 5552 orante
3086 5500 3217 5553 facta
3252 5510 3335 5554 cst
3375 5498 3447 5554 illi

1962 5676 1976 5703 ¹
2013 5673 2082 5718 sic
2104 5666 2330 5715 meliores
2351 5670 2457 5715 Mss.
2493 5668 2543 5708 At
2570 5658 2700 5717 Edd.,
2725 5664 2928 5714 numntr,
2946 5664 3167 5707 ωιτη-ατε.

1965 5738 1981 5763 ί
2016 5734 2083 5780 sic
2109 5740 2203 5777 Am.
2231 5735 2303 5774 Ls.
2324 5737 2375 5775 et,
2398 5733 2496 5772 stas.
2525 5731 2575 5770 At
2619 5728 2747 5777 l.ov.,
2773 5733 2999 5769 montum.
