4012 6202
496 287 640 342 ’1359

500 404 695 459 nnmtis
716 401 983 465 alienatio,
1009 412 1164 469 quam
1185 394 1356 451 Graeci
1380 393 1607 448 cestasin
1638 391 1821 447 dicunt
1846 409 1858 443 :
1890 391 1940 445 id
1962 400 2061 448 ρει,

509 511 699 553 aversa
725 502 805 549 est
834 507 981 547 mens
998 490 1111 559 ejus
1140 503 1171 541 a
1193 484 1576 541 consuetudine
1600 483 1859 552 corporali
1890 481 1955 534 ad
1984 481 2065 533 vi-

503 604 621 642 sum
650 582 925 656 quemdam
954 577 1441 649 contemplandum,
1470 576 1695 629 alienata
1725 580 1739 606 ¹
1771 589 1798 628 a
1831 588 2063 643 praesen-

504 679 662 734 tibus.
712 675 858 729 Tunc
904 671 1034 725 vidit
1058 686 1150 724 vas
1179 668 1444 740 quoddam
1475 668 1637 722 veluti
1670 668 1884 721 linteum
1925 682 2060 736 qua—

503 781 621 822 tuor
647 768 796 833 lineis
824 765 1057 820 submitti
1090 764 1156 819 de
1186 763 1344 827 caelo,
1370 761 1454 816 ubi
1484 772 1636 816 erant
1660 761 1838 815 omnia
1861 761 2064 813 anima-

504 863 590 925 tia,
622 856 795 912 omnis
817 856 1026 926 generis
1069 855 1285 919 bestiaz;
1318 864 1372 907 et
1400 853 1576 907 sonuit
1602 853 1650 907 ei
1683 868 1779 907 vox
1821 871 1834 907 :
1883 851 2063 914 Petra,

501 961 686 1017 macta,
713 960 761 1003 et
788 947 1058 1002 manduca.
1085 946 1177 1002 ille
1204 954 1378 1000 autem
1400 944 1489 1015 qui
1518 944 1568 998 in
1590 942 1731 1013 Lege
1756 943 1924 997 fuerat
1946 960 2068 997 eru-

496 1044 658 1109 ditus,
687 1052 743 1098 et
784 1042 836 1096 in
870 1039 1256 1096 consuetudine
1285 1037 1500 1113 Judaica
1551 1046 1820 1102 creverat,
1865 1051 2064 1105 prarcc-

500 1144 751 1203 ptumque
769 1149 866 1204 per
879 1132 1093 1203 Moysen
1112 1130 1204 1185 Dei
1227 1128 1476 1183 famulum
1494 1127 1775 1189 retinebat,
1801 1135 2066 1195 totamque

494 1228 662 1281 vitam
691 1242 838 1280 suam
868 1224 1095 1278 fideliter
1137 1220 1497 1284 custodierat,
1530 1219 1838 1289 respondit:
1871 1218 2009 1271 Absit
2035 1235 2065 1270 a

498 1335 602 1383 me,
635 1316 881 1382 Domine;
908 1330 1161 1383 nunquam
1187 1328 1451 1366 commune
1477 1310 1673 1381 aliquid
1704 1311 1904 1363 intravit
1932 1311 1983 1363 in
2010 1327 2066 1364 os

498 1425 685 1462 meum.
714 1407 1007 1463 Commune
1041 1414 1213 1459 autem
1256 1401 1582 1456 immundmn
1612 1401 1715 1455 dici
1743 1416 1773 1457 a
1793 1401 1991 1456 Judreis
2012 1410 2068 1454 et

502 1514 531 1552 a
558 1499 727 1567 Lege,
759 1497 903 1556 bene.
924 1502 1185 1549 noverunt
1209 1492 1299 1564 qui
1330 1492 1718 1547 ecclesiasticas
1747 1490 1951 1545 litteras
1979 1491 2063 1543 di-

499 1590 758 1644 dicerunt.
792 1574 866 1641 Et
903 1602 1008 1641 vox
1039 1585 1103 1639 ad
1142 1584 1287 1639 illum
1320 1601 1335 1637 :
1365 1583 1492 1648 Quae
1535 1582 1669 1637 Deus
1695 1581 1971 1649 mandavit,
2013 1590 2067 1634 tu

492 1679 757 1733 immunda
799 1693 860 1731 ne
909 1677 1114 1731 dixeris.
1149 1676 1260 1731 l'loc
1300 1682 1481 1729 autem
1519 1674 1711 1728 factum
1753 1683 1836 1727 est
1871 1682 1969 1737 ter,
2008 1681 2066 1727 et

499 1772 704 1826 ablatus
757 1779 841 1826 est
882 1770 973 1825 ille
1017 1770 1195 1825 discus
1244 1768 1333 1838 qui
1371 1766 1836 1823 demonstrabatur
1879 1774 1960 1819 ter
1998 1764 2065 1819 de

499 1864 635 1917 etelo
655 1863 951 1917 submissus
981 1860 1114 1931 (Act.
1157 1876 1209 1923 ι,
1251 1858 1431 1929 9-16).
1476 1858 1665 1912 Discus
1711 1856 1800 1927 qui
1840 1866 2065 1926 quatuor

500 1958 653 2012 lineis
685 1954 1053 2011 continebatur
1072 1960 1099 2015 ,‘
1116 1953 1263 2008 orbis
1303 1961 1562 2006 terrarum
1588 1957 1703 2004 erat
1743 1949 1798 2002 in
1839 1959 2064 2017 quatuor

496 2048 756 2118 partibus.
790 2046 894 2101 llas
922 2054 1149 2114 quatuor
1190 2053 1369 2113 partes
1412 2057 1556 2111 stupe
1601 2040 1873 2111 Scriptura
1918 2054 2063 2094 com-

499 2147 792 2204 memorat,
845 2137 1105 2191 orientem
1160 2143 1217 2190 ct
1266 2129 1630 2198 occidentem,
1671 2133 1971 2203 aquilonem
2009 2143 2063 2186 et

492 2231 792 2287 meridiem.
823 2229 945 2285 Ideo
969 2229 1091 2300 quia
1131 2236 1273 2283 totus
1294 2227 1439 2283 orbis
1471 2242 1564 2297 per
1593 2226 1932 2297 Evangelium
1971 2241 2064 2280 vo-

484 2325 731 2386 cabatur,
770 2331 993 2393 quatuor
1024 2321 1305 2392 Evangelia
1333 2320 1630 2388 conscripta
1662 2328 1803 2377 seut.
1833 2318 1937 2374 Ter
1965 2333 2063 2373 au-

498 2422 601 2468 tem
630 2413 952 2468 submissum
981 2412 1048 2467 de
1068 2411 1207 2467 cmlo
1231 2426 1322 2465 vas
1360 2411 1458 2465 hoc
1486 2410 1747 2482 significat
1766 2452 1780 2478 ,
1811 2412 1932 2480 quia
1979 2410 2059 2463 di-

490 2512 636 2558 ctum
664 2512 746 2558 est
788 2502 1062 2575 Apostolis
1090 2518 1105 2555 ε
1133 2501 1247 2566 Ite,
1286 2501 1535 2573 baptizata
1582 2519 1753 2556 omnes
1793 2509 1959 2572 gentes
2008 2501 2059 2554 in

495 2593 693 2647 nomine
732 2591 933 2654 Patris,
986 2602 1034 2647 et
1073 2588 1232 2657 Filii,
1282 2601 1329 2645 et
1356 2584 1581 2659 Spiritus
1629 2593 1787 2646 sancti
1826 2591 1844 2663 (
1874 2591 2057 2645 Matth.

499 2698 682 2746 xxvm,
714 2682 824 2752 19).
857 2682 984 2736 inde
1021 2682 1305 2751 colligitur,
1335 2684 1473 2737 sicut
1496 2684 1604 2751 jam
1641 2683 1826 2748 nostis,
1860 2682 2061 2738 duode-

495 2773 671 2826 narius
697 2773 855 2828 etiam
882 2780 1138 2827 numerus
1169 2772 1573 2844 discipulorum.
1620 2774 1734 2829 Non
1764 2776 1905 2830 enim
1940 2775 2058 2831 fru-

493 2873 602 2919 stra
627 2863 904 2920 duodecim
931 2864 1128 2921 habere
1160 2866 1356 2931 voluit;
1406 2874 1459 2921 et
1485 2867 1553 2921 ita
1581 2883 1834 2923 numerus
1860 2868 1949 2925 ille
1974 2884 2061 2924 sa-

482 2966 670 3013 cratus
695 2967 796 3022 est,
830 2967 889 3013 ut
912 2959 966 3013 in
989 2958 1165 3013 locum
1200 2960 1353 3014 unius
1379 2960 1467 3029 qui
1489 2959 1773 3025 ceciderat,
1802 2976 1904 3015 non
1932 2978 2057 3031 pos-

491 3058 577 3105 set
623 3050 726 3105 nisi
772 3050 906 3105 alter
944 3050 1200 3105 ordinari.
1235 3050 1412 3120 Quare
1448 3052 1727 3108 duodecim
1770 3053 2058 3123 Apostoli?

490 3145 623 3213 Quia
657 3144 798 3200 enim
824 3157 1053 3216 quatuor
1093 3154 1220 3200 sunt
1252 3146 1395 3200 orbis
1423 3156 1629 3215 partes,
1660 3156 1712 3203 et
1744 3157 1883 3201 totus
1913 3147 2058 3201 orbis

492 3235 545 3288 in
574 3236 858 3304 Evangelio
880 3236 1186 3300 vocabatur,
1209 3234 1350 3296 unde
1378 3249 1602 3306 quatuor
1629 3237 1908 3308 Evangelia
1931 3253 2056 3293 con‘

491 3324 687 3394 scripta
702 3334 840 3389 sunt,
860 3334 915 3379 et
929 3334 1069 3379 totus
1082 3326 1222 3380 orbis
1240 3326 1290 3379 in
1304 3327 1517 3380 nomine
1533 3327 1802 3381 Trinitatis
1818 3339 2055 3396 vocatur,

490 3425 545 3470 nt
574 3423 919 3485 congregetur
944 3414 1181 3471 Ecclesia
1199 3433 1213 3470 :
1232 3425 1459 3487 quatuor
1476 3427 1556 3474 ter
1580 3418 1755 3486 ducta,
1779 3420 2054 3475 duodecim

492 3509 643 3580 tiunt.
670 3507 808 3575 Ergo
853 3518 959 3560 non
986 3506 1242 3561 miremur
1279 3509 1322 3562 si
1362 3508 1429 3564 de
1458 3510 1558 3564 illis
1587 3511 1738 3579 aquis
1779 3512 1915 3566 inter
1940 3528 2055 3567 me-

482 3594 636 3651 dium
684 3597 940 3651 montium
993 3600 1520 3668 pertransenntibus,
1570 3600 1621 3654 in
1677 3603 1763 3657 illa
1812 3602 2054 3659 doctrina

489 3688 774 3760 apostolica
797 3686 991 3744 ﬂuente
1015 3689 1067 3743 in
1095 3690 1276 3745 medio
1297 3702 1515 3761 promer
1533 3694 1871 3750 concordiam
1902 3713 2050 3751 com-

481 3777 777 3844 muniouis,
816 3793 1002 3835 omnes
1033 3778 1218 3835 bestia:
1255 3782 1402 3837 silva:
1443 3783 1644 3838 bibunt.
1678 3784 1875 3841 Omnes
1910 3790 2052 3842 enim

489 3880 640 3926 erant
668 3871 718 3925 in
746 3886 888 3935 arca,
913 3885 1099 3926 omnes
1122 3872 1173 3926 in
1201 3872 1369 3938 disco,
1402 3890 1590 3930 omnes
1616 3884 1809 3932 mactat
1834 3887 1889 3933 et
1914 3895 2056 3953 nian-

490 3961 647 4016 ducat
695 3961 915 4026 Petrus;
974 3961 1097 4035 quia
1128 3963 1314 4018 Petrus
1366 3973 1547 4035 petra,
1600 3975 1751 4035 petra
1796 3969 2052 4026 Ecclesia.

482 4052 626 4121 Quid
674 4062 756 4110 est
801 4065 1034 4112 mactare
1075 4065 1130 4111 et
1179 4058 1540 4114 manducare?
1588 4059 1842 4119 Occidere
1880 4065 1931 4119 in
1974 4068 2053 4121 eis

493 4143 634 4215 quod
663 4154 844 4210 erant,
882 4147 1013 4200 etin
1054 4162 1149 4202 sua
1179 4148 1383 4203 viscera
1421 4165 1711 4207 assumere.
1750 4155 2053 4212 Dissuasisti

484 4250 694 4305 pagano
736 4237 1011 4306 sacrilegia
1036 4278 1051 4303 ,
1081 4238 1319 4292 occidisti
1349 4241 1488 4309 quod
1532 4251 1681 4309 erat;
1726 4244 1851 4300 dato
1880 4262 2057 4301 sacra-

484 4335 668 4380 mento
687 4324 882 4380 Christi
911 4328 1255 4396 incorporasti
1288 4330 1557 4398 Ecclesiae,
1600 4337 1946 4392 manducasti.

564 4416 617 4470 3.
660 4416 790 4485 lpsze
819 4432 944 4487 ergo
970 4414 1152 4473 bestia:
1182 4428 1363 4489 potant
1397 4421 1522 4477 istas
1552 4441 1713 4496 aquas
1741 4470 1755 4496 ,
1783 4440 2052 4499 pertrans~

494 4515 680 4560 euntes
715 4515 890 4562 tamen
933 4525 944 4560 :
990 4523 1094 4564 non
1139 4520 1431 4579 manentes,
1471 4515 1565 4570 sed
1604 4529 2049 4587 pertransenntes.

490 4596 676 4652 Omnis
704 4598 845 4652 enim
884 4598 1119 4654 doctrina
1159 4618 1275 4673 quae
1305 4613 1414 4659 toto
1445 4606 1547 4660 isto
1577 4616 1813 4679 tempore
1839 4613 2052 4683 dispen-

492 4701 653 4755 satur,
679 4691 882 4745 transit.
901 4692 1026 4747 lude
1040 4682 1166 4759 dicit
1190 4697 1223 4748 A
1235 4697 1472 4764 postolus
1491 4716 1504 4751 :
1527 4699 1590 4753 Et
1608 4703 1813 4756 scientia
1831 4682 2056 4760 destrue-

493 4792 595 4836 tur.
618 4791 664 4835 et
684 4782 943 4851 praphetia
963 4786 1296 4841 evacuabitttr.
1321 4788 1492 4857 Quare
1512 4792 1608 4847 ista
1630 4797 2053 4855 evacuabuntur?

492 4868 578 4927 Ea:
612 4882 759 4937 parte
778 4874 910 4927 enim
942 4878 1123 4931 scimus
1146 4920 1160 4943 ,
1193 4890 1237 4933 et
1272 4897 1335 4934 ex
1361 4892 1501 4951 parte
1528 4887 1879 4955 prop/retamas
1903 4907 1921 4944 :
1940 4909 2052 4946 cum

491 4971 656 5017 autem
695 4966 881 5018 venerit
920 4968 1053 5036 quod
1093 4974 1361 5041 perfectum
1404 4983 1496 5039 est,
1535 4977 1669 5043 quod
1707 4995 1770 5033 ex
1806 4992 1946 5050 parte
1982 4994 2053 5038 est

458 5046 459 5049 “
491 5052 810 5107 evacuabitur
840 5056 879 5126 (1
907 5054 1023 5111 Cor.
1055 5074 1177 5123 xm,
1207 5061 1383 5133 8-10).
1422 5064 1528 5119 Nisi
1562 5066 1695 5123 forte
1739 5046 1883 5140 putat
1913 5074 2049 5129 Cba-

490 5143 621 5196 ritas
651 5141 840 5198 Vestra
864 5146 983 5213 quia
1013 5147 1065 5200 in
1092 5149 1175 5201 illa
1190 5150 1400 5206 civitate
1428 5156 1511 5210 cui
1541 5156 1751 5222 dicitur,
1783 5162 2048 5231 Cotlauda,

495 5238 798 5299 Jerusalem,
827 5234 1121 5299 Dominum,
1149 5238 1300 5292 lauda
1337 5240 1499 5297 Deum
1535 5256 1693 5312 tuum,
1729 5233 1892 5317 Sion’;
1927 5272 2050 5323 quo—

490 5322 625 5376 niam
648 5326 957 5394 conﬁrmavit
982 5338 1139 5383 vectes
1162 5342 1418 5400 portarum
1444 5346 1641 5394 tuarum
1667 5340 1830 5412 (Psal.
1856 5361 2050 5418 cauit,

484 5415 556 5468 12
574 5422 621 5468 et
639 5415 749 5486 15),
779 5417 887 5486 jam
916 5418 1238 5477 confirmatis
1263 5425 1496 5482 vectibus
1522 5441 1575 5484 et
1599 5432 1775 5489 clausa
1804 5415 2048 5508 civitate,

491 5504 651 5570 unde,
674 5515 727 5560 ut
742 5506 1055 5578 jampridem
1072 5510 1320 5584 diximus,
1345 5532 1499 5573 nemo
1516 5522 1623 5577 exit
1637 5527 1861 5596 amicus,
1875 5538 1927 5585 et
1948 5504 2052 5600 quo

552 5678 575 5708 ι
601 5678 793 5728 Sicana.
817 5688 895 5730 Er.
916 5692 965 5732 et
983 5691 1090 5736 Mss.
1113 5696 1167 5739 At
1186 5695 1323 5757 Lor,
1339 5692 1561 5748 ahenum.

1757 275 1818 331 S.
1855 278 1891 328 Α
1903 272 2213 329 116118Ί⁹1Ν1
2254 273 2550 332 EPlSCOPl

3607 287 3744 342 15110

2177 402 2331 440 neum
2349 390 2503 443 intrat
2516 388 2760 446 inimicus
2774 392 2848 461 (η)
2866 409 2878 455 ;
2897 394 3032 462 quod
3051 395 3216 451 codex
3234 395 3306 451 ibi
3324 396 3476 452 nobis
3490 402 3745 467 legendus

2174 488 2274 543 est,
2298 489 2386 531 aut
2407 482 2703 537 tractandus
2723 498 2920 540 sermo.
2944 487 3384 555 quemadmodum
3409 492 3558 543 vobis
3582 493 3743 548 modo

2174 579 2445 625 tractatur.
2480 573 2601 627 ΙιΙρο
2627 575 2784 628 modo
2816 585 3064 631 tractatur
3084 619 3099 643 ,
3129 587 3185 633 ut
3211 580 3279 633 ibi
3310 589 3585 646 teneatur;
3620 584 3740 639 ideo

2172 661 2328 713 modo
2358 677 2449 730 per
2472 663 2700 734 syllabas
2726 665 2992 731 dividitur,
3025 679 3081 723 ut
3105 670 3172 722 ibi
3198 680 3336 725 totus
3358 684 3514 740 atque
3537 674 3745 745 integer

2171 752 2581 822 eontempietnr.
2615 754 2724 809 Non
2755 757 2820 810 ibi
2847 757 3015 812 deerit
3038 760 3257 815 verbum
3286 762 3410 826 Dei;
3439 764 3532 819 sed
3562 773 3743 821 tamen

2172 857 2290 917 non.
2317 858 2410 912 per
2440 844 2641 919 litteras
2664 888 2678 912 ,
2713 864 2816 900 non
2858 864 2953 917 per
2980 864 3144 904 sonos
3166 892 3182 915 ,
3223 867 3326 905 non
3359 869 3451 922 per
3485 855 3702 912 codices
3725 897 3746 919 ,

2172 950 2275 987 non
2308 952 2401 1004 per
2426 936 2696 999 lectorem,
2727 955 2829 992 non
2858 956 2949 1008 per
2975 950 3330 997 tractatorem.
3356 944 3631 1010 Quomodo
3654 964 3745 1001 cr—

2174 1025 2280 1094 go?
2306 1026 2451 1079 Sicut
2488 1028 2540 1081 in
2584 1031 2830 1098 principio
2869 1042 2974 1084 erat
3012 1031 3222 1087 Verbum
3245 1046 3348 1095 ,ἐι
3395 1034 3606 1090 Verbum
3637 1052 3748 1092 erat

2175 1115 2313 1184 apud
2334 1114 2518 1180 Deunt,
2545 1128 2588 1171 et
2615 1119 2746 1173 Deus
2768 1130 2870 1174 erat
2902 1121 3133 1178 Verbum.
3156 1124 3269 1179 Non
3293 1126 3431 1180 enim
3455 1128 3531 1183 sic
3556 1128 3625 1183 ad
3647 1146 3748 1183 nos

2168 1207 2332 1270 venit,
2365 1218 2421 1261 ut
2447 1208 2568 1265 inde
2594 1210 2925 1277 discederet;
2955 1215 3071 1283 quia
3102 1216 3151 1267 in
3180 1217 3272 1270 hoc
3314 1219 3501 1272 mundo
3529 1230 3658 1286 erat,
3695 1237 3748 1274 et

2169 1298 2385 1351 mundus
2413 1315 2501 1367 per
2525 1317 2634 1353 eum
2661 1303 2824 1370 [actus
2850 1315 2919 1358 est
2945 1306 3121 1376 (Joan.
3156 1322 3204 1370 ι,
3239 1309 3286 1371 1,
3324 1309 3434 1378 10).
3467 1310 3595 1366 Tale
3624 1329 3747 1366 ver-

2172 1389 2291 1443 bum
2320 1394 2725 1462 contcmplaturi
2752 1413 2953 1453 sumus.
2987 1402 3257 1470 Apparebit
3288 1405 3426 1458 enim
3453 1404 3593 1461 Deus
3622 1409 3748 1461 deo-

2169 1497 2278 1533 rum
2305 1483 2355 1535 in
2384 1483 2507 1538 Sion
2531 1485 2697 1557 (Psal.
2723 1505 2946 1555 Lxxxut,
2970 1491 3045 1561 8).
3078 1492 3182 1548 Sed
3214 1493 3315 1549 hoc
3343 1498 3594 1564 quando?
3616 1499 3747 1554 Post

2170 1574 2641 1641 peregrinationem
2667 1578 2809 1632 finita
2834 1581 2949 1644 via;
2974 1583 3015 1636 si
3039 1592 3213 1639 tamen
3238 1596 3356 1653 post
3380 1588 3577 1642 finitam
3598 1593 3747 1644 viam

2169 1675 2272 1714 non
2309 1662 2476 1730 judici
2523 1667 2824 1736 tradamur,
2861 1681 2917 1725 ut
2949 1672 3110 1741 judex
3148 1676 3317 1731 mittat
3358 1678 3408 1733 in
3444 1696 3742 1739 carcerem.

2168 1749 2270 1804 Sed
2297 1753 2340 1806 si
2370 1754 2514 1809 finita
2542 1758 2621 1813 via
2643 1802 2656 1823 ,
2684 1759 2819 1815 sicut
2844 1778 3138 1832 speramus,
3169 1778 3222 1822 et
3245 1779 3508 1838 optamus,
3538 1781 3595 1828 et
3622 1786 3745 1829 stu-

2164 1839 2354 1898 demus
2376 1885 2391 1910 ,
2432 1846 2499 1901 ad
2530 1850 2748 1917 patriam
2779 1855 3082 1911 venerimus
3104 1899 3118 1919 ,
3166 1859 3235 1911 ibi
3265 1864 3746 1933 contemplabimur

2166 1935 2305 2025 quod
2329 1952 2543 2009 semper
2571 1941 2901 1999 laudabimus
2926 1964 2938 2000 :
2964 1963 3062 2003 nec
3088 1950 3210 2004 illud
3240 1951 3451 2009 deﬁciet
3474 1957 3614 2025 quod
3644 1975 3743 2011 no-

2165 2024 2246 2079 bis
2276 2037 2469 2096 prassto
2497 2041 2598 2096 est,
2630 2048 2726 2087 nec
2753 2050 2849 2089 nos
2874 2039 2961 2107 qui
2992 2037 3248 2107 fruimur;
3279 2057 3376 2097 nec
3397 2024 3624 2101 fastidiet
3648 2051 3743 2117 qui

2166 2118 2499 2173 manducabit
2522 2162 2538 2188 ,
2570 2137 2667 2177 nec
2702 2124 2910 2182 deficiet
2938 2130 3076 2196 quod
3107 2133 3441 2195 mandnCabit
3477 2139 3515 2190 ¹.
3551 2139 3741 2209 Magna

2165 2210 2251 2264 illa
2296 2220 2348 2265 et
2387 2214 2519 2269 mira
2559 2219 2932 2287 Contemplatio
2972 2222 3090 2276 erit.
3125 2225 3188 2278 Et
3216 2227 3334 2296 quis
3361 2228 3427 2283 de
3458 2231 3547 2286 illa
3571 2232 3735 2304 digne

2170 2303 2297 2357 dicit
2342 2304 2444 2359 isto
2486 2315 2719 2377 tempore
2743 2351 2756 2373 ,
2788 2327 2906 2365 cum
2953 2313 3088 2368 inter
3116 2330 3318 2373 montes
3346 2320 3515 2377 fluunt
3543 2303 3742 2395 aqum?

2174 2395 2387 2451 Interim
2418 2414 2544 2469 ergo
2578 2400 2741 2456 ﬂuant
2770 2419 2919 2473 aqua:
2960 2406 3095 2462 inter
3117 2421 3319 2466 utentes
3342 2453 3357 2476 ,
3388 2424 3443 2469 et
3465 2428 3740 2484 pertrans-

2173 2497 2297 2542 eant
2326 2505 2340 2542 :
2369 2505 2487 2544 cum
2519 2502 2891 2560 pertranscunt
2917 2513 3089 2568 aqum.
3122 2501 3315 2559 bibitur
3345 2506 3394 2560 in
3427 2512 3738 2580 peregrina-

2169 2579 2329 2645 tione,
2363 2596 2429 2635 ne
2457 2581 2543 2636 siti
2571 2583 2621 2636 in
2646 2585 2729 2638 via
2749 2585 3073 2644 deficiamus.
3106 2590 3355 2648 Putabant
3376 2614 3549 2654 omnes
3570 2602 3742 2658 bestia

2161 2672 2317 2727 sitam.
2350 2672 2476 2730 inde
2510 2676 2730 2732 venistis
2753 2720 2768 2746 ,
2811 2680 2878 2735 de
2921 2683 3049 2737 silva
3077 2687 3287 2742 collecti
3317 2691 3467 2746 estis.
3498 2693 3567 2747 Et
3592 2697 3738 2764 quali

2162 2764 2335 2820 silva?
2360 2766 2542 2823 Nullus
2567 2769 2839 2826 hominum
2867 2774 2936 2828 ibi
2970 2779 3242 2846 transibat,
3271 2783 3391 2851 quia
3413 2785 3588 2863 nullus
3610 2804 3737 2857 pro-

2162 2858 2319 2926 pheta
2358 2860 2481 2915 illuc
2521 2863 2715 2918 missus
2738 2876 2871 2921 erat.
2898 2868 3000 2923 Sed
3024 2870 3090 2925 ad
3116 2888 3291 2928 arcam
3320 2858 3734 2937 construemlam

2162 2952 2370 3007 concisa
2401 2965 2523 3008 sunt
2550 2955 2686 3023 ligna
2708 2957 2774 3012 de
2801 2959 2947 3015 silvis
2975 2979 2988 3016 :
3021 2962 3143 3018 inde
3171 2966 3333 3036 ligna,
3360 2970 3481 3025 inde
3508 2972 3736 3041 bestias,

2164 3041 2282 3097 inde
2312 3044 2549 3099 venistis.
2578 3047 2721 3119 Ergo
2749 3049 2927 3108 bibite.
2960 3052 3214 3111 Petebant
3241 3075 3411 3116 omnes
3443 3062 3612 3120 bestia:
3637 3068 3735 3121 sil-

2161 3148 2252 3201 rge.
2314 3206 2323 3211 ἡ

2231 3223 2285 3278 4.
2327 3223 2614 3298 Saseipient
2639 3232 2817 3301 onagri
2838 3233 2889 3286 in
2910 3235 3042 3289 sitim
3064 3254 3226 3292 suam.
3249 3240 3495 3313 Onagros
3512 3263 3733 3318 magnas
3801 3254 3810 3263 '

2161 3314 2411 3384 quasdam
2438 3318 2636 3373 bestias
2659 3320 2803 3377 dicit.
2835 3323 2963 3391 Quis
2988 3328 3129 3383 enim
3159 3333 3356 3388 nesciat
3379 3314 3735 3407 onagros'diei

2160 3415 2398 3475 agrestes
2425 3408 2649 3463 asinos?
2677 3412 2891 3483 Magnos
2918 3430 3050 3487 ergo
3072 3422 3326 3489 quosdam
3354 3424 3479 3481 dicit
3502 3428 3736 3486 indomi-

2162 3503 2263 3549 tos.
2292 3496 2501 3552 Nullum
2528 3502 2668 3556 enim
2701 3502 2967 3561 habebant
2993 3507 3190 3567 Gentes
3208 3512 3391 3583 jugum
3423 3517 3616 3589 Legis;
3648 3524 3734 3578 vi-

2161 3588 2351 3643 vebant
2381 3591 2557 3647 multa:
2584 3605 2767 3663 gentes
2797 3594 3034 3656 moribus
3064 3604 3197 3673 suis,
3229 3610 3449 3677 superba
3472 3613 3733 3680 jactantia

2161 3688 2443 3749 vagantes,
2475 3693 2720 3753 tanquam
2747 3689 2798 3742 in
2824 3689 3059 3747 deserto.
3089 3694 3158 3750 Et
3186 3712 3368 3755 omnes
3393 3703 3602 3771 quidem
3634 3708 3732 3764 be-

2160 3768 2275 3823 stiae
2320 3772 2389 3825 ita
2415 3813 2429 3836 ,
2470 3775 2561 3829 sed
2608 3780 2788 3847 onagri
2828 3783 2983 3849 positi
3021 3796 3145 3840 sunt
3184 3787 3248 3843 ad
3287 3768 3729 3862 significationem

2160 3861 2556 3929 magnitudinis.
2587 3865 2848 3924 Potabth
2873 3882 2927 3928 et
2954 3874 3052 3944 ipsi
3093 3878 3145 3932 in
3175 3880 3313 3935 sitim
3341 3898 3529 3953 suam;
3560 3890 3730 3948 fluunt

2160 3953 2301 4054 enim
2337 3968 2392 4010 et
2418 3955 2524 4011 illis
2556 3974 2729 4029 aqum.
2764 3962 2889 4020 lude
2930 3966 3060 4024 bibit
3091 3970 3273 4041 lepus,
3313 3977 3437 4033 inde
3472 3996 3672 4054 onager
3710 4005 3727 4042 :

2156 4040 2311 4115 lepus
2352 4061 2582 4116 parvus,
2628 4062 2682 4106 et
2708 4068 2904 4125 onager
2932 4074 3187 4130 magnus;
3220 4065 3368 4137 lepus
3398 4040 3645 4141 uiuidus,
3673 4089 3731 4134 ct

2159 4150 2355 4206 onager
2381 4136 2550 4202 ferus;
2580 4151 2800 4213 uterque
2830 4147 2951 4204 inde
2974 4146 3124 4219 bibit,
3153 4156 3246 4210 sed
3271 4138 3493 4232 quisque
3512 4166 3563 4219 in
3585 4136 3730 4223 sitim

2158 4244 2322 4282 suam.
2348 4229 2461 4285 Non
2489 4232 2792 4305 dicittaqua,
2820 4238 3011 4309 Lepori
3036 4245 3262 4317 sufficio,
3289 4260 3342 4305 et
3368 4229 3575 4325 repellit
3594 4275 3731 4315 ona—

2157 4336 2309 4391 grum
2343 4341 2355 4376 :
2385 4340 2557 4394 neque
2595 4324 2695 4383 hoc
2719 4329 2863 4391 dicit.
2894 4332 3100 4408 Onager
3125 4343 3359 4408 accedat,
3392 4324 3541 4417 lepus
3565 4353 3609 4405 si
3637 4369 3729 4411 ac-

2158 4413 2396 4478 cesserit,
2424 4416 2674 4483 rapietur.
2708 4420 2834 4475 Tam
2864 4424 3089 4483 fideliter
3111 4442 3161 4485 et
3189 4413 3477 4505 temperate
3503 4440 3640 4509 linit,
3670 4455 3729 4500 ut

2159 4500 2235 4556 sic
2261 4516 2512 4573 onagrum
2540 4508 2711 4573 saliet,
2739 4526 2810 4565 ne
2841 4511 3072 4605 leporem
3100 4500 3313 4577 terreat:
3339 4524 3505 4584 Sonat
3529 4500 3729 4605 strepi-

2161 4601 2242 4647 tus
2271 4595 2417 4649 vocis
2439 4595 2692 4653 Tulliana:
2719 4641 2733 4662 ,
2760 4586 2948 4659 Cicerb
2975 4607 3167 4679 legitur
3185 4653 3199 4676 ,
3228 4614 3418 4686 aliquis
3445 4619 3580 4676 liber
3604 4586 3685 4680 est
3704 4668 3727 4695 ,

2157 4680 2395 4753 dialogus
2423 4686 2536 4754 ejus
2564 4698 2642 4743 est
2667 4731 2682 4754 ,
2714 4692 2825 4747 sive
2853 4694 3048 4763 ipsius,
3080 4702 3191 4757 sive
3222 4680 3474 4776 Platonis,
3502 4727 3598 4769 seu
3628 4680 3725 4772 cu:

2154 4771 2468 4844 juscnmque
2495 4778 2672 4833 talium
2700 4798 2714 4834 :
2747 4782 2965 4840 audiunt
2991 4787 3252 4858 imperiti,
3287 4771 3475 4854 inﬁrmi
3502 4771 3729 4864 minoris

2158 4865 2367 4931 cordis;
2417 4867 2533 4938 quis
2561 4870 2722 4926 audet
2762 4874 2885 4931 illuc
2928 4879 3206 4947 aspirare?
3239 4886 3497 4958 Strepitus
3526 4909 3682 4966 aqua:
3704 4940 3727 4966 ,

2158 4967 2211 5013 et
2238 4957 2372 5014 forte
2399 4962 2656 5029 turbatae;
2689 4974 2834 5022 certe
2864 4978 3037 5026 tamen
3066 4981 3170 5029 tam
3200 4957 3460 5049 rapaciter
3485 4957 3728 5056 alternis,

2159 5056 2214 5102 ut
2238 5050 2436 5105 animal
2460 5049 2697 5108 timidum
2721 5072 2823 5112 non
2846 5060 3033 5117 audeat
3053 5068 3308 5125 accedere
3326 5081 3382 5127 et
3402 5073 3600 5134 bibere.
3625 5049 3727 5138 Cui

2158 5141 2352 5207 sonuit,
2381 5139 2447 5196 In
2487 5144 2735 5217 principio
2772 5151 2886 5219 fecit
2923 5149 3059 5208 Deus
3087 5158 3263 5212 calum
3292 5171 3338 5215 et
3366 5173 3548 5240 [mam
3571 5170 3727 5240 (Gen.

2158 5246 2194 5295 t,
2225 5235 2314 5305 l),
2348 5244 2400 5290 et
2429 5253 2531 5291 non
2559 5251 2716 5294 ausus
2744 5250 2828 5297 est
2852 5243 3073 5301 bibere?
3099 5248 3195 5305 Cui
3222 5266 3375 5310 sonat
3401 5232 3648 5320 Psabnus
3672 5277 3730 5323 et

2158 5324 2340 5379 dicat:
2373 5326 2591 5383 Multum
2632 5340 2713 5386 est
2749 5331 2815 5386 ad
2853 5336 2981 5389 me?
3021 5337 3157 5395 Ecce
3196 5344 3353 5400 modo
3390 5353 3529 5417 quod
3568 5369 3728 5414 sonat

2159 5415 2423 5484 Psalmus,
2455 5431 2604 5476 certe
2631 5424 2834 5478 occulta
2863 5436 2987 5481 sunt
3014 5433 3261 5501 mysteria
3285 5451 3301 5500 ;
3335 5415 3513 5495 tamen
3539 5442 3610 5499 ita
3639 5462 3731 5503 so-

2221 5596 2238 5664 ξ
2273 5591 2407 5664 edd,
2428 5596 2809 5664 manducabitur.
2836 5607 2890 5650 Al.
2909 5608 3035 5664 Mss,
3059 5610 3385 5661 manducabit.

2221 5653 2311 5736 ξιξ).
2335 5656 2957 5736 (ΞοΑηΞθτ.ΞξιὲιΤ;ηὲξι.Ρξ³¹;
2996 5653 3385 5736 ιξίἱῖίνῖᾞῗῖδξ
3427 5685 3480 5727 ει
3513 5679 3562 5728 in
3608 5686 3733 5736 rat

2161 5727 2330 5775 emo,
2356 5716 2413 5765 ad
2433 5717 2480 5777 γ.
2508 5718 2567 5767 l5
2580 5731 2596 5779 ;
2614 5720 2788 5781 quibus
2807 5716 3198 5792 locishocipsuin
3228 5716 3407 5786 ista}.
3425 5716 3674 5803 ἷὲνὲπίὲξ
