3984 6204
202 384 325 439 l56l‘

199 507 290 560 mi,
316 504 372 548 ut
394 503 447 547 ct
469 507 663 563 pueros
684 490 866 545 audire
889 489 1150 555 delectet,
1174 497 1226 544 et
1244 488 1470 556 imperiti
1493 487 1746 541 accedant

196 589 249 640 ad
275 582 549 639 bibendum
573 623 589 647 ,
617 590 673 636 et
702 581 874 636 satiati
906 590 1113 634 ructent
1141 580 1194 634 in
1226 578 1520 649 psallendo.
1552 577 1744 631 Bihunt

196 690 305 747 ergo
332 676 562 730 minores
591 671 775 727 bestire
805 682 857 726 et
886 671 1113 739 majores
1140 686 1154 734 ;
1186 671 1279 723 sed
1307 666 1552 738 capacius
1580 668 1745 737 majo-

197 782 303 827 res.
350 765 468 833 quia
512 763 786 831 suscipient
839 761 1017 831 onagri
1060 761 1110 814 in
1159 759 1291 813 sitim
1342 776 1506 813 suam.
1563 758 1748 812 Ilibant

199 861 404 913 minores
427 856 567 926 quod
595 855 791 908 dictum
818 864 897 908 est
925 871 939 907 :
974 852 1099 912 Viri.
1128 852 1321 922 diligite
1341 869 1519 906 uxores
1540 861 1745 917 vestras,

197 949 305 1001 sicut
338 944 655 999 et'CItristus
693 943 866 998 dilexit
907 942 1201 997 Ecclesium.
1232 940 1472 995 Mulieres
1500 942 1618 996 viris
1645 941 1757 995 suis

199 1040 385 1094 subdiu:
407 1040 508 1092 sint
535 1036 750 1109 (Ephes.
782 1052 813 1091 v
839 1079 853 1100 ,
879 1035 949 1090 25
969 1076 985 1100 ,
1009 1037 1124 1105 ει).
1169 1034 1356 1089 Bibaut
1380 1035 1629 1089 minores.
1662 1033 1747 1087 Di-

203 1141 319 1184 ctum
346 1137 425 1182 est
463 1136 642 1180 autem
672 1126 894 1179 Domino
915 1140 932 1179 ε
957 1125 1017 1179 Si
1046 1125 1156 1178 licet
1191 1124 1435 1203 dimittere
1447 1129 1666 1177 'uxorem
1689 1140 1750 1177 ea:

205 1224 312 1278 amni
345 1221 542 1274 causa?
576 1218 849 1272 Prohibnit
877 1217 1127 1271 Dominus
1152 1258 1168 1283 ,
1199 1226 1252 1270 ct
1276 1215 1408 1270 dixit
1438 1233 1539 1268 non
1569 1216 1746 1271 licere.

206 1311 331 1365 «Non
354 1312 551 1374 scitis,»
577 1311 763 1378 inquit,
788 1327 808 1359 ί
836 1309 955 1377 quia
973 1308 1113 1361 Deus
1128 1298 1359 1361 abiuitio
1387 1307 1677 1361 masculum
1698 1317 1752 1361 et

203 1400 416 1456 feminam
449 1400 614 1453 fecit?
642 1399 790 1466 Quod
822 1399 957 1453 Deus
973 1398 1262 1465 conjunxit,
1289 1398 1447 1451 homo
1465 1413 1567 1451 non
1592 1412 1749 1467 sepa-

203 1492 511 1548 reIaDcinde
526 1491 726 1544 addidit
745 1490 895 1557 :cQui
912 1489 1164 1544 dimiserit
1185 1504 1401 1542 uxorem
1420 1504 1588 1554 suam,
1604 1504 1750 1544 exce-

204 1594 271 1653 pta
286 1598 432 1637 caus:
456 1582 841 1645 fornicationis,
866 1579 987 1633 facit
1009 1596 1123 1634 eam
1148 1580 1431 1642 moechari;
1465 1591 1518 1634 et
1535 1581 1579 1634 si
1595 1580 1747 1634 aliam

203 1675 401 1740 duxerit,
425 1674 721 1729 rumcltatur
743 1672 955 1743 (Matth.
981 1690 1090 1738 xix,
1108 1674 1159 1734 5,
1183 1671 1336 1744 etc.).
1358 1692 1377 1724 ι
1412 1671 1753 1729 Confirmavit

202 1766 501 1835 compedem:
521 1766 621 1819 hoc
636 1765 847 1833 espedit
862 1763 1124 1834 colligato;
1143 1763 1285 1833 prius
1300 1773 1479 1834 ageret
1495 1781 1561 1819 ne
1574 1765 1754 1834 ligare-

204 1856 534 1925 tztr.Alligatus
548 1872 600 1907 es
614 1856 758 1907 uxori
772 1855 798 1908 ?
812 1851 873 1907 ire
883 1854 1137 1924 quaesieris
1151 1853 1446 1908 solutionem
1457 1896 1466 1906 .
1476 1853 1685 1909 Solutus
1699 1872 1751 1909 es

204 1948 253 2000 ab
264 1949 516 2002 uxore?ne
531 1947 782 2017 qutrsieris
802 1963 1009 2000 uxorem
1026 1946 1065 2019 (ι
1085 1946 1301 2011 Cor.vu,
1315 1945 1430 2018 Ξῖ).
1446 1947 1501 2001 Si
1518 1947 1749 2001 nondum

205 2052 253 2091 es
277 2054 481 2109 onager,
515 2049 571 2092 et
599 2040 804 2093 solutus
827 2038 895 2092 ab
920 2054 1103 2103 uxore,
1137 2039 1299 2093 habes
1326 2040 1394 2093 ibi
1424 2039 1564 2109 quod
1595 2050 1648 2093 et
1674 2041 1752 2095 le-

210 2144 287 2197 pus
308 2131 447 2184 bibas
474 2147 488 2183 :
519 2142 572 2186 et
602 2131 644 2185 si
675 2130 945 2201 acceperis
974 2146 1211 2194 uxorem,
1245 2148 1347 2184 non
1377 2133 1630 2201 peccasti.
1666 2132 1751 2186 Di-

207 2221 364 2292 scipuli
402 2232 581 2277 autem
620 2238 741 2276 cum
782 2221 1024 2276 audirent
1060 2222 1256 2276 dictum
1297 2238 1326 2275 a
1370 2223 1615 2288 Domino,
1646 2240 1749 2277 non

208 2311 342 2367 licere
365 2314 473 2367 ullo
499 2314 657 2366 modo
681 2322 873 2381 pra‘ter
890 2329 1102 2366 causam
1130 2313 1492 2368 fornicationis
1520 2314 1751 2384 disjungi

208 2403 417 2472 coniugia
444 2422 457 2457 :
489 2404 551 2459 Si
576 2405 691 2456 talis
716 2414 810 2470 est,
841 2404 1102 2474 inquiunt,
1132 2422 1282 2459 causa
1309 2423 1422 2458 cum
1446 2422 1621 2471 uxore,
1652 2424 1750 2460 non

206 2495 377 2562 expedit
392 2494 595 2549 ducere.
621 2495 685 2549 Et
708 2491 990 2550 Dominus:
1013 2495 1132 2549 Non
1152 2514 1320 2550 omnes
1336 2499 1536 2565 capiunt
1553 2498 1750 2551 verbum

209 2582 318 2652 Ιιοι(
341 2584 520 2638 Matth.
553 2601 666 2646 XIX.
701 2583 928 2656 10-59.).
960 2585 1089 2640 Nam
1122 2603 1302 2641 verum
1330 2586 1525 2653 dicitis,
1554 2591 1674 2658 quia
1705 2591 1748 2644 si

206 2677 312 2730 talis
347 2687 425 2732 est
460 2694 619 2732 causa
646 2693 766 2732 cum
796 2670 959 2731 nitore
983 2721 997 2739 ,
1028 2694 1130 2737 non
1163 2674 1376 2748 expedit
1401 2678 1628 2744 ducere;
1659 2681 1754 2735 sed

205 2769 435 2837 nutwluid
456 2770 554 2823 soli
577 2770 759 2838 onagri
782 2769 997 2823 bibituri
1019 2769 1178 2823 sunt?
1200 2769 1312 2823 Non
1334 2784 1520 2824 onmes
1541 2771 1755 2839 capiunt

206 2861 401 2915 verbum
432 2861 565 2925 hoc,
608 2862 758 2916 multi
790 2878 895 2916 non
927 2863 1160 2929 capiunt.
1193 2861 1257 2915 Et
1285 2862 1371 2930 qui
1401 2872 1522 2916 sunt
1546 2862 1632 2932 qui
1662 2878 1751 2916 ca-

206 2949 374 3017 piunt?
403 2953 687 3022 Suscipient
712 2954 887 3022 onagri
918 2953 968 3005 in
992 2953 1125 3006 sitiat
1153 2969 1316 3006 suam.
1341 2953 1473 3021 Quid
1495 2965 1595 3018 est,
1627 2953 1755 3009 Sus-

205 3042 375 3108 cipieut
410 3044 587 3114 onagri
629 3045 682 3097 in
708 3045 846 3098 sitim
883 3044 1067 3098 suam?
1107 3043 1207 3112 Qui
1242 3054 1398 3116 potest
1436 3061 1629 3116 capere,
1671 3063 1757 3100 ca—

205 3132 323 3196 Fiat.

268 3226 320 3278 5.
356 3223 495 3296 [vei-3.
528 3226 639 3298 12.]
678 3226 879 3282 Deinde
916 3228 1152 3297 sequitur
1189 3228 1240 3282 in
1270 3230 1603 3284 contextione
1660 3244 1755 3285 sua

202 3313 430 3370 PSahnus
451 3334 463 3370 :
488 3318 656 3385 Super
682 3319 796 3371 illos
821 3319 1043 3371 volatilia
1069 3320 1179 3373 casti
1203 3318 1563 3375 inhabitabant.
1586 3319 1758 3390 Super

201 3408 372 3477 quos?
398 3424 551 3477 super
579 3424 828 3480 onagros,
856 3424 922 3463 an
952 3411 1126 3480 potius
1155 3424 1313 3478 super
1339 3412 1583 3465 montes?
1610 3411 1757 3466 illinc
1797 3461 1807 3471 ,

198 3503 339 3556 enim
362 3518 543 3559 sensus
572 3505 671 3558 iste
697 3504 941 3574 dirigitur
971 3522 984 3556 :
1017 3523 1036 3554 ‹
1076 3503 1215 3560 Inter
1240 3505 1471 3559 medium
1500 3507 1754 3559 montium

199 3595 580 3660 pertransibunt
620 3610 769 3664 aqua:
796 3612 811 3656 ;
854 3596 1104 3663 putabunt
1139 3610 1326 3651 onmes
1359 3596 1540 3650 bestia:
1568 3597 1752 3661 silvzn;

196 3687 474 3755 suscipient
509 3688 691 3757 onagri
724 3688 773 3741 in
801 3688 940 3740 sitim
969 3703 1116 3741 suam
1146 3701 1159 3737 :
1190 3702 1349 3757 super
1380 3687 1497 3741 illos
1525 3688 1755 3741 volatilia

198 3777 321 3831 cteli
358 3777 738 3832 inhabitabant.
774 3797 791 3830 ι
822 3777 1204 3846 Congruentius
1235 3777 1575 3848 intelligimus
1600 3794 1759 3849 super

198 3876 436 3932 montes,
483 3868 604 3937 quia
649 3868 747 3920 hoc
786 3878 867 3921 est
904 3869 1060 3921 etiam
1108 3867 1227 3921 huic
1267 3867 1440 3924 simile
1477 3879 1753 3924 creaturas.

196 3955 368 4026 Super
392 3968 595 4012 montes
629 3967 849 4028 possunt
875 3957 1113 4013 habitare
1142 3959 1371 4013 volatilia
1397 4001 1412 4023 ,
1440 3976 1599 4030 super
1626 3976 1757 4015 ona-

188 4063 319 4117 grus
342 4065 440 4103 non
468 4067 481 4103 :
507 4050 610 4105 hoc
634 4049 1068 4119 intelligeremus,
1100 4052 1142 4105 si
1170 4052 1457 4107 necessitas
1481 4063 1693 4123 augeret
1716 4054 1753 4108 ⁸.

191 4137 366 4206 Super
390 4150 596 4194 montes
620 4154 751 4209 ergo
777 4141 1007 4194 volatilia
1033 4142 1153 4198 creti
1182 4142 1571 4197 inhabitabunt.
1606 4144 1759 4199 Vide-

182 4244 305 4284 mus
345 4246 468 4285 aves
506 4232 634 4286 istas
672 4232 906 4287 habitare
946 4248 1105 4302 super
1142 4245 1349 4289 montes
1384 4254 1396 4289 :
1428 4235 1521 4289 sed
1572 4236 1752 4291 multae

180 4333 373 4376 earum
401 4322 633 4377 habitant
657 4323 707 4377 in
727 4325 951 4392 campis,
978 4325 1152 4378 multa:
1175 4326 1224 4378 in
1249 4326 1593 4390 convallibus,
1624 4329 1758 4383 mul-

180 4420 246 4464 ta:
276 4412 337 4466 in
374 4413 669 4474 nemoribus
689 4454 704 4478 ,
736 4414 913 4467 multa:
945 4415 994 4467 in
1024 4414 1188 4468 hortis
1210 4457 1224 4478 ,
1258 4431 1360 4469 non
1389 4433 1572 4471 omnes
1595 4433 1756 4486 super

176 4519 422 4562 montes.
452 4508 582 4563 Sunt
604 4509 841 4579 qumdatu
872 4509 1098 4563 volatilia
1126 4526 1243 4578 qua:
1269 4525 1368 4562 non
1399 4510 1632 4564 habitant
1659 4512 1757 4564 nisi

174 4614 351 4669 super
382 4609 604 4654 montes.
645 4600 956 4668 Spirituales
985 4600 1236 4669 quasdam
1268 4602 1470 4655 animas
1499 4603 1761 4671 significat

174 4688 276 4743 hoc
301 4704 502 4743 nomen
529 4707 541 4742 :
565 4690 814 4755 volatilia,
841 4691 1126 4759 spiritualia
1148 4692 1304 4745 corda
1330 4702 1472 4756 sunt,
1500 4709 1616 4762 quae
1636 4710 1759 4749 aere

170 4779 352 4835 libero
378 4780 739 4849 perfruuntur.
762 4781 999 4835 Gaudent
1021 4783 1303 4837 serenitate
1324 4784 1442 4838 cceli
1463 4800 1588 4839 aves
1610 4786 1757 4841 ista):

165 4873 265 4927 sed
301 4882 489 4927 tamen
525 4883 710 4943 pastus
739 4888 916 4927 earum
950 4873 1001 4928 in
1031 4875 1333 4939 montibus;
1366 4876 1471 4930 illic
1495 4876 1759 4932 inhabita-

165 4965 325 5019 bant.
360 4964 546 5020 Nostis
575 4974 817 5029 montes;
844 4966 953 5034 jam
984 4967 1188 5020 tractati
1219 4976 1362 5021 sunt.
1394 4967 1597 5024 Montes
1624 4969 1757 5025 Pro-

160 5064 377 5127 phetar,
414 5068 623 5110 montes
648 5058 907 5126 Apostoli,
940 5068 1146 5112 montes
1175 5073 1362 5113 omnes
1389 5061 1759 5129 praedicatores

160 5149 440 5203 veritatis.
471 5147 804 5217 Quicumque
841 5150 951 5203 vult
974 5164 1092 5205 esse
1121 5151 1424 5219 spiritualis,
1453 5152 1522 5208 ibi
1550 5152 1757 5208 inhabi-

154 5251 230 5295 tet
266 5260 282 5294 :
318 5254 441 5292 non
469 5239 522 5293 in
551 5238 715 5293 corde
742 5253 839 5293 suo
866 5239 1112 5305 aberret;
1144 5241 1373 5305 habitet,
1409 5242 1637 5311 perferat
1662 5260 1755 5298 vo-

152 5330 325 5385 lando
346 5331 403 5381 ’.
433 5328 701 5383 Habemus
725 5344 848 5383 aves
871 5329 1227 5399 significantes
1250 5331 1444 5402 aliquid
1460 5333 1753 5401 Spirituale.

150 5421 269 5476 Non
302 5420 524 5475 frustra
554 5417 749 5473 dictum
773 5427 855 5474 est
878 5436 890 5469 :
915 5419 1250 5473 Renovabitur
1262 5422 1501 5492 juventus
1525 5433 1610 5476 tua
1633 5426 1757 5478 sicut

146 5513 349 5584 σςιᾱιω
379 5507 561 5580 (Psat.
586 5524 677 5577 cu,
702 5509 786 5580 5).
812 5509 927 5565 Non
958 5511 1144 5565 frustra
1170 5511 1367 5567 dictum
1393 5523 1473 5568 est
1499 5514 1564 5569 de
1590 5514 1756 5568 Abra-

206 5629 227 5660 ι
253 5626 354 5691 Δξμς
380 5622 611 5684 potiores
632 5629 735 5691 uss.
772 5626 825 5671 At
860 5621 994 5691 Edd,
1027 5634 1118 5670 non
1135 5636 1280 5685 super
1301 5636 1518 5688 onagros.
1546 5632 1645 5674 Non
1667 5623 1755 5674 hoc

143 5681 576 5745 intdligeremru,
600 5681 645 5732 si
664 5681 1027 5745 nonnecessitas
1046 5681 1248 5745 cogeret.

206 5752 230 5781 ι
263 5741 487 5808 Αῐὶηιιᾳ
508 5748 646 5808 Uss,
676 5742 802 5793 unde
836 5741 1025 5808 aberret
1061 5741 1258 5794 volando
1283 5761 1296 5795 :
1321 5761 1525 5808 cumque
1567 5749 1641 5798 his
1676 5747 1754 5797 alii

140 5807 328 5873 [Im-es
352 5803 542 5867 verba,
566 5803 755 5865 habitet,
772 5805 997 5869 perferat,
1023 5808 1259 5857 omittunt.

1296 371 1687 440 ENA_liR.\TlO
1728 372 1789 427 IN
1828 372 2145 429 PSALMUM
2178 373 2307 429 Clll.

3299 380 3437 435 1362

1861 504 1980 559 ham
2013 524 2025 559 τ
2052 506 2177 560 Aves
2205 517 2369 563 autem
2394 522 2496 562 non
2522 510 2705 564 divisit.
2739 510 3002 566 Abraham
3033 513 3082 567 in
3110 513 3200 567 illo
3226 515 3433 569 sacriﬁ-

1853 596 1938 648 cio
1969 598 2099 649 satis
2127 597 2354 668 mystico
2394 600 2597 667 accepit
2627 604 2725 656 tria
2763 602 3009 656 animalia
3035 618 3049 664 ;
3082 604 3302 658 arietem
3333 608 3432 659 tri-

1855 700 2015 749 nunn,
2051 702 2264 741 vaccam
2290 689 2525 754 trimam,
2557 705 2766 759 capram
2799 692 3027 756 trimam,
3060 703 3114 748 et
3143 704 3431 762 turturem,

1852 789 1906 832 et
1941 778 2259 834 columbam.
2295 781 2506 837 Divisus
2531 792 2612 837 est
2636 784 2774 837 aries
2794 826 2808 849 ,
2835 794 2890 840 et
2915 785 3170 840 adversus
3200 786 3426 844 invicem

1854 878 2031 934 partes
2050 868 2384 945 constituite;
2412 870 2576 924 divisa
2600 887 2781 940 capra,
2804 874 3145 930 nihilominus
3165 875 3431 933 adversus

1853 972 1913 1012 se
1940 966 2119 1027 partes
2143 961 2475 1024 constitutae;
2503 960 2668 1016 divisa
2695 961 2872 1026 vacca,
2901 964 2978 1018 sic
2990 965 3152 1020 etiam
3174 966 3240 1021 de
3262 967 3432 1035 ipsius

1852 1062 2010 1101 carne
2032 1047 2225 1103 factum
2237 1062 2356 1135 est':
2380 1060 2434 1105 et
2450 1051 2676 1121 subjecit
2694 1052 2982 1122 Scriptura,
3001 1054 3126 1110 Aves
3147 1067 3308 1111 autem
3325 1075 3433 1112 non

1854 1138 2036 1191 divisit.
2068 1138 2265 1195 Deinde
2285 1140 2476 1196 dicitur
2500 1143 2686 1198 trimus
2707 1144 2865 1209 aries,
2890 1146 3046 1201 trima
3067 1163 3246 1213 vacca,
3273 1151 3432 1204 trima

1854 1243 2009 1296 capra
2036 1246 2050 1282 :
2073 1228 2139 1283 de
2165 1232 2339 1284 avium
2368 1241 2523 1287 :ctate
2548 1242 2768 1288 tacetur.
2804 1234 2951 1292 Unde
2969 1278 2984 1301 ,
3014 1252 3143 1307 rogo
3173 1254 3266 1293 vos
3286 1280 3301 1302 ,
3328 1240 3424 1293 nisi

1852 1318 1972 1386 quia
1987 1318 2349 1389 significantur
2366 1322 2416 1375 in
2434 1323 2621 1378 avibus
2633 1323 2845 1394 quidam
2864 1325 3184 1394 spirituales,
3201 1343 3442 1397 quorum

1853 1418 1982 1462 mtas
2009 1410 2314 1479 temporalis
2343 1422 2622 1482 propterea
2651 1422 2881 1479 tacetur,
2908 1417 3030 1485 quia
3050 1427 3248 1472 interna
3270 1419 3429 1473 medi-

1855 1507 2052 1565 tantur,
2075 1508 2129 1555 et
2151 1502 2606 1571 transgrediuntur
2625 1503 2888 1560 desiderio
2900 1515 2956 1560 et
2969 1507 3232 1563 intellectu
3250 1508 3429 1563 omnia

1855 1591 2166 1659 temporalia
2179 1592 2203 1645 ἲ
2220 1590 2527 1661 Spirituales
2542 1594 2639 1648 viri
2656 1595 2745 1663 qui
2760 1594 2828 1650 de
2842 1596 3356 1666 omuibusjudicant,
3375 1608 3435 1653 et

1852 1694 1882 1734 a
1904 1680 2434 1751 neminejudicantur
2455 1684 2494 1753 (Ι
2519 1683 2634 1738 Cor.
2654 1701 2712 1752 ιι,
2736 1685 2823 1755 15)
2850 1705 2862 1738 :
2884 1687 3061 1757 itaque
3080 1688 3178 1757 ipsi
3198 1690 3297 1743 soli
3318 1704 3441 1743 non.-

1853 1772 2157 1829 dividuntur
2175 1775 2228 1828 itt
2248 1775 2477 1854 haereses
2492 1785 2545 1832 et
2560 1777 2863 1832 schismata.
2886 1768 2945 1832 In
2957 1779 3123 1834 ariete
3138 1780 3428 1849 intelligun-

1856 1872 1940 1917 tur
1951 1866 2217 1935 praepositi
2232 1882 2247 1931 ;
2266 1866 2463 1922 ducunt
2478 1867 2618 1922 enim
2633 1882 2825 1939 greges
2845 1885 2858 1922 :
2881 1868 2933 1923 in
2948 1884 3103 1924 vacca
3122 1870 3431 1939 plebsintel-

1855 1951 2031 2021 ligitur
2063 1954 2398 2022 ludzeorum;
2428 1957 2607 2012 habuit
2634 1959 2774 2011 enim
2797 1958 2980 2029 jugqu
3000 1959 3175 2029 chis,
3200 1961 3300 2015 sub
3324 1977 3439 2030 quo

1854 2041 2123 2118 laborabat
2152 2061 2166 2098 :
2193 2044 2245 2099 in
2269 2061 2427 2115 capra
2452 2048 2762 2118 intelligitur
2786 2048 3022 2105 Ecclesia
3044 2052 3110 2104 de
3131 2050 3423 2115 Gentibus;

1854 2109 2167 2202 quibusdam
2195 2109 2545 2193 enim'liberis
2569 2109 2788 2194 saltibus
2818 2140 3138 2205 insultabat,
3169 2150 3225 2197 et
3245 2109 3435 2197 amaro

1854 2223 2171 2294 pascebatur
2211 2229 2464 2282 oleastro.
2494 2228 2671 2283 Triuia
2698 2241 2820 2283 sunt
2855 2230 2993 2286 dicta
3021 2232 3134 2285 llaec
3156 2216 3426 2295 animalia,

1860 2316 1983 2386 quia
2011 2318 2166 2371 tertio
2195 2326 2430 2387 tempore
2453 2320 2618 2388 gratia
2646 2319 2876 2374 revelata
2900 2328 3007 2375 est.
3045 2319 3177 2375 Nam
3200 2321 3426 2390 primtnn

1854 2407 1954 2462 fuit
1982 2392 2113 2463 'ante
2152 2408 2383 2479 Legem;
2426 2410 2714 2465 secundum
2739 2451 2756 2478 ,
2785 2426 2853 2466 ex
2882 2427 2987 2481 quo
3014 2412 3121 2467 Lex
3152 2412 3272 2468 data
3301 2421 3425 2477 est;

1856 2499 2066 2551 tertium
2090 2539 2109 2566 ,
2147 2499 2287 2570 quod
2328 2515 2469 2554 nunc
2504 2509 2622 2563 cst,
2661 2517 2726 2555 ex
2769 2517 2876 2571 quo
2910 2517 3131 2572 regnum
3170 2504 3433 2559 caelorum

1858 2588 2193 2657 prtedicatnr.
2228 2588 2362 2657 Quid
2392 2596 2531 2659 ergo
2550 2589 2795 2656 dicimus,
2823 2590 2966 2661 quod
2994 2592 3134 2646 aries
3159 2607 3262 2646 non
3287 2592 3425 2646 divi—

1856 2677 2053 2733 datur?
2094 2677 2280 2734 Nonne
2307 2680 2541 2748 episcopi
2572 2677 2780 2743 fuerunt
2805 2690 3053 2736 auctores
3079 2681 3429 2737 schismatutn

1857 2778 1909 2822 ct
1935 2769 2239 2822 hmresum?
2266 2770 2431 2823 Porro
2457 2780 2629 2824 autem
2658 2771 2703 2825 si
2727 2771 2908 2840 plebes
2938 2771 3064 2840 ipsa:
3094 2789 3196 2827 non
3223 2772 3432 2828 dividet-

1858 2869 2063 2921 rentur,
2094 2858 2145 2913 id
2172 2868 2273 2927 cst,
2305 2861 2347 2913 si
2374 2875 2530 2914 vacca
2562 2874 2666 2914 nou
2696 2859 3041 2935 divideretuq.
3066 2862 3109 2916 si
3136 2877 3293 2931 capra
3323 2879 3435 2916 ιιοιιι

1858 2948 2219 3015 divideretur;
2261 2950 2598 3004 erubuissent
2621 2950 2843 3005 fortasse
2882 2950 2954 3004 illi
2991 2952 3042 3005 in
3081 2950 3429 3005 divisionibus

1858 3043 1990 3105 suis,
2020 3049 2075 3095 et
2103 3041 2166 3094 ad
2196 3056 2502 3110 compagem
2533 3052 2879 3096 remeassem.
2910 3041 3222 3096 Dividuntur
3240 3040 3433 3108 duces,

1861 3133 2165 3191 dividuntur
2200 3142 2253 3188 et
2292 3133 2472 3202 plebes
2497 3175 2512 3199 ,
2545 3144 2603 3188 ut
2629 3149 2800 3189 caecus
2827 3150 3025 3190 ciccum
3054 3146 3305 3206 sequatur
3328 3176 3342 3198 ,
3375 3145 3430 3189 et

1859 3223 2013 3278 simul
2045 3224 2097 3277 iu
2124 3223 2325 3278 foveam
2358 3224 2551 3279 cadant
2578 3223 2806 3295 (Matth.
2837 3241 2905 3279 xv
2929 3267 2946 3291 ,
2979 3225 3086 3298 l4)
3121 3244 3136 3281 :
3164 3235 3432 3296 ponuntuo

1859 3314 2111 3369 adversus
2150 3309 2399 3369 invicem.
2429 3315 2554 3368 Aves
2584 3324 2750 3368 autent
2777 3331 2877 3368 non
2906 3315 3090 3371 divisit.
3118 3315 3432 3386 Spirituales

1861 3422 1964 3459 non
1996 3405 2195 3461 habent
2221 3406 2558 3473 divisionem,
2588 3422 2691 3461 non
2719 3407 2950 3478 cogitant
2977 3409 3261 3465 schismata
3288 3426 3303 3463 :
3328 3423 3431 3478 pax

1860 3496 2008 3550 estin
2030 3496 2127 3561 eis,
2150 3497 2452 3551 custodiunt
2471 3513 2587 3551 eam
2609 3499 2660 3551 in
2677 3500 2887 3552 caneris
2905 3509 3154 3568 quantum
3179 3509 3435 3569 possunt;

1861 3590 1946 3643 ubi
1980 3589 2029 3641 in
2060 3588 2177 3642 aliis
2207 3588 2477 3654 deficiunt,
2511 3589 2562 3642 in
2594 3604 2650 3643 se
2679 3600 2879 3644 tenent.
2912 3590 2972 3645 Si
3001 3592 3092 3644 erit
3119 3591 3207 3656 ibi,
3241 3591 3426 3662 inquit.

1860 3680 1994 3746 ﬁlius
2033 3678 2170 3747 pacis
2200 3719 2215 3744 ,
2254 3680 2520 3751 requiescet
2559 3695 2708 3751 super
2745 3697 2856 3733 eum
2894 3696 2995 3748 pas:
3032 3691 3227 3747 vestra;
3262 3683 3304 3736 si
3331 3699 3429 3750 quo

1858 3771 2023 3824 minus
2044 3812 2060 3834 ,
2091 3772 2158 3825 ad
2190 3788 2274 3825 vos
2300 3782 2567 3825 revertetur
2596 3770 2760 3844 (Luc.
2796 3787 2830 3826 Χ
2853 3813 2869 3838 ,
2911 3770 3005 3842 ϐ).
3037 3772 3150 3826 Non
3181 3784 3262 3827 est
3292 3776 3429 3829 filius

1862 3862 2034 3932 pacis,
2078 3862 2238 3916 dividi
2276 3863 2457 3928 voluit,
2500 3871 2795 3917 revertetur
2830 3863 2896 3917 ad
2935 3875 2985 3918 te
3021 3879 3122 3934 pax
3155 3875 3279 3929 tua;
3308 3866 3428 3934 quia

1860 3969 1984 4008 aves
2011 3970 2114 4008 non
2143 3953 2341 4008 divisit.
2370 3953 2557 4009 Veniet
2577 3965 2630 4009 et
2649 3953 2886 4008 caminus
2910 3971 2925 4007 :
2952 3970 3073 4008 nam
3096 3955 3335 4009 consedit
3360 3956 3429 4008 ibi

1863 4044 2126 4099 Abraham
2156 4058 2321 4114 usque
2347 4044 2413 4098 ad
2444 4059 2742 4113 vesperam,
2770 4053 2823 4099 et
2850 4044 2991 4099 venit
3015 4060 3233 4114 magnus
3258 4055 3430 4099 terror

1862 4135 1964 4190 diei
1987 4136 2187 4206 judieii.
2227 4136 2450 4206 Vespera
2482 4136 2621 4191 enim
2652 4136 2738 4190 illa
2767 4136 2886 4190 finis
2915 4126 2997 4191 esi
3017 4137 3233 4203 sat-culi;
3261 4147 3313 4191 et
3337 4152 3424 4191 ca-

1861 4228 2037 4283 minus
2078 4229 2200 4294 ille,
2237 4229 2455 4283 veniens
2481 4229 2594 4284 dies
2626 4228 2835 4299 judicii.
2875 4229 3061 4283 Divisit
3093 4231 3229 4286 inter
3257 4230 3427 4285 media

1861 4319 1950 4373 illa
1975 4334 2092 4389 qua:
2115 4318 2281 4373 divisa
2307 4330 2481 4386 erant,
2506 4320 2665 4375 etiam
2689 4319 3103 4391 caminuswen.
3132 4336 3222 4383 sv.
3246 4321 3428 4391 9-17).

1863 4410 1919 4464 Si
1946 4411 2082 4464 inter
2113 4409 2283 4464 media
2314 4411 2517 4464 transiit
2541 4409 2802 4470 caminus.
2830 4412 2931 4466 alia
2959 4412 3299 4479 indextram,
3328 4414 3431 4469 alia

1864 4501 1918 4555 in
1958 4500 2227 4555 sinistram
2266 4502 2549 4570 separavit.
2589 4500 2723 4557 Sunt
2749 4485 2887 4572 ergo.
2902 4503 3114 4572 quidam
3144 4496 3385 4559 carnales
3412 4545 3428 4568 ,

1863 4600 1918 4648 ct
1954 4600 2127 4647 tamen
2159 4593 2409 4647 Ecclesiae
2446 4594 2646 4662 gremio
2675 4595 3010 4649 continentur
3029 4635 3046 4660 ,
3076 4595 3311 4651 viventes
3341 4611 3430 4651 ses

1863 4683 2089 4737 cundum
2117 4683 2398 4754 quemdam
2426 4684 2640 4738 modum
2669 4699 2846 4749 suum,
2873 4685 3062 4753 quibus
3089 4685 3335 4741 timemus
3366 4701 3433 4740 ue

1864 4774 2186 4829 seducantur
2229 4775 2295 4830 ab
2342 4774 2608 4830 bmreticis
2651 4792 2664 4828 :
2709 4775 2958 4844 quamdiu
3006 4776 3149 4830 enim
3192 4778 3434 4831 carnales

1864 4872 2007 4931 sunt,
2036 4863 2328 4941 divisibiles
2353 4876 2494 4918 sunt.
2527 4865 2650 4918 Aves
2675 4865 2867 4933 quippe
2893 4882 2992 4919 non
3018 4866 3184 4920 divisit
3200 4882 3221 4931 ;
3245 4881 3433 4921 carna-

1864 4956 1943 5011 les
1975 4956 2301 5011 dividuntur.
2348 4953 2470 5008 Non
2497 4955 2635 5026 potui
2666 4956 2801 5026 loqui
2827 4957 2962 5011 vobis
2985 4958 3128 5028 quasi
3154 4958 3433 5029 spirituali-

1865 5044 1955 5100 bus
1981 5087 1996 5113 ,
2023 5047 2110 5100 sed
2136 5046 2278 5117 quasi
2304 5044 2606 5099 carnalibus.
2640 5044 2706 5099 Et
2735 5047 3001 5114 quomodo
3026 5048 3280 5118 probatur
3309 5049 3428 5116 quia

1864 5135 2103 5190 carnales
2150 5134 2495 5190 dividuntur?
2535 5135 2788 5206 Adiungit
2825 5153 2840 5191 :
2884 5155 2907 5189 ο
2937 5137 3069 5193 Cum
3117 5137 3259 5193 enim
3304 5137 3433 5190 dicit
3522 5204 3523 5207 η

1864 5227 2225 5297 unusquisque
2267 5235 2536 5294 vestrum,
2576 5228 2686 5298 Ego
2726 5244 2843 5283 sum
2887 5229 3030 5284 Pauli
3056 5270 3071 5293 ,
3113 5244 3213 5300 ego
3253 5239 3429 5283 autem

1864 5318 2074 5387 Apollo,
2103 5333 2201 5389 ego
2227 5333 2353 5372 vero
2380 5316 2576 5388 Cepha:
2601 5306 2823 5383 {nonne
2847 5320 3254 5385 carnalesestis,
3270 5333 3324 5376 et
3349 5337 3430 5375 se-

1863 5406 2091 5462 cundum
2135 5406 2403 5462 hominem
2444 5407 2726 5463 ambulatis
2745 5410 2777 5463 ‘l.
2803 5430 2822 5462 ι
2857 5410 3006 5480 Rogo
3036 5425 3129 5464 vos
3152 5452 3167 5476 ,
3197 5408 3387 5466 fratres
3410 5452 3428 5480 ,

1861 5497 2072 5562 audite,
2123 5509 2174 5553 et
2216 5498 2486 5567 proficite;
2527 5501 2756 5553 excutite
2799 5515 2891 5553 vos
2931 5500 2997 5554 tle
3038 5500 3154 5556 loco
3194 5504 3390 5556 carnali
3415 5545 3428 5560 .

1864 5591 2066 5660 pergite
2092 5590 2144 5644 in
2170 5598 2426 5643 turturem
2458 5599 2511 5644 et
2539 5590 2833 5645 columbam
2866 5608 2880 5644 :
2911 5590 3036 5645 Aves
3061 5594 3201 5647 enim
3229 5611 3328 5648 non
3356 5596 3433 5647 tti-

1863 5684 1992 5739 visit.
2032 5683 2136 5738 Sed
2165 5683 2481 5753 quicumque
2517 5680 2635 5736 talis
2666 5686 3031 5751 permanserit,
3054 5694 3116 5739 .et
3144 5688 3431 5741 secundum

1870 5776 2149 5847 quemdam
2177 5776 2388 5832 modum
2420 5777 2540 5831 vita:
2569 5787 2745 5849 aptum
2776 5777 3074 5833 carnalibus
3099 5821 3112 5845 ,
3144 5789 3197 5835 et
3225 5778 3290 5835 de
3310 5792 3430 5850 gre-
