4012 6202
582 303 723 361 i365

581 422 690 474 min
717 416 971 474 Ecclesia:
1001 429 1106 468 non
1135 409 1451 470 recesserit,
1485 417 1539 464 et
1572 422 1676 462 non
1716 406 1870 461 fuerit
1899 406 2146 461 seductus

579 515 646 570 ab
674 511 935 568 haereticis
957 551 972 574 ,
1003 515 1061 563 ut
1087 521 1154 561 ex
1177 505 1442 560 contraria
1472 512 1622 573 parte
1646 501 1912 556 dividatur
1934 517 1949 564 ;
1978 501 2155 554 veniet

579 607 837 668 caminus,
863 610 918 657 et
939 599 1002 654 ad
1025 598 1264 654 dextram
1293 597 1416 667 poni
1441 596 1556 650 sine
1575 594 1787 648 camino
1813 609 1915 646 non
1938 592 2151 663 poterit.

579 697 681 754 Sed
713 695 755 749 si
782 693 1046 748 caminum
1079 691 1184 760 pati
1213 706 1316 744 non
1349 689 1454 743 vult
1483 731 1497 751 ,
1527 696 1709 757 pergat
1738 688 1788 740 in
1820 696 2076 740 turturem
2104 693 2158 738 et

577 787 899 843 columbam.
941 783 1042 850 Qui
1087 791 1258 853 potcSt
1287 796 1497 851 capere,
1531 783 1723 849 capiat.
1753 778 1809 831 Si
1844 788 2020 832 autem
2049 791 2154 831 non

575 881 654 934 sic
693 879 796 934 erit
814 919 829 938 .
857 886 911 932 cl
934 874 1256 943 ludiﬁcaverit
1283 890 1433 940 super
1461 871 1844 942 fundamentum
1873 871 2011 940 ligna
2033 910 2048 932 ,
2081 873 2156 937 fe-

577 987 722 1034 num,
751 968 1021 1039 stipulam,
1055 965 1105 1020 id
1135 974 1236 1026 est,
1268 979 1477 1018 amores
1503 961 1786 1019 smculares
1817 959 2155 1014 fundamento

575 1061 702 1119 ﬁdei
737 1077 849 1116 suae
877 1053 1412 1130 supermdilicaverit;
1455 1062 1630 1109 tamen
1657 1051 1700 1107 si
1730 1051 1782 1106 in
1815 1049 2156 1105 fundamento

576 1156 645 1208 sit
671 1151 911 1209 Christus
931 1193 945 1211 ,
978 1160 1034 1205 ut
1060 1149 1287 1218 primum
1318 1146 1492 1201 iocum
1520 1145 1634 1214 ipse
1654 1142 1848 1198 habeat
1873 1141 1926 1196 in
1955 1140 2116 1197 corde
2136 1181 2151 1205 ,

578 1254 634 1299 et
669 1244 717 1299 ei
756 1242 886 1298 nihil
925 1241 1144 1296 omnino
1183 1244 1568 1307 anteponatur;
1599 1242 1874 1304 portantur
1899 1241 1951 1287 et
1981 1231 2112 1286 tales
2135 1272 2152 1298 ,

578 1336 870 1391 tolerantur
896 1342 950 1387 et
979 1333 1110 1386 tales
1141 1349 1155 1385 :
1182 1330 1362 1384 veniet
1387 1327 1626 1384 caminus
1649 1367 1665 1390 ,
1698 1324 1944 1380 incendet
1971 1324 2109 1394 ligna
2136 1362 2152 1386 ,

473 1457 485 1466 -
580 1425 783 1491 fenum,
809 1424 1056 1493 stipulam
1087 1439 1100 1476 :
1129 1420 1252 1492 Ipse
1272 1429 1438 1474 autem
1461 1461 1475 1480 ,
1505 1417 1704 1488 inquit,
1730 1415 1896 1472 salvus
1945 1417 2054 1476 erit,
2083 1414 2155 1466 sic

579 1528 744 1572 tamen
759 1517 905 1589 quasi
914 1533 1004 1586 per
1017 1516 1183 1587 ignem
1203 1513 1246 1588 (ἰ
1268 1511 1547 1586 Cor._t,12,
1572 1511 1667 1576 15ς
1687 1519 1734 1563 et
1749 1525 1828 1574 tu,
1853 1507 2014 1578 1-15).
2042 1506 2155 1560 Hoc

577 1619 699 1682 aget
740 1609 1012 1672 caminus;
1057 1607 1190 1661 alios
1217 1608 1270 1661 in
1301 1605 1566 1660 sinistram
1598 1601 1901 1672 separabit,
1942 1600 2073 1655 alios
2101 1600 2154 1654 in

579 1701 820 1755 dextram
851 1695 1242 1768 quodammodo
1267 1693 1538 1765 eliquabit.
1563 1692 1690 1746 Aves
1715 1701 1885 1745 autem
1909 1707 2009 1745 non
2032 1689 2156 1743 divi-

575 1793 660 1846 sit.
703 1790 805 1845 Sed
847 1804 972 1844 aves
1009 1787 1222 1842 videant
1246 1828 1260 1846 ,
1293 1786 1335 1840 si
1364 1799 1492 1840 aves
1519 1783 1653 1839 tales
1691 1790 1814 1836 sunt
1849 1797 1966 1851 qua:
1995 1795 2154 1850 super

581 1889 788 1936 montes
813 1880 930 1934 illos
951 1877 1248 1932 inhabitant
1269 1891 1284 1940 ;
1312 1890 1416 1930 non
1438 1874 1634 1944 debent
1652 1874 1800 1941 sequi
1821 1871 2152 1926 altitudinem

579 1973 758 2027 cordis
786 1972 904 2039 sui,
941 1970 1008 2026 de
1037 1969 1284 2039 qualibus
1320 1967 1510 2021 dicitur
1539 1983 1554 2020 :
1586 1965 1868 2019 Posuerunt
1893 1965 1945 2018 in
1974 1964 2153 2018 caelum

580 2083 636 2119 os
657 2081 801 2119 suum
820 2063 989 2136 (Psal.
1014 2077 1182 2127 usu,
1205 2061 1283 2130 9).
1298 2059 1376 2115 Ne
1394 2075 1423 2112 a
1447 2058 1616 2114 ventis
1639 2057 1979 2146 tollantur,in
1997 2072 2151 2111 mon—

577 2157 720 2211 tibus
765 2157 1115 2226 requiescant.
1158 2153 1366 2209 ilabeut
1400 2152 1766 2206 auctoritatem
1807 2161 2108 2205 sanctorum
2134 2193 2150 2216 ,

580 2248 917 2318 requiescant
942 2247 996 2300 in
1024 2245 1320 2308 montibus,
1351 2244 1402 2298 in
1431 2241 1718 2314 Apostolis,
1749 2241 1800 2294 in
1829 2241 2149 2310 Prophetis:

577 2340 686 2396 illic
726 2339 1017 2394 inhabitent
1056 2337 1188 2392 tales
1214 2350 1382 2401 aves,
1413 2335 1535 2406 quia
1575 2334 1628 2388 in
1670 2333 1939 2388 montibus
1977 2340 2152 2402 petras

575 2431 887 2496 inveniunt,
922 2430 1252 2484 ﬁrmamenta
1290 2426 1534 2497 quaedam
1566 2432 1970 2494 praiceptorum.
2005 2423 2154 2478 Sicut

577 2522 722 2577 enim
751 2535 852 2575 una
886 2520 970 2574 illa
998 2527 1170 2589 petra,
1203 2518 1444 2572 Christus
1468 2517 1698 2572 Verbum
1730 2517 1854 2580 Dei;
1884 2517 1961 2570 sic
1987 2515 2151 2568 multa

575 2615 740 2669 verba
771 2614 860 2668 Dei
884 2653 900 2678 ,
918 2613 1111 2667 multa:
1138 2619 1301 2680 petra:
1320 2651 1334 2676 ,
1365 2620 1420 2666 et
1450 2609 1564 2664 ista:
1592 2619 1754 2679 petra:
1781 2610 1832 2664 in
1861 2609 2148 2662 montibus.

576 2703 712 2758 V‘ide
740 2718 864 2758 aves
894 2702 964 2757 ibi
995 2701 1292 2756 habitantes
1321 2717 1336 2755 :
1365 2699 1534 2769 Super
1558 2699 1672 2754 illos
1698 2699 1922 2754 volatilia
1947 2698 2057 2753 coeli
2080 2698 2150 2752 in—

577 2794 891 2850 habitabant.

648 2888 701 2944 6.
733 2887 838 2945 Sed
873 2888 983 2943 noli
1009 2896 1193 2957 putare
1221 2887 1342 2957 quia
1374 2886 1473 2942 ista
1509 2886 1741 2942 volatilia
1769 2886 1893 2942 coeli
1919 2885 2154 2940 auctori-

577 2990 740 3037 tatem
764 2996 912 3036 suam
939 2989 1263 3051 sequuntur;
1296 2978 1559 3049 vide'quid
1587 2978 1729 3033 dicat
1756 2978 1991 3032 Psalmus
2017 2996 2030 3032 :
2075 2975 2152 3030 De

575 3075 742 3130 medio
787 3083 1041 3144 petrarum
1070 3073 1258 3126 dabunt
1299 3087 1464 3126 vocem
1491 3087 1655 3124 suam.
1710 3070 1866 3124 Modo
1906 3071 1949 3124 si
1977 3070 2150 3124 dicam

575 3167 748 3232 vobis,
780 3165 1012 3228 Credite,
1035 3165 1137 3220 hoc
1151 3166 1292 3220 enim
1311 3164 1448 3218 dixit
1467 3164 1675 3227 Cicero,
1698 3163 1802 3218 hoc
1822 3163 1956 3217 dixit
1972 3163 2145 3229 Plato,

579 3263 680 3316 hoc
706 3259 838 3313 dixit
865 3258 1219 3329 Pythagoras;
1246 3255 1365 3325 quis
1386 3264 1617 3310 vestrum
1645 3269 1747 3309 non
1770 3254 2005 3311 irridebit
2026 3256 2149 3311 me?

574 3351 686 3406 Ero
706 3350 846 3406 enim
868 3351 1002 3415 avis,
1025 3364 1142 3419 quae
1163 3362 1267 3400 non
1289 3346 1358 3401 de
1380 3356 1524 3415 petra
1544 3345 1727 3401 emitto
1744 3359 1926 3400 vocem
1952 3361 2146 3401 meam.

574 3441 712 3510 Quid
741 3441 870 3496 mihi
909 3440 1270 3508 unusquisque
1305 3448 1535 3493 vestrum
1566 3438 1723 3494 debet
1760 3437 1981 3494 dicere?
2023 3438 2150 3509 quid

574 3535 736 3590 debet
767 3532 947 3588 dicere
988 3531 1075 3585 illc
1103 3529 1191 3599 qui
1222 3530 1300 3583 sic
1332 3528 1620 3584 instructus
1647 3527 1766 3583 est?
1794 3528 1854 3582 Si
1876 3528 1984 3597 quis
2015 3529 2150 3582 vobis

573 3621 982 3696 euangelizaverit
1021 3629 1350 3691 praterquam
1390 3617 1526 3690 quod
1561 3618 1840 3689 accepistis,
1881 3619 2149 3672 anathema

572 3720 638 3773 sit
674 3715 870 3788 (ϐαιοὶ.
906 3715 960 3778 Ι,
985 3713 1064 3785 9).
1099 3712 1237 3779 Quid
1271 3711 1399 3766 mihi
1433 3710 1566 3766 dicis
1606 3710 1675 3766 de
1719 3710 1956 3771 Platone.
1993 3719 2049 3766 et
2079 3710 2148 3766 de

573 3809 852 3870 Cicerone.
895 3806 1039 3861 etde
1066 3804 1316 3874 Virgilio?
1358 3803 1529 3858 llabes
1553 3810 1676 3858 ante
1701 3811 1752 3858 te
1782 3813 1958 3873 petras
1994 3819 2149 3857 mon-

573 3900 726 3974 tittm,
753 3899 820 3954 de
847 3897 1023 3952 medio
1057 3903 1322 3965 petrarum
1362 3894 1490 3950 mihi
1529 3895 1597 3949 du
1642 3909 1826 3949 vocem
1862 3903 2026 3949 tuam.
2071 3894 2150 3949 De

572 3993 736 4047 medio
762 4001 1014 4062 petrarum
1048 3988 1236 4042 dabunt
1263 4002 1431 4041 vocem
1457 4003 1621 4041 suam.
1669 3986 1968 4040 Audiantur
1990 3987 2078 4056 qui
2118 4002 2148 4040 a

576 4095 722 4150 petra
752 4081 1036 4137 audiunt‘:
1069 4079 1372 4141 audiantur,
1399 4077 1521 4146 quia
1546 4085 1600 4131 et
1628 4076 1681 4131 in
1708 4077 1811 4130 illis
1845 4077 2024 4130 multis
2058 4091 2150 4145 pc-

574 4176 670 4230 tris
699 4183 846 4244 petra
866 4171 1078 4225 auditur
1103 4187 1116 4223 :
1152 4168 1308 4223 Petra
1331 4169 1464 4222 enim
1497 4176 1604 4222 erat
1629 4166 1856 4222 Christus
1881 4167 1923 4237 (l
1945 4165 2063 4221 Cor.
2091 4183 2144 4235 Χ,

571 4268 651 4338 4).
686 4265 980 4320 Audianlur
1003 4277 1132 4332 ergo
1157 4261 1403 4327 libenter,
1434 4259 1501 4314 de
1520 4259 1696 4314 medio
1719 4267 1985 4330 petrarum
2012 4259 2152 4314 dan-’

575 4369 654 4412 tes
674 4369 859 4410 vocem
899 4367 1071 4406 suam.
1101 4350 1242 4405 Nihil
1277 4349 1490 4404 suavius
1519 4349 1610 4404 tali
1643 4364 1772 4404 voce
1797 4349 2000 4403 alitum.
2041 4348 2148 4403 like.

573 4455 785 4510 sonant,
825 4454 880 4501 et
919 4452 1082 4515 petrae
1127 4449 1426 4497 resonant:
1467 4450 1660 4496 sonant
1699 4441 1835 4503 illa),
1880 4439 2149 4509 disputant

572 4537 914 4607 spirituales;
965 4541 1216 4590 resonant
1263 4541 1447 4603 petrae,
1491 4532 1787 4586 testimonia
1827 4530 2150 4600 respondent

571 4633 882 4702 Scriptum.
931 4629 1069 4684 Ecce
1115 4628 1239 4683 inde
1287 4625 1518 4682 volatilia
1557 4624 1625 4681 de
1663 4625 1836 4679 medio
1878 4634 2144 4694 petrarum

571 4724 701 4777 dant
718 4737 901 4777 vocem
925 4735 1107 4782 suam;
1137 4717 1374 4774 habitant
1393 4717 1532 4772 enim
1562 4716 1612 4770 in
1639 4715 1925 4770 montibus.

641 4815 694 4869 'l.
726 4813 874 4886 [vers.
900 4810 1011 4884 13.]
1053 4810 1154 4880 Ipsi
1196 4819 1404 4864 montes
1445 4818 1496 4864 et
1525 4809 1628 4861 illae
1659 4815 1822 4876 petrae
1863 4806 2001 4862 unde
2047 4807 2143 4862 ha-

571 4907 698 4962 bent
723 4901 950 4960 voccml
975 4901 1042 4958 Ut
1066 4902 1206 4956 enim
1233 4900 1465 4970 rigcmur
1483 4896 1791 4966 Scripturis,
1815 4897 2146 4966 confugimus

569 4995 968 5066 ndapostolum
993 4992 1235 5046 Paulum.
1282 4990 1374 5045 Ille
1401 4989 1539 5044 unde
1566 4987 1762 5043 habet?
1803 4987 2145 5058 Coufugimus

567 5090 636 5147 ad
662 5086 874 5144 Isaiam.
915 5083 1079 5140 Isaias
1106 5079 1289 5136 unde?
1330 5079 1465 5134 Audi
1509 5079 1692 5134 unde:
1738 5077 1932 5149 Rigans
1957 5090 2146 5134 montes

566 5184 630 5238 de
652 5176 992 5251 superioribus
1015 5175 1139 5228 suis.
1163 5172 1318 5228 Modo
1343 5173 1388 5226 si
1409 5171 1474 5226 ad
1495 5185 1592 5226 nos
1613 5172 1815 5226 venerit
1840 5171 1998 5226 homo
2017 5187 2146 5240 gen-

579 5270 691 5325 tilis
735 5264 1176 5328 inclrcumcisus,
1221 5261 1531 5316 crediturus
1576 5261 1818 5325 Christo,
1867 5259 2060 5315 damus
2097 5262 2144 5317 ei

585 5359 944 5428 Baptismum,
966 5370 1066 5410 nec
1085 5368 1408 5410 revocamus
1430 5354 1495 5406 ad
1518 5353 1607 5406 illa
1632 5368 1792 5423 opera
1819 5351 1998 5422 Legis.
2017 5352 2079 5405 Et
2100 5353 2147 5406 si

583 5467 684 5505 nos
712 5452 1009 5519 interroget
1033 5447 1450 5520 Judaeusquare
1477 5447 1550 5498 ita
1580 5447 1864 5508 faciamus,
1892 5461 2149 5500 sonatnus

583 5543 649 5596 de
670 5552 842 5611 petra,
860 5542 1117 5607 dicimus,
1139 5540 1251 5595 Iloe
1265 5540 1393 5595 fecit
1411 5541 1620 5604 Petrus,
1640 5539 1742 5592 hoc
1767 5539 1892 5592 fecit
1911 5537 2108 5591 Paulus
2133 5553 2146 5588 :

653 5702 778 5768 {Sic
820 5703 1016 5768 a‘iqnot
1044 5705 1159 5751 Mss.
1184 5701 1284 5768 _._\lii
1327 5699 1522 5767 quidam
1551 5714 1560 5746 :
1602 5698 1834 5768 audiant.
1861 5695 1943 5768 qui
1962 5702 1992 5747 ti
2016 5704 2152 5761 petra

589 5761 810 5815 audiunt.
834 5761 1056 5813 At'Etld;
1085 5763 1376 5816 Audiuttlur,
1410 5761 1522 5823 quia
1543 5766 1695 5821 petra:
1719 5761 1996 5808 audiuntur.

1818 289 1874 343 s.
1906 261 2264 344 AUGUSTlNl
2308 286 2604 345 EPlSCOPl

3702 296 3836 354 iSt‘ii

2270 400 2338 456 de
2368 403 2542 457 medio
2564 415 2828 473 petrarum
2858 404 3041 461 damus
3058 422 3241 462 vocem
3268 419 3522 463 nostram.
3555 410 3640 465 llla
3664 425 3842 467 autem

2269 504 2436 563 petra.
2465 497 2580 565 ipse
2605 497 2788 552 Petrus
2818 514 2966 554 mons
2996 516 3232 570 magnus,
3255 503 3467 572 quando
3495 504 3678 559 orabat
3697 517 3746 559 et
3779 507 3846 561 il-

2271 586 2377 638 lum
2407 587 2576 640 visunt
2609 587 2838 651 videbat,
2870 590 2937 644 de
2966 591 3328 660 superioribus
3357 593 3648 662 rigabatur.
3700 596 3843 649 Pau-

2270 677 2351 730 lus
2415 678 2685 748 apostolus
2744 679 2869 735 dicit
2918 682 3174 736 Gentibus
3224 700 3238 736 :
3289 682 3350 736 Si
3391 685 3843 751 circumcidamini,

2267 766 2497 823 Christus
2538 770 2673 824 vobis
2716 773 2844 826 nihil
2890 774 3112 843 proderit
3155 773 3344 845 (Colat.
3373 793 3424 842 ν,
3450 777 3529 846 9.).
3578 779 3710 832 Dicit
3740 779 3846 835 hoc

2269 859 2484 923 Paulus,
2516 870 2760 931 tauqttam
2790 879 2942 916 mnus
2974 881 2988 917 :
3032 865 3153 918 inde
3188 882 3282 918 nos
3312 866 3554 930 dicimus,
3587 883 3846 926 sonantes

2267 950 2334 1003 de
2359 960 2528 1021 petra.
2569 952 2723 1023 Biget
2752 954 3004 1008 Dominus
3031 956 3193 1024 ipsam
3221 969 3422 1028 petram
3455 960 3520 1014 de
3546 963 3842 1029 superian

2267 1039 2365 1093 bus
2391 1041 2520 1094 suis.
2548 1040 2679 1096 Nam
2711 1059 2831 1098 cum
2863 1046 2958 1098 ista
2983 1055 3129 1115 petra
3159 1047 3333 1102 adhuc
3370 1060 3511 1104 esset
3538 1051 3589 1105 in
3621 1053 3852 1106 inlideli-

2267 1141 2374 1186 tate
2397 1147 2604 1202 aspera,
2639 1136 2822 1188 volens
2849 1151 2965 1190 eam
3011 1139 3183 1207 rigare
3227 1140 3294 1194 de
3320 1142 3682 1210 superioribus
3708 1147 3844 1203 suis,

2267 1238 2324 1279 ut
2347 1224 2534 1281 ﬂueret
2567 1243 2700 1297 aqua
2730 1228 2782 1282 in
2812 1230 3072 1291 convalle,
3114 1233 3363 1287 clamavit
3390 1253 3404 1287 :
3451 1235 3624 1302 Saulc,
3659 1238 3843 1300 Saule,

2265 1319 2386 1388 quid
2423 1336 2500 1372 me
2532 1323 2882 1390 persequeris?
2922 1323 3038 1379 Non
3066 1326 3112 1379 ei
3139 1325 3263 1396 legit
3286 1330 3616 1398 prophetam,
3656 1348 3764 1386 non
3797 1336 3845 1388 ei

2266 1411 2391 1481 legit
2413 1413 2638 1468 alterum
2667 1417 2962 1484 apostolum
2988 1433 3002 1482 ;
3036 1419 3211 1472 omnia
3239 1421 3378 1474 enim
3408 1422 3502 1476 ista
3526 1434 3843 1480 contemne-

2265 1517 2346 1560 ret
2370 1520 2524 1561 mons
2544 1522 2796 1578 magnus:
2825 1509 3016 1580 rigavit
3046 1510 3191 1564 illum
3218 1511 3284 1566 dc
3303 1515 3664 1581 superioribus
3693 1520 3843 1583 suis;

2264 1608 2317 1652 et
2345 1599 2522 1652 statim
2543 1599 2740 1670 rigatus
2765 1609 2818 1656 et
2841 1618 3054 1659 manare
3078 1603 3186 1673 jam
3216 1605 3398 1662 volens
3428 1625 3441 1661 :
3484 1606 3712 1674 Domine,
3745 1612 3842 1679 ait,

2263 1689 2384 1757 quid
2428 1705 2506 1743 me
2538 1691 2688 1760 jubes
2733 1693 2898 1760 facere
2936 1692 3069 1765 (Act.
3103 1711 3176 1762 tx,
3217 1697 3270 1758 4,
3312 1695 3410 1767 6)?
3458 1699 3652 1768 Accipe
3690 1701 3842 1756 illum

2265 1791 2501 1837 montem
2527 1783 2610 1838 vel
2637 1793 2861 1854 petram,
2906 1787 3044 1842 unde
3076 1789 3246 1856 possis
3283 1789 3410 1844 dare
3437 1806 3617 1847 vocem
3653 1803 3840 1856 tuam:

2264 1873 2444 1942 accipe
2466 1875 2634 1942 illum,
2654 1885 2707 1931 et
2731 1877 2852 1932 vide
2873 1879 3029 1948 rigari
3051 1879 3116 1934 de
3137 1882 3515 1951 superioribus,
3540 1894 3594 1940 et
3617 1885 3846 1942 efﬂuere

2265 1962 2316 2016 in
2337 1963 2691 2020 inferioribus.
2724 1967 2860 2021 Audi
2883 1968 2982 2023 hoc
3006 1978 3059 2024 et
3087 1970 3138 2025 in
3165 1986 3272 2025 uno
3297 1971 3447 2036 loco:
3482 1975 3620 2039 Sive,
3647 1977 3842 2046 inquit,

2265 2066 2427 2108 mente
2471 2058 2769 2112 excessimus
2795 2059 2918 2126 Deo,
2957 2061 3050 2114 sivi
3087 2072 3416 2130 temperantes
3461 2083 3634 2121 sumus
3677 2069 3842 2125 vobis.

2264 2145 2420 2214 Quod
2442 2149 2532 2212 ait,
2563 2159 2725 2204 mente
2751 2152 3081 2218 excessimus,
3104 2169 3199 2208 vos
3225 2169 3413 2224 capere
3440 2173 3543 2212 non
3577 2161 3840 2228 potestis;

2263 2242 2591 2297 excessimus
2616 2245 2755 2298 enim
2781 2236 2955 2299 omnia
2984 2246 3080 2300 ista
3111 2248 3362 2315 carnalia,
3391 2265 3486 2304 vos
3514 2252 3688 2306 adhuc
3714 2270 3840 2308 car-

2264 2333 2412 2388 nales
2435 2335 2582 2388 estis.
2620 2334 2729 2390 Deo
2757 2350 2884 2406 ergo
2909 2346 3088 2392 mente
3113 2339 3475 2405 excessimus;
3515 2350 3566 2394 et
3590 2344 3734 2411 quod
3763 2346 3842 2397 vi-

2262 2425 2450 2480 demus
2473 2441 2590 2480 cum
2623 2437 2799 2482 mente
2839 2429 3166 2496 excedimus,
3206 2430 3352 2486 citari
3383 2448 3486 2486 non
3509 2445 3800 2502 possumus
3827 2457 3841 2493 :

2264 2517 2332 2571 ibi
2360 2518 2500 2572 enim
2523 2519 2710 2572 audivit
2739 2518 3014 2585 ine/fabiiia
3033 2521 3203 2585 verba,
3241 2539 3354 2592 quia
3376 2540 3475 2576 non
3504 2524 3618 2579 licet
3646 2526 3843 2582 homini

2264 2610 2400 2679 loqui
2427 2610 2495 2679 (ll
2523 2609 2641 2665 Cor.
2665 2626 2754 2674 xu,
2783 2610 2857 2681 ἃ).
2881 2610 3014 2678 Quid
3042 2627 3188 2681 ergo,
3214 2613 3453 2682 inquiunt
3475 2615 3548 2668 illi
3570 2619 3841 2682 carnales,

2261 2701 2335 2756 illi
2361 2703 2588 2770 lepores,
2619 2717 2716 2756 nos
2742 2717 2846 2756 non
2875 2702 3250 2772 ngabimur?
3277 2705 3341 2758 ad
3364 2720 3461 2760 nos
3485 2706 3615 2760 nihil
3649 2723 3846 2777 pervc-

2261 2794 2412 2849 niet?
2447 2795 2512 2848 Et
2540 2794 2804 2863 quomodo
2832 2795 3024 2848 emittit
3062 2795 3232 2849 fontes
3275 2796 3328 2850 in
3369 2799 3741 2853 convallibus?
3789 2811 3847 2856 et

2260 2885 2523 2955 quomodo
2553 2887 2602 2939 in
2631 2885 2803 2938 medio
2829 2887 3082 2939 montium
3110 2887 3498 2956 pertransibunt
3519 2892 3709 2961 aqum?
3760 2892 3845 2946 Ad

2261 2974 2362 3031 hoc
2388 2989 2515 3044 ergo
2537 2975 2784 3044 pertinet,
2809 2974 2929 3029 Sive
2952 2985 3280 3044 temperantes
3307 2994 3479 3032 sumus
3499 2981 3654 3033 rabie.
3683 2980 3844 3038 Unde

2259 3065 2436 3120 hoc“!
2460 3080 2615 3136 quem
2645 3065 2941 3119 imitamur?
2983 3065 3228 3129 Charitas,
3260 3067 3446 3138 inquit,
3475 3069 3664 3123 Christi
3690 3089 3844 3125 com-

2259 3154 2398 3220 pellit
2423 3170 2514 3208 nos
2543 3153 2655 3224 (Id.
2685 3171 2736 3219 v,
2770 3156 2854 3221 l5,
2885 3153 2994 3228 14).
3016 3155 3095 3210 Tu
3116 3157 3376 3227 particeps
3403 3158 3580 3222 Verbi,
3612 3162 3715 3215 etsi
3744 3164 3847 3218 ho-

2257 3247 2344 3303 die
2386 3247 2697 3317 spiritualis,
2739 3247 2852 3302 heri
2889 3249 3140 3316 carnalis,
3169 3250 3232 3304 ad
3255 3252 3496 3307 carnales
3525 3251 3845 3325 dedignaris

2257 3339 2607 3404 descendere,
2633 3356 2753 3395 cum
2783 3340 2957 3410 ipsum
2991 3341 3220 3396 Verbum
3250 3358 3374 3399 caro
3410 3345 3602 3401 factum
3632 3353 3728 3415 sit,
3785 3362 3845 3405 ut

2219 3481 2224 3484 .
2256 3432 2516 3487 habitaret
2542 3431 2592 3484 in
2624 3431 2772 3485 vobis
2797 3431 2973 3501 (Joan.
3001 3449 3038 3499 ι,
3065 3433 3176 3506 Μ).

2325 3529 2377 3583 8.
2405 3527 2787 3585 Benedicamus
2811 3545 2936 3600 ergo
2966 3530 3269 3599 Dominum,
3301 3542 3352 3587 et
3391 3533 3669 3590 laudemus
3710 3553 3844 3593 eum

2255 3622 2343 3696 qui
2384 3622 2519 3693 rigat
2558 3630 2766 3676 montes
2803 3621 2870 3676 de
2909 3623 3268 3692 superioribus
3309 3625 3438 3679 suis.
3485 3626 3612 3682 inde
3654 3630 3847 3684 veniet

2256 3713 2490 3782 irrigatio
2518 3713 2582 3768 ad
2613 3723 2829 3780 terram,
2859 3714 2981 3770 inde
3008 3724 3062 3769 et
3090 3714 3309 3770 han-tilia
3335 3717 3672 3774 satiabuntur
3701 3739 3716 3774 :
3743 3739 3847 3778 se-

2255 3807 2432 3876 quitur
2459 3807 2623 3872 cnim,
2648 3805 2722 3861 De
2753 3809 2921 3877 fructu
2941 3823 3149 3876 operum
3170 3818 3370 3863 tuorum
3386 3812 3652 3865 satiabitur
3677 3823 3846 3868 terra.

2255 3898 2391 3966 Quid
2417 3908 2516 3963 est,
2548 3897 2626 3963 De
2646 3901 2811 3970 [ructu
2831 3915 3036 3968 operum
3056 3901 3291 3954 tuorum?
3311 3901 3477 3956 Nemo
3501 3903 3766 3976 glorietur
3790 3907 3850 3962 in

2253 3991 2506 4060 operibus
2529 3991 2677 4058 suis;
2705 3991 2798 4046 sed
2825 3992 2914 4065 qui
2944 3992 3217 4063 gloriatur,
3246 3993 3297 4048 in
3326 3995 3546 4051 Domino
3570 3998 3855 4067 glorietur

2259 4081 2302 4151 (l
2326 4081 2443 4136 Cor.
2473 4097 2510 4146 ι,
2538 4079 2650 4153 51).
2689 4081 2866 4138 Gratia
2898 4091 2982 4137 tua
3003 4083 3244 4148 satiatur,
3274 4099 3392 4138 cum
3420 4088 3643 4140 satiatur
3676 4106 3689 4140 :
3728 4105 3856 4146 non

2255 4173 2394 4228 dicat
2423 4173 2625 4228 meritis
2653 4173 2763 4227 suis
2785 4173 2959 4228 datam
2988 4175 3207 4245 gratiam
3243 4174 3424 4231 fuisse.
3459 4176 3513 4231 Si
3547 4180 3725 4246 gratia
3754 4181 3858 4234 di-

2253 4263 2410 4327 citur,
2457 4263 2623 4333 gratis
2667 4263 2865 4318 datur:
2913 4265 2957 4320 si
3009 4266 3259 4334 cperibus
3311 4267 3567 4331 redditur,
3622 4286 3862 4329 merces

2253 4351 2686 4425 redditurUiom.
2715 4369 2788 4422 tv,
2818 4358 2872 4422 4,
2897 4356 2975 4430 5).
3007 4357 3181 4414 Gratis
3207 4375 3333 4430 ergo
3352 4363 3553 4429 accipe,
3581 4364 3706 4434 quia
3739 4368 3861 4420 im-

2254 4446 2370 4515 pius
2404 4445 2729 4515 jttstiircaris.
2769 4445 2849 4502 De
2885 4451 3052 4519 {ructu
3080 4467 3284 4520 operum
3325 4460 3525 4509 tuorum
3564 4456 3863 4512 Satiubitur

2255 4547 2407 4589 terra.

2323 4628 2377 4684 9.
2411 4629 2559 4702 [vers.
2590 4629 2700 4702 14.]
2745 4630 3036 4685 Producens
3060 4636 3231 4703 fcitum
3248 4635 3510 4705 jumentis,
3555 4650 3602 4690 et
3626 4640 3866 4696 herbam

2252 4724 2474 4778 servituti
2497 4724 2775 4776 hominum.
2806 4724 2996 4779 Verum
3022 4733 3122 4786 est,
3151 4726 3326 4790 video,
3355 4742 3589 4798 agnosco
3615 4737 3867 4787 creatu-

2252 4833 2365 4871 ram
2391 4834 2404 4870 :
2433 4816 2675 4886 producit
2705 4827 2842 4872 terra
2875 4816 3048 4871 fenum
3072 4817 3348 4886 jumentis,
3387 4829 3442 4874 et
3464 4819 3688 4876 herbam
3729 4841 3870 4880 scr-

2253 4909 2404 4963 vituti
2437 4906 2725 4962 hominum.
2770 4906 2873 4963 Sed
2913 4907 3066 4961 video
3094 4917 3148 4962 et
3189 4909 3291 4962 alia
3326 4910 3564 4977 jumcnta
3595 4913 3866 4981 Domini,

2253 5015 2371 5069 qua:
2405 4999 2782 5069 significantur,
2816 5014 2935 5053 cum
2969 4998 3178 5060 dicitur,
3212 4999 3335 5053 Bovi
3356 5001 3615 5054 trituranti
3639 5019 3707 5058 os
3749 5023 3874 5061 non

2250 5090 2566 5163 infrenabis:
2599 5090 2727 5144 dicit
2759 5091 2896 5143 enim
2928 5090 3095 5158 ipsum
3122 5091 3438 5161 iumentum,
3474 5091 3771 5164 Numquid
3802 5100 3879 5152 de

2251 5183 2404 5237 bobus
2433 5182 2644 5256 pertinet
2676 5181 2743 5234 ad
2765 5179 2971 5236 Deum?
3015 5182 3235 5251 Propter
3268 5199 3365 5240 nos
3399 5199 3524 5254 ergo
3550 5185 3874 5256 Scriptura

2253 5277 2399 5332 dicit.
2422 5274 2698 5342 Quomodo
2723 5290 2851 5345 ergo
2882 5273 3124 5344 producit
3158 5284 3294 5329 terra
3328 5275 3507 5335 fenum
3529 5275 3834 5344 jumentis
3853 5287 3880 5340 ξ

2253 5367 2384 5432 Quia
2411 5366 2661 5425 Dominus
2684 5366 2937 5420 constituit
2963 5376 3017 5420 ut
3043 5365 3128 5438 qui
3148 5365 3477 5437 Evangelium
3498 5373 3878 5440 annuntiant,

2253 5460 2316 5512 de
2344 5447 2616 5528 Evangelia
2645 5458 2830 5511 vivant.
2874 5457 3013 5511 Misit
3055 5458 3446 5525 przedicatorcs,
3487 5469 3540 5513 et
3569 5462 3646 5513 ait
3690 5466 3832 5522 illis
3862 5489 3878 5523 τ

2257 5550 2440 5603 Omnia
2480 5563 2592 5618 qua:
2641 5551 2703 5628 ab
2749 5547 2872 5616 ipsis
2904 5559 3229 5618 apponuntur
3270 5548 3439 5615 vobis,
3488 5556 3884 5628 mauducate;

2319 5693 2329 5718 ι
2353 5689 2422 5734 sic
2443 5684 2667 5752 plerique
2688 5689 2798 5752 διες.
2819 5683 2998 5752 quibus
3033 5690 3149 5752 Am._
3173 5689 3224 5732 et
3262 5689 3337 5732 Er.
3362 5682 3546 5735 favent.
3595 5691 3652 5740 Αι
3688 5689 3891 5746 editio

2254 5759 2357 5798 Lov.
2378 5743 2524 5796 habet
2547 5761 2559 5800 τ
2590 5743 2725 5794 inde
2744 5751 2789 5795 et
2811 5743 2887 5795 hic
2908 5757 3044 5805 quem
3065 5743 3292 5796 imitatur.
