3984 6204
203 382 336 435 13135

192 499 369 568 dignus
396 507 463 550 est
491 498 620 550 enim
650 497 906 567 operarius
928 496 1150 550 mercede
1173 513 1264 550 sua
1291 496 1438 565 (Luc.
1463 511 1518 556 ι,
1552 495 1583 547 7
1607 505 1650 547 et
1667 494 1746 563 8).

192 593 319 644 Cum
337 590 476 645 enim
495 591 734 652 dixisset,
764 591 888 655 Qua:
900 601 1221 660 apponuntur
1239 589 1394 651 vobis,
1417 588 1750 648 manducata;

190 700 257 738 ne
296 685 370 739 illi
403 683 658 748 dicerent,
709 682 935 752 bnprobi
970 683 1168 736 erimus
1202 681 1274 736 ad
1303 695 1512 736 mensas
1551 681 1751 732 alienas

189 793 307 830 cum
329 776 344 807 ¹
385 775 755 845 indigebimns,
786 777 864 828 vis
894 790 990 829 nos
1026 777 1093 828 ita
1122 789 1240 829 esse
1268 772 1573 827 irontosos?
1615 771 1750 836 Non,

192 865 377 932 inquit,
404 874 606 918 nonest
633 865 719 918 illa
744 864 956 918 donatio
976 881 1184 927 eorum,
1214 863 1305 918 sed
1328 872 1499 917 vestra
1523 877 1747 916 merces.

191 957 346 1026 Cujus
373 957 447 1010 rei
469 957 717 1010 merces?
746 955 879 1022 Quid
911 956 1078 1010 dant?
1118 939 1244 1025 quid
1271 953 1576 1023 accipiunt?
1620 952 1753 1009 Dant

192 1049 475 1117 Spiritualia
493 1089 506 1110 ,
537 1049 801 1115 accipiunt
819 1048 1082 1111 carnalia;
1111 1047 1236 1101 dant
1257 1061 1467 1112 aurum,
1489 1043 1751 1111 accipiunt

195 1141 382 1195 fenum.
417 1139 590 1207 Omnis
605 1139 740 1192 enim
761 1155 878 1191 caro
900 1138 1090 1206 fenum,
1115 1147 1162 1191 et
1183 1136 1385 1190 claritas
1402 1136 1565 1189 carnis
1585 1145 1637 1186 ut
1655 1136 1750 1204 ﬂos

195 1232 288 1300 feni
311 1228 466 1301 (lsai.
489 1245 576 1294 ιι,
601 1230 677 1296 6).
713 1227 898 1283 Omnia
939 1228 1243 1296 temporalia
1272 1243 1387 1296 qum
1433 1226 1523 1280 tibi
1561 1240 1746 1296 super-

195 1323 351 1377 ﬂuunt
378 1329 434 1374 et
458 1320 772 1382 redundant,
816 1319 990 1373 fenum
1017 1319 1374 1386 jumentorum
1407 1326 1506 1372 est.
1537 1317 1749 1383 Quare?

194 1413 311 1481 Quia
339 1412 568 1476 carnalia
594 1419 736 1465 sunt.
783 1411 914 1464 Audi
945 1426 1166 1480 quorum
1194 1411 1548 1476 iumentorum
1580 1409 1647 1463 sit
1673 1408 1748 1463 le-

197 1521 330 1560 num.
365 1505 428 1559 Si
463 1522 553 1558 nos
578 1505 712 1558 robis
746 1503 1052 1572 spirituulia,
1097 1504 1464 1566 seminavimus,
1513 1518 1747 1572 magnum

195 1606 255 1648 est
280 1595 319 1648 si
348 1595 578 1646 carnalia
617 1603 776 1647 vestra
814 1592 1098 1646 metamus?
1145 1592 1258 1646 Hoc
1283 1593 1566 1661 Apostolus
1593 1591 1743 1655 dixit,

195 1685 302 1738 talis
335 1685 680 1737 annuntialor
711 1694 814 1736 tam
843 1683 1156 1748 laboriosus,
1207 1691 1311 1736 tam
1353 1683 1592 1751 impiger,
1641 1693 1744 1736 tam

193 1776 524 1842 exercitatus,
556 1784 612 1828 ut
639 1776 806 1844 ipsum
833 1775 1008 1828 fenum
1036 1773 1256 1828 donaret
1284 1783 1458 1828 teme.
1507 1772 1637 1842 Ego.
1663 1773 1744 1825 in-

193 1867 311 1936 quit,
338 1867 531 1919 nullius
559 1866 735 1919 horum
760 1882 878 1920 usus
900 1882 1030 1918 sum.
1076 1865 1317 1919 Ostendit
1337 1865 1434 1919 sibi
1461 1864 1663 1928 deberi,
1693 1871 1746 1917 et

194 1973 284 2010 non
325 1956 568 2024 accepit;
625 1971 720 2010 nec
753 1955 1124 2010 condemnavit
1161 1969 1256 2009 eos
1296 1954 1386 2024 qui
1427 1961 1747 2021 acceperunt

190 2046 313 2116 quod
345 2046 657 2101 debebatur.
698 2045 1090 2099 Condemnandi
1123 2047 1262 2099 enim
1289 2053 1439 2099 erant
1475 2045 1744 2114 exigentes

193 2136 434 2199 indebita,
459 2152 562 2190 non
587 2136 903 2203 accipientes
925 2135 1223 2189 mercedem
1247 2149 1393 2188 suam
1425 2153 1436 2186 :
1463 2135 1550 2188 ille
1567 2143 1741 2188 tamen

191 2237 237 2279 ct
261 2228 428 2294 ipsam
479 2226 776 2281 mercedem
807 2241 954 2279 suam
1004 2226 1237 2278 donavit.
1290 2225 1402 2279 Non
1446 2227 1564 2296 quia
1607 2226 1742 2280 alius

192 2318 274 2372 tibi
297 2317 537 2383 donavit,
568 2333 672 2371 non
701 2317 863 2371 debes
892 2317 1074 2379 alteri;
1103 2317 1331 2386 alioquin
1357 2333 1459 2370 non
1487 2317 1593 2371 eris
1624 2318 1742 2370 irri-

190 2421 291 2479 gata
331 2418 620 2480 tcrraqua:
661 2409 902 2478 producit
939 2408 1112 2462 fenum
1154 2409 1428 2476 jumentis.
1473 2409 1548 2462 De
1573 2409 1740 2478 {ructu

187 2517 381 2570 operum
424 2513 642 2562 tuorum,
695 2501 891 2571 inquit,
929 2501 1193 2554 satiatibur
1239 2511 1371 2553 terra
1409 2517 1426 2554 :
1463 2502 1740 2570 produceus

187 2596 340 2658 [eitum
361 2593 624 2662 jumentis.
653 2592 730 2646 Tu
762 2593 866 2646 noli
904 2606 1024 2647 esse
1053 2593 1269 2656 Slet'IIIS,
1314 2593 1511 2660 produc
1561 2593 1737 2648 fenum

182 2683 418 2751 jumentis
446 2702 460 2738 :
501 2683 543 2737 si
571 2684 758 2738 nolunt
785 2683 1023 2752 jumeuta
1051 2683 1225 2737 fenum
1254 2692 1422 2746 tuum,
1449 2699 1551 2738 non
1581 2693 1630 2738 te
1662 2695 1737 2738 ta-

185 2790 291 2828 men
334 2774 574 2828 sterilem
614 2774 902 2829 inveniant.
954 2764 1165 2842 Accipis
1214 2775 1524 2844 spiritualia,
1575 2777 1738 2830 redde

181 2865 401 2919 carnalia
432 2881 447 2917 :
479 2865 654 2920 debita
675 2877 796 2920 sunt
815 2867 987 2931 militi,
1015 2867 1166 2920 militi
1197 2867 1409 2931 reddis;
1441 2868 1736 2936 provincia—

183 2955 239 3007 lis
262 2956 330 3025 (α)
364 2956 562 3010 Christi
590 2971 668 3010 es.
705 2946 829 3023 Quis
856 2957 1036 3009 militat
1069 2957 1174 3010 suis
1195 2957 1453 3026 stipendiis
1477 2958 1736 3024 unquam?

179 3047 279 3115 quis
315 3049 513 3116 plantat
541 3048 754 3109 vineam,
796 3058 840 3102 et
866 3047 928 3101 de
954 3047 1120 3116 fructu
1149 3049 1258 3117 ejus
1298 3065 1397 3101 non
1434 3047 1574 3101 edit?
1623 3048 1736 3118 quis

179 3139 323 3205 pascit
349 3155 571 3210 gregem,
611 3147 657 3191 et
682 3139 742 3191 de
767 3138 894 3192 lacte
918 3140 1026 3206 ejus
1054 3154 1154 3191 non
1183 3138 1426 3208 percipit?
1461 3137 1576 3192 Non
1616 3138 1734 3192 ideo

179 3228 304 3292 dico,
330 3238 394 3282 ut
419 3231 514 3283 ista
539 3229 666 3282 ﬁant
693 3228 745 3282 in
777 3244 883 3283 me.
908 3228 1029 3283 Fuit
1045 3229 1253 3298 quidam
1281 3229 1434 3284 miles
1459 3231 1545 3298 qui
1571 3229 1731 3285 etiam

178 3319 474 3386 provinciali
504 3318 728 3373 donaret
752 3333 1015 3372 annonam
1039 3335 1051 3370 :
1081 3318 1171 3373 sed
1200 3329 1372 3374 tamen
1398 3319 1581 3374 reddat
1608 3336 1732 3389 pro-

174 3411 409 3465 vincialis
428 3426 721 3465 annonam.
747 3411 818 3466 Ut
844 3421 1017 3466 autem
1045 3411 1168 3466 hinc
1194 3410 1366 3465 dicam
1392 3412 1565 3482 potius
1589 3429 1603 3477 ;
1643 3416 1731 3481 ju-

175 3511 338 3557 menta
373 3511 531 3558 sunt:
561 3501 964 3572 Bovilrituranti
989 3521 1044 3558 os
1073 3521 1172 3558 non
1211 3505 1504 3575 infrenabis.
1535 3504 1733 3559 Produ-

173 3609 298 3658 cens,
340 3593 530 3662 inquit,
568 3594 740 3662 fenum
754 3595 1030 3664 jumentis;
1071 3605 1125 3650 et
1156 3597 1304 3665 quasi
1331 3595 1432 3650 hoc
1464 3612 1734 3665 exponens

173 3681 379 3750 adjecit,
409 3679 477 3734 Et
498 3683 700 3736 herbam
720 3685 940 3736 servituti
960 3684 1217 3738 hominum
1245 3701 1264 3740 :
1312 3701 1380 3740 ne
1404 3701 1508 3740 non
1538 3688 1732 3741 intelli-

172 3787 314 3839 geres
341 3773 484 3843 quod
510 3773 706 3827 dictum
733 3783 834 3840 est,
857 3773 1149 3830 Producens
1174 3781 1342 3847 fenum
1360 3779 1622 3848 jumentis,
1649 3795 1735 3834 re-

172 3865 420 3934 petitione
464 3866 710 3935 exposuit
734 3865 872 3935 quod
905 3868 1174 3935 praemisit.
1219 3869 1371 3935 Quod
1413 3869 1552 3923 enim
1603 3869 1734 3923 dixit

172 3970 317 4025 supra
350 3959 537 4027 (eniam,
574 3966 756 4027 postea
781 3957 981 4012 herbam
1013 3961 1342 4025 nominavit;
1388 3961 1527 4030 quod
1557 3972 1731 4016 autem

169 4047 369 4101 dixerat
395 4049 660 4119 jumentis,
699 4048 800 4105 hoc
841 4051 1060 4104 servituti
1103 4053 1358 4105 hominum
1401 4053 1550 4106 dixit.
1593 4055 1733 4124 Ergo

168 4141 421 4201 servituti,
458 4150 512 4196 et
540 4158 644 4196 non
674 4142 924 4197 libertati.
955 4143 1051 4198 Ubi
1085 4160 1210 4215 ergo
1237 4155 1336 4208 est,
1379 4145 1474 4199 Vos
1508 4147 1558 4199 in
1587 4146 1734 4200 liber-

167 4239 308 4284 tatem
338 4232 502 4284 uocati
520 4233 631 4286 estis
648 4233 674 4286 ?
692 4234 796 4288 Sed
814 4234 933 4288 audi
954 4235 1196 4290 eumdem
1218 4237 1384 4306 ipsum
1410 4253 1423 4290 :
1453 4236 1576 4292 Cum
1600 4240 1732 4293 enim

164 4317 282 4373 liber
308 4321 410 4374 sim
434 4338 495 4375 ea:
514 4325 757 4390 omnibus,
788 4326 1009 4378 omnium
1029 4343 1223 4380 servum
1247 4343 1324 4379 me
1347 4328 1460 4396 feci,
1484 4338 1537 4380 ut
1563 4328 1732 4398 plures

163 4407 505 4479 lucrifacerem
527 4411 568 4481 (Ι
589 4413 704 4466 Cor.
729 4430 800 4479 ιι,
824 4413 998 4484 7-l9).
1022 4415 1086 4469 Et
1106 4416 1294 4486 quibus
1314 4416 1464 4483 diXll,
1495 4417 1560 4471 In
1584 4419 1732 4473 liber-

162 4511 312 4555 tatem
340 4504 498 4556 vocati
521 4506 672 4559 estis?
713 4513 767 4560 et
792 4505 917 4575 quid
947 4505 1226 4575 adjuuxit?
1255 4505 1474 4560 Tantum
1494 4491 1556 4563 ne
1579 4509 1729 4564 liber-

160 4601 312 4646 tatem
354 4593 406 4646 in
456 4595 763 4648 occasionem
795 4596 963 4650 carnis
1005 4596 1153 4662 detis,
1184 4597 1272 4650 sed
1305 4615 1394 4666 per
1439 4599 1730 4654 charitatem

158 4684 336 4737 sereite
354 4685 559 4737 inuicem
588 4682 729 4755 (Gal.
750 4701 802 4763 ν.
836 4687 946 4757 l5).
979 4688 1121 4752 Quos
1150 4687 1344 4741 liberos
1372 4688 1586 4752 fecerat,-
1616 4705 1731 4743 ser-

159 4790 248 4830 vos
268 4775 432 4841 fecit;
469 4792 578 4831 non
610 4777 934 4843 conditione,
964 4776 1060 4832 sed
1091 4787 1264 4832 tamen
1292 4779 1488 4834 Christi
1518 4780 1728 4834 redem-

159 4870 364 4937 ptione;
405 4885 510 4923 non
546 4869 878 4934 necessitate,
910 4869 1004 4925 sed
1031 4870 1288 4926 cbaritate
1319 4890 1332 4925 :
1380 4870 1479 4925 Per
1507 4872 1727 4926 charito-

157 4968 269 5024 tem,
322 4960 516 5030 inquit,
571 4969 746 5014 servile
789 4962 1016 5015 invicem.
1074 4961 1178 5016 Sed
1211 4961 1423 5018 Christo
1465 4965 1730 5018 servimus

155 5052 403 5119 invicem,
429 5053 536 5118 ait;
573 5069 676 5106 non
709 5055 932 5122 populis,
962 5070 1066 5108 non
1095 5055 1418 5122 carnalibus,
1450 5072 1553 5109 non
1585 5057 1728 5109 inﬁr-

154 5146 271 5199 mis.
322 5145 469 5200 Bene
509 5145 725 5200 Christo
761 5147 949 5210 servis,
987 5147 1030 5200 si
1065 5148 1232 5201 servis
1261 5149 1450 5216 quibus
1486 5147 1729 5203 Christus

154 5238 396 5292 servivit.
440 5237 627 5292 Nonne
655 5238 723 5293 de
752 5239 844 5292 illo
873 5238 1068 5293 dictum
1101 5247 1184 5293 est
1213 5256 1226 5292 :
1270 5238 1406 5293 Bene
1441 5241 1728 5294 servientem

153 5332 422 5400 plurimis?
449 5332 711 5401 Propheta
734 5333 921 5404 legitur
951 5349 965 5385 :
1016 5332 1084 5387 de
1113 5333 1258 5386 nullo
1284 5333 1381 5388 nisi
1421 5332 1487 5388 de
1514 5332 1752 5410 Christo~

153 5423 322 5492 accipi
352 5423 509 5478 solet.
542 5423 831 5477 Audiamus
851 5431 1027 5477 tamen
1053 5424 1260 5493 proprie
1280 5432 1334 5477 et
1360 5425 1410 5477 in
1442 5424 1725 5495 Evangelio

150 5528 338 5570 vocem
361 5514 520 5584 ejus:
569 5515 890 5586 Quicumque,
936 5515 1124 5585 inquit,
1162 5517 1214 5569 in
1243 5517 1379 5570 vobis
1417 5518 1519 5569 vult
1563 5518 1727 5588 major

208 5671 226 5701 ³
251 5671 337 5733 sic
359 5669 542 5733 eliquat
564 5678 667 5719 Mss.
690 5678 743 5721 At
765 5669 844 5718 alii
869 5683 975 5718 cum
1005 5670 1114 5717 t-tdd.
1141 5677 1307 5733 carent
1331 5670 1580 5731 particula,
1599 5683 1722 5720 cum.

207 5732 284 5793 (a)
310 5739 381 5781 De
404 5731 494 5782 hac
517 5735 708 5782 nomine
733 5734 841 5781 vide
862 5739 1018 5780 linarr.
1057 5731 1234 5780 iuPsal.
1263 5744 1339 5791 se,
1361 5745 1507 5781 surtu.
1534 5747 1566 5793 ι,
1597 5746 1644 5781 n.
1673 5733 1727 5781 ll)

147 5801 198 5841 α
220 5801 329 5842 aut.

1313 375 1704 432 ENARIIATIU
1744 373 1806 428 IN
1841 375 2158 436 PSAUIUM
2200 382 2327 437 CIII.

3292 415 3312 465 l
3323 416 3442 473 366k

1860 513 1980 557 esse,
2009 499 2100 552 erit
2121 511 2274 555 vester
2295 520 2480 556 servus.
2513 507 2728 596 Servum
2751 527 2925 569 meum
2948 516 2966 549 '
2994 525 3046 572 te
3069 519 3209 588 fecit,
3252 525 3339 596 qui
3371 536 3423 578 te

1856 602 1954 655 ευρ
1982 594 2236 660 sanguine
2269 594 2490 649 liberum
2531 590 2671 654 fecit.
2719 603 2885 661 Dicite
2927 607 3027 664 hoc
3073 613 3242 678 nobis,
3270 590 3438 684 *ψηψ-

1857 696 2035 734 verum
2063 683 2255 739 dicitis.
2297 687 2430 741 Audi
2471 689 2614 743 illum
2655 693 2757 747 alio
2784 696 2900 752 loco
2930 717 2943 752 :
2977 699 3087 754 Nos
3115 714 3282 758 autem
3309 683 3418 760 ser-

1855 785 1940 825 nos
1985 783 2170 827 vestros
2220 793 2309 845 per
2332 776 2506 833 Iesum
2553 781 2618 852 (ll
2644 782 2760 838 Cor.
2793 802 2864 850 Iv,
2902 790 2980 859 5).
3038 791 3178 848 Dcite
3216 795 3416 866 diligite

1853 873 2037 916 servos
2060 873 2284 931 vestros,
2312 868 2404 922 scd
2434 868 2485 922 in
2521 870 2742 927 Domino
2768 876 2977 932 vestro.'
3001 880 3220 939 Praestet
3263 887 3414 942 nobis

1855 960 1912 1005 ut
1936 953 2070 1009 bene
2096 957 2406 1012 serviamus.
2437 959 2567 1016 Nam
2586 964 2832 1033 velimus,
2877 972 3122 1039 nolimus,
3155 978 3293 1031 servi
3321 994 3412 1031 sua

1854 1061 2008 1099 mus:
2055 1054 2110 1102 et
2151 1056 2322 1104 tamen
2351 1051 2394 1104 si
2436 1053 2675 1111 volentes
2700 1071 2902 1125 sumus,
2949 1078 3051 1117 nou
3080 1067 3408 1133 necessitate,

1852 1138 1944 1194 sed
1965 1138 2220 1196 cbaritate
2245 1143 2524 1200 servimus.
2561 1147 2957 1215 Quodammodo
2986 1158 3128 1211 enim
3156 1163 3301 1227 quasi
3325 1178 3413 1215 sw-

1855 1229 2032 1297 pcrbia
2071 1247 2341 1288 servorum
2372 1240 2695 1293 stomachata
2743 1242 3044 1319 videbatur,
3069 1264 3185 1301 cum
3217 1251 3428 1307 diceret--

1854 1320 2104 1376 Dominus
2129 1341 2142 1376 :
2165 1321 2278 1378 Erit
2300 1337 2454 1379 vester
2475 1345 2644 1384 servus
2669 1333 2754 1401 qui
2775 1337 2982 1390 voluerit
3001 1341 3127 1392 inter
3149 1357 3232 1394 vos
3252 1344 3410 1411 major

1851 1427 1972 1464 esse.
1987 1412 2013 1466 ,Ι
2019 1429 2102 1466 am
2116 1416 2253 1468 enim
2270 1415 2359 1470 lilii
2377 1417 2615 1474 Zebcdaei
2631 1422 2782 1478 sedes
2794 1426 3074 1481 altissimas
3086 1432 3408 1497 quaerebant:

1852 1519 1985 1560 unus
2011 1507 2217 1561 volebat
2245 1509 2430 1565 sedere
2454 1512 2518 1565 ad
2545 1513 2840 1582 dexteram,
2870 1519 3002 1573 alter
3028 1520 3092 1573 ad
3119 1522 3406 1589 sinistram,

1851 1595 2086 1650 dicentes
2127 1614 2220 1667 per
2248 1611 2469 1655 matrem
2512 1606 2651 1672 quod
2691 1606 2787 1675 ipsi
2813 1610 3109 1678 cupiebant.
3159 1613 3409 1668 Dominus

1851 1701 1952 1738 non
1981 1687 2082 1741 illis
2111 1689 2266 1744 sedes
2292 1691 2492 1754 invidit,
2539 1695 2632 1748 sed
2669 1698 2959 1752 convallem
2992 1705 3135 1768 prius
3163 1703 3424 1770 ploratio~

1849 1778 1930 1830 nis
1953 1779 2215 1846 ostendit,
2263 1784 2408 1851 quasi
2444 1783 2644 1841 diceret
2667 1827 2681 1849 ,
2712 1786 2839 1842 Illuc
2863 1791 3020 1844 vultis
3058 1794 3240 1848 venire
3261 1834 3275 1857 ,
3319 1798 3422 1849 nbi-

1826 1884 1962 1922 sum
1989 1873 2118 1939 ego?
2169 1874 2342 1930 venite
2365 1891 2466 1946 qua
2498 1892 2614 1947 ego.
2651 1879 2788 1948 Quid
2813 1891 2910 1945 est,
2945 1885 3117 1938 venite
3145 1902 3244 1952 qua
3274 1890 3419 1955 ego?-

1803 2033 1807 2037 ι
1849 1961 1948 2016 Per
1981 1963 2346 2022 humilitatem.
2381 1969 2489 2038 Ego
2519 1971 2586 2024 de
2613 1971 2820 2026 sublimi
2846 1973 3114 2039 descendi,
3145 1985 3198 2030 ct
3233 1977 3405 2031 humi~

1848 2053 2002 2109 Ii.=tus
2021 2057 2250 2111 ascendo
2273 2076 2287 2114 :
2321 2072 2411 2114 Vos
2438 2060 2487 2112 in
2521 2071 2654 2115 terra
2683 2061 2878 2128 inveni,
2906 2073 2959 2118 et
2978 2075 3111 2120 ante-
3128 2068 3285 2121 vultis
3311 2085 3399 2126 vn-

1848 2143 1956 2197 lare
1983 2160 2139 2214 quam
2183 2148 2360 2216 pasci;
2403 2149 2545 2218 prius
2580 2153 2872 2218 nutrimiui,
2912 2153 3224 2218 educamini,
3276 2157 3404 2212 ieru-

1845 2235 2044 2289 nidum.
2093 2237 2226 2305 Quid
2264 2241 2404 2292 enim
2433 2240 2543 2294 ait?
2583 2243 2846 2310 quomodo
2887 2245 3004 2299 illos
3041 2250 3303 2300 revocavit
3339 2249 3410 2303 ad

1845 2325 2209 2391 lnnuilitatem,
2239 2329 2347 2397 jam
2371 2341 2666 2400 qua-rentes
2688 2334 3055 2389 altitudinem?
3086 2337 3305 2393 Potestis
3330 2340 3400 2392 bi.

1843 2419 1956 2473 bere
1976 2419 2181 2474 calicem
2213 2438 2354 2490 quem
2381 2439 2470 2492 ego
2497 2422 2734 2477 bibiturus
2769 2441 2877 2477 sum
2899 2427 2924 2478 ?
2959 2427 3020 2480 Et
3046 2427 3138 2488 illi,
3166 2430 3321 2483 etiam
3351 2431 3400 2483 in
3441 2476 3445 2480 .

1843 2511 1944 2566 hoc
1978 2513 2231 2581 superbi:
2282 2513 2578 2568 Possumus.
2627 2517 2904 2580 Quomodo
2954 2516 3137 2571 Petrus
3171 2537 3184 2572 :
3223 2519 3404 2572 Tecum.

1840 2623 1994 2676 usque
2020 2608 2086 2660 ad
2124 2616 2350 2661 mortem.
2380 2608 2422 2662 F
2424 2609 2553 2662 ortis
2583 2609 2680 2672 vir,
2729 2610 2896 2664 donec
2925 2610 3113 2665 femina
3157 2613 3352 2666 diceret
3384 2633 3400 2667 :

1843 2693 1910 2748 Et
1935 2697 2029 2751 iste
2047 2713 2164 2750 cum
2181 2697 2282 2752 illis
2301 2709 2407 2753 erat
2428 2697 2636 2770 (Matth.
2662 2715 2802 2763 xxvi,
2829 2699 2917 2764 55,
2941 2699 3054 2769 69).
3081 2702 3168 2755 Sic
3194 2713 3245 2756 et
3273 2704 3356 2755 isti
3383 2722 3396 2755 :

1839 2787 2136 2844 Possumus.
2174 2790 2437 2845 Potestis?
2482 2791 2778 2845 Possumus.
2822 2793 2888 2846 Et
2916 2793 3023 2856 ille,
3055 2793 3268 2849 Calicem
3291 2797 3402 2863 qui-

1840 2878 1951 2931 dem
1999 2895 2162 2932 meum
2206 2881 2396 2943 bibetis,
2444 2881 2542 2934 etsi
2581 2882 2739 2936 modo
2778 2899 2880 2942 non
2924 2886 3158 2951 potestis,
3191 2885 3397 2939 bibatis:

1838 2969 2102 3035 quomodo
2127 2970 2300 3034 Petro,
2336 2989 2354 3022 ι
2380 2970 2494 3026 Non
2525 2981 2675 3041 potes
2701 2988 2786 3025 me
2814 2974 2971 3028 modo
2997 2977 3142 3044 sequi
3169 2993 3182 3039 ;
3214 2991 3401 3045 seque-

1838 3058 1911 3112 ris
1941 3074 2024 3113 me
2047 3070 2224 3128 postea
2248 3060 2423 3132 (Joan.
2449 3078 2560 3124 xm.
2593 3062 2706 3134 56).
2737 3063 2960 3119 Calicem
2981 3066 3190 3134 quidem
3218 3083 3394 3124 meum

1839 3148 2064 3213 hibetis;
2101 3151 2286 3205 sedere
2310 3160 2485 3206 autem
2524 3151 2589 3205 ad
2618 3151 2884 3208 dexteram
2927 3169 3095 3207 meam
3125 3155 3204 3209 vel
3229 3156 3293 3209 ad
3319 3157 3394 3209 si-

1837 3243 2076 3309 nistram,
2102 3258 2203 3297 non
2233 3253 2315 3299 est
2336 3259 2508 3299 meum
2529 3244 2655 3300 dare
2669 3245 2815 3301 vobis
2827 3264 2850 3298 ›
2875 3245 3081 3316 (Matth.
3095 3262 3182 3310 xx,
3198 3247 3398 3317 20-27).

1836 3337 1969 3404 Quid
1997 3344 2095 3399 est.
2127 3336 2247 3390 Non
2291 3347 2362 3391 est
2405 3355 2568 3392 meum
2595 3339 2717 3392 dare
2750 3340 2924 3394 vobis?
2964 3339 3076 3394 Non
3105 3350 3180 3395 est
3223 3357 3395 3396 meum

1835 3429 1963 3485 dare
2005 3430 2264 3500 superbis.
2318 3430 2473 3484 Modo
2505 3429 2696 3499 quibus
2730 3432 2938 3501 loquor,
2983 3433 3192 3501 superbi
3233 3434 3396 3499 estis;

1838 3521 1954 3575 ideo
1973 3520 2102 3584 dixi,
2128 3519 2246 3575 Non
2267 3533 2338 3575 est
2363 3505 2524 3575 meum
2545 3523 2666 3576 dare
2687 3523 2840 3576 vobis.
2859 3523 2961 3578 Sed
2984 3523 3115 3578 forte
3139 3524 3408 3592 dicerent,

1837 3613 2046 3666 Erimus
2088 3611 2332 3666 humiles.
2379 3613 2490 3666 Non
2537 3628 2662 3682 ergo
2699 3613 2846 3668 eritis
2884 3628 2978 3668 vos
3015 3631 3029 3666 :
3079 3629 3197 3680 ego,
3254 3613 3412 3668 Vobis

1835 3701 1964 3756 dixi.
2009 3701 2124 3756 Non
2155 3704 2284 3768 dixi,
2317 3703 2428 3757 Non
2457 3705 2594 3757 dabo
2633 3703 2950 3757 humilibus:
2987 3705 3100 3763 sed,
3133 3721 3232 3758 non
3263 3706 3411 3757 dabo-

1837 3794 2096 3862 supcrbis.
2126 3793 2223 3861 Qui
2248 3803 2421 3847 autem
2452 3809 2545 3848 rex
2572 3792 2802 3861 superbo
2830 3793 2887 3846 lit
2911 3792 3142 3858 lnunilis,
3163 3811 3276 3854 non
3297 3796 3402 3848 erit

1836 3886 1923 3956 qui
1945 3895 2078 3940 erat.

1908 3979 1994 4033 10.
2035 3977 2173 4047 Ergo
2218 3975 2591 4046 prmdicatores
2633 3976 2802 4043 verbi,
2828 3987 2881 4032 et
2905 3976 3139 4046 jumenta
3171 3987 3222 4032 et
3259 3979 3397 4032 servi

1837 4077 1977 4122 sunt.
2004 4067 2260 4122 Producat
2287 4075 2447 4129 terra,
2464 4067 2509 4123 si
2536 4067 2745 4138 irrigata
2764 4075 2866 4132 est,
2890 4067 3056 4135 feimm
3073 4067 3331 4137 jmneutis,
3356 4075 3398 4120 et

1837 4159 2037 4213 herbam
2056 4159 2280 4213 servituti
2292 4148 2564 4212 hominum.
2582 4158 2698 4228 Ipse
2712 4167 2792 4212 est
2803 4158 2943 4212 enim
2958 4157 2980 4211 I'
2981 4166 3176 4220 ructus,
3202 4167 3255 4210 ut
3280 4174 3398 4223 pos-

1837 4251 1905 4304 sit
1933 4250 2043 4304 llcri
2069 4250 2209 4319 quod
2235 4249 2428 4304 dictum
2460 4257 2543 4304 est
2569 4249 2620 4302 in
2644 4249 2922 4318 Evangelia
2945 4265 2959 4301 :
2987 4247 3053 4302 Ut
3077 4258 3123 4301 et
3151 4249 3249 4315 ipsi
3275 4247 3386 4300 reci»

1838 4344 1976 4412 piant
1999 4359 2083 4397 vos
2109 4343 2162 4397 in
2192 4341 2512 4396 tabernacula
2538 4350 2724 4396 eterna
2750 4339 2896 4409 (Luc.
2927 4355 3036 4405 xvi,
3065 4336 3141 4410 9).
3173 4338 3305 4394 Vide
3332 4338 3390 4393 de

1837 4435 1957 4489 feno
1986 4434 2110 4503 quid
2152 4435 2333 4501 facias,
2361 4433 2481 4488 vide
2507 4433 2573 4487 de
2613 4448 2672 4488 re
2708 4432 2796 4486 vili
2827 4431 2950 4502 quid
2979 4447 3144 4486 emas.
3177 4429 3244 4486 Ut
3271 4432 3396 4483 reci-

1837 4527 1976 4592 piant
2024 4541 2127 4591 ros,
2173 4525 2360 4593 inquit,
2400 4525 2452 4577 in
2498 4523 2817 4577 tabernacula
2853 4533 3037 4576 (eterna
3064 4537 3083 4576 :
3112 4521 3196 4574 ubi
3240 4531 3395 4575 erunt

1837 4617 1953 4684 ipsi.
1983 4616 2106 4670 illuc
2135 4631 2229 4669 vos
2258 4615 2532 4683 recipiant.
2560 4615 2732 4682 Quare
2759 4613 2893 4668 hoc?
2919 4614 3050 4680 Quia
3081 4613 3162 4678 qui
3191 4614 3397 4678 suscipit

1825 4709 2022 4778 justum
2046 4709 2099 4762 in
2128 4710 2324 4762 nomine
2350 4709 2487 4776 justi,
2519 4707 2789 4761 mercedem
2812 4707 2938 4775 justi
2967 4706 3171 4775 accipiet
3195 4722 3213 4759 :
3239 4718 3284 4759 et
3310 4707 3395 4774 qui

1833 4801 2037 4870 suscipit
2063 4802 2355 4870 prophetam
2380 4800 2432 4852 in
2456 4799 2655 4852 nomine
2681 4799 2952 4866 prophetia,
2984 4797 3253 4852 mercedem
3276 4817 3391 4865 pro-

1835 4891 1997 4960 phette
2023 4891 2231 4959 accipiet
2254 4900 2338 4945 :et
2363 4890 2449 4960 qui
2475 4889 2664 4942 dederit
2687 4889 2892 4940 calicem
2920 4904 3062 4957 aqua:
3082 4889 3281 4958 {rigidae
3309 4889 3396 4942 uni

1833 4997 1895 5035 ea:
1919 4981 1995 5034 his
2023 4982 2258 5044 minimis,
2282 4989 2473 5032 tantum
2505 4978 2558 5030 in
2592 4978 2790 5034 nomine
2818 4977 3052 5046 discipuli
3073 4993 3094 5041 ;
3116 4994 3258 5030 amen
3284 4977 3394 5028 dico

1833 5073 1986 5137 vobis,
2027 5088 2125 5124 non
2172 5071 2339 5139 perdet
2382 5069 2654 5143 mercedem
2693 5085 2835 5122 suam
2863 5067 3148 5141 (Matt/nx,
3176 5066 3394 5126 ιιι-42).

1833 5162 2000 5230 Quam
2026 5160 2321 5214 mercedem
2349 5176 2451 5212 non
2483 5159 2704 5228 perdet?
2729 5159 3000 5229 Rccipient
3029 5175 3119 5212 vos
3142 5159 3192 5211 in
3216 5156 3391 5209 taber-

1833 5252 2016 5306 nacula
2056 5258 2272 5304 interna.
2313 5250 2441 5317 Quis
2485 5265 2588 5303 non
2632 5251 2872 5304 festinet?
2896 5251 2982 5319 qui
3025 5265 3128 5304 non
3166 5249 3392 5301 alacrius

1831 5352 2005 5397 currat
2023 5341 2048 5394 ?
2066 5341 2123 5395 Si
2146 5350 2282 5394 terra
2307 5341 2454 5404 estis,
2483 5340 2723 5410 rigamini
2748 5340 2814 5394 de
2841 5341 3009 5393 fructu
3029 5354 3243 5408 operum
3267 5338 3390 5392 Dei:

1833 5449 1902 5488 ne
1929 5432 2136 5493 dicatis,
2165 5430 2280 5485 Non
2309 5440 2436 5485 sunt
2463 5446 2581 5485 cum
2610 5431 2801 5501 quibus
2827 5429 3114 5492 faciamus;
3145 5428 3388 5497 prmdiea-

1833 5531 1976 5577 tores
2003 5522 2187 5586 nostri,
2208 5521 2444 5589 iumenta
2477 5519 2792 5585 trituram-ia,
2832 5518 3392 5575 hominesservientes

1833 5629 1937 5667 non
1966 5611 2198 5683 indigent
2225 5612 2410 5665 nostri.
2437 5611 2624 5679 Qnmre
2653 5619 2944 5676 tamen,.ue
2971 5609 3088 5678 quis
3123 5608 3406 5678 indigeat.

1902 5799 1912 5822 ‘
1941 5789 2010 5842 Sic
2034 5787 2080 5842 iu
2105 5800 2205 5840 \lsu.
2228 5801 2279 5842 At
2304 5793 2347 5840 in
2375 5791 2503 5847 ΜΛ,
2528 5803 2679 5839 suum.
