4012 6202
587 292 724 347 1567

582 410 873 477 postremo,
898 414 951 460 et
976 404 1063 474 qui
1092 420 1194 457 non
1222 400 1442 469 indiget,
1469 398 1704 453 Inveniat
1731 399 1781 450 in
1809 407 1860 451 te
1884 396 2024 479 quod
2053 410 2149 448 no-

580 500 642 553 lit
669 504 686 532 ι
711 497 970 566 accipere.
1008 493 1213 562 Accipit
1248 492 1389 547 enim
1427 491 1617 545 bonam
1658 489 2002 551 voluntatem,
2030 502 2148 539 cum

580 593 637 644 tu'
663 587 891 655 accipias
922 597 1103 652 pacem
1130 600 1143 635 :
1170 583 1270 639 etsi
1300 582 1442 637 cnim
1472 596 1575 634 non
1601 579 1790 649 quaet-it
1815 578 2025 641 datum.
2055 575 2146 630 sed

580 678 801 747 requirit
845 674 1069 729 fructum
1096 671 1350 746 (Philipp.
1377 687 1454 738 tv,
1484 670 1595 739 l7).
1616 670 1810 735 Qua-re
1855 678 2052 732 tamen,
2082 680 2147 719 ne

583 771 704 838 quis
731 766 997 835 indigeat;
1025 772 1082 820 et
1104 765 1211 819 noli
1235 764 1413 818 dicere
1441 779 1454 816 :
1482 761 1537 816 Si
1580 759 1818 830 petierit,
1853 757 2010 812 dabo.
2045 754 2147 810 Ex-

575 869 784 932 spectas
803 873 930 929 ergo
952 866 1009 913 ut
1030 858 1209 926 petat“!
1229 857 1317 912 Sic
1334 856 1504 925 pascis
1529 854 1718 909 bovem
1743 852 1852 917 Dei,
1876 849 2142 921 quomodo

575 961 939 1006 transeuntem
980 948 1322 1004 mendicumlt
1349 947 1426 1001 Illi
1470 944 1670 1016 petenti
1699 944 1816 1010 das,
1852 943 1970 1012 quia
2011 942 2143 995 scri-

577 1054 725 1113 ptum
757 1051 859 1109 est,
891 1041 1044 1097 Omni
1082 1041 1266 1111 petenti
1305 1050 1370 1103 te,
1398 1039 1464 1092 da
1499 1040 1518 1107 (
1544 1038 1668 1091 Luc.
1691 1052 1762 1103 vr,
1784 1035 1917 1105 '50).
1942 1034 2015 1088 De
2044 1034 2146 1087 isto

568 1134 695 1204 quid
716 1134 971 1202 scriptum
993 1134 1111 1187 est?
1130 1130 1313 1184 Beatus
1334 1130 1421 1199 qui
1440 1126 1670 1197 intelligit
1690 1142 1840 1196 super
1868 1141 2074 1196 egenum
2099 1136 2143 1176 et

566 1240 841 1294 pauperem
869 1223 889 1294 (
911 1221 1056 1278 Psal.
1076 1238 1160 1284 ιιι,
1182 1221 1218 1275 2
1240 1221 1281 1291 ).
1308 1219 1498 1288 Qumre
1524 1219 1607 1274 cui
1634 1217 1728 1272 des
1750 1234 1766 1270 :
1787 1216 1973 1270 Beatus
2002 1216 2143 1270 enim

565 1316 652 1381 qui
673 1315 909 1385 intelligit
931 1331 1081 1383 super
1099 1329 1305 1382 egenum
1323 1323 1371 1366 et
1390 1325 1681 1381 pauperem;
1701 1309 1789 1379 qui
1815 1322 2068 1378 prarocen;
2089 1317 2144 1361 at

570 1420 758 1461 vocent
808 1405 1042 1475 petituri.
1086 1404 1141 1461 Si
1197 1404 1275 1459 sic
1323 1403 1460 1457 inter
1509 1417 1605 1456 vos
1660 1401 1896 1470 indigent
1946 1399 2141 1453 milites

568 1499 790 1563 Christi,
813 1508 871 1553 ut
898 1500 1056 1554 etiam
1087 1507 1299 1567 petant;
1327 1495 1502 1551 videte
1533 1509 1601 1550 ne
1631 1509 1724 1547 vos
1763 1492 2021 1561 judicent,
2047 1506 2142 1544 an-

570 1602 780 1658 tequam
812 1599 1010 1660 petant.
1058 1588 1354 1657 Quomodo,
1394 1586 1588 1657 inquis,
1629 1585 1844 1655 qurere?
1879 1583 2009 1637 Esto
2042 1597 2139 1636 eu-

571 1682 764 1741 riosus.
788 1692 904 1738 esto
923 1682 1205 1753 providus;
1233 1681 1495 1750 prOSpice,
1516 1677 1729 1733 attende
1760 1675 1898 1731 unde
1916 1675 2139 1745 quisque

569 1772 732 1838 vivat,
759 1772 899 1827 unde
921 1787 982 1827 se
1010 1771 1281 1840 transigat,
1310 1767 1451 1823 unde
1478 1767 1670 1822 habeat
1691 1784 1704 1819 :
1729 1780 1832 1821 non
1860 1764 2140 1834 reprehen-

569 1862 727 1918 detur
760 1864 859 1917 ista
897 1862 1178 1917 curiositas
1209 1870 1331 1925 tua;
1360 1871 1499 1915 terra
1528 1860 1637 1914 eris
1664 1858 1943 1927 producens
1967 1857 2138 1926 fenum

561 1954 822 2023 jumentis,
849 1961 895 2007 et
923 1952 1128 2007 herbam
1149 1951 1376 2007 servituti
1404 1950 1681 2005 hominum.
1707 1949 1961 2004 Curiosus
1998 1959 2133 2014 esto,

568 2054 623 2100 et
668 2044 904 2116 intellige
941 2060 1103 2115 super
1140 2058 1363 2114 egenum
1393 2052 1444 2097 et
1470 2056 1778 2111 pauperem.
1801 2040 1950 2093 Alius
1981 2039 2046 2094 ad
2086 2049 2135 2093 te

564 2137 732 2203 venit,
777 2148 836 2192 ut
886 2146 1061 2206 petat;
1102 2136 1266 2190 alium
1312 2145 1367 2189 tu
1407 2132 1658 2203 praeveni,
1695 2148 1764 2186 ne
1797 2141 1961 2203 petat.
1989 2130 2136 2187 Sicut

563 2227 706 2281 cnim
729 2226 798 2283 de
829 2227 920 2281 illo
938 2227 1026 2295 qui
1059 2237 1111 2281 te
1135 2226 1325 2295 quaarit
1342 2224 1543 2280 dictum
1563 2233 1665 2287 est,
1691 2222 1840 2277 Omni
1863 2224 2046 2292 petenti
2065 2233 2128 2288 te,

562 2317 663 2382 da;
681 2318 760 2372 sic
780 2318 848 2371 de
872 2317 963 2372 illo
984 2332 1140 2387 quem
1163 2325 1216 2371 tu
1241 2315 1405 2371 debes
1424 2330 1664 2385 quazrere
1682 2312 1881 2368 dictum
1908 2322 2008 2375 est,
2033 2312 2132 2367 Su-

563 2408 655 2463 det
680 2408 1016 2479 eleemosyna
1044 2409 1096 2462 in
1126 2422 1283 2462 manu
1312 2415 1420 2471 tua,
1446 2405 1619 2461 donec
1661 2404 1897 2459 invenias
1930 2403 2129 2472 justum

562 2498 647 2553 cui
668 2512 786 2553 eam
813 2498 1012 2553 tradas.
1036 2497 1168 2552 Cum
1196 2496 1337 2553 enim
1362 2495 1591 2550 dandum
1620 2496 1691 2548 sit
1712 2503 1766 2549 et
1788 2494 1904 2550 istis
1930 2510 2128 2562 paupe-

563 2589 707 2643 ribus
753 2589 1254 2658 petentibus’mon
1296 2587 1440 2643 enim
1489 2587 1558 2641 ab
1599 2588 1677 2642 eis
1721 2587 1949 2642 inhibuit
1990 2588 2128 2642 Deus

558 2680 948 2753 eleemosynas,
969 2695 1089 2735 cum
1116 2680 1356 2735 Christus
1378 2678 1449 2735 de
1474 2678 1600 2748 ipsis
1618 2678 1779 2744 dicat,
1805 2677 2019 2743 Quando
2048 2682 2128 2751 fa-

556 2773 630 2829 cis
655 2772 877 2843 epulum,
904 2787 1120 2826 convoca
1144 2785 1323 2834 ctecos,
1350 2770 1576 2836 claudos,
1600 2769 1806 2835 debiles,
1825 2787 1925 2824 non
1940 2771 2126 2824 haben-

555 2873 631 2917 tes
650 2863 785 2918 unde
811 2863 899 2917 tibi
924 2863 1169 2929 reddant;
1188 2862 1487 2918 retribuetur
1509 2871 1676 2916 autem
1704 2862 1793 2916 tibi
1819 2863 1873 2917 in
1897 2880 2122 2918 resurre-

553 2954 717 3007 ctione
733 2954 992 3024 justorum
1020 2952 1189 3024 (Luc.
1215 2960 1330 3019 xw,
1358 2952 1426 3007 l3
1445 2962 1493 3007 et
1519 2952 1623 3022 11)
1649 2971 1661 3006 :
1686 2967 1812 3007 voca
1857 2963 1908 3008 et
1958 2954 2122 3022 ipsos,

555 3058 714 3112 pasce
737 3053 791 3098 et
810 3044 954 3113 ipsos
970 3060 986 3109 ;
1002 3043 1241 3112 epulare,
1258 3058 1380 3098 cum
1403 3043 1478 3096 illi
1499 3043 1811 3112 epulantur;
1836 3043 2118 3109 delectare,

553 3149 674 3187 cum
705 3134 783 3188 illi
822 3133 1158 3204 saginantur;
1193 3133 1268 3188 illi
1307 3133 1448 3189 enim
1492 3148 1629 3202 pane
1672 3142 1782 3198 tuo,
1824 3143 1879 3187 tu
1916 3134 2118 3204 justitia

552 3220 668 3277 Dei.
703 3222 872 3277 Nemo
914 3222 1066 3277 vobis
1101 3223 1241 3277 dicat
1269 3223 1634 3293 :Prazceptum
1661 3232 1744 3279 est
1768 3239 1798 3278 a
1822 3222 2036 3279 Christo
2066 3234 2121 3281 nt

550 3324 705 3366 servo
743 3312 837 3366 Dei
875 3311 1051 3379 detur,
1077 3311 1320 3366 mendico
1348 3327 1453 3366 non
1489 3312 1662 3367 detur.
1691 3313 1875 3379 Absit;
1903 3330 2117 3383 prorsus

549 3404 744 3473 impius
773 3405 870 3459 ista
899 3404 1150 3475 loquitur.
1177 3405 1250 3459 Da
1279 3405 1373 3468 illi,
1401 3404 1494 3459 sed
1526 3406 1691 3460 multo
1720 3407 1885 3476 magis
1908 3407 2000 3462 illi.
2024 3406 2116 3462 Ille

547 3495 689 3551 enim
725 3496 873 3566 petit,
905 3496 1035 3551 etin
1061 3511 1190 3551 voce
1218 3496 1445 3565 petentis
1468 3496 1712 3567 agnoscis
1743 3496 1829 3551 cui
1866 3497 1959 3552 (les
1985 3516 1997 3552 :
2026 3498 2116 3554 ille

546 3598 723 3642 autem
743 3596 940 3657 quanto
962 3587 1134 3642 minus
1154 3588 1304 3657 petit,
1324 3597 1468 3641 tanto
1494 3588 1660 3659 magis
1683 3588 1772 3643 tibi
1793 3589 2111 3659 vigilandum

543 3689 628 3738 est
669 3690 727 3735 ut
774 3695 1112 3751 praeoccnpes
1159 3681 1483 3751 petiturum;
1523 3692 1613 3735 aut
1657 3681 1790 3735 forte
1821 3682 1977 3737 modo
2006 3700 2119 3751 non,

542 3773 854 3842 petiturum,
881 3784 934 3828 et
961 3771 1245 3842 aliquando
1284 3771 1677 3839 damnaturum.
1707 3772 1888 3842 Itaque
1916 3776 2109 3830 curiosi

542 3873 713 3919 estote
740 3863 807 3919 ad
846 3864 964 3928 ista,
998 3863 1195 3923 fratres
1223 3863 1361 3929 mei;
1392 3863 1671 3919 invenietis
1699 3865 1983 3919 multorum
2018 3865 2111 3920 Dei

542 3968 814 4010 servorum
841 3954 1207 4025 indigentiam,
1229 3962 1431 4008 tantum
1454 3964 1511 4009 ut
1530 3955 1704 4010 velitis
1728 3955 1984 4011 invenire.
2004 3956 2105 4009 Sed

539 4049 660 4118 quia
685 4047 913 4102 delectat
941 4061 1035 4101 vos
1061 4047 1333 4102 excusatio
1356 4062 1460 4118 qua
1484 4047 1642 4101 vultis
1669 4046 1868 4114 dicere,
1890 4048 2105 4103 Nescie-

538 4140 761 4205 bamns;
791 4148 1068 4209 propterea
1094 4155 1199 4193 non
1231 4138 1501 4194 invenitis.

609 4233 699 4287 11.
721 4231 838 4299 Ipse
858 4217 1110 4301 Dominus
1136 4231 1339 4286 loculos
1362 4232 1611 4298 habebat,
1633 4248 1737 4303 quo
1763 4233 2106 4288 mittebantur

537 4322 854 4385 necessaria,
877 4331 929 4375 et
956 4321 1361 4391 possidebantur
1390 4326 1590 4379 nummi
1624 4335 1838 4395 prepter
1863 4341 1987 4381 usus
2013 4342 2104 4381 eo-

536 4427 651 4465 rum
678 4411 768 4481 qui
797 4425 918 4466 cum
948 4412 1042 4467 illo
1068 4421 1221 4467 erant
1256 4424 1311 4468 et
1348 4414 1462 4483 ejus
1486 4432 1499 4468 ε
1526 4431 1631 4471 non
1657 4417 1797 4472 enim
1826 4432 1945 4472 cum
1973 4418 2103 4472 diei-

535 4515 639 4569 tur,
676 4504 896 4563 Esurivit
944 4504 1172 4577 (Matth.
1200 4521 1273 4571 tv,
1303 4505 1369 4571 2;
1396 4518 1442 4560 et
1469 4524 1579 4574 XXI,
1611 4508 1676 4564 l8
1696 4507 1739 4580 ),
1781 4512 2099 4582 evangelista

534 4596 806 4651 mentitur.
831 4594 1011 4651 Voluit
1037 4597 1243 4652 esurire
1270 4607 1484 4667 propter
1511 4608 1581 4662 te,
1611 4615 1677 4653 ne
1721 4610 1774 4653 tu
1814 4602 2018 4655 esurias
2049 4603 2098 4655 in

532 4685 643 4750 illo,
680 4687 768 4756 qui
810 4701 1011 4757 pauper
1048 4686 1218 4742 factus
1245 4698 1345 4752 est,
1369 4702 1490 4743 cum
1516 4687 1662 4744 dives
1687 4701 1848 4756 esset,
1877 4700 1932 4745 ut
1960 4692 2100 4748 illius

529 4787 841 4849 paupertate
883 4795 981 4835 nos
1033 4780 1328 4836 ditaremur
1375 4782 1394 4853 (
1425 4779 1466 4834 Il
1495 4781 1612 4835 Cor.
1638 4797 1749 4844 vin,
1779 4782 1811 4837 9
1838 4783 1879 4854 ).
1909 4784 2100 4859 llabuit

528 4870 672 4925 enim
717 4871 951 4934 loculos;
978 4881 1032 4925 et
1057 4872 1257 4927 dictum
1297 4883 1378 4928 est
1421 4872 1488 4928 de
1530 4873 1842 4942 quibusdam
1891 4877 2097 4932 feminis

528 4964 824 5034 religiosis,
863 4963 1005 5034 quod
1055 4964 1392 5020 ambulabant
1442 4982 1543 5035 qua
1598 4965 1741 5021 ibant
1782 4967 1942 5036 pedes
1983 4971 2097 5038 ejus

530 5056 1059 5127 cvangelizantes,'et
1086 5058 1454 5114 ministrabant
1480 5060 1529 5114 ci
1555 5060 1623 5115 de
1648 5061 1942 5116 substantia
1977 5078 2088 5117 soa.

527 5151 877 5208 Nominantur
901 5150 1005 5206 illae
1032 5152 1279 5206 mulieres
1304 5152 1356 5206 in
1379 5153 1680 5224 Evangelio,
1706 5155 1791 5211 ubi
1822 5165 1934 5211 erat
1952 5172 2096 5226 qua:-

525 5242 647 5297 tlam
671 5242 832 5297 etiam
860 5256 993 5296 uxor
1014 5241 1288 5312 cujusdam
1314 5242 1505 5297 Chnzze
1536 5249 1892 5316 procuratoris
1930 5248 2096 5303 llero-

524 5331 608 5386 dis
628 5332 779 5402 (Luc.
801 5347 916 5398 vm,
937 5332 1017 5402 3).
1042 5331 1177 5388 Vide
1195 5349 1313 5403 quae
1335 5334 1547 5414 fiebant.
1572 5335 1804 5392 Futurus
1827 5350 1939 5393 erat
1960 5339 2093 5392 Pau-

526 5423 608 5478 lus
638 5423 766 5477 nihil
797 5424 900 5480 tale
923 5424 1208 5495 aliquando
1230 5441 1496 5496 quaerens,
1520 5436 1576 5482 et
1597 5430 1773 5484 omnia
1801 5430 2094 5500 provincia-

525 5510 663 5568 libus
688 5514 911 5569 donans.
942 5515 1049 5571 Sed
1091 5517 1212 5587 quia
1257 5518 1408 5573 multi
1452 5516 1646 5573 infirmi
1691 5520 1789 5575 ista
1824 5522 2092 5593 quaesituri

590 5652 603 5677 ι
632 5649 703 5693 sic
727 5649 939 5697 melioris
961 5660 1085 5699 nota:
1108 5659 1214 5700 Mss.
1244 5659 1293 5700 At
1316 5652 1447 5707 ωδ..
1478 5652 1604 5702 t‘elit.

588 5710 611 5739 ι
634 5708 779 5756 Hicin
802 5710 911 5757 ιω.
927 5711 1132 5771 additur,
1157 5720 1281 5773 putet
1310 5724 1325 5760 :
1348 5720 1475 5775 quod
1496 5727 1525 5763 a
1548 5721 1650 5765 Mss.
1685 5716 1843 5766 abest.

1789 282 1846 338 S.
1887 280 2249 337 AUGUSTINI
2291 282 2589 338 EI’ISCOI’l

3692 289 3826 345 l308

2256 407 2425 459 erant,
2450 399 2617 468 magis
2643 398 2968 454 infirmorum
2997 415 3274 469 personam
3305 403 3536 471 suscepit
3560 401 3821 457 Christus.
3908 404 3911 407 “

2254 486 2542 557 sublimius
2582 488 2799 555 Paulus,
2848 489 3098 558 numquid
3149 501 3202 544 et
3249 491 3491 545 Christo!
3536 492 3827 548 Snblimins

2252 577 2512 645 Christus,
2542 579 2661 648 quia
2681 579 3094 634 misericordius.
3121 580 3253 634 Cum
3280 581 3422 633 enim
3455 581 3657 636 videret
3687 582 3823 636 Pan-

2251 665 2360 721 lnm
2391 667 2489 721 ista
2521 685 2625 721 non
2656 683 2775 723 esse
2804 670 3169 739 qua-siturum,
3200 672 3425 739 providit
3450 686 3515 725 ne
3549 671 3825 727 damnaret

2251 757 2611 825 quaesiturum,
2637 768 2690 813 et
2714 759 2938 829 pnebuit
2963 761 3265 829 exemplum
3294 761 3535 817 inﬁrmo:
3558 768 3826 833 quomodo

2249 863 2370 903 cum
2411 849 2615 905 videret
2660 852 2855 906 multos
2898 868 3092 922 pronos
3134 864 3187 908 et
3228 854 3520 923 gaudentes
3560 858 3729 912 ituros
3759 868 3825 911 au

2251 944 2556 1014 martyrium
2596 946 2875 1014 passionis,
2912 945 3266 1005 exsultaturos
3306 946 3356 1000 in
3399 948 3509 1017 ipsa
3555 951 3824 1018 passione,

2248 1033 2413 1088 fortes
2441 1035 2480 1099 ¹,
2507 1036 2841 1090 centenarios
2883 1046 3119 1090 maturos
3155 1037 3219 1091 ad
3248 1038 3533 1102 horreum;
3564 1056 3821 1110 quorum-

2247 1125 2369 1179 dam
2392 1135 2563 1181 tamen
2589 1126 2934 1194 infirmorum,
2961 1143 3093 1198 quos
3112 1127 3324 1182 videbat
3347 1144 3498 1197 posse
3518 1134 3823 1186 conturbari

2247 1227 2467 1271 ventura
2514 1218 2779 1286 passione,
2827 1234 2892 1272 ne
2935 1218 3225 1273 deficerent
3268 1228 3473 1287 tamen,
3511 1222 3604 1276 sed
3647 1224 3826 1291 potius

2247 1306 2570 1361 voluntatem
2618 1307 2899 1361 humanam
2934 1310 3185 1363 voluntati
3225 1308 3490 1367 Creatoris
3526 1313 3824 1384 conjunge-

2246 1409 2383 1462 rent,
2416 1399 2649 1468 ipsorum
2680 1416 2959 1470 persmtam
3000 1403 3164 1456 voluit
3201 1404 3468 1473 suscipere
3497 1405 3547 1458 in
3576 1408 3826 1475 passione

2244 1490 2502 1552 Christus,
2539 1492 2741 1553 dicens,
2770 1492 2950 1547 Tristis
2976 1504 3047 1547 est
3076 1496 3245 1548 anima
3270 1512 3378 1549 mea
3405 1514 3559 1566 usque
3587 1499 3655 1550 ad
3687 1517 3825 1551 mor-

2244 1592 2382 1645 tem;
2410 1592 2463 1635 et
2490 1582 2696 1648 iterum,
2725 1581 2898 1649 Pater,
2930 1585 2973 1637 si
3002 1585 3116 1654 ﬁeri
3138 1596 3316 1654 potest,
3340 1596 3556 1640 transeat
3576 1605 3607 1639 α
3634 1606 3715 1641 me
3733 1607 3821 1641 ea.

2244 1671 2317 1726 lix
2343 1673 2451 1725 iste.
2480 1673 2663 1728 Docuit
2683 1674 2805 1745 quid
2828 1686 2968 1729 esset
2993 1675 3228 1730 dicturus
3259 1677 3516 1740 inﬁrmus,
3542 1678 3636 1733 sed
3666 1696 3826 1733 secu—

2246 1772 2329 1818 tus
2356 1774 2585 1818 ostendit
2619 1766 2741 1835 quid
2783 1760 2954 1821 facere
2983 1767 3203 1823 deberet
3238 1769 3516 1824 infirmus:
3552 1768 3823 1825 Verumta-

2242 1870 2354 1907 men
2374 1872 2473 1907 non
2499 1856 2633 1925 quod
2653 1872 2743 1927 ego
2770 1857 2902 1918 volo,
2929 1857 3019 1911 sed
3042 1860 3177 1927 quod
3216 1868 3268 1911 tu
3305 1860 3397 1927 eis,
3424 1858 3575 1913 Pater
3601 1861 3817 1931 (Matth.

2241 1961 2384 2013 xxvi,
2408 1947 2496 2012 58,
2526 1945 2636 2020 '59).
2668 1949 2940 2015 Quomodo
2969 1966 3096 2020 ergo
3124 1952 3173 2005 in
3204 1953 3448 2021 passione
3487 1954 3819 2010 infirmorum

2243 2053 2520 2105 personam
2562 2042 2829 2105 sustinuit,
2864 2045 3189 2112 prmfigurata
3225 2044 3308 2097 illa
3351 2045 3403 2099 in
3441 2060 3668 2116 corpore
3696 2066 3815 2115 suo,

2238 2127 2361 2196 quia
2388 2138 2442 2182 et
2474 2130 2558 2184 illa
2584 2132 2818 2186 membra
2850 2132 2995 2201 ejus;
3025 2149 3191 2203 neque
3221 2136 3359 2189 enim
3391 2134 3582 2190 fruStra
3611 2137 3817 2192 dictum

2237 2228 2338 2284 est,
2368 2218 2725 2290 Imperfectum
2758 2240 2917 2276 meum
2958 2225 3183 2278 viderunt
3228 2227 3362 2279 oculi
3403 2228 3497 2297 tui,
3521 2238 3570 2282 et
3603 2229 3657 2282 in
3689 2232 3817 2283 libra

2237 2318 2321 2361 tuo
2348 2326 2516 2363 omnes
2539 2311 2818 2365 scribentur
2849 2316 2867 2383 (
2899 2312 3042 2368 Psal.
3074 2330 3324 2379 cxxxvm,
3356 2319 3420 2371 l6
3445 2316 3466 2390 )
3494 2337 3507 2371 :
3536 2320 3611 2373 sic
3657 2330 3711 2374 ct
3761 2323 3817 2376 in

2233 2400 2421 2455 loculis
2450 2401 2702 2458 habendis
2723 2445 2737 2467 ,
2765 2413 2817 2457 et
2842 2405 2890 2457 in
2918 2405 3170 2474 exigenda
3197 2407 3421 2477 quodam
3453 2409 3611 2464 modo
3638 2426 3816 2463 anno-

2234 2505 2322 2555 na,
2347 2508 2449 2545 non
2480 2493 2728 2562 petenda,
2763 2494 2854 2548 sed
2885 2495 3163 2563 przebenda
3186 2499 3225 2563 ',
3251 2498 3589 2569 indigentiam
3625 2516 3814 2558 susce-

2235 2584 2328 2652 pit.
2354 2584 2597 2654 Snscepit
2626 2602 2744 2639 eum
2776 2585 3078 2650 Zaeebmus.
3110 2600 3162 2643 et
3201 2590 3393 2659 gaudet
3419 2591 3568 2662 (Luc.
3591 2609 3704 2660 XIX,
3730 2594 3812 2661 ϐ).

2230 2675 2326 2731 Cui
2357 2677 2458 2732 hoc
2482 2677 2713 2732 bonum?
2737 2679 2969 2741 Christo.
2993 2696 3057 2733 an
3084 2680 3372 2736 Zacclneo?
3402 2684 3534 2739 Vere
3552 2727 3565 2746 ,
3607 2685 3655 2738 si
3698 2702 3808 2739 non

2228 2770 2521 2837 susciperet
2560 2762 2860 2834 Zacclnens,
2894 2788 2997 2825 non
3047 2784 3160 2826 erat
3204 2773 3288 2826 ubi
3342 2786 3578 2829 ntaneret
3622 2778 3813 2832 mundi

2228 2858 2546 2937 fabricator?
2568 2871 2657 2914 aut
2686 2862 2728 2915 si
2756 2878 2858 2915 non
2884 2875 3125 2932 pasceret
3144 2863 3447 2927 Zacchmns,
3479 2866 3741 2936 indigeret
3765 2869 3810 2922 is

2227 2949 2315 3018 qui
2338 2949 2403 3004 de
2425 2951 2656 3020 quinque
2687 2942 3005 3020 panibus'tot
3030 2953 3189 3007 millia
3217 2954 3485 3008 hominum
3515 2959 3813 3013 saturavit!

2226 3042 2355 3097 Cum
2385 3058 2510 3113 ergo
2540 3044 2762 3114 quisque
2806 3054 3043 3099 szntctum
3093 3046 3357 3114 suscipit,
3383 3063 3487 3101 non
3532 3060 3809 3119 suscepto.

2224 3131 2320 3186 sed
2351 3131 2644 3201 suscepturi
2678 3143 2976 3201 prmstatur.
3002 3133 3266 3205 Numquid
3310 3136 3361 3189 in
3403 3137 3488 3192 illa
3521 3137 3661 3193 fame
3696 3156 3807 3194 non

2223 3222 2535 3292 pascebatur
2573 3223 2759 3278 Elias?
2794 3240 2969 3280 nonne
3010 3241 3200 3281 corvus
3241 3227 3492 3282 afferebat
3532 3244 3722 3297 panem
3752 3241 3809 3287 et

2221 3329 2433 3367 carnem
2456 3356 2470 3379 ,
2498 3330 2657 3370 servo
2684 3315 2775 3369 Dei
2806 3316 3070 3371 serviente
3099 3327 3339 3373 creatura
3371 3321 3389 3391 (
3417 3320 3481 3374 llI
3507 3319 3637 3392 Reg.
3671 3339 3803 3385 nu,

2221 3406 2335 3476 6)?
2363 3407 2550 3461 Missus
2582 3392 2863 3463 esttamen
2896 3410 3194 3478 pascendos
3230 3412 3296 3465 ad
3331 3412 3574 3479 viduam;
3608 3431 3717 3470 non
3750 3427 3808 3471 ut

2219 3497 2403 3563 militi,
2433 3497 2525 3551 sed
2555 3506 2612 3552 ut
2640 3488 2943 3568 provinciali
2975 3500 3169 3571 aliquid
3198 3513 3558 3572 praestaretur.

2291 3589 2375 3644 l2.
2417 3589 2558 3661 Ergo
2583 3595 2703 3661 quia
2732 3591 3056 3659 dicebamus,
3087 3592 3293 3658 fratres,
3331 3606 3382 3649 et
3417 3596 3483 3651 de
3512 3600 3806 3668 pascendis

2218 3680 2569 3748 pauperibus;
2616 3696 2735 3735 cum
2776 3682 3028 3737 Dominus
3075 3683 3275 3738 loculos
3323 3684 3570 3752 haberet,
3621 3697 3803 3745 tamen

2215 3772 2426 3840 quando
2452 3772 2584 3826 dixit
2605 3772 2756 3827 Judtc
2782 3789 2902 3826 eum
2931 3772 3203 3839 tradituro,
3234 3776 3382 3842 Quod
3406 3779 3535 3847 facis
3554 3818 3569 3841 ,
3603 3780 3688 3849 {ac
3717 3798 3801 3834 ue-

2216 3864 2431 3928 lociter;
2458 3878 2562 3918 non
2609 3864 2966 3933 intelligentes
2993 3868 3170 3921 cmteri
3208 3869 3334 3938 quid
3373 3869 3616 3936 dixisset,
3648 3875 3800 3929 arbi-

2216 3956 2337 4009 trali
2383 3966 2504 4009 sunt
2549 3972 2669 4010 eum
2718 3956 2934 4022 dixisse,
2979 3966 3034 4010 ut
3074 3958 3270 4028 aliquid
3300 3974 3625 4030 praepararet
3650 3966 3800 4033 quod

2213 4047 2432 4102 daretur
2460 4049 2795 4116 pauperibus.
2827 4049 2917 4103 Ille
2937 4051 3076 4104 enim
3108 4051 3311 4105 loculos
3342 4051 3588 4120 Ιιςιιιθικιι,
3616 4056 3723 4112 hoc
3747 4060 3798 4113 in

2210 4139 2495 4208 Evangelio
2526 4140 2777 4208 scriptum
2823 4151 2904 4195 est
2933 4140 3128 4211 (Joan.
3158 4159 3274 4207 χιιι,
3301 4144 3464 4199 27-29
3488 4145 3530 4217 ).
3560 4147 3802 4206 Possent

2211 4227 2313 4281 hoc
2341 4227 2615 4296 suspicari,
2649 4229 2747 4282 nisi
2787 4228 2889 4283 hoc
2932 4230 3151 4286 haberet
3184 4232 3237 4285 in
3273 4235 3658 4291 consuetudine
3686 4240 3798 4294 Do-

2211 4319 2420 4372 minus?
2449 4320 2520 4373 De
2547 4319 2628 4374 his
2657 4336 2782 4389 ergo
2807 4336 2923 4389 qua:
2950 4321 3209 4377 dabantur
3233 4335 3285 4379 et
3308 4325 3357 4377 in
3381 4325 3586 4381 loculos
3609 4329 3796 4384 mitte-

2209 4410 2418 4476 bantur,
2447 4409 2670 4464 dabatur
2701 4423 2874 4467 tamcn
2903 4422 2956 4467 et
2985 4413 3083 4466 illis
3113 4416 3452 4483 pauperibus,
3483 4434 3620 4488 quos
3647 4421 3795 4477 Dens

2207 4501 2384 4556 docuit
2434 4519 2538 4556 non
2586 4504 3023 4558 contemnendos.
3057 4505 3161 4559 Sed
3209 4507 3253 4560 si
3307 4508 3450 4561 illum
3498 4526 3604 4563 non
3652 4527 3794 4566 con-

2209 4592 2420 4658 temnis,
2443 4601 2638 4663 quanlo
2662 4594 2826 4664 magis
2854 4594 3040 4649 bovem
3073 4612 3167 4664 per
3188 4612 3342 4666 quem
3371 4599 3647 4655 trituratur
3672 4604 3794 4660 lixrc

2205 4683 2367 4737 area?
2393 4694 2592 4753 quanto
2619 4688 2785 4754 magis
2810 4702 3022 4740 servum
3055 4688 3240 4740 tuum?
3268 4688 3379 4742 Non
3412 4689 3613 4761 indiget
3640 4694 3790 4759 cibo,

2204 4772 2341 4830 forte
2370 4784 2515 4830 veste
2546 4775 2762 4846 indiget.
2790 4775 2903 4830 Non
2947 4776 3143 4846 indiget
3170 4790 3336 4845 veste,
3366 4780 3502 4836 forte
3536 4793 3677 4838 tecto
3709 4787 3795 4840 in-

2203 4866 2367 4936 diget,
2397 4866 2535 4921 forte
2577 4860 2853 4921 ecclesiam
2896 4868 3133 4935 fabricat,
3168 4870 3299 4925 forte
3329 4871 3527 4942 aliquid
3558 4876 3687 4930 utile
3737 4881 3791 4931 in

2203 4959 2363 5012 domo
2386 4958 2478 5013 Dei
2501 4959 2742 5035 molitur;
2766 4970 3036 5029 empectat
3063 4962 3402 5029 ut‘attendas,
3428 4977 3709 5036 exspectat
3734 4981 3793 5024 nt

2204 5051 2463 5121 intelligas
2511 5065 2671 5120 super
2717 5063 2955 5121 egentem
3006 5061 3060 5107 et
3110 5047 3414 5124 pauperiem.
3449 5056 3529 5110 Tu
3567 5071 3785 5124 contra,

2203 5153 2345 5199 terra
2371 5144 2519 5207 dura,
2550 5144 2775 5213 lapidea,
2807 5160 2908 5198 non
2941 5146 3172 5215 irrigata,
3195 5157 3285 5200 aut
3315 5150 3508 5202 frustra
3536 5151 3785 5223 irrigua,

2201 5250 2382 5290 scrvas
2411 5235 2504 5289 tibi
2530 5235 2708 5290 dicere
2733 5253 2747 5289 :
2769 5235 2882 5290 Non
2914 5237 3163 5302 sciebam,
3195 5254 3297 5291 non
3320 5255 3594 5308 noveram,
3619 5260 3789 5300 nemo

2203 5327 2330 5381 mihi
2373 5326 2525 5382 dixit.
2553 5327 2717 5381 Nemo
2750 5326 2843 5380 tibi
2872 5327 3040 5381 dixit!
3068 5328 3310 5383 Christus
3338 5345 3442 5384 non
3485 5343 3666 5388 cessat
3705 5337 3793 5389 di-

2199 5434 2343 5487 cere,
2371 5421 2625 5489 propheta
2655 5435 2760 5473 non
2786 5431 2958 5475 cessat
2977 5420 3154 5476 dicere
3180 5440 3192 5474 :
3215 5420 3400 5476 Beatus
3426 5426 3517 5495 qui
3540 5427 3790 5500 intelligit

2198 5529 2350 5583 super
2376 5528 2585 5584 egenum
2611 5524 2658 5566 et
2686 5530 2976 5583 pauperem.
3006 5513 3121 5569 Non
3161 5515 3306 5570 vides
3341 5532 3519 5571 arcam
3561 5519 3787 5579 inanem

2264 5660 2280 5692 ι
2305 5659 2378 5709 sic
2398 5666 2501 5708 uss.
2520 5658 2798 5720 Edd._vero.
2815 5657 2952 5720 forte.

2265 5722 2287 5754 ι
2309 5730 2407 5769 Am.
2435 5726 2507 5768 Fx.
2535 5726 2584 5770 et
2608 5717 2828 5784 [letique
2853 5729 2975 5783 uss,
2999 5732 3090 5771 non
3110 5723 3327 5786 petendo,
3353 5723 3436 5775 sed
3454 5727 3747 5788 prwbendo.
