3984 6204
357 240 494 299 £369

356 354 622 428 praspositi
672 355 745 409 tui
779 373 793 409 :
824 354 989 443 vides‘
1006 364 1152 409 certe
1179 353 1261 409 vel
1297 362 1599 425 surgentem
1646 352 1917 413 fabricam,

356 464 458 520 quo
486 448 777 500 intraturus
801 454 851 500 et
879 455 1120 499 oraturus
1146 460 1224 499 es.
1253 444 1436 498 Nonne
1462 444 1768 497 admovetur
1792 456 1921 493 ocu-

356 540 420 595 lis
444 538 587 592 tuis?
609 536 721 592 Nisi
748 536 884 592 forte
911 538 1124 605 putatis,
1155 536 1360 593 fratres.
1390 534 1509 603 quia
1539 532 1800 602 ιιτςρροςῑῑῑ
1833 549 1923 583 νυ-

355 632 446 686 stri
477 628 834 683 thesaurizant
861 646 875 681 :
899 637 952 681 ct
981 627 1221 680 novimus
1267 626 1461 678 multos
1507 640 1609 676 non
1660 623 1917 675 thesauri-

355 741 492 792 zare,
519 734 573 780 et
600 724 668 778 ad
697 723 997 792 quotidiana
1032 736 1221 790 egere,
1253 719 1319 773 de
1359 718 1547 788 quibus
1574 717 1788 770 omnino
1817 731 1918 767 non

354 815 616 878 creditur;
645 828 778 879 quos
816 818 867 865 et
905 827 998 885 v93
1042 808 1347 864 inveniretis
1369 848 1383 867 .
1415 808 1458 861 si
1489 806 1712 870 velletis,
1741 805 1783 858 si
1814 806 1918 858 cir-

353 906 770 974 cumSpiceretis,
802 905 844 958 si
875 903 938 957 ad
967 902 1068 957 hoc
1093 900 1400 970 vigilaretis,
1433 907 1491 951 ut
1517 896 1741 967 fructum
1767 896 1921 948 dare-

355 999 434 1052 tis.
482 998 596 1051 Dixi
646 996 783 1066 quod
835 995 1001 1064 potui,
1055 1002 1306 1063 quantum
1356 990 1520 1059 potui.
1566 989 1702 1043 Puto
1744 998 1916 1040 autem

353 1087 654 1142 manifestos
694 1100 792 1139 nos
835 1099 950 1138 esse
989 1083 1159 1145 vobis,
1201 1081 1333 1134 sicut
1368 1080 1441 1133 ait
1479 1079 1777 1146 Apostolus.
1812 1093 1914 1129 non

352 1179 464 1233 ideo
497 1192 593 1231 nos
619 1176 800 1230 dicere
821 1217 834 1239 ,
863 1182 921 1228 ut
951 1175 1002 1235 in
1034 1188 1130 1226 nos
1158 1174 1255 1226 ista
1289 1170 1507 1225 faciatis.
1533 1169 1752 1222 Prmstet
1780 1168 1917 1220 Deus

351 1283 403 1325 ut
439 1270 554 1324 lucc
596 1284 701 1322 non
746 1268 935 1321 frustra
965 1266 1186 1339 dixerint
1218 1283 1231 1319 :
1259 1271 1468 1331 praestet
1508 1262 1644 1314 Deus
1675 1268 1731 1313 ut
1775 1268 1913 1312 terra

350 1362 555 1431 irrigata
585 1362 721 1422 sitis,
752 1375 855 1413 non
894 1357 1118 1428 lapidea,
1147 1357 1283 1411 sicut
1315 1355 1640 1415 Judzrorum,
1672 1352 1810 1407 unde
1840 1361 1914 1403 ta-

350 1455 491 1509 bulas
522 1452 755 1520 lapideas
794 1451 1035 1519 accipere
1071 1455 1409 1511 meruerunt;
1437 1446 1528 1500 sed
1563 1457 1695 1499 terra
1730 1442 1913 1496 fructi-

350 1544 473 1605 fera.
500 1553 637 1597 terra
660 1557 776 1611 qua!
799 1541 1009 1608 irrigata
1034 1537 1496 1607 reddatagricolm.
1526 1536 1602 1590 Illi
1627 1535 1727 1604 ipsi
1753 1534 1912 1589 corde

348 1633 554 1703 lapideo
576 1675 590 1697 ,
618 1631 757 1702 quod
787 1631 1134 1700 significatum
1165 1639 1245 1683 est
1274 1628 1494 1695 lapideis
1524 1627 1734 1693 tabulis,
1772 1626 1911 1680 deei-

349 1742 457 1780 mas
484 1724 698 1779 dabant.
744 1722 914 1776 Etiam
938 1721 1148 1791 gemitis
1170 1761 1186 1785 ,
1219 1729 1274 1774 et
1304 1718 1433 1772 nihil
1455 1717 1625 1771 adlme
1654 1717 1761 1772 exit
1788 1719 1826 1769 ¹.
1856 1716 1910 1771 Si

348 1815 575 1887 gemitis,
625 1813 906 1881 parturite;
939 1811 983 1865 si
1012 1810 1299 1880 parturitis,
1327 1809 1514 1877 parite.
1543 1807 1714 1875 Quare
1741 1807 1908 1876 gemi-

350 1918 428 1961 tus
464 1905 635 1960 inanis
659 1906 683 1957 ‘t
705 1918 867 1974 quare
907 1902 1135 1972 gemitus
1162 1900 1393 1954 sterilis?
1420 1900 1628 1953 Viscera
1658 1907 1907 1967 torquen-

348 2007 447 2059 tur,
476 2013 543 2050 an
576 2012 679 2048 non
708 2004 787 2049 est
814 1993 952 2047 intus
978 1995 1115 2062 quod
1146 1991 1371 2046 edatur?
1402 1990 1592 2061 Riguus
1619 1995 1806 2042 montes
1849 1988 1912 2041 de

345 2085 679 2157 superioribus
698 2084 801 2138 suis
826 2099 844 2137 :
873 2083 937 2136 de
978 2085 1144 2154 fructu
1170 2097 1376 2150 operum
1417 2088 1616 2132 tuorum
1651 2076 1911 2130 satiabitur

346 2190 498 2234 ten'a.
532 2177 679 2234 Beati
710 2176 797 2246 qui
847 2176 1062 2235 faciunt,
1096 2172 1233 2228 beati
1264 2172 1350 2242 qui
1393 2171 1489 2225 ista
1520 2169 1787 2225 fructuose
1810 2184 1906 2222 au-

347 2264 511 2331 diunt,
535 2270 676 2324 beati
706 2269 795 2336 qui
820 2284 922 2321 non
950 2266 1173 2319 inaniter
1200 2263 1450 2319 clamant.
1487 2261 1561 2315 De
1589 2264 1753 2332 fructu
1785 2277 1910 2327 ope-

347 2377 455 2414 rum
480 2371 679 2413 tuorum
704 2357 966 2412 satiabitur
1011 2365 1142 2408 terra
1165 2372 1181 2408 :
1209 2351 1487 2425 producehs
1511 2352 1680 2423 fenum
1700 2352 1908 2421 jumen—

348 2454 427 2517 tis,
467 2463 514 2505 et
539 2451 740 2505 herbam
787 2449 1010 2504 servituti
1053 2447 1371 2500 hominum.’
1424 2444 1617 2515 Ulquid
1668 2442 1809 2497 hoc?
1843 2441 1907 2497 Ut

346 2543 521 2595 educat
568 2557 748 2611 panem
786 2540 847 2593 de
871 2549 1024 2593 terra.
1069 2538 1235 2604 Quem
1269 2535 1496 2606 panem?
1521 2534 1806 2589 Christum.
1835 2533 1909 2588 De

346 2649 443 2703 qua
472 2631 656 2687 terra?
687 2631 760 2685 De
785 2631 966 2695 Petro,
1003 2627 1070 2683 de
1096 2627 1279 2692 Paulo,
1310 2626 1377 2680 de
1404 2625 1611 2680 caneris
1637 2624 1909 2692 dispensa-

347 2727 543 2781 toribus
574 2722 831 2779 veritatis.
867 2720 1000 2775 Audi
1032 2720 1150 2791 quia
1177 2718 1243 2773 de
1285 2728 1420 2771 terra
1452 2734 1465 2771 :
1494 2715 1779 2778 Habemus,
1831 2714 1909 2768 in-

346 2818 474 2887 quit,
524 2815 813 2868 thesaurum
838 2814 985 2866 istum
1012 2812 1061 2864 in
1088 2810 1220 2863 vasis
1244 2808 1499 2879 ﬁctilibus,
1542 2816 1600 2859 'ut
1644 2806 1911 2860 eminentia

345 2910 404 2963 sit
428 2908 627 2963 virtutis
664 2905 756 2958 Dei
784 2903 866 2978 (Il
896 2902 1013 2958 Cor.
1043 2918 1094 2956 tv
1114 2944 1129 2966 ,
1154 2899 1241 2973 7).
1288 2901 1402 2969 lpse
1427 2908 1508 2954 est
1530 2899 1679 2967 panis
1720 2897 1807 2967 qui
1844 2896 1910 2951 de

344 2999 476 3054 cmlo
500 2996 774 3051 descendit
802 2993 996 3066 (Joan.
1027 3008 1101 3057 vr,
1133 2992 1194 3046 Η
1222 2991 1272 3063 ),
1309 2999 1365 3044 ut
1391 3006 1419 3044 e
1461 2998 1597 3043 terra
1634 2988 1908 3053 educatur,

345 3105 458 3144 cum
487 3105 584 3158 per
605 3102 876 3143 servorum
905 3099 1120 3140 suorum
1141 3098 1352 3140 carnem
1386 3081 1718 3151 prmdicatur.
1741 3078 1906 3134 Terra

347 3182 520 3238 fenum
572 3180 838 3250 producit,
867 3186 927 3232 ut
976 3192 1163 3246 panem
1221 3176 1285 3228 de
1329 3186 1469 3229 terra
1514 3172 1724 3228 educat.
1781 3172 1910 3238 Qum

254 3250 268 3271 ’
349 3283 481 3328 terra
496 3272 671 3326 fenum
689 3269 968 3341 producit?
992 3268 1175 3322 Plebes
1200 3267 1314 3334 pitu,
1336 3265 1513 3335 plebes
1530 3274 1744 3318 sancte.
1759 3262 1829 3319 Ut
1845 3262 1911 3317 de

346 3381 442 3435 qua
476 3374 617 3417 terra
646 3361 795 3430 panis
822 3358 1115 3414 educatur?
1150 3357 1375 3411 Verbum
1404 3355 1497 3410 Dei
1526 3354 1592 3409 de
1621 3353 1908 3423 Apostolis,

344 3457 409 3512 de
452 3452 905 3523 dispensatoribus
959 3451 1418 3505 Sacramcntorttm
1477 3447 1587 3509 Dei,
1635 3444 1808 3498 adhuc
1859 3444 1909 3496 itt

349 3555 487 3601 terra
512 3542 902 3599 ambulantibus
927 3582 942 3607 ,
973 3540 1145 3594 adhuc
1170 3553 1361 3608 corpus
1403 3530 1669 3605 terrenum
1699 3546 1914 3606 portan-

349 3639 502 3694 tibus.

416 3730 501 3783 15.
532 3727 680 3801 [vers.
722 3724 834 3799 15.]
864 3723 931 3778 Et
959 3726 1124 3778 vinum
1142 3724 1359 3792 limi/ica!
1387 3740 1472 3776 cor
1492 3722 1723 3776 hominis.
1744 3719 1912 3775 Nemo

348 3835 404 3876 se
425 3819 493 3874 ad
521 3819 830 3877 ebrietatem
859 3825 1037 3885 paret;
1067 3815 1172 3868 imo
1187 3830 1244 3868 se
1266 3813 1438 3866 omnis
1461 3812 1618 3864 homo
1647 3810 1710 3863 ad
1741 3810 1915 3863 ebrie-

350 3922 507 3968 tatem
562 3920 729 3979 paret.
777 3907 925 3964 Caiia:
973 3918 1086 3961 tuus
1136 3906 1385 3959 inebrians
1446 3921 1596 3974 quam
1640 3904 1912 3971 prwclarus

346 4016 418 4059 est
462 4003 644 4076 (Psal.
696 4018 844 4067 χχιι,
901 4002 1002 4069 5)!
1050 3999 1304 4053 Nolumus
1359 3996 1533 4052 dicere
1585 4012 1598 4048 :
1647 3995 1811 4048 Nemo
1857 4009 1915 4049 se

349 4098 590 4153 inebriet.
617 4094 972 4157 lnebriamini,
1002 4092 1093 4149 sed
1119 4090 1292 4145 videte
1313 4090 1473 4144 unde.
1497 4089 1551 4143 Si
1578 4104 1668 4141 vos
1692 4086 1916 4141 inebriat

352 4190 484 4243 calix
508 4186 720 4242 Domini
760 4185 1041 4255 prmclarus
1063 4226 1077 4248 ,
1112 4183 1373 4238 videbitur
1399 4182 1497 4236 ista
1548 4180 1831 4234 incbrictas
1863 4178 1913 4231 in

354 4281 595 4350 operibus
625 4279 813 4333 vestris
837 4318 854 4343 ,
882 4276 1145 4332 videbitur
1178 4275 1230 4330 in
1260 4283 1442 4328 sancto
1467 4289 1647 4327 amore
1674 4270 1912 4341 justitim,

355 4371 611 4425 videbitur
634 4383 904 4440 postremo
930 4369 982 4422 in
1012 4362 1330 4424 alienatione
1352 4369 1545 4421 mentis
1575 4374 1788 4430 vestrae,
1818 4361 1911 4415 sed

353 4477 380 4513 a
410 4462 629 4515 terrenis
659 4461 709 4513 in
741 4461 953 4515 caelum.
987 4456 1052 4513 Ut
1075 4459 1314 4512 exhilaret
1345 4458 1523 4529 faciem
1567 4458 1673 4527 ejus
1696 4456 1746 4506 in
1771 4454 1902 4507 oleo.

354 4548 519 4605 Video
545 4566 663 4619 quae
704 4559 841 4605 terra
867 4560 1118 4619 quantum
1152 4548 1375 4603 fructum
1413 4536 1697 4613 educatfsi
1724 4543 1920 4616 produ-

350 4650 435 4695 cat
455 4639 637 4694 fenum
655 4639 925 4708 iumentis.
947 4637 1060 4692 Non
1084 4639 1168 4692 isti
1185 4639 1321 4692 servi
1348 4637 1585 4692 vendunt
1602 4638 1744 4707 quod
1761 4639 1915 4704 dant;

352 4745 460 4786 non
502 4729 645 4785 enim
691 4729 994 4785 venditores
1039 4729 1308 4798 Evangelii
1349 4737 1470 4783 sunt
1513 4747 1526 4782 :
1568 4729 1728 4798 gratis
1760 4717 1916 4797 dant,

350 4823 472 4891 quia
517 4822 680 4891 gratis
708 4830 1042 4890 acceperunt.
1094 4819 1333 4875 Gaudent
1372 4820 1525 4875 bonis
1553 4822 1802 4889 operibus
1829 4838 1921 4878 ve-

351 4913 508 4977 stris;
532 4911 631 4965 hoc
651 4912 790 4965 enim
816 4911 965 4964 Vobis
992 4909 1207 4980 prodest
1230 4928 1243 4964 :
1271 4926 1374 4964 non
1402 4912 1539 4966 enim
1562 4922 1801 4980 quaerunt
1824 4912 1918 4967 da.

355 5014 464 5057 tum
485 5045 501 5068 ,
534 5002 629 5057 sed
658 5003 930 5072 requirunt
956 5001 1201 5056 fructum.
1228 5001 1361 5069 Quid
1393 5012 1472 5057 est
1510 5002 1821 5057 exhilaratio
1848 5004 1922 5057 fa-

353 5098 450 5153 ciei
480 5098 531 5152 in
559 5097 721 5151 oleo?
761 5095 936 5152 Gratia
968 5096 1092 5161 Dei,
1124 5097 1264 5149 nitor
1284 5095 1493 5163 quidam
1539 5097 1587 5149 in
1621 5095 1924 5152 manifesta-

358 5190 551 5242 tionem
577 5205 591 5251 ;
616 5188 751 5242 sicut
783 5186 909 5241 dicit
934 5186 1215 5254 Apostolus
1242 5204 1254 5239 :
1282 5185 1558 5257 Unicuique
1578 5197 1741 5240 autem
1770 5190 1922 5241 datur

357 5282 581 5353 Spiritus
622 5282 690 5335 ad
743 5281 1192 5351 manifestationem
1234 5276 1427 5348 (ἴδον.
1463 5295 1554 5343 xu,
1605 5279 1693 5350 7).
1743 5281 1922 5334 Gratia

361 5374 598 5443 qumdam
642 5389 761 5443 quin
806 5381 888 5427 est
926 5371 1199 5427 hominum
1243 5370 1307 5425 ad
1356 5371 1600 5425 homines
1629 5372 1922 5440 perspicua,

360 5465 425 5520 ad
447 5465 832 5521 conciliandum
854 5474 1088 5518 sanctum
1119 5478 1376 5525 amorem,
1407 5463 1582 5518 oleum
1626 5462 1835 5528 dicitur,
1874 5466 1924 5518 in

426 5578 441 5609 ¹
474 5585 566 5625 Am.
590 5584 661 5625 Er.
691 5583 742 5625 ct
756 5583 881 5625 Mss:
910 5574 1062 5624 Etiam
1082 5573 1268 5630 gentile,
1292 5577 1337 5620 et
1360 5570 1479 5621 nihil
1501 5572 1592 5621 huc
1616 5580 1773 5622 exeat.

428 5639 448 5670 ⁸
471 5641 541 5687 sic
564 5639 723 5702 praei.
740 5640 787 5686 ui
815 5646 916 5686 Mss.
945 5644 996 5685 At
1015 5631 1142 5684 Edd.:
1177 5645 1199 5685 t.
1216 5634 1349 5698 (quid
1376 5643 1503 5683 rorat
1523 5633 1546 5683 ζ’
1571 5631 1740 5694 utquid
1760 5634 1846 5683 huc
1874 5634 1895 5669 ⁹

1428 216 1439 231 “
1475 239 1865 295 ΕΝᾹΒΚΑἸΊΟ
1904 234 1970 290 ut
2006 220 2318 303 psmiun
2360 246 2492 302 cm.

3444 251 3585 309 i370

2030 357 2199 411 nitore
2230 359 2442 422 divino;
2475 368 2526 411 ct
2554 358 2800 427 quoniam
2828 359 3264 415 excellentissima
3288 361 3341 415 in
3371 362 3586 421 Christo

2025 447 2284 513 apparuit,
2323 455 2462 499 lotus
2500 447 2641 501 orbis
2675 463 2793 501 eum
2836 447 3037 517 diligit:
3070 452 3154 518 qui
3202 466 3320 505 cum
3349 466 3588 507 contem-

2027 550 2145 607 plus
2171 540 2255 593 hic
2283 550 2443 601 esset,
2493 538 2742 592 aduratur
2767 539 2924 593 modo
2951 541 3016 594 ab
3058 543 3196 595 omni
3225 556 3378 610 gente
3408 563 3421 596 :
3452 546 3590 609 Quo-

2025 631 2157 682 niam
2187 631 2344 700 ipsius
2381 640 2452 682 est
2492 647 2715 699 regnum,
2744 642 2791 683 et
2832 633 2940 701 ipse
2988 634 3326 687 dominabitur
3369 639 3585 706 gentium

2028 721 2201 793 (Psal.
2237 738 2345 782 χχι,
2374 722 2498 791 29).
2533 722 2696 776 Tanta
2724 732 2803 776 est
2828 726 2965 777 enim
2993 724 3106 793 ejus
3127 727 3314 793 gratia,
3345 738 3399 781 ut
3432 730 3581 782 multi

2023 812 2108 877 qui
2141 813 2192 865 in
2220 828 2339 866 eum
2367 829 2467 865 non
2513 812 2753 876 credunt,
2795 813 3007 868 laudent
3035 830 3154 868 cum
3176 858 3190 881 ,
3220 811 3579 886 et‘pmpterca
3657 865 3669 873 .

2022 904 2200 956 dicant
2226 905 2364 957 nolle
2392 921 2450 957 sc
2479 905 2527 956 in
2558 920 2676 957 cum
2708 905 2945 970 credere,
2969 906 3086 972 quia
3107 922 3261 960 nemo
3284 919 3456 977 potest
3484 912 3580 962 im-

2023 995 2167 1064 plcre
2191 994 2327 1064 quod
2351 994 2517 1061 jubet.
2545 994 3220 1063 Laudandoimpediuntur,
3254 1000 3408 1065 quiin
3440 1000 3584 1052 illum

2022 1086 2366 1154 vituperando
2408 1087 2712 1140 satviebant.
2761 1088 2978 1141 Amatur
3018 1097 3188 1140 tamen
3219 1090 3283 1141 ab
3312 1093 3576 1153 onmihnq,

2022 1176 2334 1243 prmdicatur
2353 1177 2418 1227 ab
2439 1176 2682 1230 omnibus
2702 1192 2716 1241 ;
2740 1176 2859 1246 quia
2882 1177 3205 1231 excellenter
3232 1192 3437 1241 unctus,
3465 1180 3583 1232 ideo

2019 1266 2276 1318 Christus.
2313 1266 2552 1319 Christus
2593 1267 2731 1319 enim
2761 1276 2949 1335 unctus
2973 1308 2985 1325 ,
3019 1281 3046 1319 a
3094 1266 3376 1320 chrismate
3415 1268 3585 1324 dictus

2019 1354 2275 1409 Christus.
2305 1356 2517 1410 Messias
2535 1356 2795 1421 hebraice,
2821 1373 2990 1425 grmce
3008 1356 3264 1421 Christus,
3294 1358 3397 1412 lati:
3424 1375 3452 1412 e
3477 1360 3587 1413 Un-

2017 1454 2134 1500 ctus
2160 1464 2172 1498 :
2198 1447 2288 1500 sed
2318 1462 2508 1515 corpus
2539 1462 2688 1501 suum
2715 1458 2878 1501 totum
2906 1449 3201 1516 peruuguit.
3224 1448 3421 1501 Omnes
3450 1465 3575 1518 ergo

2017 1538 2291 1593 venientes
2314 1539 2575 1608 accipiunt
2595 1539 2850 1608 gratiam,
2884 1548 2936 1591 ut
2975 1540 3299 1592 exhilaretur
3340 1539 3499 1595 facies
3531 1542 3581 1594 in

2017 1631 2157 1684 oleo.

2089 1723 2172 1801 id.
2207 1721 2275 1775 Et
2308 1724 2453 1794 panis
2491 1739 2578 1776 cor
2624 1723 2837 1775 hominis
2863 1723 3145 1790 confirmat.
3179 1721 3312 1789 Quid
3338 1731 3422 1775 est
3447 1723 3579 1789 hoc,

2016 1812 2200 1867 fratres
2216 1813 2407 1881 ?Quasi
2421 1815 2589 1883 coegit
2609 1814 2822 1884 intelligi
2843 1813 2908 1867 de
2920 1830 3023 1882 quo
3043 1829 3173 1882 pane
3189 1813 3405 1867 diceret.
3428 1814 3584 1867 Panis

2015 1907 2154 1960 enim
2198 1906 2295 1960 istc
2347 1906 2565 1959 visibilis
2622 1907 2949 1959 stomachum
2993 1903 3301 1962 confirmat.
3342 1913 3581 1958 ventrem

2014 1997 2291 2053 Confirmat
2323 2009 2445 2071 :gest
2474 1998 2607 2051 alius
2638 1998 2784 2065 panis
2829 1996 2915 2066 qui
2956 2011 3049 2051 eor
3095 1999 3407 2059 Confirmat,
3462 1998 3581 2063 quia

2014 2092 2164 2159 panis
2208 2099 2290 2145 est
2311 2090 2504 2143 cordis.
2538 2088 2652 2142 Jam
2680 2088 2822 2141 enim
2844 2087 3042 2141 dixerat
3065 2086 3130 2139 de
3157 2102 3290 2154 pane
3316 2085 3578 2154 superius,

2016 2179 2085 2237 Ut
2111 2182 2285 2233 educat
2307 2197 2483 2248 panem
2504 2180 2566 2232 de
2587 2189 2718 2232 terra
2738 2219 2753 2243 ,
2782 2178 2873 2231 sed
2904 2192 3004 2229 non
3029 2177 3228 2229 dixerat
3245 2176 3412 2243 qualis
3433 2176 3581 2244 panis

2011 2275 2079 2328 sit
2102 2273 2205 2326 ille.
2229 2271 2297 2324 Et
2327 2270 2726 2336 vinumlteti/icat
2746 2285 2831 2321 cor
2854 2267 3086 2320 hominis.
3114 2265 3331 2319 Videtur
3358 2266 3464 2332 jam
3497 2264 3580 2315 di-

2012 2379 2133 2418 cere
2166 2363 2231 2415 de
2260 2361 2512 2431 spirituali
2538 2360 2696 2421 vino;
2726 2374 2843 2411 nam
2885 2357 2932 2409 id
2964 2356 3188 2409 lmtilicat
3211 2370 3304 2408 cor
3332 2354 3581 2408 hominis.

2013 2458 2113 2512 Sed
2129 2456 2301 2510 adhuc
2321 2462 2530 2523 putetur
2544 2452 2610 2506 de
2630 2452 2752 2504 vino
2767 2451 2866 2503 isto
2879 2448 3004 2514 diei,
3024 2448 3142 2517 quia
3157 2446 3284 2500 ebrii
3308 2446 3453 2515 quasi
3477 2443 3583 2498 laeti

2012 2545 2425 2602 cordcvidentur
2439 2556 2714 2611 apparere.
2732 2540 2939 2595 Utinam
2958 2539 3217 2599 laetentur,
3234 2542 3287 2589 et
3301 2550 3402 2588 non
3418 2536 3585 2588 rixen-

2014 2650 2117 2695 tur.
2152 2639 2290 2693 Dicis
2316 2636 2443 2690 mihi
2477 2632 2642 2702 :Quid
2666 2633 2835 2686 lmtius
2854 2630 3047 2684 ebrio?
3078 2628 3186 2682 lmo
3211 2627 3333 2696 quid
3353 2627 3584 2681 insanius

2016 2729 2165 2785 ebrio
2178 2729 2202 2781 ’ἴ
2234 2727 2371 2797 quid~
2394 2727 2704 2796 plermnque
2731 2722 3073 2776 iracundius?
3119 2722 3211 2774 Est
3248 2735 3377 2789 ergo
3404 2719 3578 2771 vinum

2016 2821 2157 2893 quod
2180 2836 2305 2875 vere
2335 2818 2563 2873 laetiﬁcat
2585 2833 2697 2883 cor,
2729 2824 2784 2870 et
2809 2831 2910 2869 non
2942 2814 3087 2867 novit
3114 2812 3253 2866 aliud
3277 2813 3374 2865 nisi
3410 2810 3581 2864 Iattifi-

2016 2928 2141 2967 care
2166 2928 2278 2967 cor.
2305 2910 2407 2965 Sed
2440 2925 2506 2963 ne
2536 2917 2688 2977 putes
2711 2907 2815 2961 hoc
2842 2906 3051 2975 quidem
3076 2905 3141 2958 de
3167 2903 3424 2974 Spirituali
3452 2904 3575 2956 vino

2016 3006 2211 3062 debere
2236 3004 2422 3071 accipi,
2449 3001 2515 3057 de
2555 3002 2644 3055 illo
2669 3014 2805 3069 pane
2833 3009 3006 3052 autem
3047 3013 3148 3051 non
3176 3014 3190 3062 ;
3219 2996 3358 3064 quod
3389 3004 3441 3048 et
3473 2994 3585 3061 ipse

2018 3095 2301 3166 spiritualis
2346 3096 2449 3159 sit,
2479 3091 2723 3161 exposuit
2769 3099 2821 3144 et
2850 3088 3019 3158 ipsum
3055 3105 3067 3141 :
3097 3086 3163 3140 Et
3190 3087 3332 3156 panis
3356 3127 3370 3150 ,
3395 3084 3582 3152 inquit,

2017 3206 2103 3243 cor
2125 3186 2338 3239 hominis
2367 3184 2650 3251 conﬁrmat.
2685 3181 2823 3250 Ergo
2849 3179 2925 3234 sic
2945 3179 3124 3248 accipe
3153 3177 3219 3230 de
3264 3191 3416 3245 pane,
3444 3184 3581 3243 quo-

2019 3279 2174 3333 modo
2195 3276 2389 3343 accipis
2423 3275 2489 3328 de
2519 3274 2675 3335 vino;
2710 3272 2849 3325 intus
2877 3269 3040 3333 esuri,
3093 3269 3233 3322 intus
3260 3266 3344 3320 siti
3380 3283 3392 3319 :
3433 3263 3577 3318 Beati

2018 3373 2156 3426 enim
2185 3375 2269 3440 qui
2307 3369 2528 3423 esuriant
2558 3377 2601 3418 et
2627 3364 2798 3418 sitiunt
2814 3363 3090 3433 justitiam,
3127 3361 3246 3428 quia
3272 3359 3369 3426 ipsi
3387 3368 3588 3409 satura-

2018 3465 2201 3519 buntur
2227 3461 2434 3534 (Matth.
2464 3475 2518 3525 v,
2549 3459 2637 3525 6).
2670 3455 2823 3510 Panis
2851 3455 2936 3508 ille
2958 3452 3155 3522 justitia
3184 3459 3284 3514 est,
3312 3449 3488 3501 vinum
3517 3446 3586 3499 il—

2017 3557 2105 3610 lud
2148 3554 2348 3624 justilia
2398 3561 2478 3605 est
2526 3568 2539 3603 :
2589 3548 2786 3602 veritas
2828 3555 2929 3606 est,
2981 3543 3173 3597 veritas
3214 3540 3454 3594 Christus
3508 3544 3590 3590 cst

2021 3645 2195 3719 (Joan.
2228 3660 2337 3707 xw,
2367 3641 2461 3719 6).
2488 3640 2599 3711 Ego
2628 3655 2739 3693 sum
2763 3678 2778 3703 ,
2812 3635 3013 3704 inquit,
3044 3634 3187 3703 panis
3216 3632 3369 3717 virus,
3401 3630 3486 3697 qui
3527 3629 3589 3681 de

2018 3738 2139 3791 cazlo
2182 3734 2415 3788 descendi
2462 3733 2481 3800 (
2510 3731 2593 3783 Id.
2648 3745 2719 3791 vt,
2752 3728 2810 3781 «ii
2837 3726 2890 3796 );
2935 3734 3008 3788 et,
3042 3723 3149 3793 Ego
3198 3738 3306 3775 sum
3342 3721 3472 3782 vitis,
3502 3736 3588 3771 vos

2018 3839 2269 3885 sarmenta
2299 3826 2425 3898 (Id.
2470 3840 2560 3887 xv,
2601 3823 2692 3891 5).
2736 3820 2803 3872 Et
2845 3818 2989 3890 panis
3017 3832 3103 3869 cor
3149 3814 3359 3866 hominis
3403 3811 3586 3876 con/ir-

2020 3932 2173 4071 maltii.
2205 4013 2352 4086 [vers.
2386 4007 2495 4079 16.]
2523 4001 3008 4071 Sntiabnnturligna
3033 3997 3198 4067 campi
3234 4012 3251 4049 :
3289 3994 3381 4047 sed
3402 3993 3467 4047 de
3489 3994 3586 4044 ista

2020 4108 2187 4178 gratia
2208 4084 2417 4159 veducta
2461 4101 2527 4153 de
2558 4109 2718 4151 terra.
2748 4094 2910 4165 Ligna
2935 4090 3119 4158 campi,
3152 4086 3330 4157 plebes
3359 4084 3583 4154 populo-

2022 4174 2157 4256 rum.
2192 4198 2255 4252 Et
2299 4194 2434 4249 cedri
2467 4191 2644 4245 Libani
2682 4204 2806 4255 quas
2858 4181 3120 4255 plantavit.
3161 4176 3318 4232 Cedri
3365 4174 3584 4239 Libani,

2022 4300 2266 4361 potentes
2280 4289 2333 4343 in
2359 4286 2574 4347 smculo,
2597 4292 2650 4336 et
2670 4279 2766 4347 ipsi
2786 4275 3129 4330 satiabuntur.
3156 4267 3398 4324 Pervenit
3418 4266 3585 4334 panis,

2022 4355 2075 4437 et
2104 4382 2298 4443 vinum,
2343 4386 2395 4432 et
2429 4376 2603 4429 oleum
2631 4368 2824 4425 Christi
2864 4366 2928 4419 ad
2959 4371 3251 4424 senatores,
3280 4357 3342 4410 ad
3367 4355 3587 4417 nobiles,

2023 4473 2087 4527 ad
2115 4485 2296 4541 reges;
2328 4468 2513 4522 satiata
2539 4472 2661 4517 sunt
2696 4462 2831 4525 ligna
2854 4454 3044 4523 campi.
3076 4452 3229 4506 Prius
3262 4447 3486 4503 humiles
3506 4461 3592 4500 sa-

2026 4566 2135 4619 tiati
2161 4539 2302 4623 sunt,
2326 4558 2515 4613 drinde
2539 4557 2693 4609 etiam
2719 4550 2860 4605 cedri
2884 4545 3088 4609 Libani,
3113 4542 3204 4597 scd
3236 4558 3359 4611 quas
3395 4539 3592 4608 planta-

2025 4656 2092 4710 vit
2127 4655 2239 4724 ipse
2283 4670 2297 4705 :
2337 4652 2441 4720 pia:
2474 4650 2489 4680 ¹
2519 4632 2703 4707 cedri,
2747 4639 2974 4710 religiosi
3024 4636 3231 4691 fideles:
3272 4632 3401 4684 tales
3451 4631 3591 4682 enim

2027 4717 2299 4817 plantavit.
2329 4717 2460 4796 Nam
2487 4748 2539 4792 et
2561 4734 2704 4804 impii
2730 4742 2849 4785 sunt
2880 4728 3021 4782 cedri
3055 4722 3259 4787 Libani,
3292 4721 3434 4791 quia,
3463 4717 3594 4771 Con-

2027 4808 2147 4895 ieret
2190 4835 2435 4891 Dominus
2487 4830 2659 4883 cedrus
2709 4824 2888 4878 Libani
2919 4822 2934 4890 (
2960 4819 3105 4872 Psal.
3157 4826 3315 4870 xxt'ttt
3339 4855 3353 4878 ,
3385 4812 3418 4865 5
3439 4809 3481 4881 ).
3508 4808 3584 4862 Li-

2026 4932 2195 4987 banus
2224 4928 2362 4982 enim
2392 4936 2544 4976 mons
2569 4929 2687 4982 est;
2715 4916 2783 4969 ibi
2816 4916 2928 4968 istm
2951 4911 3166 4965 arbores
3206 4907 3363 4960 etiam
3403 4914 3593 4955 secun-

2028 5008 2150 5076 dum
2181 5019 2406 5072 litteram
2450 5008 2813 5065 annosissinue
2853 4988 3067 5058 suntet
3110 4991 3590 5053 excellentissime.

2031 5111 2259 5166 Libanus
2284 5114 2461 5160 autem
2490 5103 2882 5169 interpretatur,
2914 5092 3043 5145 sicut
3072 5088 3294 5157 legimus
3319 5082 3369 5134 in
3398 5080 3476 5135 eis
3496 5078 3589 5169 qui

2032 5192 2129 5255 isia
2149 5197 2493 5266 scripserunt,
2520 5168 2853 5246 Candidatio.
2885 5184 3118 5238 Libanus
3144 5175 3337 5231 dicitur
3356 5168 3598 5225 candida.

2033 5297 2150 5349 tio:
2204 5292 2414 5346 videtur
2459 5296 2632 5342 autent
2683 5278 2978 5337 Candidatio
3030 5287 3147 5325 esse
3191 5264 3369 5322 saeculi
3417 5261 3593 5329 hujus,

2032 5385 2190 5441 modo
2224 5381 2436 5436 nitentis
2468 5368 2529 5433 iet
2577 5372 2821 5440 fulgentis
2848 5370 2897 5422 in
2951 5361 3159 5435 pompis
3201 5356 3330 5411 suis.
3370 5351 3504 5408 Sunt
3527 5349 3596 5402 ibi

2033 5476 2175 5535 cedri
2206 5471 2389 5528 Libani
2414 5484 2543 5539 quas
2574 5463 2823 5535 plantavit
2856 5456 3144 5526 Dominus;
3175 5449 3301 5518 ipsa:
3328 5442 3600 5500 satiabun-

2101 5636 2114 5663 ί
2147 5629 2252 5677 tidd.
2277 5626 2499 5675 omittunt
2524 5630 2707 5672 vocent,
2732 5614 2841 5677 piat.
