3984 6204
385 274 518 331 1571

383 503 484 540 non
504 487 746 557 plantavit
769 485 920 538 Pater
937 499 1093 549 meus,
1115 481 1448 536 eradicabitur
1476 481 1686 554 (Matth.
1713 499 1802 547 xv,
1825 483 1890 537 1⁸5
1905 483 1946 552 ).

386 577 452 632 Et
471 579 607 631 cedri
633 577 810 630 Libani
837 592 958 644 quas
986 575 1251 643 plantavit.

454 671 535 723 l6.
564 666 710 739 [τετε.
742 663 853 736 17.]
882 663 997 718 Illic
1011 682 1236 733 passeres
1261 665 1608 733 uidi/icabunt.
1633 663 1826 718 Fulicte
1859 666 1952 717 do-

378 776 490 813 mus
519 759 625 811 dua:
649 766 720 810 est
744 773 935 811 eorum.
966 755 1068 813 Ubi
1095 771 1336 826 passeres
1361 756 1744 810 nidiﬁcahunt?
1772 755 1827 808 In
1856 770 1948 813 ce—

380 852 490 905 dris
516 848 721 904 Libani.
765 848 879 903 Jam
924 845 1219 902 audivimus
1243 863 1360 918 qua:
1407 846 1514 902 sint
1552 846 1698 902 cedri
1741 845 1947 911 Libani,

379 939 585 994 nobiles
611 938 809 1001 szeculi,
839 937 1029 993 excelsi
1048 953 1260 1008 genere,
1288 936 1474 1006 opibus
1501 976 1516 997 ,
1541 936 1827 990 honoribus
1855 953 1868 987 :
1898 944 1952 990 et

381 1030 508 1096 ipsa:
533 1028 676 1083 eedri
702 1029 977 1093 satiantur,
1019 1028 1122 1082 illa:
1152 1037 1324 1082 tamen
1351 1042 1483 1097 quas
1511 1027 1767 1097 plantavit
1805 1026 1940 1096 ipse.

379 1119 438 1174 lu
469 1119 551 1175 his
586 1119 759 1175 cedris
795 1135 1035 1191 passeres
1065 1119 1350 1174 nidiﬁcant.
1376 1119 1474 1186 Qui
1517 1127 1639 1172 sunt
1665 1117 1946 1190 passeres?

382 1213 524 1268 Aves
549 1212 760 1282 quidem
800 1223 854 1266 et
873 1212 1105 1284 vqlatilia
1131 1211 1247 1266 caeli
1274 1219 1398 1268 sunt
1441 1226 1701 1279 passeres,
1724 1210 1818 1267 sed
1847 1211 1947 1265 mi-

385 1314 510 1358 nuta
541 1304 771 1358 volatilia
803 1304 973 1358 solent
995 1303 1096 1357 dici
1131 1316 1392 1372 passeres.
1431 1300 1564 1356 Stmt
1588 1317 1713 1370 ergo
1736 1301 1950 1372 quidam

380 1394 683 1462 spirituales
714 1393 1043 1447 nidiﬁcantes
1073 1393 1124 1447 in
1159 1391 1331 1447 cedris
1358 1391 1541 1446 Libani
1573 1409 1585 1445 :
1618 1391 1668 1447 id
1696 1403 1794 1458 est,
1824 1401 1948 1446 sunt

383 1484 599 1553 quidam
626 1485 762 1538 servi
789 1483 880 1539 Dei
902 1483 1174 1538 audientes
1199 1483 1249 1536 in
1281 1482 1588 1552 Evangelio,
1617 1482 1822 1537 Dimitte
1845 1500 1950 1536 om-

383 1575 470 1628 nia
489 1585 594 1639 tua,
615 1575 718 1637 vel,
745 1575 897 1629 vende
934 1575 1101 1628 omnia
1125 1583 1231 1639 tua,
1260 1585 1309 1628 et
1329 1574 1396 1627 da
1422 1573 1755 1643 pauperibus,
1787 1585 1831 1627 et
1859 1575 1953 1628 ha-

383 1665 518 1720 bebis
538 1667 827 1721 thesaurum
845 1666 898 1719 in
927 1665 1100 1730 uelis;
1125 1676 1170 1718 et
1199 1665 1328 1730 veni,
1371 1682 1573 1732 sequere
1596 1683 1671 1720 me
1697 1665 1804 1738 (Id.
1835 1681 1967 1730 xix,

381 1759 448 1814 ‘21
479 1758 518 1828 )~.
542 1759 606 1812 Et
628 1773 731 1812 non
760 1744 958 1811 tantum
985 1756 1084 1812 hoc
1110 1757 1389 1811 audierunt
1415 1757 1607 1828 magni,
1640 1759 1732 1812 sed
1762 1757 1948 1812 audie-

385 1859 508 1904 runt
535 1857 588 1904 et
618 1849 783 1917 parvi,
806 1859 858 1903 et
879 1847 1157 1902 voluerunt
1183 1847 1283 1902 hoc
1305 1847 1475 1902 facere
1498 1856 1551 1901 et
1572 1848 1736 1916 parvi,
1764 1855 1953 1901 etesse

381 1939 707 2007 spirituales;
733 1953 835 1992 non
849 1939 994 2008 juugi
1021 1938 1292 2002 uxoribus,
1323 1953 1424 1991 non
1454 1939 1707 1992 macerari
1733 1953 1860 1992 cura
1889 1936 1951 1990 li-

385 2031 596 2093 liorum,
645 2045 746 2083 non
778 2029 972 2082 habere
999 2031 1236 2098 preprias
1269 2027 1424 2084 sedes
1450 2026 1639 2097 quibus
1665 2027 1953 2097 deligaren-

387 2130 493 2187 tur,
521 2120 612 2175 sed
641 2121 716 2174 ire
743 2121 793 2173 iu
825 2120 982 2173 vitam
1016 2119 1296 2188 quamdam
1324 2132 1676 2172 communem.
1708 2115 1810 2170 Sed
1829 2116 1952 2185 quid

381 2213 695 2268 dimiserunt
724 2212 807 2266 isti
853 2225 1094 2280 passeres
1131 2211 1155 2264 ?
1204 2209 1384 2263 Minuti
1427 2209 1567 2263 enim
1593 2208 1766 2262 sa'culi
1797 2207 1952 2276 hujus

380 2319 623 2374 passeres
650 2303 910 2358 videntur.
959 2300 1093 2369 Quid
1140 2300 1490 2355 dimiserunt?
1533 2299 1656 2369 quid
1699 2315 1948 2368 magnum

379 2395 734 2450 dimiserunt?
774 2394 922 2449 Alius
957 2407 1015 2447 se
1044 2392 1322 2456 convertit,
1351 2391 1548 2446 dimisit
1573 2391 1755 2445 cellam
1783 2390 1952 2460 palris

381 2486 461 2540 sui
481 2485 714 2553 inopem,
745 2485 831 2538 vix
879 2499 1044 2537 unum
1071 2483 1264 2536 lectum
1297 2490 1352 2536 et
1394 2497 1550 2535 unam
1580 2496 1778 2534 arcam.
1805 2479 1948 2534 Con-

383 2577 540 2632 vertit
568 2591 626 2631 se
651 2585 850 2641 tamen,
881 2575 1046 2630 factus
1072 2573 1154 2628 est
1179 2588 1379 2644 passer,
1418 2573 1659 2643 quazsivit
1697 2573 1952 2642 spiritua-

383 2667 474 2722 lia.
509 2668 671 2732 Bene,
700 2667 927 2736 optime;
951 2681 1054 2721 nou
1082 2665 1155 2718 illi
1186 2664 1652 2726 insultemus,.non
1677 2663 1951 2732 dicamus:

386 2759 526 2813 Nihil
567 2758 831 2813 dimisisti.
857 2757 971 2812 Non
999 2754 1265 2827 superbiat
1285 2754 1371 2826 qui
1399 2754 1561 2809 multa
1600 2753 1815 2808 dimisit.
1855 2754 1954 2810 Pe-

383 2858 497 2905 trus
524 2859 580 2904 ut
607 2857 918 2920 sequeretur
947 2848 1252 2910 Dominum,
1288 2846 1530 2901 novimus
1553 2845 1692 2915 quod
1727 2845 1955 2915 piscator

276 2993 293 3005 ,
381 2950 515 3007 erat,
541 2939 664 3011 quid
694 2941 861 3011 potuit
887 2939 1184 2994 dimittere?
1201 2937 1292 2993 Vel
1322 2936 1484 2992 frater
1529 2935 1644 3004 ejus
1693 2935 1952 3000 Andreas,

383 3034 464 3088 vel
483 3032 570 3086 ﬁlii
599 3031 837 3087 Zebedaei
862 3030 1094 3086 Joannes
1113 3037 1166 3084 et
1191 3029 1439 3089 Jacohus,
1470 3027 1629 3080 etiam
1658 3026 1756 3096 ipsi
1786 3027 1954 3094 pisca-

382 3135 526 3181 tores
550 3114 767 3196 (Ιιι.ἰν.
798 3125 885 3190 18,
915 3123 978 3177 2|
999 3121 1017 3194 )
1042 3138 1058 3186 ;
1090 3131 1143 3177 et
1167 3131 1340 3175 tamen
1375 3119 1496 3188 quid
1519 3117 1797 3172 dixerunt?
1826 3116 1956 3170 Ecce

385 3234 477 3271 nos
498 3217 776 3270 dimisimus
802 3215 991 3280 omnia,
1011 3223 1056 3267 et
1080 3213 1235 3267 secuti
1258 3228 1426 3264 sumus
1452 3220 1498 3262 te
1523 3208 1644 3280 (Id.
1673 3224 1757 3262 χιχ
1778 3249 1792 3271 ,
1812 3208 1890 3262 37

385 3309 500 3364 Non
525 3308 576 3362 ei
601 3308 731 3361 dixit
753 3307 1004 3359 Dominus
1034 3321 1047 3356 :
1076 3304 1279 3358 Oblitus
1300 3317 1358 3355 es
1388 3308 1744 3370 paupertatem
1767 3307 1906 3352 tuam
1935 3315 1950 3362 ;

383 3399 511 3469 quid
557 3398 799 3453 dimisisti
842 3405 898 3450 ut
920 3404 1087 3450 totum
1129 3392 1380 3448 mundum
1409 3391 1715 3460 acciperes?
1740 3389 1956 3444 Multum

383 3490 602 3553 dimisit,
627 3489 813 3543 fratres
839 3487 966 3549 mei,
1013 3486 1237 3540 multum
1264 3482 1484 3548 dimisit,
1516 3481 1604 3550 qui
1638 3496 1742 3534 non
1783 3481 1952 3534 solum

383 3583 587 3638 dimisit
612 3579 862 3650 quidquid
884 3577 1126 3639 habebat,
1161 3574 1254 3630 sed
1280 3573 1438 3629 etiam
1468 3570 1722 3642 quidquid
1763 3570 1958 3626 habere

384 3671 651 3743 cupiebat.
702 3669 832 3738 Quis
870 3668 1010 3724 enim
1056 3681 1254 3737 pauper
1284 3678 1388 3718 non
1433 3661 1689 3732 turgescit
1715 3660 1767 3714 iu
1808 3673 1958 3728 spem

389 3766 566 3823 szeculi
596 3764 789 3834 hujus?
839 3762 959 3832 quis
1006 3775 1110 3814 non
1139 3755 1375 3828 quotidie
1420 3754 1565 3824 cupit
1599 3767 1790 3822 augere
1819 3749 1961 3821 quod

391 3855 585 3912 habet?
614 3854 714 3908 Ista
730 3851 988 3922 cupiditas
1014 3847 1232 3919 prmeisa
1255 3853 1337 3900 est
1368 3861 1382 3898 :
1411 3842 1519 3897 ibat
1545 3842 1596 3896 in
1623 3841 1958 3904 immensum,

389 3949 594 4019 accepit
629 3945 866 4010 modum,
893 3952 949 4000 et
976 3943 1106 3998 nihil
1150 3940 1426 3996 dimissum
1471 3937 1591 3993 est?
1621 3937 1846 3990 Prorsus
1876 3943 1962 3988 to-

393 4054 500 4096 tum
527 4039 779 4096 mundum
813 4037 1012 4092 dimisit
1049 4037 1238 4090 Petrus
1259 4075 1274 4099 ,
1304 4044 1357 4088 et
1389 4041 1556 4087 totum
1585 4029 1838 4084 mundum
1867 4029 1963 4083 Pe-

394 4145 506 4187 trus
533 4131 754 4200 accepit.
806 4128 965 4196 Quasi
1013 4126 1138 4180 nihil
1169 4125 1443 4183 habentes.
1489 4131 1543 4176 et
1584 4120 1760 4175 omnia
1789 4120 1964 4190 possi-

396 4224 584 4278 dentes
635 4220 716 4294 (ll
761 4218 877 4274 Cor.
921 4233 996 4282 v1,
1050 4215 1177 4286 10).
1221 4214 1445 4268 Faciunt
1471 4211 1570 4266 hoc
1594 4210 1742 4264 multi
1803 4227 1816 4263 :
1863 4209 1962 4264 ista

367 4314 590 4368 ‘f'aciunt
611 4310 698 4380 qui
723 4323 909 4380 parum
938 4306 1162 4367 habent,
1191 4311 1246 4358 et
1268 4302 1505 4366 veniunt,
1537 4310 1590 4355 et
1621 4302 1752 4354 ﬁunt
1777 4314 1963 4370 passe-

398 4419 482 4458 res
507 4403 680 4457 utiles.
703 4398 883 4454 Minuti
909 4395 1169 4459 videntur,
1193 4393 1316 4463 quia
1345 4408 1447 4445 non
1490 4392 1684 4446 habent
1728 4389 1964 4444 altitudi-

397 4509 516 4548 nem
537 4489 802 4562 dignitatis
823 4487 1089 4561 s:pcularis
1119 4503 1133 4539 :
1165 4483 1432 4538 nidificant
1461 4483 1514 4536 in
1543 4482 1715 4536 cedris
1759 4481 1962 4536 Libani.

399 4584 606 4638 Etenim
637 4591 690 4638 et
714 4579 859 4636 cedri
895 4578 1115 4643 Libani,
1146 4575 1350 4630 nobiles
1379 4583 1432 4628 et
1471 4575 1660 4629 divites
1683 4583 1738 4628 et
1770 4573 1966 4628 excelsi

400 4677 558 4745 hujus
591 4673 798 4738 saeculi,
827 4670 1075 4740 quoniam
1119 4683 1240 4722 cum
1269 4666 1456 4720 timore
1480 4664 1734 4730 audiunt,
1784 4663 1968 4718 Beatus

397 4769 482 4834 qui
509 4764 740 4832 intelligit
765 4777 918 4832 super
936 4776 1144 4831 egenum
1171 4768 1217 4812 et
1246 4772 1551 4828 pauperem;
1576 4753 1857 4809 attendunt
1883 4769 1969 4809 res

397 4871 542 4922 suas,
560 4854 711 4908 villas
730 4867 872 4916 suos,
894 4859 947 4906 et
966 4865 1150 4905 omnes
1162 4846 1456 4918 superﬂuas
1474 4845 1671 4914 copias,
1694 4845 1883 4914 quibus
1899 4844 1970 4897 vi-

395 4949 586 5003 dentur
599 4942 816 5007 excelsi,
837 4950 890 4996 et
905 4939 1142 5010 pra-bent
1157 4939 1271 4992 illas
1292 4937 1458 4990 servis
1475 4936 1598 5001 Dei;
1637 4935 1765 4989 dant
1792 4949 1966 5004 agros,

396 5040 526 5093 dant
545 5037 744 5100 hortos,
763 5032 1023 5088 :ediﬁcant
1057 5030 1325 5094 ecclesias,
1359 5027 1692 5090 monasteria,
1722 5027 1972 5095 colligunt

401 5143 664 5200 passeres,
686 5137 741 5181 ut
767 5127 817 5180 in
844 5123 1018 5179 cedris
1043 5121 1225 5176 Libani
1257 5120 1528 5175 nidiﬁccnt
1554 5134 1812 5188 passeres.
1833 5117 1971 5186 Ergo

405 5221 664 5274 satiantur
686 5217 823 5270 cedri
854 5216 870 5246 ί
902 5213 1080 5267 Libani
1098 5229 1222 5283 quas
1239 5211 1478 5280 plantavit
1498 5211 1764 5273 Dominus,
1789 5219 1842 5264 ct
1869 5209 1972 5262 illic

407 5327 626 5379 passeres
643 5307 991 5375 nidiﬁcabuut.
1016 5303 1284 5358 Attendite
1303 5311 1462 5356 totam
1483 5312 1698 5366 terram,
1721 5301 1882 5354 sinon
1902 5300 1973 5354 ita

403 5411 506 5457 est.
535 5401 603 5457 Ut
631 5402 876 5470 loquerer
900 5400 1019 5463 ista,
1053 5411 1156 5450 non
1179 5395 1348 5448 solum
1375 5391 1596 5458 credidi,
1625 5391 1718 5446 sed
1744 5399 1797 5445 et
1827 5391 1969 5455 vidi;

411 5491 556 5546 dedit
581 5491 709 5544 mihi
735 5491 1057 5544 intellectum
1086 5488 1252 5555 ipsum
1279 5485 1721 5553 experimentum.
1752 5481 1974 5535 luterro-

411 5593 534 5660 gate
563 5583 843 5634 latissimas
870 5589 1038 5634 terras
1085 5579 1171 5648 qui
1204 5578 1368 5632 nostis
1394 5619 1408 5642 ,
1437 5584 1489 5630 et
1518 5574 1692 5628 videte
1739 5574 1788 5625 iu
1818 5588 1975 5642 quam

474 5698 488 5716 '
511 5683 716 5747 Sicatss.
747 5698 798 5739 At
821 5691 947 5738 add;
980 5700 1199 5738 lasset-cs
1230 5701 1342 5748 ergo
1361 5686 1591 5737 satiantur
1617 5683 1791 5735 cedris.

1612 270 1670 326 S.
1713 267 2070 326 AUGUSTlNl
2112 271 2405 331 EPISCOPI

379 401 468 447 tur
480 406 612 463 quas
638 391 886 463 plantavit
915 390 1186 446 Dominus.
1216 387 1345 443 Nam
1370 390 1543 452 arbor,
1568 388 1764 459 inquit,
1792 406 1943 459 quam
1985 389 1999 400 '

3483 273 3628 330 1372

2058 390 2236 445 multis
2280 391 2452 446 cedris
2489 389 2670 446 Libani
2702 408 2940 463 passeres
2969 393 3070 460 illi,
3107 393 3174 448 dc
3195 393 3384 461 quibus
3409 392 3625 448 locutus

2051 497 2189 545 sum,
2212 482 2501 538 nidiﬁcant.
3175 481 3179 484 ’

2123 573 2210 628 l7.
2241 571 2345 628 Sed
2377 583 2571 638 tamen,
2601 573 2789 630 fratres
2817 575 2943 640 mei,
2977 575 3074 645 ipsi
3102 590 3346 645 passeres
3383 575 3426 628 si
3456 574 3619 645 Spiri-

2051 663 2217 718 tuales
2245 672 2386 726 sunt,
2430 665 2668 734 quamvis
2702 665 2970 720 nidiﬁcent
2996 666 3046 719 iu
3075 665 3246 720 cedris
3270 665 3480 728 Libani,
3513 683 3620 720 non

2054 771 2148 823 pro
2184 771 2375 826 magno
2415 756 2612 811 habere
2657 757 2854 812 debent
2880 757 3068 812 cedros
3111 757 3318 823 Libani,
3351 767 3402 812 et
3436 744 3635 827 νημαι-ρ’

2054 846 2173 901 illos
2217 863 2335 902 esse
2397 849 2716 916 superiores,
2763 864 2790 901 a
2845 849 3034 918 quibus
3083 864 3268 904 eorum
3323 852 3624 903 necessaria

2053 938 2401 1007 complentur.
2455 940 2701 995 Passeres
2743 940 2884 995 enim
2933 949 3093 1002 sunt;
3128 941 3229 994 illa:
3268 951 3442 995 autem
3473 937 3620 994 cedri

2053 1031 2238 1088 Libani
2283 1041 2424 1086 sunt.
2476 1033 2614 1103 Ergo
2643 1033 2811 1104 fulica:
2850 1033 3027 1086 domus
3067 1033 3175 1088 τινα
3209 1043 3282 1086 est
3322 1049 3618 1102 passerum.

2053 1121 2303 1188 Quamvis
2333 1122 2382 1174 in
2409 1122 2584 1176 cedris
2605 1123 2790 1177 Libani
2818 1124 3085 1179 nidiﬁcent
3106 1139 3368 1193 passeres,
3401 1140 3503 1178 non
3536 1133 3618 1177 ta-

2059 1226 2180 1265 men
2207 1211 2349 1266 cedri
2375 1211 2558 1267 Libani
2599 1213 2762 1268 duces
2793 1225 2916 1268 sunt
2944 1230 3237 1284 passerum.
3286 1214 3423 1269 Ecce
3461 1219 3625 1270 satia-

2052 1299 2246 1357 buntur
2268 1303 2402 1371 Iigua
2423 1305 2613 1374 campi,
2633 1305 3023 1387 omnes.popull
3047 1322 3062 1370 ;
3089 1317 3141 1360 et
3167 1305 3307 1361 cedri
3335 1305 3516 1360 Libani
3534 1321 3622 1361 sa-

2052 1394 2340 1461 tiabuntur,
2364 1411 2494 1465 quas
2535 1397 2791 1465 plantavit
2808 1397 3086 1462 Dominus,
3117 1411 3302 1452 omnes
3342 1396 3543 1452 nobiles
3567 1407 3622 1453 et

2053 1485 2252 1541 excelsi
2284 1486 2486 1541 ﬁdeles.
2531 1487 2659 1552 Illic,
2689 1488 2739 1542 id
2765 1495 2848 1543 est
2871 1489 2922 1542 in
2951 1488 3122 1542 cedris
3146 1488 3352 1552 Libani,
3377 1503 3621 1557 passeres

2055 1575 2430 1640 nidiﬁcabunt;
2483 1578 2788 1646 prmbebunt
2831 1593 3006 1632 ramos
3051 1579 3352 1633 facultatum
3403 1595 3620 1634 suarum

2052 1665 2360 1734 colligendis
2385 1665 2600 1720 minutis
2615 1667 2990 1736 Spiritualibus.
3009 1667 3256 1722 Praebent
3278 1669 3394 1733 ista,
3425 1670 3622 1724 faciunt

2054 1752 2168 1808 hmc
2194 1753 2339 1808 cedri
2387 1754 2569 1809 Libani
2600 1771 2730 1825 quas
2773 1757 3031 1826 plantavit
3062 1757 3351 1823 Dominus;
3385 1759 3618 1821 faciunt,

2053 1852 2107 1900 et
2134 1844 2358 1899 libenter
2382 1844 2612 1912 faciunt;
2660 1858 2920 1901 noverunt
2943 1848 3069 1917 quid
3098 1848 3324 1912 faciant,
3355 1859 3620 1904 noverunt

2054 1935 2177 2004 quid
2204 1935 2478 2004 accipiant.
2499 1935 2603 1990 Sed
2623 1951 2861 2006 passeres
2887 1937 3127 2005 quamvis
3154 1938 3204 1990 in
3236 1938 3408 1992 cedris
3432 1939 3620 1992 Libani

2055 2026 2414 2094 nidificabunt,
2462 2025 2661 2082 Fulica:
2697 2029 2874 2083 domus
2921 2029 3029 2083 dua:
3055 2039 3124 2083 est
3161 2046 3352 2084 eorum.
3384 2031 3511 2097 Qua:
3534 2040 3621 2085 cst

2055 2115 2224 2171 fulica:
2251 2118 2472 2175 domus?
2501 2119 2676 2175 Fulica
2698 2161 2714 2186 ,
2744 2121 2880 2174 sicut
2903 2136 3092 2176 omnes
3118 2122 3360 2176 novimus
3377 2163 3393 2188 ,
3417 2123 3622 2178 marina

2054 2210 2170 2264 avis
2198 2212 2426 2276 est;vel
2470 2212 2521 2266 in
2564 2213 2762 2283 stagnis
2790 2222 2906 2279 est,
2939 2214 3020 2269 vel
3046 2213 3100 2268 in
3147 2216 3280 2268 mari
3316 2223 3414 2269 est.
3453 2215 3625 2269 Habet

2055 2303 2332 2372 quamdam
2384 2304 2598 2363 domum
2645 2320 2749 2360 non
2802 2305 2958 2361 facile
2985 2307 3038 2361 in
3097 2307 3274 2362 littore
3302 2315 3478 2374 terrm,
3528 2314 3624 2360 aut

2056 2407 2360 2462 nunquam;
2391 2393 2485 2449 sed
2529 2394 2580 2449 in
2611 2394 2676 2449 iis
2700 2394 2818 2466 qua:
2865 2397 2915 2450 iu
2943 2396 3114 2476 media
3139 2413 3274 2467 aqua
3301 2406 3458 2451 sunt:
3506 2399 3621 2463 plc-

2055 2498 2277 2554 rumque
2303 2499 2432 2555 ergo
2458 2484 2509 2539 in
2539 2485 2702 2554 petris
2743 2501 2874 2556 quas
2899 2501 3033 2556 aqua
3075 2487 3388 2541 circumdat.
3419 2487 3627 2541 Intelli—

2053 2572 2236 2644 gimus'
2276 2590 2403 2645 ergo
2455 2565 2662 2646 petram.
2709 2591 2827 2632 esse
2871 2577 3112 2633 idoneam
3161 2579 3332 2632 fulica:
3383 2579 3621 2642 domum,

2057 2681 2311 2734 nusquam
2342 2665 2528 2720 fortius
2546 2677 2599 2722 et
2621 2668 2821 2722 firmius
2845 2667 3066 2732 habitat,
3095 2685 3248 2738 quam
3279 2669 3330 2722 in
3356 2680 3529 2738 petra.
3563 2669 3622 2724 In

2055 2756 2193 2825 quali
2226 2757 2408 2825 petra?
2436 2756 2489 2810 lu
2535 2758 2665 2811 mari
2693 2758 2996 2812 constituta.
3043 2758 3152 2811 Etsi
3180 2758 3416 2812 tunditur
3452 2759 3627 2813 ﬁucti-

2057 2848 2176 2912 bus,
2209 2848 2406 2920 frangit
2443 2857 2616 2905 tamen
2645 2849 2856 2914 ﬂuctus,
2885 2864 2989 2903 non
3021 2849 3310 2920 frangitur:
3346 2855 3442 2905 hoc
3464 2850 3629 2904 habet

2059 2953 2302 3008 magnum
2326 2947 2473 3007 petra
2498 2937 2550 2993 in
2578 2941 2707 2993 mari
2731 2942 3036 2995 constituta.
3065 2941 3255 3008 Quanti
3288 2941 3476 2996 fluctus
3495 2959 3628 2996 con-

2058 3030 2310 3085 tuderunt
2333 3039 2535 3098 petram
2561 3039 2819 3094 nostram,
2850 3032 3129 3085 Dominum
3158 3029 3465 3086 Christum?
3493 3032 3623 3087 Elisi

2058 3130 2177 3176 sunt
2208 3121 2260 3175 iu
2320 3120 2467 3174 illum
2510 3120 2717 3187 Judzei;
2760 3122 2834 3177 illi
2884 3121 3034 3178 fraeti
3077 3132 3229 3184 sunt,
3287 3123 3376 3177 ille
3425 3123 3628 3193 integer

2059 3213 2270 3268 mansit.
2300 3212 2367 3266 Et
2400 3213 2758 3282 unusquisque
2811 3213 3023 3268 imitans
3047 3213 3339 3280 Christum,
3376 3215 3444 3268 ita
3473 3215 3541 3269 sit
3573 3216 3628 3270 in

2061 3303 2161 3358 isto
2187 3303 2413 3369 sarculo,
2443 3302 2492 3378 id
2535 3303 2694 3358 estin
2741 3304 2844 3358 isto
2869 3304 3021 3368 mari,
3055 3303 3142 3358 ubi
3174 3319 3279 3359 non
3306 3313 3480 3374 potest
3523 3306 3630 3360 nisi

2061 3393 2316 3461 procellas
2339 3399 2780 3462 tempestatesque
2802 3393 3020 3459 sentire,
3042 3402 3098 3447 ut
3119 3393 3248 3446 nulli
3275 3403 3432 3448 vento
3449 3393 3628 3458 cedat,

2061 3484 2189 3540 nulli
2218 3484 2416 3549 ﬁuctui,
2441 3483 2535 3539 sed
2561 3485 2738 3538 omnia
2767 3484 2998 3553 excipiat
3024 3526 3038 3549 ,
3066 3475 3120 3540 et
3145 3484 3352 3554 integer
3394 3495 3628 3539 maneat.

2062 3575 2200 3645 Ergo
2228 3573 2397 3628 fulica:
2426 3574 2615 3629 domus
2657 3583 2711 3628 et
2745 3573 2894 3629 fortis
2913 3582 3016 3640 est,
3050 3584 3103 3629 et
3129 3573 3362 3628 humilis.
3389 3574 3500 3629 Non
3529 3574 3631 3630 ha-

2062 3666 2151 3721 bet
2171 3667 2383 3721 domum
2407 3665 2562 3720 fulica
2585 3667 2636 3720 in
2663 3666 2890 3721 excelsis
2912 3683 2927 3732 ;
2951 3666 3082 3721 nihil
3104 3666 3190 3720 illa
3217 3666 3376 3722 domo
3401 3666 3628 3734 ﬁrmius,

2061 3767 2117 3815 et
2144 3759 2273 3813 nihil
2305 3755 2572 3812 humilius.
2604 3757 2659 3811 ln
2691 3757 2865 3812 cedris
2888 3757 3099 3827 quidem
3138 3757 3412 3812 nidiﬁcant
3451 3772 3632 3827 passe-

2061 3865 2170 3914 res,
2227 3858 2440 3918 propter
2485 3859 2798 3916 praasentem
2834 3848 3201 3903 necessitatem
3242 3866 3255 3902 :
3293 3849 3384 3904 sed
3431 3858 3634 3918 petram

2064 3939 2204 3993 illam
2234 3939 2424 3994 habent
2451 3938 2661 4003 ducem,
2689 3953 2808 4008 qua:
2842 3937 3088 3994 ﬂuctibus
3117 3938 3354 3992 tunditur
3383 3981 3398 4005 ,
3427 3948 3478 3994 et
3522 3955 3633 3993 non

2066 4030 2350 4101 frangitur;
2403 4030 2675 4085 imitantur
2722 4029 2862 4084 enim
2905 4028 3102 4084 Christi
3147 4029 3438 4097 passiones.
3481 4029 3549 4083 Et
3583 4031 3632 4084 si

2067 4121 2200 4175 forte
2227 4120 2369 4175 cedri
2401 4120 2585 4174 Libani
2629 4121 2776 4173 irata:
2807 4119 3020 4183 fuerint,
3050 4126 3104 4172 et
3130 4119 3323 4188 aliquid
3373 4119 3632 4173 molestia:

2075 4211 2157 4265 vel
2187 4209 2418 4265 scandali
2445 4211 2612 4263 servis
2650 4209 2741 4262 Dei
2780 4209 2831 4262 in
2863 4208 3026 4264 ramis
3082 4208 3191 4263 suis
3225 4209 3632 4274 commoverim,

2073 4299 2324 4354 volabunt
2348 4299 2559 4370 quidem
2588 4299 2710 4354 inde
2740 4313 3018 4368 passeres;
3049 4298 3142 4354 sed
3171 4314 3251 4353 va:
3276 4297 3439 4353 cedro
3463 4289 3635 4353 rema-

2068 4394 2212 4448 uenti
2237 4393 2354 4448 sine
2382 4393 2518 4447 nidis
2541 4408 2834 4462 passerum.
2853 4391 3104 4448 Passeres
3129 4393 3269 4447 enim
3296 4407 3400 4445 non
3425 4391 3638 4445 naufra-

2068 4486 2282 4556 gabunt,
2293 4498 2406 4538 .non
2432 4485 2703 4554 peribunt;
2722 4484 2840 4554 quia
2861 4484 3028 4554 [aliae
3039 4482 3216 4536 domus
3231 4482 3337 4535 dua:
3351 4490 3422 4535 est
3438 4497 3636 4535 eorum.

2142 4573 2226 4628 l8.
2255 4571 2401 4646 [vers.
2436 4571 2546 4646 18.]
2583 4571 2718 4642 Quid
2761 4587 2890 4643 ergo
2937 4571 3210 4642 sequitur?
3242 4570 3440 4624 Montes
3488 4563 3637 4624 altis-

2070 4664 2188 4718 simi
2204 4664 2386 4718 cervis.
2411 4662 2589 4729 Cervi,
2618 4662 2814 4732 magni,
2845 4663 3165 4731 spirituales,
3199 4661 3638 4716 transcendentes

2072 4753 2124 4807 in
2152 4769 2307 4808 cursu
2335 4754 2508 4808 omnia
2535 4753 2745 4822 spinosa
2773 4754 3009 4821 veprium
3039 4761 3197 4820 atque
3221 4752 3494 4805 silvarum.
3539 4751 3639 4816 Qui

2072 4843 2286 4914 perﬁcit,
2315 4842 2504 4913 inquit,
2531 4843 2679 4911 pedes
2703 4860 2838 4896 nteos
2864 4843 2995 4896 sicut
3027 4841 3174 4906 cerei,
3203 4852 3247 4894 et
3273 4858 3422 4912 super
3445 4843 3642 4898 excelsa

2069 4943 2251 4988 statuet
2294 4951 2373 4988 me
2407 4933 2743 5003 (Psal.xvu,
2772 4935 2882 5003 ⁸54).
2933 4933 3172 4988 Tcneant
3215 4942 3425 4988 montes
3482 4933 3640 4996 altos,

2073 5026 2175 5079 alta
2205 5033 2462 5096 praecepta
2495 5025 2619 5088 Dei;
2649 5025 2891 5079 sublimia
2920 5025 3170 5094 cogitent,
3203 5032 3417 5078 teneant
3442 5038 3503 5077 ea
3524 5039 3644 5094 quae

2075 5117 2302 5171 multum
2331 5116 2566 5170 eminent
2595 5116 2645 5168 iu
2673 5114 2982 5184 Scripturis,
3023 5114 3379 5183 justiﬁecntur
3406 5114 3458 5167 in
3491 5130 3643 5166 sum—

2075 5207 2175 5260 mis
2199 5223 2211 5257 ξ
2239 5205 2416 5259 cervis
2442 5205 2581 5259 enim
2628 5213 2750 5257 sunt
2775 5204 2848 5258 illi
2895 5214 3101 5258 montes
3125 5186 3550 5270 altissimisQuid
3579 5203 3646 5257 de

2079 5298 2362 5352 humilibus
2407 5295 2630 5350 bestiis?
2679 5296 2805 5365 quid
2847 5295 2915 5349 de
2940 5295 3160 5364 lepore?
3187 5293 3312 5364 quid
3339 5293 3406 5347 de
3443 5294 3646 5348 ericio?

2077 5391 2250 5459 Lepus
2281 5389 2535 5443 minutum
2579 5387 2772 5440 animal
2810 5396 2864 5441 et.
2906 5384 3193 5448 infirmum,
3242 5385 3437 5439 ericius
3487 5385 3647 5440 etiam

2079 5483 2351 5548 spinosum
2379 5479 2397 5511 ί
2429 5495 2444 5531 :
2479 5479 2605 5532 illud
2651 5479 2842 5532 animal
2875 5477 3135 5540 timidum,
3164 5476 3289 5531 illud
3311 5476 3506 5528 animal
3535 5477 3647 5541 spi-

2084 5573 2164 5627 nis
2183 5579 2512 5639 coopcrtum.
2537 5569 2711 5638 Spiurv
2741 5568 2866 5638 quid
2913 5568 3230 5638 signiﬁcant,
3259 5566 3362 5619 nisi
3405 5573 3647 5635 peccato.-

2149 5683 2163 5714 ι
2192 5681 2273 5729 ttic
2293 5677 2338 5727 in
2356 5679 2462 5727 ωδ.
2489 5679 2692 5734 additur.
2717 5678 2867 5728 minor
2892 5691 3070 5736 certon,
3096 5675 3222 5732 quini
3247 5691 3271 5724 a
3299 5683 3404 5725 Mss.
3432 5675 3588 5725 abest.
