4012 6202
371 222 515 278 i373

365 335 494 392 res?
520 333 620 401 Qui
648 337 832 402 peccat
850 326 1106 400 quotidie,
1128 324 1334 383 etiamsi
1358 339 1459 378 non
1481 340 1669 395 magna
1695 333 1932 393 peccata,

364 422 740 482 minutissimis
765 419 930 490 spinis
955 425 1236 486 coopertus
1273 423 1374 472 est.
1407 414 1462 468 ln
1493 430 1559 470 eo
1588 414 1728 485 quod
1756 415 1934 478 timet,

364 521 517 590 lepus
541 525 654 579 est;
681 530 734 569 tn
760 528 825 568 eo
848 508 989 583 quod
1017 508 1381 564 minutissimis
1411 507 1643 576 peccatis
1669 505 1926 576 operitur,

363 610 561 665 ericius
590 613 674 662 est
703 623 716 658 :
741 615 794 660 et
822 618 926 658 non
955 608 1132 673 potest
1172 607 1355 654 tenere
1378 597 1582 652 excelsa
1614 595 1700 650 illa
1731 604 1783 650 et
1814 610 1933 663 per.-

363 702 500 756 lecta
530 703 811 768 praecepta.
846 693 920 747 lfli
947 691 1087 746 enim
1129 699 1318 744 montes
1339 687 1571 741 altissimi
1596 685 1768 738 cervis.
1799 681 1934 750 Quid

362 791 530 862 ergo?
559 791 642 844 isti
675 785 934 858 pereunt?
978 783 1112 838 Non.
1143 781 1233 837 Sic
1280 781 1420 836 enim
1465 789 1656 832 montes
1705 776 1936 830 altissimi

360 884 541 947 cervis,
571 891 628 934 ut
657 887 714 934 ct
750 877 832 932 his
880 876 1058 930 videas
1108 872 1232 943 quid
1269 879 1520 942 sequatur
1559 868 1755 926 :Petra
1794 871 1934 939 refu-

361 975 500 1046 gium
525 971 691 1026 ericiis
715 979 760 1024 et
786 967 1054 1036 leporibus.
1083 965 1215 1033 Quia
1241 963 1407 1017 factus
1431 972 1512 1016 eSt
1554 959 1813 1015 Dominus
1845 973 1934 1012 re-

364 1065 562 1135 fugium
592 1060 808 1132 pauperi
832 1057 1000 1132 (Psal.
1029 1073 1102 1117 Ix,
1129 1053 1237 1122 10).
1264 1053 1439 1108 Ponas
1466 1059 1669 1120 petram
1708 1049 1852 1102 illam
1881 1047 1934 1100 in

364 1167 527 1217 terra,
556 1153 817 1223 refugium
839 1157 921 1204 est
949 1146 1124 1202 ericiis
1163 1152 1219 1200 et
1251 1142 1522 1214 leporibus
1552 1157 1567 1194 :
1592 1154 1757 1210 ponas
1793 1138 1932 1192 illam

363 1247 415 1300 in
447 1244 603 1305 mari,
634 1241 822 1296 domus
847 1248 928 1293 est
951 1238 1141 1292 fulicrc.
1171 1234 1376 1302 Ubique
1409 1233 1554 1287 utilis
1584 1240 1752 1299 petra.
1785 1230 1848 1284 Et
1881 1230 1932 1282 in

365 1333 764 1401 montibnsipsa
791 1329 971 1383 utilis:
1004 1335 1212 1381 montes
1244 1325 1359 1378 sine
1382 1332 1545 1392 petra:
1591 1321 1932 1374 fundamenta

366 1433 587 1480 ruerent
638 1423 690 1477 in
727 1419 1066 1490 profundum.
1093 1416 1279 1471 Nonne
1310 1413 1621 1484 jamdudum
1653 1412 1718 1466 de
1743 1410 1936 1465 monti-

366 1519 464 1572 bus
519 1516 836 1570 dicebatur:
872 1510 991 1564 Illic
1023 1501 1248 1564 volatilia
1286 1506 1396 1559 εωιὶ
1443 1505 1824 1565 inhabitabant;
1873 1501 1936 1556 de

367 1609 530 1662 medio
550 1615 800 1671 petrarum
828 1603 1017 1655 dabunt
1044 1615 1184 1652 voces
1211 1597 1371 1651 suas?
1397 1591 1606 1666 Ubique
1629 1608 1755 1663 ergo
1778 1602 1925 1662 petra

367 1698 623 1766 refugium
675 1702 910 1748 nostrum
958 1690 1113 1745 :sive
1166 1687 1217 1742 in
1268 1687 1538 1741 montibus
1591 1685 1798 1740 excelsa
1841 1682 1931 1744 sit,

369 1791 477 1846 sive
502 1789 724 1844 in'mari
750 1785 997 1843 tundatur
1019 1782 1285 1845 ﬂuctibus,
1316 1796 1420 1834 non
1451 1778 1720 1848 frangatur
1753 1778 1795 1840 ί,
1823 1776 1933 1829 sive

373 1885 584 1938 interra
611 1880 898 1942 solidetur;
928 1876 992 1931 ad
1019 1876 1161 1930 illam
1203 1872 1366 1933 cervi,
1386 1871 1451 1924 ad
1490 1870 1630 1923 illam
1662 1867 1835 1932 fulica,
1867 1865 1933 1920 ad

371 1974 508 2036 illam
539 1973 693 2040 lepus
721 1980 774 2025 et
812 1968 1022 2024 ericius.
1064 1963 1306 2020 Tundant
1358 1969 1574 2032 pectora
1613 1959 1840 2028 lepores,
1880 1966 1934 2010 et

373 2065 512 2121 ericii
556 2063 910 2118 confiteantur
951 2065 1164 2128 peccata
1209 2069 1342 2108 sua:
1379 2053 1502 2105 licet
1541 2049 1778 2118 cooperti
1826 2047 1934 2101 sint

374 2155 585 2211 minutis
607 2150 819 2223 quidem
849 2147 1272 2219 quotidianisque
1311 2143 1572 2216 peccatis;
1595 2156 1699 2194 non
1735 2140 1814 2194 eis
1853 2148 1930 2192 ta-

374 2263 487 2301 men
513 2245 664 2298 deest
696 2252 865 2312 petra,
894 2255 1010 2309 quze
1038 2238 1154 2292 illos
1176 2237 1355 2290 docuit
1379 2233 1576 2295 dicere,
1605 2231 1810 2285 Dimitte
1835 2247 1930 2283 no-

373 2339 440 2393 bis
464 2338 625 2391 debita
647 2344 838 2397 nostra,
865 2333 993 2386 sicut
1013 2340 1057 2384 et
1080 2345 1169 2383 nos
1195 2327 1488 2381 dimittimus
1518 2323 1817 2378 debitoribus
1840 2338 1934 2374 no-

372 2429 480 2483 stris
529 2426 741 2499 (Matth.
770 2439 842 2489 vr,
871 2422 984 2492 12).
1009 2419 1164 2474 Petra
1200 2419 1451 2489 refugium
1496 2415 1658 2469 ericiis
1703 2423 1748 2466 et
1795 2413 1933 2482 lepo-

373 2521 520 2576 ribus.

438 2610 523 2665 i9.
554 2607 705 2682 {rem
737 2603 848 2676 l9.]
884 2601 1023 2657 Fecit
1067 2600 1239 2655 lunam
1277 2599 1330 2652 in
1375 2606 1619 2665 tempora.
1677 2593 1933 2662 intelligi-

373 2715 484 2756 mus
504 2695 850 2768 Spiritualiter
902 2692 1193 2747 Ecclesiam
1233 2695 1560 2744 crescentem
1588 2683 1654 2738 de
1687 2684 1928 2748 minimo,

373 2803 423 2849 et
444 2795 542 2846 ista
565 2789 890 2845 mortalitate
917 2789 1040 2839 vitae
1085 2778 1476 2852 quodammodo
1524 2784 1927 2838 senescentem;

372 2884 459 2938 sed
500 2893 558 2936 ut
597 2881 922 2950 propinquet
965 2874 1031 2929 ad
1056 2873 1245 2928 solem.
1281 2870 1395 2925 Non
1431 2869 1584 2923 istam
1611 2867 1787 2920 lunam
1815 2863 1932 2918 dico

371 2976 626 3031 visibilem
679 2972 868 3036 oculis,
897 2967 990 3024 sed
1037 2981 1154 3037 qua:
1184 2965 1286 3020 hoc
1331 2962 1544 3016 nomine
1587 2959 1929 3029 significatur.

372 3069 468 3124 Ista
490 3063 705 3138 quando
747 3062 973 3118 obscura
1015 3066 1128 3114 erat
1174 3054 1430 3119 Ecclesia,
1462 3051 1671 3123 quando
1697 3047 1930 3104 nondum

370 3159 672 3229 apparebat,
694 3152 926 3209 nondum
945 3147 1230 3210 eminebat,
1260 3145 1647 3202 seduccbantur
1664 3140 1928 3203 homines,

371 3259 422 3305 et
446 3249 736 3308 dicebatur,
764 3243 889 3298 llam
932 3249 1015 3296 est
1058 3237 1312 3302 Ecclesia,
1343 3236 1428 3289 hic
1454 3242 1536 3289 est
1578 3232 1849 3293 Christus;
1879 3237 1934 3281 ut

371 3343 653 3412 sagittarent
695 3338 748 3391 in
776 3335 982 3389 obscura
1024 3333 1145 3385 luna
1185 3339 1343 3382 rectos
1385 3327 1533 3381 corde
1578 3324 1741 3398 (Psal.
1767 3339 1822 3384 κ,
1851 3323 1930 3391 5).

369 3433 520 3488 Modo
545 3443 705 3500 quam
735 3441 906 3484 caecus
931 3433 1013 3478 est
1037 3423 1124 3493 qui
1147 3421 1300 3492 plena
1323 3420 1444 3474 luna
1480 3418 1654 3472 errat?
1681 3414 1825 3468 Fecit
1851 3415 1933 3466 lu-

370 3540 482 3576 nam
494 3523 545 3574 in
568 3530 809 3588 tempora.
829 3515 921 3569 llic
939 3513 1077 3569 enim
1104 3510 1460 3581 temporaliter
1475 3507 1663 3561 transit
1676 3503 1931 3568 Ecclesia;

371 3630 470 3669 non
491 3613 633 3668 enim
659 3610 747 3664 hic
774 3608 874 3662 erit
916 3619 1126 3674 semper
1172 3603 1270 3658 ista
1307 3600 1602 3654 mortalitas
1631 3614 1643 3649 :
1673 3595 1851 3664 augeri
1880 3603 1935 3649 et

374 3705 532 3761 minui
577 3699 860 3772 aliquando
913 3696 1234 3759 transibit';
1266 3695 1316 3747 in
1364 3701 1600 3760 tempora
1652 3689 1787 3742 facta
1828 3693 1930 3741 est.

375 3797 464 3852 Sol
503 3793 704 3866 agnovit
743 3805 974 3844 occasum
1013 3803 1178 3866 suum.
1204 3784 1272 3838 Et
1313 3782 1397 3836 hic
1422 3779 1540 3850 quis
1572 3778 1673 3842 sol,
1713 3777 1815 3830 nisi
1847 3775 1929 3830 sol

377 3889 460 3943 ille
484 3862 720 3957 justitia',
743 3896 896 3952 quem
924 3878 1023 3934 sibi
1065 3862 1171 3930 lion
1196 3883 1369 3929 ortum
1413 3870 1562 3941 impii
1608 3869 1854 3937 plangent
1883 3867 1935 3920 in

377 3979 458 4035 die
480 3976 700 4050 iudicii?
726 3974 824 4044 Qui
851 3971 1041 4028 dicturi
1085 3976 1208 4022 sunt
1239 3967 1290 4020 in
1317 3966 1405 4019 illo
1429 3963 1533 4026 die,
1581 3960 1720 4032 Ergo
1750 3959 1938 4015 erravi-

376 4087 482 4124 mus
499 4087 530 4122 a
550 4071 629 4123 cia
647 4067 887 4130 veritatis,
918 4074 964 4117 et
980 4060 1194 4134 justitia:
1227 4059 1390 4111 lumen
1412 4073 1510 4108 non
1539 4054 1666 4108 luxit
1692 4051 1850 4115 nobis,
1889 4059 1937 4106 et

380 4162 451 4215 sol
473 4178 573 4216 non
606 4169 744 4214 ortus
766 4168 836 4213 est
857 4157 997 4210 nobis
1027 4153 1184 4224 (Sap.
1217 4166 1272 4213 v,
1300 4148 1380 4220 6).
1416 4148 1472 4201 lii
1503 4147 1581 4201 sol
1613 4146 1711 4200 iste
1736 4145 1928 4211 oritur,

383 4253 464 4321 qui
489 4249 729 4320 intelligit
753 4247 1046 4302 Christum.
1086 4241 1307 4297 Reeedit
1347 4247 1521 4292 autem
1564 4237 1632 4290 ab
1659 4234 1931 4290 intellectu

384 4343 490 4410 ejus
509 4341 767 4397 Christus,
803 4336 890 4406 qui
925 4335 1182 4390 sieiratus
1212 4329 1368 4384 fuerit
1396 4327 1543 4382 fratri
1588 4340 1704 4391 suo,
1753 4333 1810 4378 ut
1855 4332 1934 4376 te-

385 4441 500 4488 neat
520 4433 720 4486 odium.
747 4429 924 4497 Itaque
962 4423 1253 4487 irascimini,
1281 4432 1328 4476 et
1356 4420 1508 4473 nolite
1536 4433 1742 4489 peccare
1765 4414 1935 4485 (Psal.

383 4539 448 4588 tv,
479 4524 556 4594 ὅ).
586 4522 827 4577 Charitas
848 4519 946 4574 etsi
970 4515 1210 4570 irascitur
1250 4508 1554 4580 aliquando,
1604 4517 1660 4561 ut
1688 4506 1933 4575 corrigat,

383 4631 480 4670 non
503 4623 708 4668 tenetur
726 4627 844 4676 rea;
871 4609 993 4680 quia
1017 4622 1120 4661 non
1147 4602 1456 4660 inveteravit
1483 4602 1578 4665 ira,
1618 4609 1675 4652 ut
1702 4603 1938 4654 vertercé

385 4715 464 4759 tur
487 4706 536 4760 in
567 4704 765 4759 odium.
789 4701 844 4756 Si
871 4707 1048 4753 autem
1079 4697 1156 4750 ira
1180 4706 1435 4752 conversa
1469 4690 1629 4745 fuerit
1649 4685 1703 4743 in
1733 4687 1934 4753 odium,

384 4798 567 4852 occidit
611 4796 693 4851 sol
742 4809 904 4864 super
935 4787 1256 4846 iracundiam
1307 4793 1560 4839 vestram.
1611 4780 1731 4833 Non
1783 4778 1940 4847 igitur

386 4887 570 4940 occidat
595 4885 674 4939 sol
709 4900 858 4954 super
892 4878 1208 4934 iracundiam
1244 4885 1453 4928 vestram
1487 4871 1698 4942 (Epltes.
1731 4885 1802 4936 tv,
1823 4867 1934 4939 26).

448 4976 532 5033 20.
560 4975 670 5031 Nec
698 4972 906 5044 putetis,
935 4970 1142 5031 fratres,
1172 4965 1290 5019 ideo
1315 4960 1586 5017 nonnullis
1613 4961 1780 5014 soletn
1821 4974 1939 5014 esse

384 5068 729 5130 adorandum,
769 5064 894 5138 quia
919 5063 998 5116 sol
1052 5061 1103 5115 in
1142 5057 1430 5128 Scriptnris
1459 5053 1740 5124 aliquando
1784 5052 1938 5107 Chri-

382 5170 518 5216 stum
541 5159 821 5230 signiﬁcat.
867 5154 1010 5210 Talis
1030 5160 1112 5208 est
1144 5151 1283 5205 enim
1322 5147 1585 5202 dementia
1633 5145 1937 5207 hominum;

383 5250 528 5320 quasi
565 5245 891 5303 adorandum
945 5240 1137 5310 aliquid
1190 5239 1418 5301 dicatur,
1446 5251 1565 5290 cum
1609 5233 1820 5298 dicitur,
1850 5233 1939 5286 Sol

383 5340 647 5394 Christum
695 5334 974 5406 signiﬁcat.
1027 5331 1200 5386 Adora
1253 5343 1382 5398 ergo
1433 5335 1488 5382 et
1546 5335 1767 5394 petram,
1819 5323 1941 5394 quia

386 5432 644 5487 Christum
685 5427 944 5498 significat
986 5423 1025 5493 (l
1053 5422 1170 5477 Cor.
1197 5437 1250 5485 .\',
1273 5419 1353 5492 lt).
1391 5419 1531 5471 Sicut
1575 5417 1676 5470 oris
1697 5412 1764 5466 ad
1807 5415 1944 5467 victi-

430 5548 462 5576 "
484 5547 643 5594 sim-1r.
665 5541 808 5605 Lugd.
833 5547 998 5605 )‘cnct.
1020 5545 1126 5605 Lov.
1153 5543 1199 5584 In
1224 5542 1293 5604 B_.,
1316 5533 1687 5605 {tangat-urna“.

390 5675 407 5723 ‘
449 5609 468 5638 ²
491 5608 685 5718 si?
714 5593 766 5654 tit
788 5602 915 5652 add:
946 5598 1114 5664 augeri
1128 5605 1172 5649 et
1197 5593 1344 5645 minui
1366 5593 1528 5657 potest,
1552 5593 1808 5654 aliquando
1835 5605 1938 5642 ner-

411 5683 536 5720 ranst
557 5682 583 5720 ιι
607 5704 619 5716 .

1490 209 1880 268 numnam
1917 209 1984 298 ιβ
2023 211 2338 272 PSALMUM
2373 177 2556 284 cur."

3468 221 3596 280 I573

2046 344 2177 382 mam
2203 331 2378 385 ductus
2419 344 2489 386 est
2518 331 2665 403 (Isai.
2707 350 2815 393 Lttl,
2848 336 2922 402 7):
2972 335 3131 392 adora
3180 347 3231 391 ct
3273 353 3444 401 ovem,
3477 342 3594 409 quia

2038 417 2302 475 Christum
2320 421 2736 491 significat.Vicit
2751 424 2825 478 leo
2846 425 2908 478 de
2931 426 3057 478 tribu
3079 425 3114 480 .1
3121 429 3218 480 uda
3242 428 3419 498 (Apoc.
3443 445 3494 491 ν,
3518 431 3595 499 5);

2038 511 2198 566 adora
2243 521 2297 571 et
2341 513 2567 575 leonem,
2624 515 2742 582 quia
2791 515 3056 570 Christum
3103 518 3381 586 significat.
3411 518 3598 572 Videte

2037 619 2194 672 quam
2236 604 2398 675 multa
2450 603 2715 659 Christum
2765 607 3085 676 significent;
3116 609 3290 661 omnia
3321 610 3414 664 ista
3445 610 3600 664 Chri-

2037 704 2148 748 stus
2176 695 2226 748 in
2258 694 2616 757 similitudine,
2653 711 2756 749 non
2787 696 2838 750 in
2870 698 3205 765 proprietate.
3237 699 3440 766 Qnmris
3479 715 3600 767 pro-

2038 786 2310 853 prietatem
2332 784 2562 839 Christi?
2593 784 2655 839 ln
2681 788 2923 856 principio
2962 798 3064 840 erat
3109 788 3337 851 Verbum,
3380 799 3424 842 et
3475 789 3598 842 γει·-

2037 877 2150 929 bmn
2190 885 2294 930 erat
2329 877 2467 945 apud
2502 877 2676 930 Deum.
2715 878 2849 931 Ecce
2893 879 3180 948 pmprictas
3230 879 3458 943 Christi,
3507 897 3600 947 per

2034 985 2191 1039 quam
2222 969 2387 1024 factus
2424 983 2502 1024 es.
2530 969 2620 1022 Vis
2647 968 2828 1023 audire
2847 978 2900 1023 et
2926 970 3297 1040 proprietatem
3325 985 3415 1038 per
3440 985 3597 1038 quam

2035 1061 2259 1115 refectus
2285 1061 2379 1115 es?
2414 1058 2480 1113 Et
2516 1061 2725 1114 Verbum
2745 1077 2861 1114 caro
2882 1064 3068 1132 factum
3102 1073 3192 1126 est,
3220 1071 3264 1114 ct
3289 1060 3521 1114 habitavit
3545 1063 3597 1115 in

2035 1155 2175 1208 nobis
2205 1153 2380 1224 (Joan.
2412 1169 2450 1217 ι,
2484 1153 2534 1218 1,
2565 1153 2674 1210 Ml.
2706 1151 2905 1207 Czctera
2950 1151 3320 1206 similitudines
3344 1160 3483 1205 sunt.
3515 1151 3597 1205 ln—

2036 1248 2231 1315 tellige,
2281 1255 2396 1301 esto
2431 1245 2714 1314 Scriptura)
2743 1259 2931 1312 capax,
2962 1254 3021 1298 ut
3060 1242 3198 1296 aliud
3230 1243 3408 1297 videas
3441 1243 3597 1311 objici

2034 1339 2200 1394 oculis
2232 1339 2352 1403 tuis,
2383 1337 2524 1391 aliud
2551 1337 2694 1390 innui
2724 1335 2868 1390 cordi
2892 1345 3001 1390 tuo.

2103 1433 2190 1489 21.
2224 1432 2313 1488 Sol
2336 1446 2462 1501 ergo
2492 1430 2598 1494 ille,
2625 1428 2734 1498 jam
2773 1427 2943 1482 securi
2981 1425 3226 1490 dicimus,
3269 1423 3344 1478 sol
3379 1422 3466 1477 ille
3512 1422 3597 1489 jn-

2033 1526 2214 1590 stititc,
2256 1540 2362 1578 non
2413 1524 2529 1579 sine
2573 1536 2731 1576 causa
2776 1520 2950 1589 impiis
2983 1533 3084 1572 non
3128 1518 3314 1581 oritur,
3363 1515 3463 1571 etsi
3496 1530 3598 1567 vo-

2037 1619 2152 1672 lunt
2185 1634 2197 1669 :
2227 1616 2338 1686 ipsa
2369 1614 2512 1670 enim
2552 1611 2820 1682 Sapientia
2848 1610 2995 1675 dicit,
3031 1609 3267 1676 Quterent
3289 1623 3367 1660 me
3382 1605 3524 1666 ntali,
3549 1614 3594 1658 et

2033 1723 2134 1761 non
2172 1706 2440 1760 invenient.
2485 1703 2736 1769 Quwrent,
2779 1709 2826 1754 et
2869 1717 2969 1753 non
2997 1697 3262 1752 invenient.
3291 1696 3359 1750 Et
3396 1694 3598 1764 quare?

2033 1797 2268 1853 Oderunt
2319 1796 2462 1851 enim
2492 1793 2824 1864 sapientiam.
2877 1790 2991 1860 Ipsa
3045 1786 3311 1858 Sapientia
3339 1786 3591 1854 loquitur,

2033 1900 2085 1944 et
2113 1889 2237 1944 dicit
2267 1905 2280 1941 :
2312 1887 2547 1952 Quterent
2582 1901 2660 1938 me
2705 1883 2846 1948 mali,
2877 1891 3045 1936 etnon
3067 1879 3343 1943 invenient;
3383 1877 3598 1931 oderunt

2033 1981 2165 2034 enim
2190 1978 2488 2047 sapientiam
2520 1975 2698 2047 (Prov.
2726 1989 2763 2038 t,
2793 1971 2885 2038 28,
2917 1971 3053 2036 29).“
3075 1970 3131 2025 Si
3179 1983 3306 2038 ergo
3348 1967 3594 2031 oderunt,

2033 2085 2194 2140 quare
2213 2068 2492 2139 quaerunt?
2521 2067 2795 2133 Quaerunt,
2820 2079 2924 2117 non
2954 2071 3011 2116 ut
3038 2061 3297 2122 fruantur,
3325 2058 3416 2112 sed
3440 2057 3598 2110 utin-

1995 2171 2000 2180 '
2035 2163 2260 2224 tlcntur;
2292 2154 2903 2229 qnmruntsermonibus,
2934 2152 3159 2206 oderunt
3188 2149 3444 2204 moribus.
3474 2145 3598 2216 Spi-

2031 2253 2156 2308 ritus
2174 2252 2305 2306 enint
2331 2260 2530 2305 sanctus
2561 2248 2840 2318 disciplina:
2865 2245 3019 2317 fugiet
3045 2244 3237 2312 ﬁctum,
3269 2251 3314 2294 et
3338 2239 3528 2309 auferet
3547 2255 3598 2291 se

2031 2361 2063 2398 a
2090 2341 2468 2414 cogitationibus
2514 2355 2626 2408 qua:
2669 2347 2784 2391 sunt
2829 2337 2934 2389 sine
2966 2333 3219 2387 intellectu
3265 2330 3417 2402 (Sap.
3447 2344 3484 2394 t,
3515 2329 3594 2397 5).

2033 2435 2146 2492 Non
2176 2448 2303 2504 ergo
2329 2431 2409 2487 sol
2437 2430 2524 2485 ille
2553 2428 2722 2483 oritur
2743 2426 2938 2504 impiis,
2968 2439 3072 2478 non
3112 2420 3278 2477 oritur
3322 2418 3496 2472 malis.
3528 2419 3598 2470 At

2031 2541 2160 2581 vero
2187 2502 2260 2580 de
2293 2524 2396 2579 isto
2437 2523 2550 2576 sole
2591 2517 2719 2590 quid
2765 2502 2960 2571 dictui’n
3006 2513 3119 2568 est?
3165 2511 3264 2577 Qui
3299 2509 3421 2579 facit
3442 2508 3598 2563 solem

2033 2635 2180 2674 suum
2217 2616 2336 2670 oriri
2383 2630 2532 2684 super
2569 2612 2723 2666 bonos
2754 2619 2797 2663 et
2835 2609 3016 2670 malos,
3043 2616 3088 2660 et
3110 2604 3235 2674 pluit
3267 2618 3416 2673 super
3429 2601 3598 2671 justas

2032 2717 2079 2763 et
2102 2708 2318 2778 injustas
2352 2703 2564 2775 (Matth.
2596 2717 2650 2767 γ,
2679 2700 2792 2770 45).
2824 2699 2963 2768 Ergo
3007 2695 3074 2750 de
3104 2694 3195 2748 illo
3233 2693 3345 2747 sole
3379 2689 3596 2760 justititc

2031 2797 2213 2853 nescio
2237 2795 2362 2867 quid
2389 2793 2649 2865 signiﬁcat
2667 2791 2903 2863 psalmus
2927 2787 3027 2842 istc
3062 2781 3351 2840 secundum
3400 2789 3600 2851 myste-

2031 2889 2199 2952 rium;
2227 2901 2348 2941 nam
2384 2885 2627 2940 videmus
2663 2881 2763 2936 ista
2807 2878 2920 2933 ﬁeri
2967 2877 3016 2930 in
3048 2884 3287 2930 creatura
3313 2871 3473 2926 etiam
3503 2883 3590 2924 se-

2032 2979 2261 3038 cundum
2307 2976 2540 3046 speciem
2579 2986 2754 3028 rerum
2778 2966 3082 3023 ’visibilium
3115 2962 3254 3019 :Sol
3283 2961 3482 3032 agnovit
3503 2975 3599 3025 oc-

2032 3087 2205 3128 casum
2240 3084 2408 3125 suum.
2445 3064 2583 3132 Quid
2609 3071 2710 3126 est,
2751 3059 2848 3117 Sol
2889 3057 3090 3130 agnovit
3139 3069 3372 3108 occasum
3413 3049 3598 3104 suum?

2033 3165 2279 3222 Christus
2318 3160 2532 3233 agnovit
2561 3156 2856 3227 passionem
2896 3167 3046 3207 suam
3075 3167 3088 3200 :
3113 3160 3334 3203 occasus
3379 3141 3598 3206 Christi,

2035 3255 2212 3327 passio
2232 3251 2450 3308 Christi.
2481 3249 2585 3305 Sed
2629 3243 2879 3314 numquid
2910 3242 2986 3296 sic
3027 3241 3109 3294 sol
3145 3236 3356 3298 occidit,
3387 3242 3446 3287 ut
3492 3247 3597 3284 non

2034 3344 2272 3401 oriatur?
2299 3339 2558 3411 Numquid
2582 3339 2667 3409 qui
2687 3335 2888 3400 dormit,
2921 3349 3020 3386 non
3057 3329 3260 3401 adjiciet
3293 3335 3344 3380 ut
3373 3331 3602 3392 resurgat

2036 3438 2204 3509 (Psal.
2237 3453 2324 3501 XL,
2352 3435 2434 3506 9)?
2465 3447 2642 3488 nonne
2677 3431 2789 3500 ipse
2811 3427 2962 3492 dixit,
2996 3423 3220 3478 Dormivi
3242 3417 3503 3474 turbatus?
3545 3425 3600 3470 et

2035 3507 2101 3584 de
2121 3530 2212 3584 illo
2237 3528 2431 3581 dictum
2467 3533 2568 3590 est,
2593 3522 2834 3576 Exaltare
2855 3533 3006 3586 super
3054 3515 3222 3575 oculos,
3256 3511 3392 3565 Deus
3430 3507 3598 3578 (Psul.

2036 3637 2142 3685 ut,
2169 3621 2224 3686 5,
2253 3618 2344 3691 6)?
2391 3617 2554 3686 Ergo,
2605 3611 2699 3668 Sol
2735 3609 2934 3680 agnovit
2976 3620 3209 3660 occasum
3256 3607 3402 3655 suum
3429 3614 3447 3652 :
3476 3595 3601 3667 quid

2035 3723 2138 3778 est,
2165 3709 2403 3782 agnovit?
2432 3698 2787 3776 Approbavit,
2813 3698 3006 3770 placuit
3037 3696 3106 3751 ei.
3133 3697 3196 3748 Et
3225 3692 3366 3746 unde
3415 3697 3599 3743 osten-

2035 3777 2217 3858 (timus
2233 3801 2354 3870 quia
2397 3796 2629 3866 agnovit,
2662 3793 2763 3847 hoc
2786 3799 2886 3853 est,
2936 3787 3130 3856 placuit
3153 3782 3240 3837 ei?
3279 3780 3413 3847 Quid
3457 3777 3600 3833 enim

2036 3911 2141 3951 non
2171 3893 2315 3948 novit
2342 3889 2516 3946 Deus?
2539 3886 2664 3958 quid
2697 3901 2800 3939 non
2833 3881 2982 3938 novit
3003 3875 3283 3935 Christus?
3312 3873 3380 3928 Et
3420 3881 3600 3926 tamen

2035 3986 2272 4044 dicturus
2296 3983 2448 4040 estin
2478 3979 2582 4034 line
2606 3974 2922 4048 quibusdam
2955 3989 2970 4028 :
2999 3968 3120 4024 Non
3142 3966 3356 4021 noviuos
3386 3961 3598 4034 (Matth.

2035 4097 2128 4146 vn,
2156 4079 2271 4150 25).
2302 4070 2579 4144 Quomodo
2613 4082 2740 4140 ergo
2786 4065 2878 4130 ibi,
2935 4061 3056 4116 Non
3091 4057 3206 4113 noui
3244 4071 3350 4118 vos,
3391 4068 3495 4107 non
3521 4060 3599 4106 est

2036 4144 2205 4244 quasi,
2228 4144 2350 4224 Mihi
2382 4163 2544 4236 ignoti
2583 4162 2733 4223 estis,
2771 4158 2888 4226 sed,
2931 4170 3036 4210 non
3063 4151 3192 4206 mihi
3244 4146 3493 4220 placetis;
3523 4144 3602 4198 sic

2037 4241 2090 4318 et
2111 4262 2216 4323 hic,
2239 4258 2440 4330 agnovit
2460 4269 2690 4310 occasum
2711 4265 2878 4313 suum,
2903 4243 3096 4316 placuit
3115 4241 3189 4297 illi
3207 4251 3426 4296 occasus
3450 4249 3599 4289 suus.

2036 4351 2090 4408 Si
2113 4351 2253 4405 enim
2273 4325 2331 4403 vei
2381 4345 2703 4415 displiceret,
2746 4335 3012 4410 quomodo
3058 4329 3359 4404 pateretur?
3391 4325 3602 4382 Homini

2036 4444 2201 4508 enim,
2226 4441 2348 4511 quia
2371 4453 2478 4494 non
2497 4445 2578 4492 est
2607 4433 2694 4488 ille
2722 4431 2822 4496 sol,
2861 4425 3070 4484 etiamsi
3113 4421 3386 4491 displiceat
3427 4415 3603 4486 passio

2037 4551 2156 4600 sua,
2185 4533 2382 4604 patitur
2408 4537 2463 4585 et
2487 4525 2626 4597 quod
2647 4538 2750 4578 non
2777 4521 2906 4574 vnit.
2939 4518 3030 4573 Ille
3055 4524 3234 4570 autem
3259 4525 3363 4566 non
3388 4516 3600 4579 patere-

2039 4635 2143 4691 tur,
2174 4622 2275 4678 nisi
2304 4621 2351 4675 ei
2377 4618 2650 4688 placeret:
2680 4611 2732 4666 id
2760 4621 2863 4674 e5t,
2894 4607 2994 4661 nisi
3024 4607 3338 4676 agnosceret
3355 4609 3601 4652 occasum

2038 4689 2210 4780 suum,
2238 4728 2341 4767 non
2372 4710 2669 4771 occideret;
2696 4705 2816 4773 quia
2843 4703 2958 4772 ipse
2977 4698 3071 4764 ait,
3101 4715 3118 4747 ι
3151 4696 3469 4750 Potestatem
3499 4689 3599 4741 ha-

2040 4808 2140 4862 beo
2167 4803 2394 4877 ponendi
2416 4801 2644 4854 animam
2671 4810 2863 4856 meam,
2893 4802 2946 4848 et
2964 4797 3276 4861 potestatem
3316 4783 3485 4838 habeo
3507 4780 3608 4832 ite-

2039 4916 2156 4956 rum
2182 4895 2425 4953 sumcndi
2452 4908 2568 4949 eam
2600 4909 2612 4944 :
2641 4902 2798 4944 nemo
2841 4885 2977 4940 tollit
2997 4898 3112 4937 eam
3142 4896 3171 4934 a
3206 4895 3312 4943 me,
3363 4873 3456 4929 sed
3507 4885 3605 4940 ego

2043 4991 2156 5059 ipse
2179 5003 2295 5042 eam
2325 4999 2462 5054 pono
2487 4998 2516 5036 a
2543 4995 2628 5036 me
2654 4998 2672 5032 ι
2709 4977 2882 5050 (Joan.
2903 4991 2958 5042 ι,
2986 4973 3096 5042 18).
3122 4971 3278 5038 Ergo,
3299 4963 3499 5036 agnovit
3518 4977 3605 5014 oc-

2039 5095 2213 5135 casum
2232 5092 2398 5132 suum.

2109 5170 2200 5224 22.
2240 5167 2410 5241 [νινε.
2435 5163 2525 5228 20,
2550 5161 2666 5234 21.]
2691 5160 2760 5215 Et
2789 5155 2935 5228 quid,
2972 5169 3091 5210 cum
3123 5147 3312 5206 occidit
3341 5145 3441 5209 θυι,
3485 5158 3604 5197 cum

2043 5277 2229 5332 passus
2258 5269 2336 5313 est
2366 5255 2660 5311 Dominus?
2691 5251 2863 5305 Facta:
2887 5256 3008 5301 sunt
3027 5241 3265 5314 quauiam
3295 5235 3526 5290 tenebrat
3554 5234 3605 5286 in

2044 5364 2078 5412 Α
2092 5354 2328 5426 postolis,
2359 5350 2550 5404 defecit
2574 5361 2699 5414 spes
2722 5357 2925 5402 eorum,
2969 5337 3157 5406 quibus
3195 5331 3364 5400 primo
3390 5339 3608 5392 magnus

2045 5461 2096 5502 ct
2122 5446 2423 5512 redemptor
2469 5439 2703 5492 omnium
2752 5431 3044 5484 videbatur.
3088 5421 3298 5489 Quare?
3329 5438 3345 5469 ι
3379 5416 3606 5471 Posuisti

2046 5540 2313 5598 tenebras,
2346 5543 2400 5587 ct
2431 5531 2562 5585 facta
2590 5537 2671 5579 est
2699 5539 2801 5575 nox
2834 5540 2846 5575 :
2882 5520 2950 5572 ibi
2980 5513 3375 5587 pertransibunt
3420 5521 3608 5560 omnes

2050 5634 2228 5692 bestia:
2281 5596 2444 5683 silv-.c.
2480 5618 2648 5677 Catuli
2703 5616 2910 5669 leonum
2955 5607 3242 5678 rugientes,
3271 5611 3330 5656 ut
3381 5596 3606 5669 rapiant,
