3984 6204
382 271 518 327 1375
1070 326 1081 338 ,

376 392 681 456 qua-rentes
700 360 711 365 ’
732 395 761 433 a
791 382 900 432 Deo
946 388 1122 433 escam
1174 370 1273 427 sibi
1300 387 1328 462 ν»
1358 368 1459 462 (a).
1478 364 1638 462 Quid“
1661 361 1952 462 intelligam

378 473 728 545 spiritualiter
757 467 960 523 catulos
989 465 1225 526 leonum,
1256 461 1357 516 nisi
1384 456 1673 554 Spir-itualia
1688 456 1955 554 nequitia:

384 566 601 635 {Ep/tes.
631 578 697 624 τι,
730 559 845 628 12)?
874 555 996 627 quid
1030 554 1319 624 intelligam
1370 551 1468 604 nisi
1496 549 1629 602 mala
1669 547 1952 607 dri-monia,

383 674 505 727 qua:
530 654 788 709 daemonia
822 657 1108 719 pascuntur
1156 645 1427 700 erroribus
1475 638 1779 694 hominum?
1825 636 1960 688 Sunt

382 751 525 803 enim
558 745 823 815 principes
853 742 1256 803 dwmoniorum,
1294 748 1348 793 et
1377 745 1499 789 sunt
1527 733 1784 788 dmnonia
1815 745 1960 831 qua:—

384 838 507 890 πίων
540 832 977 901 contemptibilia.
1024 832 1125 885 Ista
1155 828 1414 884 dannonia
1456 826 1711 880 seducere
1759 826 1962 874 animas

388 936 653 994 cpnrrunt,
680 925 773 979 sed
817 925 904 977 ubi
946 924 1022 977 sol
1072 937 1176 974 non
1227 930 1375 973 ortus
1406 927 1518 980 est;
1551 915 1782 969 tenebrae
1816 911 1957 966 enim

391 1027 534 1071 sunt.
566 1016 781 1070 Etcum
829 1014 1062 1068 tenebrzc
1089 1022 1233 1076 sunt,
1277 1016 1522 1080 qtnurunt
1562 1005 1718 1060 catuli
1753 1005 1961 1057 leonum

392 1125 527 1177 quos
555 1109 832 1166 devorent.
864 1106 978 1175 Ipse
1007 1106 1090 1159 leo
1118 1103 1305 1172 major,
1346 1101 1587 1171 priuCepS
1613 1097 1846 1150 omnium
1890 1104 1967 1195 ta-

392 1199 519 1253 lium
550 1199 785 1264 leonum,
812 1197 932 1265 quid
956 1196 1022 1249 de
1052 1196 1144 1249 illo
1170 1193 1367 1249 dictum
1399 1190 1519 1245 est?
1546 1206 1569 1239 ς
1594 1187 1816 1242 Nescitis
1842 1187 1964 1254 quia

393 1289 731 1342 adversarius
781 1297 959 1342 vester
1013 1286 1277 1347 diabolus,
1337 1293 1585 1349 tanquam
1643 1280 1726 1332 leo
1756 1277 1966 1345 rugiens

395 1380 615 1444 circuit,
644 1394 889 1447 quatrcns
925 1394 1080 1447 quem
1110 1376 1327 1460 devoret
1362 1393 1378 1423 ι
1412 1373 1451 1441 (l
1483 1371 1623 1424 Pelr.
1648 1387 1700 1432 γ,
1729 1370 1824 1468 8)’ἓ.
1848 1368 1968 1421 Ideo

404 1490 422 1521 ι
447 1481 746 1540 (ιυτνιοοιιιρε
771 1486 799 1523 a
825 1470 930 1522 Deo
960 1483 1132 1522 escam
1166 1466 1298 1529 sibi;
1325 1483 1341 1514 ι
1364 1465 1484 1533 quia
1512 1478 1608 1515 nec
1640 1465 1827 1513 tentari
1852 1473 1972 1526 quis

397 1571 574 1631 potest
603 1577 629 1613 a
655 1561 883 1624 diabolo,
936 1560 1036 1612 nisi
1086 1558 1424 1627 permittente
1453 1555 1584 1607 Deo.
1615 1552 1715 1605 Job
1757 1560 1972 1604 sanctus

397 1663 520 1708 ante
570 1653 834 1707 diabolum
875 1660 1012 1715 erat,
1066 1659 1120 1705 et
1161 1659 1337 1702 tamen
1386 1647 1542 1715 longe
1571 1643 1637 1697 ab
1677 1643 1768 1696 illo
1814 1652 1968 1695 erat:

398 1755 612 1813 aspectu
638 1752 761 1797 ante
782 1743 950 1807 illum,
975 1749 1233 1810 potestate
1260 1749 1498 1793 remotus
1524 1737 1589 1792 ab
1613 1735 1721 1789 illo.
1750 1733 1974 1799 Quando

398 1833 621 1888 auderet
651 1816 865 1888 tentare
879 1834 962 1888 vel
987 1847 1224 1895 carnem,
1255 1829 1338 1883 vel
1383 1827 1658 1882 facultates
1698 1825 1812 1894 ejus
1844 1838 1976 1893 quas

401 1927 727 1996 possidebat,
755 1926 854 1979 nisi
885 1925 1178 1994 accepisset
1203 1920 1558 1992 potestatem?
1595 1918 1770 1986 Quare
1799 1925 1972 1971 autent

405 2015 563 2071 datur
597 2016 867 2086 potestas?
893 2017 997 2070 Aut
1036 2014 1103 2068 ad
1154 2010 1484 2067 damnandos
1520 2008 1731 2078 impios,
1775 2015 1865 2060 aut
1910 2004 1977 2059 ad

404 2109 708 2179 probandos
740 2110 873 2177 pio‘s.
919 2107 1067 2162 Juste
1114 2105 1215 2160 hoc
1257 2116 1423 2159 totum
1460 2104 1712 2157 Dominus
1758 2102 1892 2171 agit;
1926 2110 1978 2155 et

404 2201 458 2256 in
486 2201 752 2265 neminem
800 2200 955 2253 habet
994 2198 1237 2252 diabolus
1282 2203 1620 2265 potestatem,
1653 2193 1737 2247 vel
1781 2193 1833 2245 in
1884 2192 1979 2245 ali-

407 2292 532 2364 quid
561 2293 699 2362 ejus,
725 2293 822 2345 nisi
851 2293 937 2346 ille
963 2290 1241 2356 concedat,
1272 2289 1356 2343 cui
1397 2299 1479 2343 est
1511 2296 1746 2355 potestas
1772 2300 1979 2339 sunnna

408 2394 462 2439 et
487 2384 746 2439 sublimis.
777 2382 865 2438 Sic
894 2381 1126 2445 diabolo,
1160 2381 1238 2435 sic
1280 2378 1480 2433 homini
1510 2376 1649 2430 nulla
1698 2384 1779 2463 est
1828 2385 1980 2444 pote-

407 2485 517 2531 stas
540 2477 592 2530 in
616 2476 909 2539 hominem,
931 2474 1031 2528 nisi
1059 2474 1288 2542 desuper
1307 2471 1477 2525 detur.
1507 2469 1690 2524 Stabat
1713 2466 1876 2537 judex
1897 2466 1980 2520 vi-

406 2584 595 2623 verum
623 2576 677 2621 et
698 2576 1025 2621 nmrtuorum
1049 2574 1173 2618 ante
1202 2561 1469 2617 hominem
1507 2561 1762 2630 judicem,
1795 2567 1849 2612 et
1896 2558 1981 2611 in-

408 2660 556 2717 ﬂavit
581 2676 640 2714 se
671 2657 1008 2728 bomojndcx
1038 2655 1224 2709 videns
1243 2664 1366 2709 ante
1390 2669 1448 2707 se
1465 2652 1754 2716 Christum,
1782 2658 1836 2704 et
1863 2650 1936 2703 ait
1968 2667 1982 2705 :

412 2750 596 2805 Nescis
624 2750 742 2819 quia
782 2758 1071 2817 potestatem
1107 2733 1264 2798 habeo
1309 2743 1566 2797 occidendi
1604 2752 1651 2795 et
1702 2739 1984 2794 dimittendi

413 2844 494 2897 te?
515 2844 583 2896 At
610 2841 700 2895 ille
726 2841 813 2910 qui
838 2846 1055 2894 venerat
1092 2846 1148 2892 et
1174 2852 1297 2891 eum
1327 2835 1543 2898 docere,
1571 2850 1600 2887 a
1631 2848 1737 2904 quo
1781 2832 1985 2902 judica-

414 2934 571 2988 batur
600 2951 612 2987 :
644 2932 764 2986 Non
787 2931 1009 2995 haberes,
1041 2928 1230 2999 inquit,
1259 2928 1313 2981 in
1347 2943 1425 2980 me
1445 2935 1754 2998 potestatem,
1784 2926 1879 2978 nisi
1908 2942 1987 2979 es-

413 3034 489 3078 set
530 3025 620 3077 tibi
642 3023 853 3093 desuper
874 3022 993 3074 data
1031 3019 1207 3091 (.loan.
1242 3017 1464 3083 xix,10,
1494 3015 1603 3087 il).
1641 3016 1709 3070 Et
1750 3016 1908 3069 homo
1935 3025 1988 3070 et

413 3115 656 3173 diabolus
678 3123 733 3169 ct
774 3113 1021 3183 qumlibet
1050 3111 1309 3167 dznmouia
1353 3109 1564 3165 nonnisi
1603 3119 1814 3176 accepta
1843 3117 1989 3177 pote-

415 3218 554 3262 state
583 3215 777 3261 nocent
802 3223 817 3260 :
842 3204 943 3273 sed
964 3201 1361 3273 proﬁcientibus
1389 3215 1492 3254 non
1514 3208 1727 3253 nocent.
1747 3199 1895 3253 Malis
1917 3199 1986 3253 ita

414 3282 543 3354 sunt
565 3307 810 3367 tanquam
828 3271 1143 3365 ignisl'eno;
1172 3293 1325 3348 bonis
1346 3294 1417 3346 ita
1445 3301 1566 3346 sunt
1582 3299 1826 3359 tanquam
1848 3289 1990 3360 ignis

416 3406 569 3444 auro.
600 3386 943 3441 Mandueatus
969 3396 1049 3440 est
1087 3384 1250 3438 Judas
1285 3392 1341 3437 ut
1366 3383 1579 3446 fenum;
1613 3382 1864 3451 probatus
1910 3391 1991 3435 est

416 3482 519 3537 Job
549 3489 606 3535 ut
631 3494 835 3534 aurum.
865 3477 1089 3533 Posuisti
1116 3458 1438 3536 tenebrasfet
1460 3479 1593 3544 facta
1623 3483 1694 3525 est
1722 3487 1860 3526 nox:
1888 3473 1992 3525 illic

419 3571 788 3645 pertransibunt
826 3585 995 3624 omnes
1042 3568 1208 3621 bestia:
1250 3567 1406 3620 silete.
1445 3565 1564 3619 Jam
1619 3564 1799 3619 bestia:
1847 3563 1992 3617 silvae

418 3664 525 3719 alio
550 3661 707 3717 modo
735 3679 748 3714 :
780 3662 882 3714 alio
899 3660 1050 3717 .cnim
1077 3667 1132 3712 et
1156 3658 1261 3711 alio
1287 3656 1444 3712 modo
1491 3671 1704 3723 semper
1734 3656 1750 3686 ¹
1779 3655 1889 3708 ista
1915 3655 1995 3707 in-

422 3756 765 3826 telliguntur;
796 3753 1062 3822 quomodo
1092 3750 1344 3805 Dominus
1374 3750 1484 3818 ipse
1514 3764 1703 3818 agnus,
1748 3749 1859 3817 ipse
1889 3749 1991 3802 leo.

423 3845 561 3914 Quid
592 3854 697 3898 tam
729 3844 999 3898 diversum
1051 3857 1208 3911 quam
1249 3855 1417 3910 agnus
1442 3848 1498 3894 et
1546 3838 1665 3893 leo?
1691 3839 1796 3894 Sed
1823 3840 1995 3908 qualis

424 3937 632 4008 agnus?
661 3936 760 4004 Qui
804 3936 1038 3989 vinceret
1080 3934 1285 4002 lupum,
1322 3933 1556 3985 vinceret
1602 3931 1830 3984 leonem.
1879 3931 1997 4000 Ipse

425 4038 597 4098 petra,
630 4029 744 4101 ipse
774 4036 970 4097 pastor,
1003 4027 1114 4096 ipse
1150 4025 1329 4094 janua.
1360 4023 1550 4077 Pastor
1579 4023 1741 4076 intrat
1776 4038 1868 4091 per
1909 4023 1997 4090 ja-

427 4133 586 4173 nuam
620 4136 634 4174 :
662 4125 720 4173 et
769 4118 918 4184 dicit,
950 4116 1060 4187 Ego
1094 4132 1204 4167 sum
1228 4123 1397 4183 pastor
1412 4114 1604 4174 bonus;
1630 4123 1683 4168 et
1709 4114 1855 4177 dicit,
1888 4112 1999 4183 Ego

427 4228 538 4266 sum
563 4213 727 4281 janua
761 4208 866 4281 (Id.
894 4224 953 4275 x,
976 4210 1028 4273 7,
1061 4205 1169 4277 Η).
1198 4205 1371 4275 Ipsum
1405 4203 1573 4259 leonis
1602 4212 1793 4258 nomen
1824 4205 2001 4257 Domi-

429 4319 556 4359 num
591 4300 888 4372 signiﬁcat;
919 4299 1062 4367 quia,
1100 4297 1226 4349 Vicit
1268 4297 1343 4350 leo
1381 4294 1444 4348 de
1485 4295 1615 4348 tribu
1640 4294 1782 4348 Juda
1819 4296 1997 4368 (Apoc.

431 4411 485 4463 ν,
512 4394 590 4467 5),
619 4404 673 4449 et
700 4392 967 4447 diabolum
990 4406 1004 4455 ;
1028 4391 1173 4460 quia,
1196 4388 1520 4443 Conculcavit
1548 4386 1737 4442 leonem
1759 4397 1805 4442 et
1822 4390 2000 4441 draco-

432 4502 553 4541 nem
582 4483 748 4554 (Psal.
773 4494 857 4546 xc,
893 4482 1001 4550 15).
1026 4480 1221 4535 Discite
1252 4480 1329 4534 sic
1376 4477 1689 4548 intelligere,
1721 4495 1838 4532 cum
1874 4479 2003 4548 ﬁgu-

433 4584 549 4631 rate
588 4574 687 4628 ista
713 4571 994 4636 dicuntur;
1024 4586 1090 4624 ne
1127 4568 1260 4622 forte
1288 4568 1373 4621 ubi
1403 4568 1637 4636 lcgcritis
1664 4568 1805 4637 quod
1846 4568 2004 4622 Chri-

436 4665 857 4736 stnutsignilicat
906 4674 1052 4732 petra
1093 4662 1132 4734 (1
1165 4663 1280 4715 Cor.
1326 4677 1393 4718 ι.
1430 4659 1507 4731 4),
1561 4662 1753 4731 ubique
1800 4670 2001 4730 petram

435 4758 704 4815 Christum
754 4755 965 4825 putetis.
1016 4753 1283 4819 Signiﬁcat
1327 4752 1426 4805 alia
1472 4762 1629 4821 atque
1675 4751 1815 4814 alia,
1862 4751 2000 4806 sicut

434 4854 610 4909 littera
639 4866 744 4920 quo
774 4850 889 4902 loco
917 4857 1142 4918 ponatur
1172 4846 1287 4900 vide
1309 4887 1323 4909 ,
1352 4845 1429 4933 ibi.
1452 4842 1696 4913 intelligis
1718 4843 1834 4913 ejus
1871 4844 1999 4899 vim.

386 4988 391 4993 .
435 4945 491 5000 Si
514 4942 744 4997 audieris
768 4940 995 4994 litteram
1025 4938 1248 5008 primam
1277 4936 1328 4989 in
1360 4936 1572 4990 nomine
1607 4934 1735 4999 Dei,
1770 4943 1822 4988 et
1847 4943 2002 5004 puta-

436 5037 580 5093 veris
602 5048 718 5090 eam
748 5046 957 5100 semper
979 5029 1046 5083 ibi
1078 5027 1406 5096 ponendam,
1438 5026 1638 5081 delebis
1663 5040 1780 5080 eam
1822 5027 1872 5079 in
1902 5041 2003 5081 no-

438 5128 580 5182 mine
607 5124 824 5180 diaboli.
852 5122 933 5175 Ab
979 5119 1164 5174 eadem
1194 5117 1336 5171 enim
1369 5118 1539 5172 littera
1580 5118 1762 5187 incipit
1810 5133 2002 5174 nomen

439 5218 554 5280 Dei,
582 5233 612 5269 a
635 5230 740 5286 qua
769 5211 953 5282 incipit
978 5226 1167 5264 nomen
1190 5207 1419 5272 diaboli;
1445 5218 1498 5262 et
1519 5208 1652 5261 nihil
1682 5217 1785 5262 tam
1812 5209 2007 5279 disiun-

436 5320 619 5374 ctum,
671 5321 828 5377 quam
884 5303 1026 5357 Deus
1078 5309 1132 5356 et
1183 5297 1443 5352 diabolus.
1494 5297 1626 5352 \‘ide
1674 5315 1800 5368 ergo
1848 5315 2005 5368 quam

438 5399 699 5455 absurdus
722 5406 804 5453 est
829 5411 860 5450 a
889 5394 1046 5450 rebus
1071 5400 1126 5447 et
1153 5390 1396 5445 humanis
1423 5397 1476 5444 et
1495 5389 1707 5457 divinis,
1736 5390 1824 5461 qui
1852 5389 2003 5445 dixe-

500 5580 516 5611 ¹
679 5580 805 5625 MSS"
827 5585 970 5633 swpe.
997 5633 1007 5639 _
1465 5629 1492 5639 ,Α
1543 5630 1553 5639 ⁸

499 5637 755 5749 (α)σιιοέυ
796 5628 966 5684 versus
991 5633 1089 5694 jam
1111 5644 1254 5694 supra
1277 5629 1519 5693 exposuit,
1542 5630 1590 5677 in
1608 5634 1768 5723 εαξη.
1803 5628 1921 5678 Psal.
1946 5635 2004 5689 C,

436 5714 520 5753 Itlt.
580 5713 634 5753 ι.
726 5731 737 5743 .

508 5736 520 5749 ι
554 5730 634 5757 ιε,
668 5730 737 5745 IV.

1572 252 1629 305 S.
1670 242 2030 302 AUGUSTINI
2070 243 2367 300 EPISCOPI

3484 253 3584 311 157

2060 358 2128 410 rit
2148 358 2213 412 de
2235 358 2409 414 littera
2439 361 2688 431 singulari
2723 363 2780 429 D,
2820 364 2932 419 Non
2959 365 3116 421 debet
3148 367 3415 425 baberiin
3452 366 3627 443 capite

2058 449 2287 501 nominis
2315 450 2530 514 diaboli,
2560 463 2612 507 et
2655 468 2776 508 cum
2814 457 3106 526 qumsieris,
3139 474 3305 529 quare
3333 460 3356 513 ἲ
3402 479 3625 531 respon-

2059 539 2217 595 deat:
2248 540 2356 609 Ego
2389 542 2437 594 in
2470 544 2684 597 nomine
2708 545 2798 600 Dei
2827 546 2924 615 legi
2954 548 3105 602 istam
3128 549 3377 604 litteram.
3409 552 3629 611 Ridetar

2060 633 2190 696 iste;
2220 650 2340 688 nam
2368 650 2466 690 nec
2492 636 2610 691 talis
2636 648 2715 691 est
2734 639 2816 692 cui
2842 639 3074 709 digneris
3104 642 3323 698 reddere
3343 646 3627 703 rationem.

2061 725 2234 779 Nolite
2261 743 2386 796 ergo
2432 738 2535 781 tam
2568 731 2838 798 pueriliter
2863 748 3052 802 sapere
3082 736 3238 789 etiam
3288 738 3383 791 ista
3414 739 3628 803 divina,

2064 829 2120 871 ut
2151 818 2285 873 forte
2313 818 2503 888 aliquis
2532 832 2764 876 vestrum
2786 865 2800 887 ,
2828 825 2946 894 quia
2985 826 3094 880 dixi
3146 830 3389 896 superius
3438 832 3632 887 bestias

2064 911 2209 962 silva:
2238 910 2536 981 signiﬁcare
2582 913 2797 979 Gentes,
2830 916 2988 971 modo
3039 930 3215 973 autem
3244 920 3383 976 adico
3437 923 3632 979 bestias

2065 1000 2211 1054 silva:
2233 1002 2529 1070 signilb-are
2550 1004 2809 1059 darmonia
2842 1017 2894 1062 et
2927 1011 3142 1079 angelos
3165 1015 3632 1084 prmvaricationis,

2068 1101 2214 1159 putet
2236 1091 2300 1145 iis
2321 1109 2406 1148 me
2432 1093 2629 1164 aliquid
2653 1100 2978 1151 contrarium
3019 1101 3217 1156 dicere.
3251 1104 3636 1163 Similitudines

2067 1181 2207 1234 enim
2238 1192 2378 1245 sunt,
2412 1196 2464 1236 et
2494 1184 2545 1237 in
2570 1201 2905 1256 quocumque
2932 1189 3049 1244 loco
3070 1203 3212 1258 sunt,
3241 1194 3636 1251 circumstantia

2068 1271 2151 1325 sui
2180 1283 2533 1341 exponuntur.
2558 1273 2676 1328 Illic
2710 1279 3081 1346 pertransibunt
3101 1298 3270 1337 omnes
3291 1283 3457 1338 bestite
3475 1287 3633 1339 silere.

2070 1360 2202 1416 Ubi?
2223 1361 2277 1416 In
2310 1374 2465 1419 nocte
2491 1381 2646 1435 quam
2672 1369 2848 1436 posuit
2879 1370 3153 1440 Dominus,
3184 1376 3303 1443 quia
3329 1377 3407 1430 sol
3437 1383 3642 1449 agnovit

2071 1467 2301 1505 occasum
2342 1470 2506 1506 suum.
2560 1455 2728 1510 Catuli
2774 1458 2973 1513 leonum
3015 1464 3283 1532 rugientes,
3323 1477 3375 1519 ut
3416 1469 3641 1537 rapiant,

2071 1553 2346 1610 quwrentes
2365 1561 2396 1596 a
2416 1543 2522 1599 L‘eo
2551 1564 2713 1600 escam
2741 1549 2856 1604 sibi.
2883 1550 3069 1605 Merito
3100 1554 3349 1611 Dominus
3388 1571 3645 1615 venturus

2074 1633 2138 1687 ad
2167 1650 2412 1699 occasum
2444 1653 2618 1705 suum,
2653 1640 2765 1709 ipse
2803 1644 2882 1697 sol
2905 1645 3125 1712 justitim
3154 1662 3448 1717 agnoscens
3482 1667 3640 1706 occa-

2074 1740 2191 1779 sum
2221 1743 2396 1796 suum,
2437 1731 2509 1784 ait
2532 1731 2829 1801 discipulis,
2855 1744 3101 1806 tanquam
3130 1741 3363 1797 tenebris
3379 1743 3569 1800 futuris
3599 1748 3642 1810 ',

2076 1816 2360 1872 circuituro
2386 1820 2558 1889 leone,
2589 1833 2646 1877 ut
2671 1837 2934 1893 quaereret
2962 1844 3118 1897 quem
3157 1831 3469 1902 devoraret,
3501 1839 3642 1905 quod

2079 1908 2165 1962 ille
2186 1909 2270 1963 leo
2293 1912 2556 1965 neminem
2585 1914 2883 1979 devoraret,
2914 1919 3014 1973 nisi
3052 1932 3293 1989 peteret:
3326 1923 3440 1978 Hac
3467 1938 3645 1993 nocte,

2080 2001 2282 2071 inquit,
2314 2006 2582 2073 postulavit
2611 2017 2813 2062 satanas
2832 2025 3011 2065 vexare
3035 2028 3119 2067 vos
3146 2016 3272 2068 sicut
3311 2002 3561 2085 triticum;
3602 2032 3648 2075 ct

2079 2111 2168 2163 ego
2189 2095 2360 2164 rogavi
2384 2113 2474 2167 pro
2494 2106 2559 2160 te,
2589 2097 2758 2162 Pelre,
2780 2117 2844 2155 ne
2862 2101 3060 2169 deﬁciat
3086 2106 3210 2174 ﬁdes
3230 2116 3315 2159 tua
3337 2107 3483 2179 (Luc.
3513 2127 3646 2176 xxn,

2082 2185 2170 2250 5t,
2203 2186 2318 2255 52).
2348 2187 2531 2243 Nonne
2560 2189 2746 2245 Petrus
2766 2208 2885 2246 cum
2912 2202 2994 2248 ter
3014 2199 3227 2265 negavit
3257 2198 3466 2266 (Matth.
3500 2219 3650 2271 xxvr,

2081 2262 2264 2346 70-74)
2298 2319 2312 2342 ,
2364 2277 2479 2347 jam
2522 2280 2660 2334 inter
2693 2282 2879 2338 dentes
2920 2262 3108 2341 leonis-
3134 2290 3287 2355 erat?
3325 2290 3491 2346 Catuli
3541 2295 3649 2347 leo-

2082 2382 2198 2419 num
2224 2368 2492 2438 rugientes,
2528 2380 2583 2423 ut
2611 2373 2830 2441 rapiant,
2869 2385 2915 2428 et
2952 2386 3004 2429 ut
3032 2390 3256 2446 quierant
3289 2397 3320 2433 τι
3345 2380 3453 2436 Deo
3486 2400 3654 2439 escam

2080 2457 2193 2510 sibi.
2416 2530 2433 2541 Χ
3374 2516 3383 2523 ι

2079 2546 2090 2552 ’
2153 2548 2242 2603 25.
2276 2548 2423 2620 [vers.
2452 2550 2568 2624 22.]
2597 2552 2750 2608 Ortus
2790 2565 2864 2609 est
2907 2558 3006 2612 sol.
3033 2558 3130 2627 Qui
3165 2560 3317 2626 dixit,
3351 2562 3656 2621 Potestatem

2085 2638 2241 2693 habeo
2264 2643 2485 2709 ponendi
2511 2645 2733 2698 animum
2769 2664 2950 2715 meam,
2978 2660 3026 2704 et
3063 2660 3353 2722 potestatem
3388 2656 3544 2711 habeo
3563 2660 3660 2714 ite-

2084 2750 2198 2786 rum
2226 2737 2454 2790 sumendi
2506 2754 2652 2804 eam;
2694 2744 2895 2812 agnovit
2937 2760 3165 2799 occasura
3193 2766 3358 2817 suum,
3387 2761 3441 2806 et
3486 2755 3659 2822 posuit

2085 2841 2202 2881 eam
2224 2844 2238 2890 ;
2262 2839 2403 2883 ortus
2432 2839 2504 2883 est
2532 2830 2631 2893 sol,
2654 2844 2707 2886 et
2732 2835 2931 2902 recepit
2956 2852 3094 2891 eam.
3128 2837 3281 2895 Ortus
3318 2855 3387 2896 est
3411 2848 3508 2909 sul,
3536 2848 3656 2915 quia

2087 2919 2280 2975 occidit
2307 2922 2406 2986 sol,
2434 2923 2529 2978 sed
2559 2939 2662 2978 non
2701 2927 2993 2983 exstinctus
3018 2939 3100 2986 est
3128 2933 3226 2988 sul.
3256 2935 3440 2991 Adhuc
3465 2938 3543 2992 eis
3567 2942 3657 3008 qui

2090 3026 2192 3066 non
2226 3014 2523 3084 intelligunt
2541 3015 2827 3095 Christum,
2855 3022 2963 3090 ipsa
2991 3039 3093 3078 nox
3123 3036 3236 3089 est;
3276 3028 3449 3084 adhuc
3475 3032 3553 3109 eis
3578 3035 3659 3088 Sol

2089 3115 2238 3158 ortus
2268 3121 2372 3160 non
2399 3117 2484 3162 est
2509 3126 2523 3187 ξ
2551 3110 2766 3176 instent,
2797 3122 2851 3167 ut
2891 3114 3199 3185 intelligant,
3226 3134 3291 3174 ne
3335 3122 3606 3190 rapiantur
3630 3140 3659 3178 a

2090 3198 2330 3267 rugiente
2362 3200 2534 3255 leone.
2567 3201 2697 3256 Nam
2727 3219 2852 3259 ecce
2876 3207 3067 3274 quibus
3108 3219 3255 3265 ortus
3284 3221 3385 3277 est,
3418 3229 3521 3269 non
3566 3232 3661 3272 eos

2089 3290 2286 3344 audent
2313 3291 2563 3348 invadere
2588 3296 2745 3349 catuli
2777 3297 3010 3353 leonum.
3028 3300 3277 3372 Sequitur
3297 3306 3436 3360 enim
3463 3325 3475 3360 :
3508 3306 3663 3364 Ortus

2091 3391 2163 3434 est
2183 3383 2279 3447 sol,
2304 3394 2351 3437 et
2376 3389 2664 3458 congregati
2685 3398 2821 3457 sunt,
2847 3400 2892 3445 et
2911 3393 2965 3447 in
2992 3394 3236 3450 cubilibus
3261 3399 3368 3453 suis
3391 3401 3660 3457 cubabant.

2091 3472 2255 3542 Magis
2279 3476 2550 3547 magisque
2597 3478 2687 3533 ubi
2713 3482 2733 3512 ¹
2764 3483 2931 3537 oritur
2959 3485 3038 3539 sol
3087 3487 3201 3553 iste,
3238 3501 3296 3544 ut
3343 3492 3666 3564 intelligatur

2080 3565 2160 3638 .ab
2188 3566 2319 3622 orbe
2374 3577 2630 3626 terrarum
2657 3613 2673 3638 ,
2720 3584 2774 3628 et
2822 3576 3142 3633 clariﬁcetur
3187 3581 3431 3639 Christus
3472 3587 3526 3641 in
3556 3599 3665 3642 toto

2093 3658 2325 3725 mundo,
2352 3674 2739 3733 congregantur
2783 3669 2939 3722 catuli
2987 3669 3236 3739 leonum;
3273 3672 3362 3730 illa
3401 3677 3661 3736 darmonia

2095 3748 2353 3804 recedunt
2381 3766 2411 3805 a
2455 3756 2823 3821 persecutione
2875 3757 3148 3828 Ecclesizn,
3179 3780 3297 3830 quin
3345 3767 3667 3838 instigabant

2098 3841 2341 3909 persequi
2383 3841 2598 3898 domum
2632 3846 2748 3913 Dei,
2776 3851 3045 3917 operando
3093 3853 3144 3907 in
3186 3854 3306 3910 ﬁliis
3334 3857 3664 3916 diffidentia.

2096 3928 2227 3983 Nam
2253 3930 2449 3986 dictum
2468 3944 2551 3988 est
2574 3954 2587 3990 :
2618 3936 2909 3991 Secundum
2932 3942 3205 4011 principem
3232 3951 3489 4014 potestatis
3514 3954 3665 4017 aeris,

2098 4021 2183 4089 qui
2208 4038 2343 4075 nunc
2390 4037 2625 4094 operatur
2653 4028 2704 4081 in
2737 4030 2855 4098 ﬁliis
2898 4032 3215 4100 infidelitatis
3262 4036 3479 4108 (Ephes.
3498 4057 3553 4105 ιι,
3584 4042 3663 4113 2).

2099 4113 2256 4169 Modo
2276 4116 2383 4184 jam
2406 4118 2525 4185 quia
2570 4134 2951 4176 netnocorum
3000 4129 3241 4197 persequi
3280 4131 3442 4186 audet
3484 4134 3670 4190 Eccle-

2101 4206 2255 4269 siam,
2286 4218 2423 4262 ortus
2443 4220 2516 4262 est
2538 4212 2636 4272 sol,
2661 4221 2707 4265 et
2744 4218 3033 4285 congregati
3060 4228 3194 4272 sunt.
3220 4221 3285 4275 Et
3305 4222 3390 4276 ubi
3414 4227 3575 4279 sunt?
3606 4225 3671 4280 Et

2100 4297 2153 4350 in
2196 4297 2437 4352 cubilibus
2461 4300 2565 4354 suis
2604 4303 2873 4356 cubabant.
2914 4306 3118 4361 Cubilia
3169 4326 3371 4377 eorum,
3398 4313 3559 4369 corda
3593 4297 3696 4369 ib;

2103 4387 2357 4443 ﬁdelium.
2387 4390 2553 4456 Quam
2584 4394 2734 4446 nmlti
2775 4405 2964 4469 gerunt
2991 4397 3172 4454 leones
3197 4401 3451 4459 cubantes
3480 4406 3532 4459 in
3551 4423 3673 4461 eor-

2102 4478 2255 4532 dibus
2282 4480 2391 4533 suis
2411 4483 2434 4534 ‘t
2458 4480 2571 4536 Non
2624 4484 2747 4537 inde
2796 4498 3099 4557 erumpunt,
3129 4506 3233 4544 non
3259 4491 3456 4548 faciunt
3498 4497 3671 4566 impc-

2105 4571 2292 4625 tumin
2322 4572 2474 4627 istam
2513 4577 2938 4643 peregrinantem
2989 4579 3303 4637 Jerusalem.
3344 4586 3519 4653 Quare
3564 4606 3671 4643 non

2105 4659 2335 4716 faciunt!
2363 4662 2494 4729 Quia
2541 4664 2650 4734 jam
2692 4676 2834 4722 ortus
2878 4680 2949 4725 est
2973 4672 3069 4740 sol,
3101 4683 3153 4728 et
3179 4675 3421 4744 splendet
3449 4679 3504 4733 in
3561 4690 3674 4735 toto

2104 4753 2233 4807 urbe
2254 4764 2533 4809 terrarum.
3400 4834 3405 4839 .

2172 4843 2260 4898 24.
2297 4843 2446 4917 [υσεδ.
2474 4845 2590 4920 25.]
2620 4846 2763 4918 Ergo
2787 4849 2906 4906 vide
2930 4853 3052 4921 quid
3081 4865 3350 4924 sequatur,
3371 4859 3491 4928 quia
3532 4872 3674 4915 ortus

2105 4945 2176 4987 est
2201 4935 2298 5000 sol,
2326 4946 2375 4990 et
2419 4939 2707 5007 congregati
2754 4950 2889 5006 sunt,
2916 4952 2963 4995 et
2989 4943 3041 4996 in
3083 4944 3324 5001 cubilibus
3364 4950 3470 5003 suis
3518 4953 3675 5011 cubu-

2107 5026 2244 5080 bunt.
2276 5027 2411 5094 Quid
2441 5036 2515 5094 tu,
2543 5043 2577 5083 ο
2606 5029 2762 5085 homo
2793 5032 2924 5087 Dei?
2950 5035 3074 5103 quid
3098 5046 3174 5103 tu,
3202 5052 3236 5090 ο
3265 5039 3500 5094 Ecclesia
3527 5041 3622 5096 Dei
3650 5043 3675 5095 ?

2104 5118 2231 5189 quid
2263 5129 2336 5186 tu,
2363 5135 2396 5174 ο
2419 5136 2613 5189 corpus
2649 5120 2867 5191 Christi,
2896 5124 3046 5195 cujus
3072 5110 3229 5198 caput
3276 5127 3328 5183 in
3376 5132 3516 5185 cmlo
3551 5133 3675 5187 est?

2107 5212 2233 5281 quid
2279 5224 2333 5267 tu
2374 5213 2522 5280 iacis,
2553 5232 2586 5270 ο
2630 5219 2809 5280 homo,
2856 5219 3030 5274 unitas
3070 5220 3232 5289 ejus?
3266 5220 3453 5288 Exiet,
3482 5225 3669 5294 inquit,

2108 5302 2256 5356 homo
2283 5302 2350 5356 ad
2377 5320 2504 5374 opus
2531 5321 2701 5358 suum.
2731 5306 2991 5375 Operetur
3010 5323 3136 5378 ergo
3164 5311 3263 5366 iste
3308 5310 3469 5368 homo
3511 5328 3673 5382 opera

2109 5393 2252 5447 bona
2273 5395 2324 5448 in
2355 5394 2635 5451 securitate
2673 5397 2820 5467 pacis
2857 5397 3127 5469 Ecclesiae,
3151 5412 3399 5470 operetur
3424 5418 3590 5474 usque
3619 5406 3670 5458 in

2173 5568 2189 5597 ι
2215 5573 2332 5614 Tres
2346 5572 2476 5638 (uss,
2494 5567 2561 5638 ait
2583 5558 2828 5638 disgt'pulis
2848 5569 2963 5621 suis.
2988 5577 3041 5631 tit
3058 5577 3262 5636 quatuor
3281 5584 3633 5638 prosequatur
3649 5586 3670 5628 :

2110 5635 2334 5687 tanquam
2355 5626 2403 5676 in
2424 5628 2627 5677 tenebris
2647 5626 2836 5689 hauris.

2175 5692 2195 5722 ³
2216 5693 2287 5739 sic
2310 5697 2413 5739 uss.
2442 5696 2494 5738 st
2516 5690 2646 5749 ειη,
2669 5689 2756 5742 iti.
