4012 6202
255 315 400 379 15⁷77,

252 434 438 485 tinem.
471 432 766 503 Aliquando
785 439 923 494 enim
951 444 1051 495 erit
1077 443 1316 512 qumdam
1359 446 1753 500 centenebratio
1778 448 1819 513 ί,

253 532 309 575 et
339 522 427 589 ﬁet
456 525 670 593 quidam
716 528 962 598 impetus,
994 533 1085 587 sed
1116 534 1167 587 in
1195 551 1434 605 vespera,
1460 538 1611 592 idest
1641 541 1691 593 in
1721 541 1825 596 ﬁne

252 614 434 668 mundi
464 634 481 671 :
509 619 668 672 modo
693 629 867 676 autem
897 624 948 676 in
990 639 1120 693 pace
1145 636 1199 680 et
1221 631 1595 697 tranquillitate
1633 648 1824 703 cpera-

251 714 337 757 tur
371 706 642 772 Ecclesia;
685 712 807 779 quia
845 713 973 767 exiet
1013 715 1160 770 homo
1190 718 1258 770 ad
1290 736 1418 789 opus
1458 738 1624 787 suum,
1659 734 1705 778 et
1755 726 1824 779 ad

247 784 591 855 operationem
616 816 759 852 suam
790 818 945 872 usque
963 805 1030 857 ad
1059 821 1334 877 vesperam.

321 885 413 940 23.
444 895 594 963 iners.
623 889 738 962 24.}
769 892 933 959 Quam
993 901 1317 969 magniﬁcam
1360 916 1476 957 sunt
1514 921 1667 975 Opera
1712 917 1817 974 tua,

250 976 501 1032 Domine!
529 978 715 1035 Merito
763 1000 970 1054 magna,
1025 990 1215 1045 merito
1262 995 1490 1049 excelsa.
1533 995 1633 1052 Ubi
1683 997 1821 1053 facta

248 1078 368 1121 sunt
394 1084 554 1138 Opera
590 1070 689 1126 ista
736 1082 840 1127 tam
880 1080 1106 1147 magna?
1134 1097 1252 1150 qua:
1294 1084 1380 1138 illa
1423 1086 1700 1165 statioDei
1728 1088 1818 1144 ubi

247 1159 412 1223 stetit,
440 1162 524 1215 vel
547 1178 666 1232 qua:
705 1165 793 1218 illa
846 1168 1015 1222 sessio
1045 1171 1131 1225 ubi
1157 1174 1177 1204 ²
1205 1175 1359 1239 sedit,
1391 1187 1444 1231 et
1492 1177 1586 1231 ista
1633 1195 1822 1248 opera-

252 1261 328 1304 tus
349 1254 467 1306 est?
486 1256 605 1325 quis
634 1256 782 1313 locus
830 1260 915 1314 ubi
974 1262 1071 1317 ista
1124 1277 1370 1335 operatus
1395 1271 1507 1323 est?
1538 1272 1676 1327 unde
1700 1288 1821 1342 pro-

252 1357 518 1399 cesserunt
545 1348 715 1414 primo
746 1350 840 1403 ista
872 1362 973 1406 tam
1000 1355 1261 1424 pulchra?
1287 1357 1341 1414 Si
1381 1359 1446 1413 ad
1473 1362 1699 1416 litteram
1726 1380 1817 1419 ac-

250 1436 429 1502 cipias,
460 1440 635 1491 omnis
673 1441 913 1498 ordinata
963 1454 1204 1500 creatura
1229 1490 1245 1514 ,
1284 1449 1525 1507 ordinate
1574 1469 1813 1518 currens,

252 1528 486 1583 ordinate
515 1532 1024 1599 pulchra,'ordinate
1051 1539 1250 1607 oriens,
1282 1543 1523 1600 ordinate
1545 1548 1812 1615 oecidens,

248 1617 484 1673 ordinate
525 1634 785 1691 peragens
830 1626 1003 1679 omnia
1049 1636 1308 1700 tempora,
1336 1633 1476 1688 unde
1521 1639 1815 1704 processit?

247 1705 356 1775 ipsa
391 1719 568 1763 autem
618 1712 853 1768 Ecclesia
907 1719 1176 1787 quomodo
1219 1724 1421 1793 accepit
1467 1725 1810 1793 incrementa,

247 1814 537 1865 successus,
570 1804 993 1871 perfectionem?
1037 1811 1313 1879 Quomodo
1339 1816 1637 1874 destinatur
1655 1821 1718 1876 ad
1749 1821 1812 1875 ﬁ-

248 1904 358 1943 uexn
405 1893 692 1961 quemdam
757 1896 1204 1957 immortalitatis?
1268 1904 1470 1981 Quibus
1534 1912 1813 1977 przecouiis

248 1982 600 2047 prmdicatur?
626 1989 816 2057 quibus
857 1994 1123 2063 mysteriis
1151 2000 1597 2056 commendatur?
1623 2005 1813 2072 quibus

247 2064 589 2132 sacramentis
616 2080 911 2135 occultatur
934 2084 957 2136 ‘t
982 2099 1082 2155 qua
1105 2087 1477 2156 praedicatione
1504 2096 1812 2152 reveletur?

245 2164 333 2220 Ubi
361 2167 486 2223 fecit
529 2169 644 2225 hmo
671 2173 842 2227 Deus?
867 2175 1028 2231 Video
1058 2193 1245 2249 magna
1295 2198 1454 2249 opera
1479 2204 1491 2239 :
1515 2187 1677 2253 Quam
1698 2207 1809 2242 ma-

242 2259 471 2328 gni/irata
497 2272 615 2315 sunt
644 2280 797 2332 opera
836 2276 944 2331 tua,
969 2269 1183 2326 Domine
1205 2274 1227 2327 .’
1251 2274 1441 2342 Quer
1482 2280 1566 2334 uhi
1605 2280 1804 2354 fecerit,

244 2349 402 2404 locum
432 2368 541 2406 non
570 2354 820 2418 invenio;
850 2359 943 2413 sed
975 2361 1128 2434 video
1144 2365 1270 2432 quid
1298 2380 1551 2437 sequatur
1579 2389 1592 2424 :
1625 2371 1810 2428 Omnia

239 2438 284 2491 in
304 2442 556 2507 sapientia
585 2446 764 2513 fecisti.
791 2447 929 2517 Ergo
967 2453 1140 2506 omnia
1172 2454 1223 2508 in
1255 2455 1467 2513 Christo
1504 2460 1692 2516 fecisti.
1719 2463 1809 2520 Ille

238 2542 590 2601 contemptus,
621 2537 710 2593 ille
733 2542 1087 2612 expalmatus,
1118 2545 1211 2601 ille
1247 2563 1555 2619 consputus,
1584 2555 1671 2610 ille
1696 2557 1806 2625 spi«

237 2623 308 2675 nis
334 2636 647 2691 coronatus,
671 2628 759 2683 ille
796 2634 1115 2702 cruciﬁxus,
1170 2641 1346 2693 omnia
1398 2642 1449 2696 in
1495 2645 1584 2699 illo
1614 2647 1804 2704 fecile

235 2714 415 2779 Audio,
447 2716 613 2770 audio
641 2720 765 2788 quid
801 2722 868 2779 de
895 2725 985 2779 illo
1032 2735 1121 2781 tuo
1170 2730 1338 2787 milite
1369 2737 1578 2791 nunties
1636 2738 1807 2795 homi-

234 2804 412 2869 nibus;
437 2807 568 2876 quid
589 2809 657 2864 de
680 2812 766 2865 illo
788 2828 1034 2881 praecone
1057 2828 1242 2876 sancto
1263 2823 1516 2890 prmdices
1537 2831 1801 2897 gentibus,

230 2894 493 2954 Christum
526 2900 619 2954 Dei
650 2902 907 2961 Virtutem
929 2951 944 2974 ,
972 2918 1029 2964 et
1053 2911 1149 2967 Dei
1179 2912 1523 2983 Sapientiam.
1544 2894 1804 2979 irrideant

229 2987 386 3044 Jndtei
417 2992 735 3049 cruciﬁxum
766 2994 1060 3067 Christum,
1090 3004 1212 3073 quia
1241 3009 1548 3065 Scandalum
1586 3022 1665 3067 est
1691 3015 1799 3082 eis;

230 3077 475 3135 irrideant
505 3082 700 3153 Pagani
730 3090 1040 3146 crucifixum
1079 3093 1346 3151 Christum
1369 3140 1382 3163 ,
1422 3102 1543 3170 quia
1579 3104 1799 3162 stultitia

227 3170 402 3232 est‘eis
428 3189 442 3224 :
474 3170 590 3227 Nos
615 3185 799 3240 autem,
829 3178 1018 3248 inquit,
1048 3185 1385 3253 praedicamus
1406 3188 1659 3246 Christum
1685 3213 1799 3249 cru-

226 3259 456 3326 ciﬁxum,
506 3262 703 3319 Judazis
745 3269 945 3338 quidem
968 3268 1316 3344 scandalum,
1362 3278 1602 3337 Gentibus
1632 3295 1797 3340 autem

226 3349 484 3405 stultitiam
499 3368 524 3418 ;
549 3354 673 3424 ipsis
698 3372 814 3411 vero
840 3363 1026 3417 vocatis
1042 3364 1241 3420 Judteis
1259 3378 1307 3421 et
1333 3367 1523 3427 (ἕνατῶ
1546 3372 1797 3431 Christum

231 3437 317 3493 Dei
356 3440 603 3498 Virtutem
626 3489 641 3511 ,
675 3458 721 3501 et
754 3448 843 3503 Dei
886 3451 1203 3523 Sapientiam
1238 3458 1290 3530 (1
1323 3459 1440 3517 Cor.
1467 3478 1517 3530 t,
1541 3464 1645 3534 25,
1669 3467 1791 3541 Ἦ).

230 3530 404 3588 Omnia
428 3538 483 3591 in
509 3540 759 3607 sapientia
786 3545 969 3613 fecisti.

292 3624 380 3679 ‘26.
411 3628 626 3698 ltepleta
656 3641 729 3685 est
754 3642 886 3689 terra
915 3648 1146 3694 creatura
1164 3648 1268 3696 tua.
1297 3645 1516 3715 Repleta
1543 3660 1624 3706 est
1655 3661 1793 3710 terra

231 3724 458 3770 creatura
490 3718 692 3776 Christi
715 3721 757 3774 ³.
787 3724 853 3778 Ει
872 3729 1177 3795 quomodo?
1197 3731 1473 3800 Quomodo
1503 3739 1746 3797 videmus
1773 3762 1785 3796 :

234 3804 348 3870 quid
364 3808 500 3861 enim
530 3824 636 3864 non
660 3826 689 3864 a
718 3813 874 3870 Patre
900 3831 995 3884 per
1020 3818 1212 3875 Filium
1238 3835 1474 3879 creatum
1495 3830 1615 3883 est?
1636 3831 1792 3896 Quid-

235 3896 344 3963 quid
384 3901 616 3957 ambulat
655 3913 709 3958 et
753 3907 891 3976 repit
945 3910 996 3964 in
1048 3914 1224 3977 terris,
1270 3916 1520 3987 quidquid
1559 3930 1707 3976 natat
1738 3923 1789 3978 in

234 3990 387 4056 aquis,
412 3993 667 4063 quidquid
699 3998 841 4053 volat
869 3999 919 4054 in
942 4009 1087 4068 aere,
1116 4005 1368 4075 quidquid
1420 4007 1474 4062 in
1504 4012 1640 4066 coelo
1687 4014 1791 4068 cir-

235 4084 527 4152 cumagitur,
555 4096 753 4155 quanto
784 4090 951 4159 magis
991 4101 1128 4147 terra
1149 4136 1164 4163 ,_
1198 4105 1346 4152 totus
1375 4100 1603 4157 mundus
1637 4118 1788 4159 crea-

235 4181 335 4227 tura
358 4174 443 4229 Dei
465 4188 566 4231 est.
588 4177 693 4234 Sed
721 4182 901 4236 nescio
927 4185 1049 4254 quid
1073 4185 1158 4242 hic
1183 4189 1443 4259 signiﬁcat
1470 4192 1536 4247 de
1559 4196 1786 4265 quadam

230 4275 452 4322 creatura
498 4284 669 4335 nova,
718 4272 787 4328 de
832 4290 933 4344 qua
975 4276 1101 4331 dicit
1131 4281 1446 4349 Apostolus,
1492 4285 1552 4340 Si
1592 4304 1692 4357 qua
1732 4291 1785 4343 in

229 4352 414 4411 Christo
456 4376 580 4414 nova
622 4375 885 4431 creatura,
924 4377 1087 4423 vetera
1129 4375 1464 4439 transierunt;
1505 4395 1614 4433 ecce
1644 4384 1786 4451 facta

226 4456 334 4499 sunt
354 4452 513 4515 omnia
534 4450 555 4484 ⁸
583 4470 710 4507 nova
731 4471 750 4510 :
778 4460 949 4512 omnia
976 4470 1143 4515 autem
1168 4480 1231 4518 ea:
1256 4464 1366 4520 Deo
1388 4467 1452 4538 (ll
1475 4470 1591 4523 Cor.
1617 4487 1666 4537 ν,
1692 4475 1780 4539 17,

231 4534 331 4615 18).
362 4538 499 4596 Nova
527 4552 770 4601 creatura
794 4564 911 4617 qute
938 4550 1067 4605 facta
1095 4560 1196 4616 est,
1218 4568 1403 4610 omnes
1429 4559 1706 4616 credentes
1730 4565 1781 4618 in

224 4612 498 4697 Christum,
527 4644 787 4702 ementes
900 4648 1134 4693 veterem
1163 4642 1450 4711 hominem,
1473 4657 1526 4703 et
1554 4649 1783 4707 iuduen~

227 4724 299 4771 tes
323 4736 511 4777 novum
544 4723 758 4796 (Ep/tes.
782 4744 854 4791 ιν,
884 4729 974 4790 22,
997 4729 1112 4802 21).
1147 4732 1357 4803 Rep/elo
1382 4748 1454 4791 est
1481 4748 1614 4795 terra
1637 4759 1778 4798 crea-

226 4817 331 4863 tura
367 4821 464 4868 tua.
508 4814 564 4869 ln
607 4832 714 4870 uno
758 4819 878 4874 loco
921 4829 1075 4875 terrae
1103 4825 1385 4881 cruciﬁxus
1417 4839 1562 4896 erat,
1594 4833 1644 4887 in
1673 4851 1780 4890 uno

227 4900 402 4969 exiguo
426 4905 545 4960 loco
567 4908 760 4962 cecidit
785 4926 1003 4979 granum
1037 4913 1165 4968 illud
1193 4915 1244 4969 in
1270 4925 1487 4982 terram,
1517 4932 1570 4976 et
1589 4928 1777 4980 morti-

229 4989 420 5047 licatum
456 5006 569 5060 est;
601 4998 695 5053 sed
726 5016 969 5072 maguum
1000 5004 1228 5060 fructum
1256 5010 1449 5066 attulit.
1485 5012 1777 5084 Singularis

224 5094 353 5144 eras.
379 5085 596 5144 Domine
621 5088 770 5157 Jesu,
802 5093 971 5149 donec
1001 5098 1284 5163 transires;
1313 5116 1544 5171 agnosco
1584 5107 1636 5160 in
1672 5108 1776 5164 alio

225 5175 411 5237 psalmo
439 5194 624 5234 vocem
655 5192 819 5248 tuam,
841 5201 945 5254 qua
966 5187 1141 5242 dixisti
1168 5189 1500 5261 :‘Singuluris
1527 5212 1617 5266 ego
1636 5215 1769 5264 sum,

223 5260 366 5317 donec
388 5277 638 5323 transeam
667 5270 834 5340 (Psal.
863 5290 987 5337 CXL.
1016 5278 1124 5346 10).
1149 5260 1442 5348 Singularis
1463 5260 1589 5355 ergo
1615 5260 1769 5355 eras,

220 5350 375 5410 donec
404 5365 690 5426 transires;
723 5362 1004 5434 singularis
1030 5382 1170 5434 eras,
1195 5385 1315 5425 cum
1345 5378 1602 5443 agnovisti
1625 5393 1773 5435 occa-

273 5526 291 5558 ι
313 5526 473 5580 Plures
493 5538 625 5589 ωδε..
644 5533 1047 5588 routenebn'catio.
1072 5536 1081 5543 ’

273 5589 415 5673 nisa.
432 5594 706 5673 ’ᾳιιιιεᾳιιξιὶξ
722 5598 904 5673 verbis,
924 5599 1061 5656 stetit,
1090 5600 1164 5673 re!
1184 5614 1292 5673 quae
1312 5603 1398 5673 illa
1420 5608 1581 5673 sessio,
1604 5610 1699 5664 ubi.

276 5648 387 5720 fSic
405 5650 584 5720 aliquot
607 5660 713 5720 uss.
739 5663 793 5720 st
814 5648 944 5718 ωδ..
975 5648 1301 5713 εῗέαιιιιοιῖὶιῖα
1313 5648 1519 5720 ἶ)ιῆἆῖ

277 5702 299 5733 ι
319 5718 430 5773 τοι,
449 5702 626 5775 sua,
651 5702 747 5768 hoc,
957 5702 1404 5778 niés'."3ii.iui"§oiéii

1366 331 1757 387 ΕΝΜὶΙῖᾹΤΙΟ
1796 332 1859 388 IN
1899 336 2214 403 PSALMUM
2251 346 2381 403 Clll.

3366 376 3503 431 1378

1933 466 2048 508 sum
2082 468 2224 515 tuum
2252 480 2264 514 :
2297 463 2389 518 sed
2425 467 2492 519 ah
2528 486 2716 528 occasu
2751 475 2802 530 in
2839 489 3012 535 ortum
3044 487 3298 559 transisti.
3341 491 3501 546 Ortus

1930 562 2008 610 es,
2040 552 2374 622 splendfiisti,
2404 560 2721 621 claritieatus
2750 586 2836 636 es,
2864 590 2985 628 cum
3016 576 3065 630 in
3095 580 3286 635 coelum
3314 598 3496 639 ascen-

1928 638 2071 704 disti,
2101 656 2154 699 et
2182 650 2372 716 repleta
2398 663 2469 705 est
2500 665 2630 710 terra
2664 674 2891 718 creatura
2923 677 3029 722 tua.
3061 670 3327 730 Psalmum
3346 719 3360 740 ,
3390 678 3496 731 fra-

1930 740 2058 800 tres,
2083 739 2313 794 nondum
2339 742 2633 812 linivimus;
2664 754 2755 807 sed
2784 757 2980 827 aliquid
3013 762 3134 819 inde
3179 766 3231 821 in
3282 772 3499 826 nomine
3550 814 3564 822 ρ

1926 819 2121 880 Christi
2147 830 2303 884 etiam
2331 834 2395 888 ad
2423 835 2561 893 diem
2592 840 2919 902 Dominicum
2946 850 3275 913 diﬂ'eramus.
3349 884 3362 892 -

2574 985 2742 1027 εεῐιιιο
2780 991 2850 1029 IV.

1998 1067 2048 1121 1.
2080 1067 2317 1126 Meminit
2356 1073 2597 1133 Charitas
2633 1093 2842 1151 vestra,
2874 1103 2992 1143 cum
3034 1092 3103 1146 sit
3141 1110 3273 1151 unus
3313 1113 3497 1154 sermo

1926 1156 2018 1211 Dei
2043 1158 2095 1212 in
2122 1160 2686 1232 Scripturis'onmihus
2716 1175 2985 1245 dilatatus,
3012 1194 3064 1236 et
3095 1200 3187 1253 per
3217 1190 3376 1243 nutlta
3400 1207 3492 1247 ora

1922 1259 2225 1307 sanctorum
2257 1248 2693 1318 unum'Vcrhum
2743 1278 2935 1335 sonet,
2982 1275 3121 1341 quod
3162 1292 3280 1332 cum
3329 1282 3398 1335 sit
3440 1284 3492 1338 iu

1924 1338 2180 1409 principio
2208 1345 2341 1399 Deus
2366 1350 2505 1417 apud
2536 1342 2733 1423 Deum,
2782 1358 2848 1413 ibi
2895 1338 3009 1414 non
3049 1364 3205 1419 habet
3233 1370 3493 1439 syllabas,

1919 1429 2039 1499 quia
2067 1447 2171 1487 non
2203 1434 2361 1492 habet
2393 1450 2669 1511 tempora;
2720 1464 2817 1503 nec
2864 1453 3159 1509 mirandum
3198 1460 3350 1514 nobis
3391 1462 3493 1528 sit,

1920 1522 2039 1589 quia
2068 1536 2284 1595 pr0pter
2309 1529 2667 1590 inﬁrmitatem
2698 1551 2931 1595 nostram
2964 1543 3240 1602 descendit
3279 1551 3344 1605 ad
3376 1568 3496 1621 par-

1919 1610 2105 1667 ticulas
2132 1630 2382 1673 sonorum
2416 1635 2713 1681 nostrorum
2732 1672 2745 1692 ,
2778 1624 2897 1685 cum
2927 1634 3259 1693 descenderit
3279 1641 3343 1694 ad
3371 1658 3493 1698 sus-

1917 1701 2210 1770 cipiendam
2238 1710 2594 1770 inﬁrmitatem
2621 1724 2858 1789 corporis
2904 1728 3068 1780 nostri
3111 1727 3129 1797 (
3147 1727 3302 1786 Joan.
3346 1750 3393 1799 ι,
3425 1737 3447 1791 1
3475 1780 3490 1800 .

1920 1791 2006 1864 14)
2037 1812 2050 1848 :
2084 1796 2241 1852 istum
2275 1810 2451 1858 tamen
2485 1809 2737 1875 psalmum
2761 1811 2870 1880 jam
2908 1791 3278 1875 multos‘nobis
3307 1823 3496 1883 fecisse

1915 1896 2187 1941 sermones
2207 1914 2225 1952 ,ι
2251 1895 2603 1965 mysteriaque
2631 1898 2739 1968 ipsa
2766 1917 2883 1971 quae
2912 1905 2995 1960 hic
3015 1907 3190 1963 clausa
3224 1921 3489 1978 tenentur,

1916 1981 1971 2026 ut
2001 1976 2328 2044 pulsantibus
2354 1987 2704 2055 aperirentur,
2729 1995 2968 2051 attulisse
2995 1999 3147 2053 nobis
3174 2018 3276 2056 non
3304 1996 3492 2077 parvas

1915 2077 2009 2130 per
2034 2067 2234 2137 aliquot
2262 2071 2375 2126 dies
2403 2091 2579 2131 moras
2608 2085 2859 2150 temporis
2877 2126 2891 2148 ,
2915 2103 3034 2141 cum
3065 2097 3489 2165 pronuntiantur,

1912 2170 2030 2209 eum
2061 2163 2520 2232 commendantur,
2557 2185 2675 2223 cum
2720 2173 2897 2228 clausa
2942 2192 3060 2233 esse
3106 2193 3487 2250 monstrantur,

1873 2274 1882 2287 ο
1912 2263 2028 2303 cum
2057 2254 2383 2321 aperiuntur,
2415 2274 2533 2313 cum
2565 2275 2843 2331 eruuntur,
2871 2283 2990 2322 cum
3023 2277 3374 2331 ostenduntur
3394 2297 3407 2343 ;
3426 2297 3489 2334 ac

1917 2356 2012 2409 per
2028 2342 2127 2399 huc
2149 2349 2406 2415 meminit,
2433 2360 2489 2404 ut
2516 2353 2647 2419 dixi,
2674 2357 2916 2415 Charitas
2934 2375 3126 2429 vestra,
3153 2384 3249 2422 nec
3279 2380 3490 2438 printer-

1910 2434 1983 2488 ito
2008 2436 2091 2491 die
2119 2438 2182 2492 ad
2221 2440 2337 2509 ejus
2365 2447 2642 2501 terminum
2690 2452 2875 2518 psalmi
2920 2470 3015 2508 nos
3066 2462 3342 2526 pervenire
3387 2479 3480 2532 pn-

1911 2526 2107 2591 tuisse,
2131 2537 2183 2582 et
2208 2529 2476 2589 distulisse
2505 2536 2557 2590 in
2587 2536 2728 2593 hunc
2751 2541 3120 2601 diem..Vuluit
3157 2550 3405 2607 Dominus
3430 2565 3486 2609 et

1911 2626 2117 2688 tempus
2144 2622 2456 2681 redditionis
2484 2630 2634 2685 nobis
2664 2633 2937 2702 exhibere,
2979 2648 3032 2694 et
3075 2658 3158 2698 me
3186 2643 3483 2704 debitorem

1907 2709 2085 2765 debito
2123 2715 2433 2793 satisfacere
2453 2761 2467 2782 ,
2507 2729 2562 2791 et
2600 2733 2876 2781 exactores
2903 2716 3201 2791 securiores
3230 2738 3481 2798 efﬁcere:

1907 2798 1994 2855 det
2022 2818 2149 2872 ergo
2180 2807 2292 2876 ipse
2313 2808 2508 2866 bonum
2538 2817 2679 2884 quod
2710 2820 3017 2892 reddamus,
3052 2827 3144 2897 qui
3172 2845 3277 2885 non
3303 2832 3480 2889 reddi.

1906 2890 1984 2945 dit
2007 2895 2263 2965 quidquid
2291 2902 2414 2955 mali
2451 2903 2768 2963 feceramus.

1972 2982 2026 3037 2.
2061 2983 2206 3057 [vers.
2238 2988 2327 3056 24,
2359 2991 2473 3065 25.]
2501 2995 2962 3072 Exclamavernnt,
2988 3016 3042 3061 ut
3069 3011 3253 3075 nostis,
3280 3023 3336 3069 ut
3356 3032 3478 3071 cum

1903 3073 2099 3142 pietate
2125 3080 2422 3152 gaudioque
2444 3088 2698 3155 recolitis,
2730 3094 3157 3154 exclamaverunt
3181 3119 3300 3157 cum
3333 3106 3482 3161 Psal-

1902 3180 1990 3217 mo
2017 3168 2213 3223 viscera
2259 3174 2436 3229 cordis
2480 3180 2664 3241 nostri,
2696 3192 2749 3236 et
2772 3183 3019 3241 dixerunt
3045 3207 3058 3243 :
3089 3189 3251 3256 Quam
3283 3200 3482 3271 magni-

1903 3258 2053 3325 ﬁcata
2078 3271 2193 3315 sunt
2223 3280 2376 3334 opera
2402 3278 2506 3328 tua.
2541 3268 2789 3328 Domine!
2821 3274 3001 3333 Omnia
3030 3282 3079 3335 in
3113 3286 3357 3353 sapientia
3397 3276 3476 3360 [e-

1900 3349 2010 3403 cisti
2036 3367 2057 3405 :
2082 3353 2270 3422 repleta
2313 3366 2388 3410 est
2428 3368 2561 3412 tem
2607 3376 2839 3419 creatura
2880 3378 2984 3422 tua.
3021 3349 3281 3444 Quidquid
3306 3394 3334 3431 a
3368 3349 3479 3436 Deo

1901 3438 2095 3497 factum
2123 3455 2224 3511 est,
2254 3447 2303 3501 in
2328 3451 2802 3544 sapientiaofactum
2828 3472 2927 3528 est,
2962 3472 3014 3518 et
3042 3481 3135 3535 per
3162 3470 3472 3539 sapientiam

1901 3531 2090 3587 factum
2122 3545 2222 3591 est.
2253 3536 2514 3611 Quidquid
2560 3531 2706 3601 novit
2744 3531 3076 3620 sapientiam,
3125 3570 3179 3614 et
3220 3531 3471 3633 quidquid

1897 3627 2177 3699 nonnovit
2205 3630 2536 3700 sapientiam,
2578 3645 2631 3690 et
2673 3643 2929 3697 tamenin
2955 3657 3192 3702 creatura
3235 3653 3326 3707 Dei
3367 3667 3470 3722 est,
3546 3644 3551 3650 ’

1838 3732 1841 3735 ν
1898 3713 1951 3768 in
1996 3718 2250 3786 sapientia
2294 3721 2487 3779 factum
2531 3736 2642 3794 est,
2688 3739 2743 3784 ct
2788 3748 2883 3802 per
2925 3740 3234 3806 sapientiam
3270 3744 3465 3810 factum

1894 3813 1993 3857 est.
2022 3806 2118 3872 Qui
2140 3822 2466 3878 cognoscunt
2492 3817 2826 3884 sapientiam,
2856 3822 3025 3880 lucem
3051 3827 3470 3903 hahentsapien-

1896 3896 2048 3955 tiam;
2096 3900 2181 3965 qui
2223 3917 2328 3955 non
2373 3919 2716 3974 cognoscunt.
2752 3910 2946 3968 habent
2991 3927 3162 3973 tamen
3207 3924 3467 3981 artiﬁcem

1894 3992 2224 4062 sapientiam,
2258 4013 2377 4051 cum
2408 4003 2513 4054 sint
2540 4003 2634 4071 ipsi
2665 4006 2863 4062 detenti
2897 4011 3226 4083 insipientia‘
3259 4038 3272 4074 :
3303 4028 3467 4094 etqui

1891 4095 2006 4134 eam
2038 4082 2208 4139 lucem
2237 4086 2465 4154 habent;
2494 4093 2649 4148 etiam
2677 4099 2933 4155 artiﬁcem
2962 4104 3187 4173 habent;
3223 4128 3323 4167 non
3347 4118 3464 4184 qni-

1890 4189 2114 4244 cumque
2150 4178 2403 4234 artiﬁcem
2448 4183 2677 4249 habent,
2721 4190 2878 4244 etiam
2924 4192 3091 4251 lucem
3133 4198 3345 4256 habent.
3397 4206 3464 4260 Et

1890 4265 2099 4335 quidem
2131 4267 2180 4321 in
2215 4270 2512 4353 hominibus
2541 4278 2685 4331 multi
2731 4291 2854 4335 sunt
2895 4286 2983 4353 qui
3025 4287 3140 4356 ejus
3180 4294 3464 4366 participes

1889 4356 2039 4420 liunt,
2089 4367 2143 4414 et
2185 4347 2448 4430 sapientes
2495 4376 2781 4435 vocantur;
2831 4374 2981 4428 multi
3028 4377 3142 4446 ejus
3184 4396 3461 4452 expertes,

1887 4450 2030 4504 stulti
2058 4453 2417 4510 nominantur.
2461 4458 2682 4529 Propter
2708 4461 2809 4518 hoc
2830 4466 3018 4521 vitioso
3062 4472 3275 4528 nomine
3315 4480 3464 4534 stulti

1885 4543 2234 4611 appellantur,
2257 4547 2382 4621 .quia
2427 4547 2471 4603 si
2514 4551 2758 4607 studeant
2795 4556 3087 4626 sapientia),
3111 4562 3155 4616 si
3184 4573 3382 4632 petant,
3415 4571 3463 4625 si

1886 4645 2145 4700 quierant,
2171 4636 2217 4690 si
2244 4638 2470 4706 pulsent,
2502 4654 2721 4710 possunt
2753 4649 3033 4715 pervenire
3063 4652 3128 4705 ad
3155 4655 3270 4722 ejus
3293 4660 3458 4725 parti-

1883 4726 2199 4796 cipationem
2226 4746 2368 4785 :uon
2391 4734 2528 4787 enim
2554 4745 2776 4813 naturae,
2808 4738 2901 4795 sed
2932 4740 3264 4812 negligentia:
3290 4747 3459 4804 deue-

1867 4827 2052 4886 ‘gatur.
2095 4820 2430 4878 Suntautem
2472 4826 2588 4880 aliae
2624 4838 2898 4893 creatum,
2938 4848 3058 4902 qua:
3104 4852 3207 4892 non
3238 4854 3460 4909 possunt

1885 4908 1997 4964 ﬁeri
2031 4915 2312 4983 participes
2337 4915 2639 4985 sapientia);
2672 4919 2806 4973 sicut
2835 4937 3022 4979 omnes
3046 4916 3246 4995 bestitc,
3280 4935 3460 4989 omnia

1883 5015 2304 5069 pccnra,‘omncs
2334 5006 2569 5071 arbores,
2602 5024 2719 5078 quae
2750 5025 2847 5066 nec
2876 5028 3090 5069 sensum
3135 5017 3329 5075 habent
3369 5024 3452 5075 ul-

1883 5091 2008 5145 lum.
2055 5092 2316 5164 Numquid
2364 5098 2482 5166 quia
2526 5101 2807 5170 participes
2863 5108 3137 5185 sapientiae
3183 5126 3303 5167 csse
3347 5129 3457 5170 non

1882 5193 2123 5252 possunt,
2155 5185 2272 5239 ideo
2297 5204 2399 5240 non
2431 5189 2481 5241 in
2503 5192 2755 5259 sapientia
2777 5205 2830 5248 et
2860 5212 2953 5264 per
2972 5199 3285 5268 sapientiam
3318 5203 3456 5260 facta

1877 5276 2033 5329 sunt?
2075 5276 2187 5330 Non
2227 5293 2356 5348 ergo
2392 5281 2555 5351 exigit
2604 5282 2738 5338 Deus
2781 5285 3103 5343 intellectum
3140 5291 3206 5345 de
3234 5308 3370 5361 equo
3398 5306 3453 5351 et

1878 5368 2021 5421 mulo
2049 5385 2060 5419 :
2093 5368 2184 5422 sed
2215 5370 2515 5426 hominibus
2541 5374 2684 5440 dicit,
2725 5376 2897 5431 Nolite
2918 5397 3026 5434 esse
3052 5383 3180 5436 sicut
3212 5401 3363 5454 equus
3402 5400 3451 5441 et

1881 5458 2075 5525 mulus,
2135 5460 2312 5529 quibus
2352 5478 2450 5515 non
2493 5475 2562 5518 est
2610 5466 2883 5523 intellectus
2917 5472 2935 5540 (
2965 5471 3102 5526 Psttl.
3156 5490 3308 5545 xxxn,
3353 5479 3447 5551 9).

1941 5614 1958 5645 ι
1984 5611 2149 5692 PltIt'rels
2168 5619 2273 5683 uss:
2301 5614 2544 5692 omittunt,
2561 5629 2677 5692 .cn-m
2700 5618 2794 5692 sint
2824 5620 2919 5691 ipsi
2940 5622 3119 5692 detenti
3154 5626 3448 5692 insipientia.

1874 5673 2090 5745 Sonnulli
2117 5673 2235 5744 loco,
2255 5674 2539 5746 insipientia,
2559 5679 2756 5740 habent,
2774 5673 3034 5745 sapientia.
3050 5673 3136 5739 Alii
3150 5673 3446 5746 cuii?

1873 5741 1968 5796 Exn,
1994 5735 2044 5786 in
2071 5734 2320 5800 sapientia.
