3984 6204
475 335 572 389 157

450 449 621 515 Quod
652 464 788 518 equo
815 458 994 500 natura
1034 456 1110 499 est
1131 486 1144 509 ,
1179 444 1374 496 homini
1406 445 1603 498 crimen
1631 454 1731 498 cst.
1765 444 1874 498 Hoc
1905 459 2032 512 ergo

470 543 591 595 dicit
621 544 755 596 Deus
774 560 787 594 :
809 540 917 592 Non
949 539 1098 607 exigo
1126 538 1576 607 participationem
1606 537 1877 606 sapientia:
1904 551 2034 588 mczc

467 637 534 688 ab
560 636 636 688 eis
658 649 772 702 quze
799 647 900 684 non
928 629 1025 683 feci
1052 629 1115 682 ad
1143 630 1420 698 imaginem
1446 643 1648 691 meam;
1679 625 1770 681 sed
1795 627 1879 680 ubi
1913 627 2030 690 feci,

469 728 590 782 inde
619 727 801 794 exigo,
849 733 902 779 et
938 739 1088 778 usmn
1125 725 1240 792 ejus
1271 724 1346 777 rei
1380 722 1604 790 postulo,
1633 737 1788 789 quam
1820 719 2030 772 donavi.

467 819 716 874 Homines
737 832 862 886 ergo
891 815 1172 869 reddentcs
1198 815 1305 868 Deo
1330 830 1445 880 quae
1475 812 1567 866 Dei
1597 821 1738 874 sunt,
1771 810 1813 864 si
1838 809 2030 863 Casari

447 908 689 964 reddunt
714 907 852 977 quod
885 905 1108 960 Caesaris
1135 915 1214 959 est
1245 905 1262 974 (
1287 903 1468 956 Matth.
1496 917 1624 964 χχιι,
1647 901 1708 955 Eii
1737 901 1786 968 );
1830 899 1878 952 id
1915 906 2028 965 est,

464 999 748 1054 reddentes
776 997 971 1052 Czesm-i
999 997 1276 1066 imaginem
1307 1009 1476 1056 suam,
1511 1003 1561 1046 ct
1602 990 1882 1045 reddenti-5
1922 989 2030 1042 Deo

464 1091 743 1160 imaginem
767 1104 936 1152 suam,
962 1087 1169 1157 erigunt
1192 1089 1354 1155 ipsam
1385 1092 1613 1138 mentem
1640 1098 1808 1147 suam,
1835 1095 1937 1134 non
1961 1079 2028 1134 ad

461 1197 541 1239 se.
575 1180 667 1234 sed
694 1179 760 1234 ad
790 1179 1041 1232 artificem
1065 1193 1239 1240 suum,
1269 1184 1323 1230 et
1348 1175 1411 1229 ad
1443 1176 1619 1228 lumen
1651 1165 1787 1227 tinde
1812 1181 1952 1236 sunt,
1977 1181 2030 1226 ct

463 1272 527 1324 ad
556 1271 785 1326 calorem
810 1267 1086 1338 quemdam
1117 1264 1442 1335 spiritualem
1465 1264 1604 1319 unde
1629 1265 1947 1330 fervescunt,
1977 1273 2030 1318 ct

465 1360 604 1414 unde
635 1360 821 1414 remoti
851 1358 1158 1426 frigescunt,
1187 1366 1240 1410 et
1266 1355 1403 1409 unde
1437 1353 1747 1409 recedentes
1771 1363 2027 1409 Contene-

466 1451 703 1515 lii-antur,
733 1461 910 1519 etquo
935 1456 1260 1503 revertentes
1287 1445 1649 1500 illuminantur
1677 1462 1689 1498 :
1718 1455 1772 1499 et
1795 1445 1912 1514 quia
1942 1444 2028 1514 pie

463 1544 535 1597 illi
563 1543 822 1608 dixerunt,
851 1541 928 1595 Tu
958 1541 1260 1594 illuminabis
1288 1541 1540 1594 lucernam
1565 1555 1746 1602 meam,
1782 1537 2027 1600 Domine;

461 1633 596 1686 Deus
625 1649 781 1697 mens,
811 1631 1115 1684 illnminabis
1141 1630 1364 1685 tenebras
1393 1647 1528 1683 nicas
1560 1629 1727 1700 (l’sal.
1751 1644 1876 1692 xvn,
1903 1624 2024 1698 29);

460 1724 713 1778 discussis
751 1724 982 1778 tenebris
1019 1731 1242 1778 terrena:
1278 1721 1536 1788 stultitim,
1563 1720 1864 1790 aperientes
1889 1735 1948 1774 os
1973 1727 2028 1775 et

461 1815 715 1869 ducentes
735 1813 1000 1882 Spiritum,
1033 1815 1260 1884 erigunt,
1290 1823 1346 1867 ut
1371 1813 1501 1881 dixi,
1535 1813 1782 1867 fidentem
1813 1809 2024 1866 oculum

458 1905 663 1971 cordis;
693 1915 746 1960 et
764 1905 1190 1975 circumspiciunt
1216 1911 1392 1959 mente
1412 1904 1711 1958 universum
1734 1901 1986 1957 mundum
2005 1941 2024 1970 ,

460 2004 685 2060 terram,
730 2010 874 2048 mare
911 2004 963 2049 et
999 1994 1212 2059 cmlum,
1243 2002 1297 2048 et
1333 1992 1570 2048 videntes
1599 1992 1775 2047 omnia
1805 1992 2026 2062 pulchre

403 2133 416 2147 .
458 2085 734 2154 disposita,
763 2086 998 2141 ordinata
1028 2101 1262 2150 currere,
1289 2083 1454 2156 digeri
1495 2084 1776 2154 generibus
1795 2127 1810 2150 ,
1853 2083 2024 2140 fulciri

458 2177 768 2243 seminibus,
793 2175 983 2231 inuitari
999 2176 1440 2240 succcssionibus,
1463 2191 1678 2231 currere
1698 2175 2026 2245 temporibus

458 2269 630 2339 placet
667 2269 744 2324 eis
774 2269 824 2322 in
858 2269 938 2322 his
962 2267 1149 2323 artifex
1170 2309 1184 2334 ,
1223 2275 1280 2322 ut
1303 2277 1356 2322 et
1385 2266 1482 2338 ipsi
1512 2268 1754 2337 placeant
1777 2264 1829 2320 in
1860 2265 2026 2321 artifi-

456 2362 542 2414 cio
563 2361 579 2391 ¹
619 2361 838 2425 artifici;
883 2368 938 2415 ct
978 2358 1276 2414 exclamant
1305 2374 1414 2427 pra:
1443 2373 1630 2428 magno
1659 2355 1870 2427 gaudio,
1903 2355 2023 2426 quia

457 2467 583 2506 vere
615 2453 736 2507 huic
761 2451 954 2505 laltitize
981 2450 1110 2504 nihil
1144 2449 1438 2518 comparari
1468 2459 1641 2519 potest
1669 2468 1683 2505 :
1712 2449 1876 2514 Quam
1912 2466 2022 2502 ma-

456 2544 693 2614 gnificam
727 2553 841 2596 sunt
869 2558 1020 2610 Opera
1047 2551 1161 2604 tua,
1189 2541 1439 2595 Domine!
1473 2541 1656 2594 Omnia
1691 2540 1743 2595 in
1778 2541 2024 2609 sapientia

457 2633 637 2704 fecisti.
681 2629 780 2686 Ubi
814 2642 893 2685 est
922 2630 1033 2700 ipsa
1057 2630 1312 2700 sapientia
1355 2630 1406 2684 iit
1451 2645 1553 2700 qua
1597 2630 1772 2684 omnia
1812 2630 2024 2684 fecisti?

455 2740 562 2793 quo
591 2739 750 2778 sensu
780 2721 1083 2793 attingitur?
1119 2738 1224 2793 quo
1261 2723 1415 2778 oculo
1444 2722 1650 2779 videtur
1670 2724 1694 2776 ?
1717 2709 1822 2794 quo
1848 2722 2022 2778 studio

457 2815 744 2886 quau-itur?
782 2831 886 2885 quo
926 2814 1116 2870 merito
1155 2815 1486 2884 possidetur?
1529 2816 1644 2884 Quo
1673 2816 1886 2886 putatis,
1920 2813 2020 2870 nisi

455 2906 620 2975 gratia
665 2907 794 2960 sua?
820 2905 920 2972 Qui
949 2906 1160 2961 donavit
1203 2915 1260 2961 ut
1304 2906 1490 2972 simus,
1520 2905 1682 2961 donat
1705 2917 1760 2961 ut
1797 2904 1922 2960 boni
1953 2906 2023 2960 si-

456 3013 594 3052 mus.
623 2997 792 3052 Donat
815 2997 1110 3062 conversis,
1137 2996 1227 3066 qui
1253 3007 1532 3067 antequam
1562 3005 2015 3061 converterentur,

454 3099 510 3144 et
551 3104 670 3143 cum
710 3089 881 3143 aversi
925 3088 1065 3143 irent
1093 3096 1209 3157 post
1234 3088 1345 3142 vias
1371 3103 1527 3154 suas,
1567 3103 1742 3142 nonne
1780 3087 2020 3158 qua-sivit

454 3180 590 3234 eos?
634 3193 809 3234 nonne
853 3177 1164 3234 descendit?
1211 3194 1388 3232 nonne
1417 3178 1648 3233 Verbum
1677 3171 1800 3234 caro
1824 3179 2017 3246 factum

453 3280 556 3334 est,
586 3279 641 3324 et
668 3270 920 3324 habitavit
943 3269 994 3322 in
1023 3269 1174 3323 nobis
1199 3267 1378 3338 (Joan.
1407 3284 1445 3336 ι,
1478 3269 1606 3340 14)?
1633 3285 1808 3325 nonne
1831 3285 2019 3325 accen-

453 3360 529 3416 dit
556 3363 822 3416 lucernam
849 3361 1024 3416 carnis
1048 3376 1177 3428 sum,
1207 3361 1331 3416 dum
1364 3360 1620 3430 penderet
1661 3363 1712 3417 in
1758 3377 1936 3428 cruce,
1968 3372 2020 3418 et

452 3451 693 3522 qua‘sivit
715 3451 969 3522 perditam
991 3449 1296 3507 draclnuam
1327 3450 1490 3523 (Luc.
1522 3468 1610 3519 xv,
1639 3451 1747 3526 8)?
1771 3453 2039 3520 Qua-sivit.

452 3555 506 3601 et
533 3545 748 3609 invenit,
777 3544 964 3599 vicinis
986 3544 1490 3615 congratulantibus,
1517 3543 1568 3598 id
1595 3553 1674 3599 est
1699 3545 1840 3600 omni
1867 3561 2018 3600 crea-

452 3649 567 3692 tura
610 3636 867 3706 Spirituali
913 3652 1030 3706 qua:
1074 3637 1236 3691 Deum
1281 3636 1525 3706 proxime
1566 3636 1792 3706 attingit.
1821 3634 2021 3691 Vicinis

450 3716 750 3783 [rotantibus
789 3727 995 3782 inventa
1038 3737 1117 3782 est
1154 3725 1434 3793 drachma;
1478 3727 1691 3798 Angelis
1725 3728 2019 3782 hct-antibus

449 3817 659 3872 inventa
687 3827 768 3872 est
787 3817 959 3871 anima
988 3818 1234 3871 humana.
1269 3817 1482 3871 Inventa
1502 3826 1602 3883 est,
1626 3833 1750 3887 ergo
1770 3817 2016 3888 gaudeat,

450 3919 504 3963 et
527 3910 666 3963 dicat
698 3927 710 3962 :
742 3909 905 3976 Quam
946 3908 1267 3980 magni/icata
1304 3919 1420 3963 sunt
1456 3925 1609 3978 opera
1635 3920 1743 3975 tua,
1770 3909 2020 3963 Domine!

453 4001 636 4055 Omnia
663 4001 714 4053 in
736 4000 980 4070 sapientia
1002 3999 1182 4072 fecisti.

519 4095 573 4148 5.
604 4091 812 4162 liepleta
842 4103 912 4146 est
937 4102 1068 4145 terra
1093 4101 1320 4145 creatura
1347 4098 1452 4144 tua.
1500 4091 1615 4157 Qua
1648 4101 1888 4145 creatura
1933 4100 2018 4144 tua

449 4184 650 4252 repleta
701 4191 782 4236 est
827 4181 1006 4237 terra?
1054 4180 1309 4237 Omnibus
1358 4179 1637 4236 arboribus
1681 4191 1734 4235 ct
1776 4181 2016 4248 frutetis,

449 4275 695 4331 omnibus
731 4273 1043 4330 animalibus
1087 4285 1140 4328 et
1182 4273 1491 4344 pecoribus;
1535 4285 1589 4330 et
1629 4275 1875 4330 universo
1904 4275 2020 4344 ipso

449 4382 644 4436 genere
674 4366 920 4430 humano,
946 4364 1142 4434 repleta
1169 4374 1252 4418 est
1280 4374 1418 4419 terra
1439 4376 1679 4421 creatura
1715 4367 1827 4421 Dei.
1860 4367 2015 4421 \‘ide-

452 4473 589 4522 mus,
622 4456 886 4522 novimus,
921 4455 1165 4526 legimus,
1191 4457 1544 4525 agnoscimus,
1571 4458 1863 4527 laudamus,
1888 4470 1942 4515 et
1967 4461 2018 4514 iit

453 4546 534 4602 his
556 4546 928 4616 praedicamus;
952 4555 1004 4600 ct
1027 4547 1076 4600 in
1101 4545 1180 4600 his
1211 4562 1315 4600 non
1340 4546 1626 4604 sufﬁcimus
1655 4550 1868 4605 laudare
1898 4560 2017 4605 tau-

453 4650 563 4693 tum
584 4679 598 4704 ,
640 4647 890 4708 quantum
930 4637 1162 4692 abundat
1193 4654 1255 4694 ex
1297 4637 1433 4692 bona
1461 4639 1780 4709 inspectione
1804 4657 1895 4697 cor
1927 4659 2018 4697 no-

451 4741 641 4784 strum.
671 4727 776 4784 Sed
806 4730 869 4783 ad
902 4731 1040 4785 illam
1064 4730 1228 4801 magis
1249 4738 1540 4786 creaturam
1566 4732 1819 4787 debemus
1843 4745 2018 4789 atten-

451 4825 578 4878 dere
600 4865 612 4887 ,
661 4823 799 4878 unde
836 4823 962 4878 dicit
1006 4825 1312 4894 Apostolus,
1356 4824 1415 4880 Si
1440 4843 1538 4896 qna
1565 4827 1714 4898 igitur
1742 4829 1792 4880 in
1821 4826 2019 4885 Clu-isto

451 4931 577 4969 nova
602 4925 850 4980 creatura,
881 4925 1038 4969 cetera
1066 4917 1402 4982 transierunt;
1431 4935 1540 4972 ecce
1559 4921 1693 4989 facta
1716 4931 1830 4973 sunt
1853 4923 2020 4976 omnia

431 5023 578 5061 -nora
607 5005 669 5076 (ll
693 5005 808 5059 Cor.
841 5022 891 5071 v,
927 5007 1030 5075 i7).
1059 5006 1186 5071 Qum
1215 5018 1375 5060 vetera
1399 5005 1732 5062 transierunt?
1760 5008 1814 5064 In
1841 5008 2020 5066 Centi-

1703 331 1756 383 S.
1801 326 2157 384 AUGUSTI“
2202 329 2493 384 iiPlSCUi‘i

3575 335 3710 392 £330

2138 451 2190 493 ct
2219 442 2531 508 idololatria,
2561 460 2591 498 a
2620 461 2712 514 spe
2741 447 3004 516 praeterita
3043 450 3107 503 ad
3147 466 3292 520 spent
3331 449 3450 504 novi
3478 453 3662 520 surculi
3693 469 3707 505 :

2137 544 2189 587 et
2213 550 2337 589 ecce
2368 537 2599 590 nomium
2628 547 2709 591 est
2736 539 2785 591 in
2819 557 2904 603 re,
2942 551 2995 595 ct
3028 541 3135 609 jam
3177 553 3386 596 tenetur
3424 545 3477 596 in
3520 557 3635 612 spe,
3659 557 3712 598 ct

2139 643 2232 695 per
2261 628 2424 698 ipsam
2447 645 2592 698 spem
2610 632 2719 700 jam
2745 645 3016 689 cantamus
3046 648 3098 690 et
3122 637 3366 705 dicimus,
3389 633 3614 709 ‘Repleta
3635 650 3710 692 est

2137 728 2267 773 terra
2287 731 2513 775 creatura
2535 735 2640 776 tua.
2671 723 2913 779 Nondum
2951 728 3092 782 enim
3135 729 3184 782 in
3231 733 3398 798 patria
3435 742 3712 788 cantamus

2139 809 2258 875 hoc,
2289 814 2517 866 nomlutn
2551 813 2602 867 in
2631 814 2715 868 illa
2739 817 2918 885 requie
2941 833 3058 886 qua
3084 821 3438 888 promittitur,
3471 823 3708 878 nondum

2136 901 2458 956 confirmatis
2521 904 2758 958 vectibus
2829 917 3094 974 portarunt
3157 907 3449 966 Jerusalem
3509 912 3706 982 (Psal.

2135 1002 2332 1054 chvn,
2367 990 2497 1061 15);
2539 993 2634 1048 sed
2673 994 2846 1049 adhuc
2890 996 2940 1049 in
2983 1000 3405 1068 peregrinatione
3443 1002 3708 1058 intuentes

2135 1081 2389 1134 mundum
2421 1082 2575 1136 istum
2608 1093 2797 1148 totum,
2826 1097 2879 1140 et
2909 1088 3136 1158 undique
3165 1091 3407 1148 homines
3433 1106 3707 1150 currentes

2134 1169 2199 1224 ad
2231 1171 2405 1238 fidem,
2439 1175 2684 1231 timentes
2708 1177 2996 1248 gehennas,
3027 1193 3426 1238 contemnentes
3456 1196 3702 1252 mortem,

2135 1274 2375 1317 amantes
2414 1265 2572 1318 vitam
2610 1276 2879 1334 aeternam,
2922 1281 3232 1338 spernentes
3271 1285 3610 1343 praesentem,
3652 1285 3709 1330 et

2136 1351 2225 1405 tali
2269 1356 2568 1422 spectaculo
2603 1359 2847 1426 complcti
2886 1362 3078 1430 gaudio
3105 1361 3361 1430 dicimus,
3395 1363 3607 1436 chleta
3635 1374 3710 1418 est

2135 1452 2265 1495 εριιοα
2289 1456 2516 1498 creatura
2543 1457 2647 1502 tua.

2202 1535 2255 1589 4.
2283 1535 2393 1590 lloc
2415 1548 2590 1592 autem
2614 1540 2866 1595 szeculum
2888 1541 3060 1598 adhuc
3087 1546 3432 1600 tentationum
3455 1548 3705 1608 fluctibus

2133 1625 2382 1693 quatitur,
2414 1626 2584 1682 adhuc
2610 1631 3002 1699 tempestatibus
3038 1643 3090 1688 et
3130 1635 3371 1703 procellis
3402 1639 3704 1695 tribulatio-

2133 1731 2259 1770 num
2284 1726 2337 1770 et
2367 1727 2629 1774 tumorem
2653 1721 2671 1752 ⁸
2705 1722 2977 1777 turbatur:
3003 1722 3099 1779 hac
3126 1735 3299 1781 tamen
3330 1727 3453 1782 itur.
3478 1729 3710 1787 Minetur

2133 1805 2253 1860 licet
2292 1821 2458 1872 mare,
2488 1817 2540 1862 et
2578 1817 2776 1865 tumeat
2814 1811 3077 1878 fluctibus,
3117 1815 3480 1886 procellasquc
3519 1831 3707 1888 partu-

2132 1895 2266 1960 riat;
2295 1895 2395 1951 hac
2419 1897 2542 1962 itur,
2574 1899 2751 1954 datum
2782 1910 2862 1955 est
2888 1901 3038 1957 nobis
3066 1903 3260 1974 lignum
3284 1905 3335 1960 in
3357 1922 3462 1976 quo
3488 1911 3706 1982 navigca

2131 2001 2248 2040 mus
2279 2003 2291 2038 :
2322 1985 2533 2058 Repleta
2557 2000 2628 2043 est
2654 1998 2784 2043 terra
2813 2001 3040 2046 creatura
3067 2003 3170 2047 tua.
3218 1994 3322 2050 Sed
3349 1997 3582 2053 nondum
3605 2015 3704 2055 sn-

2131 2097 2250 2137 mus
2276 2084 2328 2138 in
2360 2094 2500 2141 terra
2527 2087 2838 2155 viventium,
2869 2089 3042 2145 adlmc
3073 2090 3170 2145 ista
3199 2101 3336 2147 terra
3363 2094 3718 2150 morientium»

2129 2182 2241 2238 est;
2286 2175 2577 2230 clamamus
2617 2186 2816 2244 autem,
2853 2190 2906 2234 et
2943 2179 3208 2236 dicimus:
3241 2181 3370 2252 Spes
3397 2201 3503 2238 mea
3539 2201 3590 2238 cs
3623 2195 3704 2251 lu,

2131 2266 2291 2333 portio
2312 2282 2421 2318 mea
2450 2267 2500 2320 in
2530 2276 2662 2321 terra
2687 2269 2951 2322 viventium
2976 2269 3145 2340 (Psal.
3175 2287 3319 2339 cxu,
3351 2273 3428 2343 6).
3467 2275 3521 2328 In
3555 2282 3704 2328 terra

2135 2355 2474 2410 morientium
2508 2372 2631 2426 spes
2666 2353 2803 2424 mea,
2822 2359 2874 2413 in
2894 2369 3027 2414 terra
3050 2362 3332 2417 viventium
3363 2367 3533 2432 portio
3551 2379 3695 2419 mea.

2130 2444 2266 2499 Ecce
2308 2445 2405 2499 ista
2450 2456 2589 2501 terra
2629 2465 2748 2518 quae
2796 2449 2993 2517 repleta
3038 2461 3117 2505 est
3153 2463 3392 2508 creatura
3438 2454 3552 2508 Dei.
3600 2455 3706 2522 Qui

2129 2533 2301 2589 adhuc
2336 2544 2418 2590 est
2451 2537 2502 2591 in
2533 2537 2630 2591 ista
2658 2547 2795 2594 terra
2822 2543 3194 2611 morientium,
3223 2544 3453 2599 nondum
3479 2546 3532 2600 in
3559 2555 3703 2602 terra

2128 2626 2455 2692 viventium,
2495 2644 2597 2698 qua
2638 2630 2858 2685 transit?
2894 2632 3029 2687 Audi
3067 2636 3338 2704 sequentia
3369 2654 3383 2690 :
3414 2637 3528 2691 Hoc
3566 2655 3707 2693 mare

2128 2735 2362 2788 magnum
2403 2727 2449 2772 et
2485 2721 2782 2789 spatiosum,
2810 2721 2878 2776 ibi
2899 2725 3122 2794 repetitio
3147 2742 3356 2795 quorum
3383 2745 3479 2782 non
3498 2741 3570 2782 est
3598 2746 3703 2782 nu—

2129 2824 2328 2871 merus;
2369 2809 2610 2863 animalia
2640 2811 2824 2880 pusilla
2851 2823 2896 2866 et
2936 2829 3137 2884 magna.
3166 2815 3425 2873 Terribilc
3453 2812 3597 2874 mare
3624 2820 3700 2874 si.

2127 2897 2378 2967 gnificat:
2407 2899 2474 2952 ibi
2519 2909 2642 2953 sunt
2681 2903 2901 2972 repentia
2941 2920 3154 2974 quarunt
3199 2923 3300 2960 non
3340 2918 3410 2962 est
3445 2925 3700 2966 numerus.

2128 2989 2338 3044 Insidize
2366 3001 2556 3060 repunt
2581 2991 2634 3045 in
2657 2990 2757 3046 hoc
2777 2996 2994 3062 szeculo,
3020 3006 3071 3051 et
3099 2997 3337 3053 incautos
3359 3010 3576 3069 repente
3605 3016 3700 3057 oc-

2125 3089 2319 3149 cupant
2351 3099 2363 3134 :
2392 3092 2634 3150 repentes
2673 3092 2848 3138 autem
2898 3088 3212 3144 tentationcs
3251 3091 3370 3160 quis
3409 3094 3701 3146 numerat?

2127 3174 2354 3244 licpunt,
2393 3176 2486 3230 sed
2515 3191 2664 3244 cave,
2696 3194 2764 3234 ne
2800 3180 3114 3250 subripiunt.
3147 3183 3402 3254 Yigilctur
3433 3187 3484 3241 in
3515 3187 3698 3258 ligno;

2124 3270 2283 3321 etiam
2326 3267 2376 3321 in
2423 3268 2628 3338 aquis’,
2664 3271 2822 3324 etiam
2863 3271 2914 3325 in
2951 3271 3192 3330 fluctibus
3221 3277 3313 3330 tuti
3340 3292 3524 3332 sumus
3551 3295 3564 3331 :
3591 3295 3700 3334 non

2125 3356 2349 3412 dormiat
2371 3359 2637 3427 Christus,
2669 3377 2771 3415 non
2800 3363 3026 3420 dormiat
3051 3366 3216 3433 fides;
3245 3378 3298 3424 et
3323 3369 3367 3423 si
3396 3369 3696 3437 dormierit,

2125 3450 2414 3512 excitetur;
2467 3451 2744 3520 imperabit
2789 3455 2978 3523 ventis,
3029 3457 3254 3525 placabit
3295 3475 3440 3513 mare
3480 3459 3695 3529 (Matth.

2125 3555 2234 3602 vtn,
2265 3540 2486 3611 Eii-'26);
2517 3543 2726 3596 finietur
2753 3546 2855 3608 via,
2886 3545 3198 3616 gaudebitur
3225 3549 3276 3602 in
3301 3550 3486 3618 patria.
3515 3549 3596 3603 Ibi
3619 3568 3701 3605 re-

2126 3632 2291 3700 pentiu
2319 3649 2529 3702 quorum
2573 3650 2672 3687 non
2713 3646 2784 3690 est
2830 3644 3095 3703 numerus;
3147 3639 3389 3694 animalia
3427 3641 3611 3712 pusilla
3653 3652 3703 3697 et

2125 3739 2327 3791 magna.
2373 3722 2537 3777 Video
2565 3725 2705 3778 enim
2731 3726 2904 3782 adhuc
2943 3728 2994 3782 in
3035 3729 3165 3782 mari
3208 3729 3309 3784 isto
3351 3729 3704 3786 formidolosa

2128 3813 2360 3866 nondum
2403 3813 2720 3870 credentes:
2751 3817 2848 3886 ipsi
2895 3819 3036 3872 enim
3079 3829 3359 3874 versantur
3401 3820 3456 3874 in
3499 3821 3702 3875 amaris

2124 3907 2276 3976 aquis
2296 3916 2348 3960 et
2370 3907 2664 3972 sterilibus;
2693 3908 2766 3962 illi
2795 3919 3043 3964 autemet
3067 3911 3242 3980 pusilli
3267 3921 3318 3966 et
3345 3912 3516 3982 magni
3547 3922 3697 3965 sunt.

2125 3993 2379 4050 Novimus
2409 3994 2540 4060 hoc;
2583 3997 2736 4052 multi
2776 3999 2950 4068 pusilli
2989 4001 3164 4058 saeculi
3195 4000 3425 4056 nondum
3451 4001 3699 4056 credidc.

2126 4093 2271 4148 runt,
2310 4085 2462 4139 multi
2509 4085 2761 4154 lu'itnates
2806 4088 2986 4143 sa-culi
3026 4089 3257 4144 nondum
3304 4089 3697 4145 crediderunt:

2125 4173 2366 4228 animalia
2405 4175 2590 4242 pusilla
2614 4187 2659 4230 et
2683 4194 2862 4248 magna
2895 4169 3092 4234 suuth
3120 4179 3221 4236 hoc
3255 4181 3408 4236 mari.
3454 4181 3698 4237 Oderunt

2127 4267 2441 4335 Eeclesiam,
2471 4278 2786 4338 premuntur
2808 4271 3002 4325 Christi
3026 4273 3267 4336 nomine;
3299 4289 3404 4327 non
3432 4275 3658 4328 satvinnt
3679 4315 3696 4338 ,

2124 4358 2247 4426 quia
2291 4373 2394 4411 non
2447 4360 2856 4428 permittuntur:
2890 4362 2940 4415 iu
2991 4378 3174 4417 manus
3221 4379 3323 4418 nou
3371 4380 3695 4434 erumpens,

2125 4449 2300 4503 clausa
2320 4457 2403 4502 est
2429 4449 2482 4503 iu
2504 4449 2664 4504 corde
2684 4451 2902 4505 swvitia.
2947 4451 3076 4506 Nam
3107 4470 3291 4508 omnes
3329 4455 3438 4508 sive
3476 4458 3655 4524 pusilli
3680 4497 3697 4519 ,

2126 4539 2243 4593 sive
2273 4539 2465 4608 magni,
2499 4539 2738 4592 animalia
2765 4542 2947 4610 pusilla
2971 4552 3015 4595 et
3038 4559 3236 4614 magna,
3272 4560 3386 4612 qua:
3417 4544 3577 4598 modo
3597 4545 3705 4598 do-

2127 4628 2236 4683 lent
2257 4629 2447 4698 templa
2478 4629 2652 4683 clausa
2679 4643 2814 4694 esse,
2847 4645 2964 4684 aras
2989 4647 3223 4692 eversas.
3256 4633 3534 4687 simulacra
3558 4650 3699 4688 con—

2128 4722 2308 4785 fracta,
2337 4721 2479 4789 leges
2501 4719 2633 4773 latas
2657 4730 2714 4773 ut
2744 4720 3040 4776 sacrificare
3067 4723 3216 4778 idolis
3242 4725 3463 4793 capitale
3491 4728 3560 4780 sTt
3585 4730 3710 4780 eri-

2126 4825 2278 4873 tuen;
2328 4824 2514 4863 omnes
2550 4809 2638 4878 qui
2676 4810 2853 4864 dolent
2894 4811 3023 4874 hcce,
3069 4813 3122 4866 in
3164 4818 3291 4869 mari
3337 4827 3457 4868 sunt
3499 4817 3706 4873 adhuc.

2126 4899 2258 4966 Quid
2283 4914 2407 4970 ergo
2430 4899 2558 4953 nos?
2577 4900 2642 4953 ad
2665 4903 2882 4969 patriam
2905 4917 3004 4970 qua
3026 4902 3146 4956 ituri
3169 4905 3380 4958 sumus?
3403 4905 3506 4959 l’cr
3524 4909 3713 4975 ipsum

2125 5005 2270 5045 mare
2290 5031 2304 5052 ,
2331 4989 2422 5044 sed
2452 4990 2500 5042 in
2525 4989 2683 5059 ligno.
2710 4991 2822 5045 Noli
2853 4993 3036 5047 timere
3061 4995 3380 5063 periculum;
3406 4996 3612 5066 lignum
3646 5013 3717 5056 te

2126 5089 2298 5150 portat
2324 5080 2462 5148 quod
2492 5081 2726 5135 continet
2766 5083 3038 5137 swculum.
3075 5083 3213 5153 Ergo
3251 5087 3506 5139 attendite
3536 5105 3547 5138 :
3581 5087 3722 5145 Hoc

2125 5189 2262 5226 mare
2291 5189 2528 5242 magnum
2547 5182 2593 5224 et
2615 5174 2992 5242 spatiosum,ibi
3011 5179 3230 5246 repentia
3250 5195 3462 5247 quorum
3494 5197 3592 5232 non
3627 5195 3723 5237 est

2125 5279 2392 5327 nutrieras;
2426 5263 2667 5316 animalia
2697 5265 2879 5332 pusilla
2908 5275 2952 5318 et
2979 5283 3180 5335 magna.
3213 5268 3328 5322 Noli
3353 5271 3555 5329 timere.
3585 5289 3621 5325 ιι
3657 5279 3721 5330 vii

2126 5351 2344 5413 terreri;
2385 5352 2625 5406 desidera
2663 5354 2904 5420 patriam,
2934 5355 3164 5426 intellige
3196 5361 3723 5429 l'bcregrinaliouein.

2194 5442 2247 5495 5.
2279 5439 2428 5512 [νει-δ.
2457 5441 2571 5515 26.]
2617 5442 2736 5497 Illic
2777 5462 2924 5524 naves
2963 5449 3318 5503 commeabant.
3363 5450 3501 5506 Ecce
3543 5453 3596 5506 iu
3641 5473 3732 5511 en

2125 5531 2262 5600 qttod
2292 5533 2544 5598 terrebat,
2569 5550 2729 5590 naves
2750 5545 2950 5603 natant,
2972 5550 3146 5593 etnon
3175 5554 3495 5612 merguntur.
3526 5543 3737 5606 NHVI‘S

455 5101 553 5152 bus
581 5099 754 5152 omnis
782 5097 1098 5162 idololatria,
1133 5098 1183 5151 iu
1220 5098 1346 5166 ipsis
1374 5099 1570 5153 Iudicis
1596 5103 1766 5154 omnis
1793 5099 1877 5155 illa
1903 5117 2018 5156 ser-

452 5191 589 5244 vitus
619 5188 792 5259 Legis,
838 5189 1013 5242 omnia
1063 5189 1145 5242 illa
1175 5190 1424 5244 sacrificia
1455 5187 1862 5260 pnenuntiantia
1887 5209 2020 5262 prte-

452 5298 573 5336 scns
616 5282 953 5336 sacrificium.
1001 5282 1314 5336 Abundabat
1343 5292 1467 5337 tunc
1493 5293 1726 5339 vetustas
1753 5284 2018 5352 hominis;

453 5373 595 5426 venit
640 5374 728 5443 qui
767 5384 1043 5428 t'ctiovarct
1083 5389 1216 5442 Opus
1257 5391 1429 5441 suum,
1465 5378 1608 5431 venit
1645 5377 1731 5447 qui
1766 5379 2020 5434 conflaret

453 5473 723 5532 argentum
755 5479 931 5533 suum,
963 5466 1050 5534 qui
1087 5465 1335 5520 forntarct
1364 5478 1627 5522 monetam
1654 5484 1823 5532 suam,
1852 5479 1904 5525 et
1937 5481 2018 5524 at-

457 5559 716 5609 tt-mtimus
761 5558 966 5624 plenam
1009 5567 1198 5611 terram
1237 5558 1552 5613 Christianis
1589 5539 1924 5615 credentibus
1968 5561 2020 5616 in

459 5643 642 5708 Dentn,
672 5648 1026 5701 avertentibus
1066 5663 1124 5702 se
1166 5664 1194 5700 a
1236 5649 1495 5716 prioribus
1545 5650 1885 5707 immunditiis
1912 5651 2020 5707 suis

2190 5640 2209 5716 ξ
2235 5636 2566 5716 aliquorum“
2591 5643 2816 5716 timorum
2838 5657 2860 5697 :
2885 5656 2934 5697 ct
2955 5649 3163 5716 quidam,
3188 5657 3386 5702 (tonare.

2190 5703 2313 5776 ’liic
2338 5705 2385 5776 in
2408 5705 2519 5776 ιῡιΜἶ
2544 5708 2749 5767 additur,
2777 5707 2826 5757 in
2860 5703 3002 5760 eluci:
3024 5703 3295 5774 nauigamus
3324 5727 3340 5763 :
3371 5716 3497 5776 quod
3525 5729 3550 5766 δ
3595 5733 3738 5773 me-

520 5758 534 5783 ³
561 5757 631 5801 Sic
649 5751 814 5814 plures
836 5760 936 5803 uss.
966 5762 1019 5804 Af.
1043 5755 1172 5815 ιλιι,
1195 5754 1242 5806 in
1265 5757 1464 5819 artiﬁce.
1625 5813 1632 5816 _
2130 5760 2331 5813 tioribus
2353 5771 2456 5816 Mss.
2481 5751 2634 5816 abest.
