4012 6202
231 221 356 287 1381

228 331 488 386 Ecelcsias
515 333 887 403 intelligimus;
919 345 1224 390 commeant
1264 335 1400 388 inter
1438 343 1796 402 tempestates,

227 423 360 478 inter
382 425 639 492 procellas
668 428 1046 492 tentatibnum,
1072 428 1207 480 inter
1231 425 1420 480 lluctus
1443 425 1644 489 surculi,
1665 426 1806 478 inter

225 519 468 573 animalia
497 520 685 588 pusilla
727 529 782 574 et
825 536 1031 590 magna.
1075 520 1408 576 Gubernator
1445 503 1536 574 est
1560 518 1804 574 Christus

226 610 270 663 in
305 609 450 678 ligno
475 612 651 664 crucis
686 626 816 665 sua}.
853 610 974 665 Illic
1014 628 1161 665 naves
1193 610 1555 665 commeabant.
1593 609 1709 664 Non
1740 609 1804 662 ti-

226 710 400 753 meant
438 715 620 762 naves,
653 717 756 754 non
791 697 942 756 valde
975 701 1251 755 attendant
1292 701 1381 754 ubi
1421 710 1620 767 natent,
1650 699 1743 755 sed
1771 715 1801 754 a

224 806 323 858 quo
348 791 730 859 gubernentur.
761 790 881 845 Illic
902 810 1050 846 naves
1069 793 1433 846 commeabant.
1461 793 1626 860 Quem
1653 807 1799 847 cont-

225 891 454 935 meatum
505 883 778 951 reperiunt
829 883 1033 939 tristem
1061 924 1076 948 ,
1126 884 1337 952 quando
1389 885 1796 954 gubernatorem

226 973 457 1026 sentiunt
481 971 791 1029 Christum?
825 976 1208 1029 Commeabunt
1229 991 1435 1042 secure,
1463 986 1765 1031 commeent
1784 978 1799 1008 ί

230 1074 652 1132 perseveranter,
681 1065 897 1120 venient
924 1065 989 1120 ad
1025 1065 1182 1121 linem
1222 1065 1477 1134 debitum,
1509 1065 1803 1137 perducen-

231 1164 307 1208 tur
333 1155 398 1208 ad
425 1165 622 1210 terram
649 1157 860 1226 quietis.

290 1245 348 1300 6.
405 1246 499 1300 Est
545 1247 597 1300 in
639 1247 743 1302 isto
790 1249 922 1302 mari
965 1249 1160 1320 aliquid
1203 1250 1361 1304 etiam
1405 1249 1542 1319 quod
1587 1259 1802 1319 superat

179 1383 182 1386 .
232 1338 403 1391 omnia
430 1339 681 1393 animalia
705 1341 892 1408 pusilla
919 1349 972 1395 et
993 1357 1200 1411 magna.
1231 1341 1365 1410 Quid
1391 1351 1471 1396 est
1497 1341 1629 1396 hoc?
1654 1341 1794 1396 Psal-

233 1445 368 1483 mum
397 1429 674 1483 audiamus
696 1448 710 1486 :
731 1430 899 1486 Draco
924 1433 1004 1486 hic
1029 1449 1174 1503 quem
1193 1434 1383 1502 ﬁnxisti
1404 1434 1470 1487 ad
1489 1433 1802 1487 illudendum

315 1520 388 1574 lbi
422 1521 660 1590 repentia
682 1537 903 1591 quorum
929 1539 1030 1576 non
1061 1534 1139 1578 est
1164 1538 1434 1585 numerus,
1464 1523 1534 1578 ibi
1553 1523 1796 1577 animalia

235 1611 412 1677 pusilla
460 1621 516 1665 ct
555 1627 777 1681 magna;
828 1614 935 1679 illic
976 1629 1136 1668 naves
1175 1615 1564 1678 commeabant,
1609 1623 1798 1669 etnon

236 1701 508 1767 timelmnt,
540 1717 644 1754 non
675 1703 845 1757 solum
875 1704 1108 1773 repentia
1133 1745 1148 1770 ,
1186 1719 1408 1775 quorum
1444 1721 1547 1758 non
1581 1715 1664 1758 est
1706 1720 1804 1757 nu—

237 1807 427 1857 merusI
457 1803 510 1847 ct
541 1794 785 1849 animalia
817 1795 1000 1865 pusilla
1029 1803 1084 1850 et
1107 1810 1317 1866 magna,
1347 1793 1439 1850 sed
1475 1810 1574 1851 nec
1612 1795 1800 1850 draco-

235 1902 344 1940 nem
370 1887 463 1956 qui
497 1887 567 1941 ibi
599 1897 681 1940 est
708 1905 721 1942 :
754 1887 911 1956 Quem
939 1887 1153 1956 ﬁnxisti,
1185 1887 1354 1958 inquit
1384 1888 1527 1952 Deo,
1570 1888 1638 1942 ad
1677 1887 1799 1942 illu-

236 1979 448 2033 deudum
471 1981 542 2034 ei.
583 1980 825 2049 Magnum
853 1991 1115 2037 secretum
1136 2023 1152 2048 ,
1183 1991 1236 2037 et
1263 1991 1437 2042 tamen
1465 1980 1604 2052 quod
1635 1981 1802 2035 nostis

235 2070 466 2125 dicturus
505 2086 645 2126 sum.
689 2071 865 2127 Nostis
912 2073 1180 2127 inimicum
1227 2072 1479 2127 Ecclesiae
1521 2069 1801 2142 quemdam

237 2159 518 2216 draconem
551 2180 566 2216 :
597 2176 701 2216 non
745 2161 952 2218 vidistis
999 2163 1167 2218 oculis
1209 2163 1385 2219 carnis
1411 2205 1426 2231 ,
1475 2161 1570 2218 sed
1611 2161 1803 2217 videtis

237 2252 393 2306 oculis
424 2251 570 2306 lidei.
619 2251 732 2323 Ipse
759 2262 841 2308 est
868 2253 958 2324 qui
987 2264 1040 2309 et
1066 2253 1157 2330 leo‘
1179 2254 1374 2309 dicitur
1397 2272 1411 2309 :
1435 2253 1504 2308 de
1533 2253 1623 2308 illo
1652 2252 1802 2308 Scri-

241 2351 379 2410 plura
407 2343 560 2406 dicit,
587 2342 913 2399 Conculcabis
933 2344 1123 2413 leonem
1141 2353 1190 2398 et
1218 2345 1484 2400 draconem
1512 2343 1682 2415 (Psal.
1713 2359 1801 2410 xc,

241 2434 301 2489 l3
319 2434 357 2502 ).
387 2433 648 2489 Subditus
673 2444 754 2489 est
784 2434 883 2490 iste
909 2435 1066 2504 capiti
1097 2445 1206 2502 tuo,
1236 2435 1491 2490 subdatur
1513 2442 1567 2490 et
1590 2434 1802 2504 corpori

238 2527 370 2594 ejus;
405 2527 650 2582 hazreant
670 2536 870 2582 tantmn
895 2527 1133 2583 membra
1157 2527 1315 2598 capiti
1341 2542 1457 2594 suo,
1485 2535 1544 2581 ut
1567 2526 1804 2582 membra

241 2620 342 2687 ejus
369 2620 502 2676 sint.
533 2620 740 2676 Dictum
768 2629 851 2676 est
876 2620 946 2676 de
971 2620 1138 2690 prima
1167 2619 1381 2685 femina,
1409 2635 1565 2690 quam
1593 2619 1806 2675 seduxit

241 2709 315 2765 hic
334 2711 536 2777 draco;
583 2711 693 2765 Eva
723 2711 927 2766 scilicet
953 2710 1041 2764 illa
1070 2709 1154 2764 cui
1179 2697 1456 2765 consilium
1488 2708 1672 2763 mortis
1702 2707 1799 2764 dc-

238 2804 325 2868 tlit,
354 2815 409 2859 et
441 2804 788 2874 persuasione
816 2812 990 2860 astuta
1022 2803 1073 2858 in
1101 2819 1194 2858 cor
1215 2802 1498 2858 letnineum
1523 2816 1670 2856 more
1693 2815 1806 2856 ser-

238 2897 400 2962 pentis
424 2893 662 2964 irrepsit.
693 2893 910 2950 Factum
936 2903 1017 2950 est
1043 2893 1184 2964 quod
1207 2893 1473 2955 novimus,
1495 2891 1634 2962 quod
1661 2891 1730 2945 ibi
1753 2901 1808 2947 et

240 3002 327 3040 nos
351 2987 598 3052 fecimus,
627 2986 767 3056 quod
798 2987 1059 3041 dolemus.
1098 2983 1152 3039 ln
1191 2985 1293 3040 illis
1317 2985 1457 3039 enim
1485 2982 1687 3038 duobus
1709 2982 1807 3037 ho-

238 3079 458 3132 minilms
503 3088 671 3132 totum
700 3094 867 3148 genus
893 3079 1178 3133 humanum
1208 3095 1221 3132 :
1252 3077 1371 3131 inde
1399 3090 1634 3149 propago
1660 3092 1806 3129 mor—

239 3170 320 3233 tis.
366 3169 490 3224 inde
539 3179 593 3224 et
636 3171 686 3223 in
736 3171 966 3239 parvulis
1001 3169 1198 3234 debita,
1238 3167 1449 3222 delicta.
1500 3167 1626 3232 Quis
1663 3167 1803 3222 enim

237 3262 466 3327 mundus,
499 3261 576 3314 ait
599 3260 870 3328 Scriptura
890 3302 905 3326 ,
940 3260 992 3312 in
1025 3269 1286 3328 conspectu
1319 3259 1441 3314 tuo?
1485 3257 1594 3312 Nec
1635 3258 1805 3329 infans

235 3352 374 3420 cujus
399 3363 472 3406 est
504 3351 650 3407 unius
677 3350 777 3404 dici
805 3351 903 3404 vita
929 3367 1078 3421 super
1105 3359 1287 3403 terram
1313 3347 1435 3420 (Job
1462 3366 1570 3416 stv,
1602 3349 1636 3404 4
1661 3361 1704 3402 et
1723 3349 1802 3421 5).

235 3440 441 3497 'l'radux
490 3441 730 3512 peccati,
781 3440 973 3496 tradux
1018 3439 1202 3494 mortis
1241 3439 1308 3494 de
1351 3441 1521 3510 primo
1565 3451 1800 3511 peccato.

235 3532 405 3588 Nostis
443 3535 590 3588 cnim
629 3543 683 3590 et
719 3532 842 3603 quid
883 3533 1082 3587 dictum
1126 3541 1208 3587 est
1245 3532 1472 3598 mulieri,
1504 3531 1586 3587 vel
1629 3535 1804 3602 potius

234 3627 490 3695 serpenti,
513 3642 634 3682 cum
657 3626 863 3679 audiret
893 3625 1036 3679 Deus
1057 3633 1331 3693 peccatum
1356 3623 1508 3692 primi
1534 3623 1761 3677 hominis
1786 3641 1799 3676 :

237 3715 356 3784 Ipsa
380 3729 523 3771 tuum
549 3713 823 3772 obsci'vabit
846 3724 1015 3785 caput,
1043 3725 1092 3769 et
1121 3725 1174 3768 tu
1197 3715 1304 3786 ejus
1334 3715 1612 3769 observabis
1639 3715 1805 3768 calca-

235 3823 382 3861 neum
429 3809 600 3876 (Gen.
632 3824 707 3871 m,
735 3805 860 3878 l5).
903 3805 957 3860 ln
998 3821 1188 3876 magno
1229 3806 1477 3876 mysterio
1499 3805 1720 3884 dictum,
1749 3805 1802 3859 in

235 3899 399 3969 ﬁgura
444 3899 642 3952 dictum
689 3897 938 3952 Ecclesiae
975 3896 1190 3962 fatuae,
1223 3895 1370 3949 facta:
1407 3895 1472 3950 de
1513 3896 1676 3951 latere
1708 3897 1802 3950 viri

232 3991 336 4052 sui,
389 4001 444 4045 ct
497 3990 598 4044 hoc
651 3989 983 4044 dormientis.
1035 3989 1158 4043 Erat
1211 3997 1385 4043 autem
1425 3987 1592 4041 Adam
1633 3987 1800 4042 forma

232 4080 419 4132 I'utm'i.
477 4079 586 4134 lloc
631 4078 915 4148 Apostolus
959 4077 1086 4131 dicit
1122 4093 1137 4131 :
1169 4076 1267 4143 Qui
1315 4085 1386 4130 est
1440 4080 1600 4146 forma
1646 4079 1804 4148 futuri

231 4171 412 4242 (Rom.
444 4191 493 4236 v,
528 4175 632 4240 11).
682 4171 1076 4241 Prteliguratum
1106 4170 1351 4240 estquod
1385 4169 1616 4224 futurum
1653 4179 1813 4237 crat,-

229 4267 368 4320 lacta
422 4274 496 4315 est
542 4262 774 4316 Ecclesia
818 4261 886 4316 de
933 4260 1096 4314 latere
1151 4259 1354 4313 Domini
1395 4258 1704 4313 dormientis
1751 4259 1800 4312 in

225 4370 422 4408 cruce.
463 4352 585 4407 Nam
631 4353 697 4408 de
738 4353 898 4408 latere
924 4349 1159 4405 cruciﬁxi
1188 4365 1436 4418 percusso
1466 4348 1653 4421 (Joan.
1684 4367 1800 4416 χιχ,

222 4446 342 4503 5i).
397 4443 734 4498 Sacramenta
779 4443 1026 4497 Ecclesia:
1060 4441 1444 4512 proﬂuxerunt.
1499 4440 1632 4506 Quid
1677 4457 1804 4512 ergo

224 4538 434 4589 dictum
476 4545 557 4589 est
600 4533 882 4588 Ecclesim?
923 4531 1039 4586 Jam
1083 4530 1242 4586 modo
1277 4530 1800 4607 audite,_intclligite,

220 4639 453 4683 Cavete:
484 4626 609 4694 Ipsa
634 4637 772 4679 tuum
805 4625 1076 4679 observabit
1105 4635 1287 4694 caput,
1323 4634 1369 4678 et
1408 4633 1460 4677 tu
1499 4625 1606 4693 ejus
1640 4626 1806 4679 calca-

224 4735 400 4772 ncum.
431 4720 474 4772 υ
507 4715 768 4780 Ecclesia,
797 4726 954 4785 caput
981 4716 1243 4782 serpentis
1272 4715 1518 4770 observa.
1547 4715 1695 4783 Quod
1724 4729 1806 4771 est

220 4820 392 4882 caput
422 4808 724 4878 serpentis?
772 4808 945 4862 Prima
973 4808 1183 4879 peccati
1216 4807 1501 4878 suggestio.
1532 4807 1687 4863 Venit
1714 4809 1805 4863 tibi

221 4905 272 4958 in
300 4914 544 4957 mentem
569 4902 750 4956 nescio
773 4901 894 4970 quid
920 4901 1186 4965 illicitmn;
1219 4901 1324 4955 noli
1355 4901 1423 4955 ibi
1451 4911 1630 4956 tenere
1659 4918 1807 4956 nnat-

221 5007 331 5049 tem
377 5005 525 5048 tuam
547 5035 563 5060 ,
596 4992 705 5047 noli
735 4993 1055 5048 consentire.
1101 4993 1212 5048 lloc
1239 4992 1379 5063 quod
1409 4992 1551 5047 venit
1580 4993 1630 5046 in
1656 5010 1802 5048 men-

203 5081 354 5142 tem.
394 5095 555 5155 eaput
581 5085 841 5154 serpentis
866 5095 979 5149 est;
1012 5093 1167 5154 caput
1200 5084 1366 5147 calca,
1393 5089 1449 5137 et
1477 5083 1670 5138 evades
1698 5099 1803 5137 ete-

217 5188 373 5231 teros
407 5185 600 5229 motus.
634 5175 769 5242 Quid
797 5183 898 5236 est,
925 5181 1082 5242 caput
1109 5173 1298 5227 calca?
1326 5173 1495 5241 [psam
1521 5173 1807 5242 suggestio-

216 5287 350 5325 nem
381 5277 694 5323 contemne.
737 5264 840 5320 Sed
884 5266 1084 5318 luermn
1125 5264 1418 5333 suggessit:
1447 5279 1693 5334 magnum
1734 5264 1802 5318 ibi

210 5361 444 5415 lucrmn
471 5369 568 5423 est,
594 5373 842 5429 maguum
874 5355 943 5410 ibi
973 5371 1158 5409 aurum
1189 5364 1304 5420 est;
1332 5356 1376 5408 si
1406 5357 1540 5410 hanc
1565 5355 1801 5411 fraudem

209 5452 452 5512 feceris,
494 5451 638 5504 dives
677 5451 804 5504 eris.
852 5448 1018 5516 Caput
1056 5448 1316 5517 serpentis
1343 5457 1442 5513 est,
1472 5449 1634 5502 calca.
1670 5447 1802 5515 Quid

204 5553 316 5606 est,
354 5522 547 5595 calca?
588 5541 884 5597 Contcmne
909 5537 1049 5609 quod
1083 5539 1362 5608 suggessit.
1412 5539 1514 5595 Sed
1557 5555 1802 5609 magnum
1835 5567 1840 5577 -

274 5680 292 5706 ³
326 5680 412 5721 δίε
443 5675 658 5747 lL'rique
677 5688 778 5730 uss.
808 5686 860 5730 Al
885 5676 1016 5738 editi,
1043 5673 1383 5727 (annueabmtl.

1347 218 1734 276 ENAllllATlO
1773 217 1835 273 ΙΝ
1878 218 2193 278 PSALMUM
2231 219 2362 278 Clll.

3348 223 3486 277 1'82

1854 362 1862 368 -
1917 348 2101 388 aurum
2133 336 2410 405 suggessit.
2455 335 2518 389 Et
2550 335 2672 404 quid
2711 332 2926 406 prodest
2970 335 3199 404 hontini,
3230 339 3275 392 si
3320 351 3485 395 totum

1913 427 2164 488 mundum
2210 428 2468 490 lucretur,
2514 431 2702 482 anima:
2743 440 2915 484 autem
2952 447 3060 485 sua:
3104 431 3484 487 detrimentum:

1915 517 2144 584 patiatur
2177 517 2194 588 (
2219 518 2402 570 Matth.
2435 534 2538 579 svi,
2567 518 2638 572 26
2657 517 2712 588 )?
2739 519 2928 574 Pereat
2956 520 3131 574 mundi
3160 521 3386 585 lucrum,
3421 541 3488 576 ne

1913 607 2001 660 liat
2036 608 2227 662 anima:
2267 608 2538 662 damnum.
2589 609 2714 663 llzec
2753 609 2966 674 dicens,
2999 611 3290 665 observasti
3327 623 3489 680 caput

1907 699 2191 769 serpentis,
2220 709 2270 754 et
2299 700 2534 755 calcasti.
2581 701 2669 755 llle
2708 712 2881 756 autem
2909 703 3151 757 diabolus
3179 705 3485 758 calcaneum

1911 799 2056 843 tuum
2096 790 2365 845 observat.
2393 791 2527 857 Quid
2555 801 2655 852 est,
2685 793 2931 846 observat
2956 793 3260 847 calcanemn
3293 804 3437 847 tutttn
3463 797 3490 848 ’ἶ

1909 881 2131 949 Quando
2157 882 2350 937 labaris
2369 871 2496 937 avia
2526 884 2640 938 Dei.
2669 883 2745 936 Tu
2769 883 3017 938 observas
3048 886 3266 952 primam
3289 901 3484 955 sugge-

1910 974 2154 1038 stionem,
2201 974 2288 1028 ille
2316 974 2560 1028 observat
2601 975 2806 1045 lapsum
2850 986 3016 1029 tuum.
3056 977 3111 1031 Si
3143 990 3280 1031 enzm
3305 977 3488 1046 lapsus

1909 1063 2094 1132 fueris,
2122 1066 2314 1131 cades;
2344 1067 2386 1120 si
2417 1067 2692 1132 cecideris,
2738 1069 3043 1137 possidebit.
3073 1067 3141 1124 Ut
3173 1069 3345 1124 aulem
3378 1087 3488 1124 non

1910 1154 2089 1222 cadas,
2118 1157 2224 1210 noli
2253 1159 2398 1212 exire
2423 1158 2488 1213 de
2514 1159 2616 1212 via.
2651 1161 2937 1229 Angustam
2969 1161 3059 1214 tibi
3081 1163 3321 1215 semitam
3351 1173 3488 1216 stra-

1908 1248 1985 1301 vit
2017 1248 2188 1312 Deus;
2234 1249 2490 1320 quidquid
2530 1263 2682 1305 extra
2724 1252 2887 1316 illam,
2918 1252 3175 1306 lubricum
3215 1261 3313 1306 est.
3359 1253 3491 1306 Pro-

1909 1348 2089 1408 pterea
2124 1340 2300 1394 lumen
2331 1350 2413 1397 est
2441 1341 2704 1407 Christus,
2733 1353 2784 1398 et
2811 1342 2892 1397 via
2929 1355 3012 1398 est
3050 1344 3292 1398 Christus
3321 1364 3332 1398 :
3360 1345 3493 1399 Erat

1911 1430 2079 1484 lumen
2104 1447 2269 1484 verum
2290 1432 2423 1501 quod
2449 1433 2699 1486 illuminat
2725 1451 2918 1488 onmem
2945 1436 3192 1489 hominem
3215 1438 3489 1491 venientem

1911 1521 1962 1574 in
1989 1521 2119 1575 hunc
2144 1523 2383 1576 mundum
2409 1522 2585 1592 (Joan.
2619 1539 2656 1590 t,
2694 1523 2749 1594 9)
2774 1540 2788 1588 ;
2819 1535 2891 1592 et,
2926 1524 3035 1595 Ego
3064 1543 3174 1578 sum
3203 1527 3301 1593 via,
3328 1536 3372 1580 et
3401 1543 3490 1581 ve-

1910 1611 2054 1677 ritas,
2082 1622 2129 1664 et
2166 1613 2264 1666 vita
2307 1605 2418 1684 (1d.
2446 1630 2554 1680 xxv,
2584 1615 2678 1685 6).
2721 1615 2822 1670 Per
2849 1632 2934 1669 me
2970 1616 3034 1680 is,
3063 1616 3078 1647 ¹
3108 1616 3172 1670 ad
3215 1632 3298 1672 me
3337 1619 3400 1670 is.
3433 1617 3491 1673 Si

1911 1718 2036 1774 ergo
2062 1704 2174 1774 ipse
2203 1715 2285 1760 est
2312 1706 2510 1771 lumen,
2539 1718 2592 1762 ct
2623 1708 2736 1785 ipse
2761 1718 2843 1763 est
2873 1709 2987 1773 via;
3019 1708 3062 1763 si
3094 1709 3275 1763 abillo
3308 1726 3487 1765 reces-
3527 1701 3531 1704 ’

1909 1796 2063 1864 seris,
2098 1800 2261 1852 neein
2285 1799 2484 1854 lumine
2509 1801 2635 1864 eris,
2667 1815 2764 1854 nec
2790 1799 2840 1852 in
2862 1801 2964 1854 via.
2990 1800 3055 1853 Et
3083 1801 3206 1870 quid
3236 1810 3286 1856 te
3307 1800 3488 1870 sequi-

1909 1888 2032 1942 tur?
2060 1888 2212 1956 Quod
2243 1889 2372 1944 dicit
2401 1889 2467 1945 de
2493 1879 2912 1961 impiisgpiidam
2947 1890 3182 1960 psalmus
3218 1909 3230 1946 :
3264 1891 3384 1946 Fiat
3411 1893 3494 1948 via

1909 1979 2112 2034 illorum
2139 1983 2352 2036 tenebrat
2374 1992 2420 2036 et
2441 1982 2685 2037 lubricum
2713 1983 2881 2055 (Psal.
2915 1990 3098 2049 sxxtv,
3127 1983 3203 2056 6).

1979 2071 2030 2125 7.
2074 2072 2170 2126 llic
2196 2088 2322 2144 ergo
2347 2072 2536 2138 draco,
2563 2075 2808 2144 antiquus
2839 2075 3007 2130 hostis
3032 2088 3239 2137 noster.
3270 2076 3345 2130 ira
3378 2075 3490 2136 len-

1907 2160 2088 2227 vidus,
2121 2160 2328 2216 insidiis
2362 2173 2600 2225 astutus,
2624 2163 2676 2218 in
2709 2165 2841 2218 mari
2871 2180 3062 2236 magno
3089 2177 3189 2221 est.
3213 2166 3382 2221 Draco
3402 2167 3492 2221 hic

1905 2266 2050 2320 quem
2080 2251 2271 2320 [ἱππίδιὶ
2301 2253 2368 2305 ad
2397 2253 2711 2308 illudendum
2738 2255 2803 2309 ei.
2830 2253 2945 2311 Jatn
2972 2266 3026 2310 tu
3051 2256 3211 2312 illudc
3231 2257 3446 2312 draconi
3469 2273 3487 2310 :

1910 2339 1976 2394 ad
2006 2338 2106 2394 boc
2131 2339 2273 2395 enim
2303 2340 2387 2396 hic
2409 2341 2576 2398 laetus
2597 2351 2680 2398 est
2700 2343 2882 2399 draco.
2906 2345 3022 2414 ipse
3047 2346 3241 2402 cadens
3269 2356 3492 2418 peccato

1905 2443 2003 2486 suo
2031 2431 2098 2486 de
2141 2431 2352 2487 sublimi
2402 2432 2726 2488 habitatione
2770 2436 3062 2502 cmlorum,
3103 2447 3156 2492 et
3201 2452 3265 2492 ex
3301 2441 3494 2509 angelo

1906 2522 2076 2579 factus
2104 2525 2383 2590 diabolus,
2429 2527 2633 2596 accepit
2673 2527 2956 2596 quemdam
3012 2528 3186 2583 locum
3232 2545 3384 2585 suutn
3435 2532 3489 2585 in

1906 2614 2010 2670 hoc
2037 2617 2171 2671 mari
2220 2632 2412 2687 magno
2440 2626 2492 2671 ct
2513 2618 2767 2686 Spatioso.
2796 2619 3031 2688 Regnum
3059 2621 3176 2689 ejus
3221 2623 3360 2693 quod
3390 2640 3489 2693 pu-

1911 2715 2012 2772 tas,
2041 2724 2225 2763 career
2251 2710 2366 2777 ejus
2393 2720 2493 2765 est.
2518 2710 2662 2764 Multi
2684 2712 2822 2764 enim
2850 2711 3031 2766 dicunt
3056 2731 3067 2766 :
3094 2714 3266 2780 Quare
3288 2725 3491 2770 tantam

1909 2806 2221 2868 potestatem
2249 2799 2490 2855 diabolus
2516 2801 2740 2871 accepit,
2764 2812 2818 2856 ut
2851 2802 3150 2858 dominetur
3175 2804 3227 2858 in
3270 2805 3369 2858 isto
3389 2823 3490 2860 stt?-

1907 2888 2047 2950 culo,
2071 2897 2124 2942 et
2153 2897 2354 2944 tantum
2386 2890 2574 2955 valeat,
2606 2899 2805 2948 lautum
2854 2894 3060 2960 possit?
3089 2895 3349 2962 Quantum
3393 2913 3490 2950 va-

1908 2978 1998 3042 let,
2033 2990 2122 3032 aut
2150 2984 2598 3050 quantum'potest
2623 2981 2774 3036 ?Nisi
2803 2984 3259 3052 permissus,nihil
3291 2998 3484 3056 potest.

1908 3069 1987 3124 Tu
2022 3069 2099 3124 sic
2122 3085 2253 3140 age,
2283 3086 2348 3125 nc
2389 3070 2720 3140 permittatur
2765 3071 2816 3125 in
2870 3083 3069 3137 te;aut
3105 3076 3147 3130 si
3199 3079 3488 3144 permissus

1908 3161 2067 3215 fuerit
2106 3161 2172 3214 ad
2218 3161 2548 3226 tentandum,
2571 3162 2737 3216 vietus
2781 3163 3056 3228 abscedat.
3084 3176 3138 3220 et
3179 3181 3282 3221 non
3314 3169 3488 3237 possi-

1907 3252 2048 3306 deat.
2079 3252 2377 3307 Permissus
2398 3260 2478 3307 est
2500 3250 2640 3307 cnim
2672 3251 2739 3307 ad
2777 3254 3056 3309 tentandos
3082 3255 3336 3326 quosdam
3367 3273 3490 3313 san-

1907 3354 2027 3399 ctus
2051 3345 2192 3400 viros
2219 3344 2445 3425 {annales
2477 3345 2569 3400 Dei
2597 3363 2611 3398 :
2643 3357 3028 3415 superaverunt
3071 3364 3214 3415 eum,
3255 3351 3376 3420 quia
3420 3351 3491 3408 de

1908 3440 1988 3493 via
2014 3454 2120 3494 non
2146 3449 2495 3505 recesserunt,
2527 3456 2631 3494 non
2656 3440 2788 3510 lapsi
2816 3451 2958 3507 sunt,
2989 3458 3211 3512 quorum
3237 3444 3488 3500 observa-

1906 3530 2001 3586 bat
2023 3530 2352 3585 calcaneum.
2382 3530 2482 3585 Job
2521 3531 2610 3585 ille
2639 3542 2852 3586 sanctus
2895 3533 3110 3586 sedebat
3139 3534 3188 3586 in
3228 3545 3487 3602 stercore,

1907 3632 1960 3675 et
1987 3621 2234 3676 currebat
2259 3622 2310 3675 in
2342 3621 2425 3676 via
2457 3637 2469 3673 :
2503 3620 2676 3676 videte
2704 3622 2968 3691 quomodo
2999 3623 3358 3680 observaverit
3389 3643 3481 3698 ca.-

1908 3720 1998 3778 pttt
2023 3711 2153 3778 ejus,
2182 3720 2236 3764 et
2261 3710 2704 3780 quemadmodum
2734 3711 2825 3765 ille
2850 3712 3156 3766 calcanenm
3179 3714 3293 3782 ejus
3314 3724 3486 3785 atten-

1906 3799 2084 3852 debat.
2118 3799 2210 3853 llle
2240 3799 2531 3868 repellebat
2559 3812 2926 3869 suggerentem
2952 3844 2969 3866 ,
3001 3803 3090 3857 ille
3130 3807 3377 3872 sperabat
3405 3807 3485 3860 la-

1907 3891 2121 3944 bentem
2148 3906 2160 3942 :
2186 3889 2322 3960 cepit
2353 3898 2405 3944 et
2425 3889 2539 3958 ejus
2565 3890 2925 3945 mulierculam
2948 3909 2962 3956 ;
3004 3893 3266 3948 subtraxit
3308 3899 3485 3952 omnia

1907 3998 2024 4052 qua:
2060 3981 2513 4048 habebat,solam
2561 3981 2760 4036 dimisit
2809 3983 3119 4052 adjutricem
3162 3972 3346 4054 suam,
3381 4007 3483 4043 non

1909 4073 2082 4127 mariti
2113 4074 2532 4138 eonsolatricctn,
2563 4073 2654 4128 sed
2687 4073 2861 4144 potius
2893 4076 3224 4132 tcntatricem
3255 4081 3307 4144 ’ς
3345 4083 3487 4151 cepit

1909 4165 2066 4218 etiam
2089 4162 2254 4233 ipsam
2279 4178 2382 4218 non
2407 4163 2776 4218 observantem
2799 4175 2956 4234 caput
2977 4165 3111 4234 ejus.
3132 4167 3316 4241 Adhuc
3339 4172 3483 4225 enim

1909 4255 1995 4308 illa
2029 4255 2131 4308 Eva
2171 4263 2319 4319 erat;
2347 4253 2441 4308 sed
2477 4254 2586 4324 jam
2617 4254 2703 4311 ille
2749 4255 2919 4310 Adam
2965 4273 3068 4312 non
3109 4269 3243 4315 erat.
3285 4261 3488 4318 Ahlatis

1909 4345 2177 4413 omnibus,
2202 4345 2459 4401 remansit
2483 4344 2584 4402 Job
2608 4363 2728 4402 cum
2760 4363 2925 4402 uxore
2945 4389 2959 4413 ,
2993 4364 3088 4418 per
3124 4367 3283 4420 quam
3313 4363 3486 4408 tcnta-

1909 4450 2095 4505 retur;
2124 4448 2320 4493 etcum
2354 4439 2487 4504 Deo,
2517 4455 2548 4494 a
2587 4453 2692 4510 quo
2731 4451 3025 4511 regeretur.
3052 4441 3185 4509 Quid
3237 4445 3326 4499 illo
3357 4463 3488 4515 pau-

1909 4529 2086 4600 pcrius
2137 4530 2313 4584 subito
2362 4529 2589 4594 factum,
2622 4530 2664 4584 si
2714 4528 2927 4584 domum
2973 4533 3088 4598 ejus
3138 4536 3490 4592 consideres?

1910 4614 2046 4683 Quid
2069 4615 2157 4668 illo
2182 4614 2374 4681 ditius,
2397 4614 2441 4668 si
2462 4629 2555 4668 cor
2582 4613 2696 4682 ejus
2711 4613 2948 4682 cogites?
2971 4614 3098 4668 Vide
3122 4629 3481 4687 paupertatem

1911 4706 2099 4760 domus
2125 4725 2139 4760 :
2162 4705 2334 4759 ablata
2370 4712 2492 4758 sunt
2520 4703 2714 4756 omnia.
2745 4701 2876 4777 Vide
2905 4702 3114 4758 divitias
3139 4709 3314 4763 eordis
3338 4728 3352 4760 :
3379 4708 3486 4761 Do-
3521 4767 3528 4776 μ

1913 4799 2074 4851 minus
2097 4797 2250 4861 dedit,
2285 4795 2527 4848 Dominus
2569 4791 2813 4858 abstulit;
2846 4793 2975 4847 sicut
3013 4794 3230 4849 Domino
3276 4801 3485 4866 placuit,

1912 4888 1979 4940 ita
2005 4891 2189 4957 factum
2215 4895 2286 4939 est
2310 4883 2407 4938 :sit
2439 4897 2614 4935 nomen
2653 4879 2860 4935 Domini
2884 4883 3213 4938 benedictum.
3240 4883 3484 4941 Dominus

1913 4979 2065 5044 dedit,
2096 4977 2344 5030 Dominus
2370 4974 2572 5028 abstulit
2604 4983 2866 5028 :noverat
2911 4985 3172 5030 rectorem
3221 4994 3371 5032 suum
3393 5019 3406 5041 ,
3429 4988 3487 5035 et

1914 5081 2224 5126 teutatorcm
2252 5083 2404 5121 sumn
2429 5072 2448 5130 ';
2490 5049 2864 5134 pci'missorcm
2898 5070 3175 5124 tcntatoris
3213 5072 3290 5123 sui
3319 5086 3482 5126 neve-

1913 5171 2017 5220 rat.
2069 5159 2210 5213 Nihil
2251 5158 2374 5224 sibi,
2408 5157 2595 5226 inquit,
2629 5156 2868 5212 diabolus
2907 5158 3134 5223 tribuat;
3162 5158 3485 5218 voluntatem

1913 5253 2070 5310 habet
2100 5249 2344 5316 nocendi,
2379 5258 2692 5318 potestatem
2725 5259 2898 5303 autent
2926 5247 3025 5302 nisi
3070 5250 3352 5318 acciperet,
3379 5268 3482 5308 llull

1911 5343 2165 5404 haberet;
2194 5349 2446 5410 quantum
2474 5338 2674 5408 accepit
2704 5339 2790 5393 ille
2819 5338 3122 5406 potestatis,
3155 5347 3354 5394 tantum
3383 5356 3491 5412 ego

1912 5435 2082 5504 patior
2107 5448 2123 5486 :
2155 5447 2257 5486 non
2301 5429 2427 5500 ergo
2455 5430 2522 5485 ab
2551 5430 2642 5484 illo
2684 5429 2882 5498 patior,
2911 5429 3002 5482 sed
3034 5429 3100 5484 ab
3140 5445 3205 5487 eo
3230 5432 3317 5503 qui
3345 5443 3493 5506 μοιρ-

1978 5610 1990 5640 ι
2023 5607 2153 5672 illd,
2172 5603 2214 5656 si
2235 5607 2298 5655 ad
2317 5616 2390 5654 me
2413 5604 2468 5672 is.
2495 5601 2740 5672 t‘artieula,
2778 5599 2837 5657 δέ,
2863 5601 2998 5672 abest
3020 5615 3046 5649 a
3069 5608 3175 5672 μεθ.

1974 5672 1994 5703 ³
2019 5670 2203 5733 Aliquot
2358 5669 2598 5728 omittunt,
2614 5669 2694 5716 seu
2720 5672 2873 5727 pitius
2895 5669 3208 5718 tcntatricrm.
