3984 6204
1198 234 1211 258 ι

498 344 635 402 1383

494 465 681 510 statem
729 452 910 508 dedit.
941 454 1310 503 contemnatur
1355 441 1596 511 superbia
1626 438 1902 493 tentatur-is
1931 435 2054 496 mei,

494 547 849 600 Sustineantur
875 537 1076 608 ﬂagella
1105 535 1269 607 patris
1305 532 1428 587 mei.
1476 518 1734 599 Repulsus
1781 536 1862 580 est
1889 535 2060 579 tenta-

497 647 596 697 lnl‘,
629 636 957 687 obscrvatmn
988 636 1070 681 est
1098 635 1255 694 caput
1278 623 1391 691 ejus
1411 662 1425 686 ,
1458 629 1735 690 penetrare
1765 632 1867 670 non
1897 613 2062 684 potuit

496 726 549 778 in
602 738 709 775 cor.
766 722 1017 773 Mnratam
1071 716 1334 770 civitatein
1392 712 1683 766 forinsecus
1720 705 2058 778 oppugnavit,

494 816 584 867 sed
621 828 721 867 non
753 810 1092 879 expugnavit.
1126 808 1355 861 Accessit
1392 806 1490 858 alia
1540 801 1759 857 tentatio
1790 818 1803 854 :
1838 798 2061 866 permis-

494 924 582 960 sus
605 915 686 959 est
713 904 778 957 ad
805 917 995 972 eorpus
1030 902 1164 967 ejus,
1194 897 1451 967 percussit
1479 895 1620 965 gravi
1661 892 1880 945 vulnere
1917 905 1945 942 a
1974 904 2063 942 ca-

497 1000 602 1064 pite
633 1010 799 1071 usque
829 994 891 1045 ad
937 992 1128 1060 pedes:
1171 987 1577 1043 contabcseebat
1611 983 1916 1053 putredine,
1948 995 2063 1035 sea-

496 1089 638 1140 lebat
676 1084 975 1147 vermibus,
1014 1083 1202 1134 amissa
1249 1079 1404 1132 domo
1449 1077 1665 1131 sedebat
1709 1076 1759 1128 in
1804 1084 2058 1127 stercore.

499 1180 568 1232 11ιὶ
611 1180 717 1232 Eva
749 1177 1027 1242 captivata,
1053 1190 1078 1224 a
1110 1172 1319 1224 diabolo
1358 1186 1466 1225 non
1494 1169 1558 1222 ad
1592 1165 1909 1236 adjuto‘rium
1953 1179 2065 1222 ma-
2104 1220 2109 1227 _

497 1272 598 1322 rito
620 1267 909 1335 supposita,
932 1264 1021 1318 sed
1040 1263 1103 1315 ad
1134 1264 1331 1329 lapsum
1353 1259 1390 1321 ⁸,
1408 1259 1637 1327 suggerit
1660 1253 2065 1322 utblaSpheme-

501 1372 584 1412 tur
602 1361 758 1413 Deus.
776 1358 950 1410 Primo
967 1354 1223 1424 suggessit
1241 1353 1290 1405 in
1310 1350 1550 1420 paradiso
1567 1358 1622 1402 ut
1636 1355 2066 1402 contemneretur

504 1453 659 1507 ltens,
693 1448 851 1501 modo
892 1456 950 1500 ut
992 1444 1385 1513 blaSphemetur
1424 1441 1576 1494 Deus.
1629 1438 1804 1493 Valuit
1849 1448 1969 1491 tunc
2012 1436 2064 1490 in

502 1539 780 1606 integrum,
818 1552 954 1589 nunc
982 1535 1147 1588 victus
1189 1543 1269 1588 est
1296 1548 1325 1585 a
1365 1532 1503 1600 putri
1534 1549 1547 1583 :
1576 1529 1627 1584 in
1656 1528 1895 1599 paradiso
1922 1527 2087 1596 deje-r

501 1632 594 1694 cit,
628 1632 677 1683 in
709 1628 943 1684 stercore
973 1637 1249 1696 superatus
1291 1634 1390 1678 est.
1420 1622 1734 1677 Attendebat
1780 1630 1955 1674 autem
1982 1619 2066 1672 ille

499 1721 659 1774 draco
683 1700 859 1772 'utrum
889 1717 988 1773 .lob
1020 1719 1190 1786 lingua
1221 1716 1505 1770 laberetur.
1532 1712 1716 1768 Omnis
1741 1713 1879 1766 enim
1908 1710 2066 1764 homo

502 1814 552 1865 in
583 1823 699 1864 actu
723 1825 818 1863 suo
851 1809 1009 1880 pedes
1038 1808 1198 1862 habet
1222 1808 1274 1860 in
1312 1822 1375 1861 eo
1410 1806 1546 1876 quod
1577 1804 1716 1875 agit,
1745 1805 1798 1858 in
1823 1819 1926 1872 quo
1957 1817 2069 1856 mo-

500 1896 672 1967 vetur,
702 1904 770 1956 ibi
798 1912 1042 1969 tanquam
1062 1900 1311 1953 ambulat.
1333 1898 1546 1952 Dicebat
1575 1898 1662 1951 ille
1692 1896 1849 1949 multa
1871 1911 1885 1954 ;
1904 1903 2064 1965 quan-

500 2004 549 2049 ta
602 1996 739 2049 enim
795 1996 923 2048 dixit
975 1994 1094 2059 Joh,
1150 1994 1493 2063 qui'legunt,
1535 1998 1832 2044 noverunt:
1862 1988 1914 2043 in
1962 1998 2067 2042 tam

504 2087 682 2139 multis
733 2086 837 2139 illis
875 2085 1052 2139 verbis
1114 2083 1429 2138 observabat
1486 2095 1705 2150 serpens
1764 2079 2069 2133 calcaneum

505 2178 750 2230 labentis.
792 2176 883 2230 Ille
910 2186 1082 2228 autem
1123 2174 1208 2243 qui
1249 2182 1403 2239 caput
1424 2170 1742 2227 observabat
1786 2170 2066 2238 serpentis,

502 2269 693 2338 repulit
723 2284 932 2323 omnem
978 2268 1389 2337 suggestimiem.
1420 2265 1707 2333 Respondit
1748 2276 1800 2319 et
1830 2264 2067 2329 mulieri,

499 2362 634 2413 sient
671 2361 883 2429 dignum
930 2370 1042 2412 erat
1080 2357 1401 2429 rcSpondere
1460 2358 1664 2411 mulieri
1693 2374 1707 2411 :
1738 2355 1927 2409 Locum
1974 2372 2023 2409 es
2051 2395 2065 2419 ,

501 2452 706 2520 inquit,
749 2460 984 2520 tanquam
1022 2466 1122 2503 una
1161 2452 1222 2502 de
1276 2450 1624 2517 insipientibus
1674 2448 2070 2501 mulieribus:si

502 2541 635 2595 bona
678 2542 984 2611 percepimus
1030 2542 1091 2593 de
1141 2556 1291 2593 manu
1319 2539 1553 2602 Domini,
1609 2537 1742 2592 mala
1779 2554 1879 2591 non
1911 2539 2068 2591 susti-

505 2634 769 2686 nebimus?
814 2632 881 2685 Et
923 2631 1051 2684 inter
1099 2632 1188 2684 illa
1236 2631 1399 2682 omnia
1450 2646 1560 2699 qua:
1610 2629 1768 2694 dixit,
1823 2645 2069 2694 nusquam

499 2723 673 2791 lapsus
700 2731 771 2775 est
815 2720 932 2793 (Job
965 2736 1020 2782 tt,
1052 2719 1159 2789 10).
1190 2718 1340 2785 Quod
1372 2719 1519 2772 multi
1544 2719 1592 2771 in
1622 2718 1721 2772 illis
1750 2718 1924 2772 verbis
1961 2732 2068 2772 non

502 2812 885 2883 intelligunt,et
913 2810 1148 2879 quaedam
1184 2810 1250 2863 ibi
1281 2810 1357 2864 sic
1385 2809 1670 2880 accipiunt,
1702 2809 1849 2878 quasi
1870 2807 2068 2879 aliquid

494 2903 688 2957 durum
719 2902 909 2955 dixerit
937 2900 1037 2953 .lob
1066 2901 1120 2954 in
1152 2901 1331 2954 Deum.

569 2995 622 3047 8.
662 2993 790 3046 Nam
814 2992 953 3046 inter
978 2991 1139 3045 multa
1177 2990 1331 3043 etiam
1367 2992 1467 3044 hoc
1506 2989 1658 3056 dixit,
1686 2991 1829 3046 velu‘t
1871 3001 2067 3046 stoma-

496 3068 662 3136 chans
693 3083 945 3136 adversus
972 3082 1159 3147 Deum,
1191 3083 1323 3136 sicut
1344 3081 1619 3136 videbatur
1638 3096 1740 3135 non
1770 3082 2065 3152 intelligen-

495 3176 636 3228 tibus
660 3193 673 3226 :
700 3174 786 3228 ille
811 3183 983 3228 autem
1010 3174 1250 3243 gestabat
1286 3181 1564 3242 personam
1601 3189 1841 3242 magnam
1862 3190 2065 3244 magnae

498 3264 787 3333 prophetia:
816 3280 829 3316 ε
867 3262 1090 3325 Utinam,
1118 3261 1286 3331 inquit
1312 3256 1621 3331 loquens’ad
1663 3263 1846 3325 Deum,
1874 3264 2067 3323 utinam

495 3365 623 3411 esset
670 3355 810 3408 nobis
836 3355 1018 3408 arbiter
1043 3354 1149 3424 (Id.
1184 3364 1272 3420 ts,
1301 3356 1390 3418 55,
1418 3371 1514 3410 src.
1547 3354 1709 3423 LXX)
1734 3357 1747 3409 l
1771 3355 1903 3423 Quid
1950 3363 2061 3422 est,

499 3438 705 3493 Utinam
754 3439 894 3493 nobis
936 3451 1057 3492 esset
1087 3438 1270 3491 arbiter
1297 3438 1409 3511 (tt)?
1451 3440 1606 3506 Quasi
1659 3442 1746 3511 qui
1796 3441 1932 3494 inter
1968 3456 2064 3495 nos

496 3530 774 3598 judicaret,
802 3538 855 3583 et
895 3545 1000 3598 quo
1042 3530 1312 3599 judicanto
1357 3546 1513 3585 causa
1551 3546 1665 3585 mea
1694 3532 1944 3587 vinceret.
1976 3533 2063 3588 Sic

495 3619 750 3687 accipitur
777 3618 839 3672 ad
880 3620 1101 3688 primum
1142 3634 1327 3673 sanum
1359 3634 1372 3670 :
1399 3619 1492 3675 sed
1540 3619 1742 3676 discute
1773 3630 1856 3685 te,
1887 3639 1952 3676 ne
1972 3622 2062 3675 'la-

498 3709 668 3769 baris;
691 3707 914 3765 attendit
946 3707 1088 3762 enim
1119 3722 1340 3775 Serpens
1390 3708 1476 3762 ille
1513 3724 1722 3778 semper
1759 3711 2060 3765 calcaneum

499 3811 664 3851 tuum.
697 3798 831 3866 Quid
857 3800 997 3853 visus
1019 3810 1099 3853 est
1129 3799 1325 3854 dixisse
1353 3799 1452 3854 Job
1480 3800 1499 3853 ἲ
1532 3799 1737 3855 Utinam
1776 3815 1896 3858 esset
1923 3804 2062 3859 nobis

491 3892 679 3945 arbiter
705 3892 726 3945 !
755 3892 952 3945 utinam
971 3901 1111 3946 esset
1140 3893 1343 3946 medius
1363 3894 1550 3961 aliquis
1588 3894 1674 3964 qui
1698 3895 1959 3964 judicaret
1985 3897 2062 3951 in-

494 3991 576 4035 ter
602 3996 687 4053 me
707 3988 762 4035 et
795 3982 881 4035 te!
915 3981 1023 4034 lloc
1054 3980 1160 4035 Deo
1193 3982 1370 4047 homo,
1405 3982 1505 4035 hoc
1534 3983 1582 4035 in
1614 3993 1846 4039 stercore
1881 3985 2054 4050 homo,

440 4139 451 4145 _
493 4072 596 4125 hoc
630 4071 712 4125 vel
745 4072 795 4124 in
840 4072 979 4126 cmlo
1021 4073 1237 4141 angelus
1278 4072 1429 4126 Deo:
1465 4072 1672 4128 Utinam
1716 4084 1859 4128 esset
1899 4077 2053 4131 nobis

493 4163 717 4217 arbiter!
751 4162 852 4216 Sed
883 4162 1005 4232 quid
1050 4162 1411 4229 prmvidebat?
1438 4165 1563 4233 quid
1588 4165 1846 4233 optabat?
1873 4166 2055 4233 Multi,

495 4255 662 4324 inquit
689 4254 961 4318 Dominus,
991 4255 1112 4319 iusti
1131 4266 1173 4307 et
1196 4257 1452 4323 propheta:
1474 4257 1733 4310 voluerunt
1762 4260 1925 4314 videre
1952 4277 2061 4326 qua:

492 4344 667 4397 videtis
688 4384 702 4400 .
735 4352 783 4396 et
822 4359 919 4396 non
949 4344 1175 4395 viderunt
1206 4344 1416 4413 (Matth.
1476 4361 1566 4399 xnt
1592 4388 1606 4409 ,
1648 4347 1755 4417 17).
1788 4348 2057 4403 Arbitrum

492 4433 847 4487 desiderabat.
880 4434 1014 4500 Quid
1042 4443 1123 4488 est
1143 4435 1374 4487 arbiter?
1400 4435 1597 4489 Medius
1627 4438 1692 4491 ad
1732 4453 2056 4508 componen-

491 4526 612 4579 dam
648 4538 879 4578 causam.
919 4524 1103 4578 Nonne
1144 4525 1336 4577 inimici
1377 4541 1589 4579 eramus
1616 4528 1704 4581 Dei
1734 4570 1747 4589 ,
1788 4538 1841 4582 et
1868 4532 2055 4584 malam

495 4631 712 4671 causam
744 4616 1065 4670 habebamus
1093 4617 1344 4670 adversus
1376 4618 1575 4671 Deum?
1596 4619 1721 4684 Quis
1752 4620 2056 4676 [iniretcau-

491 4725 604 4762 sam
645 4709 796 4762 iSIam
837 4709 1026 4761 malam
1057 4748 1072 4772 ,
1102 4709 1197 4761 nisi
1240 4708 1329 4761 ille
1356 4708 1560 4763 medius
1589 4710 1803 4773 arbiter,
1837 4713 1923 4780 qui
1955 4714 2053 4769 nisi

490 4800 731 4858 Veniret.
775 4800 1148 4854 misericordia:
1180 4803 1403 4868 pericl‘ul
1434 4800 1564 4854 iter?
1592 4794 1664 4855 Dé
1692 4817 1796 4871 quo
1826 4806 2053 4869 Aposto-

487 4889 572 4957 lus
600 4890 746 4952 dicit,
774 4881 919 4944 Unus
943 4883 1071 4943 lenim
1100 4888 1238 4943 Dens
1259 4900 1301 4943 et
1325 4891 1566 4942 mediator
1590 4891 1682 4944 Dei
1706 4902 1751 4945 et
1777 4893 2046 4959 hominum,

488 4983 635 5034 homo
665 4979 892 5034 Christus
920 4979 1069 5032 .lesus
1098 4979 1138 5051 (l
1165 4978 1295 5032 Tim.
1334 4997 1390 5047 ιι,
1419 4979 1494 5052 5).
1524 4981 1577 5035 Si
1608 4998 1708 5034 non
1742 4982 1920 5050 homo,
1947 5002 2051 5040 non

485 5071 782 5135 mediator;
814 5070 933 5139 quia
965 5070 1182 5138 :equalis
1210 5070 1351 5123 Patri
1382 5072 1546 5141 Deus.
1578 5071 1713 5126 Dicit
1746 5074 1848 5127 alio
1886 5075 2000 5129 loco
2034 5094 2047 5130 :

490 5164 740 5216 .ilediator
762 5170 925 5213 autem
952 5161 1103 5214 unius
1143 5177 1240 5212 non
1284 5172 1392 5224 est;
1436 5160 1568 5215 Deus
1610 5173 1774 5216 autem
1816 5180 1942 5218 unus
1979 5176 2050 5219 est

484 5255 681 5316 (Galat.
710 5269 796 5316 tu,
824 5251 940 5321 ΞΟ).
970 5252 1107 5309 Inter
1148 5253 1279 5305 duos
1322 5253 1579 5307 mediator
1607 5271 1620 5306 :
1650 5269 1777 5323 ergo
1804 5255 2048 5311 Christus

481 5346 743 5399 mediator
787 5345 921 5398 inter
954 5343 1216 5397 hominem
1263 5350 1316 5395 et
1363 5343 1545 5396 Deum.
1576 5342 1689 5398 Non
1729 5347 1848 5414 quia
1878 5347 2043 5412 Deus,

468 5436 574 5489 sed
618 5439 737 5505 quia
768 5436 927 5489 homo
953 5452 967 5489 :
994 5447 1116 5488 nam
1144 5433 1263 5503 quia
1294 5434 1461 5500 Deus,
1494 5437 1708 5505 :rqnalis
1736 5438 1911 5503 Patri;
1936 5440 2045 5494 used

545 5570 562 5600 ¹
590 5569 755 5617 Plures
769 5575 893 5631 Mssa
926 5567 993 5631 tbi
1020 5576 1115 5631 Eua
1135 5566 1385 5625 captivam,
1427 5566 1614 5631 diabolo
1649 5570 1714 5618 ad
1734 5570 2041 5631 adjtttorinm,

497 5636 649 5694 Vardo
672 5628 909 5689 supposita
930 5630 993 5677 arl
1018 5630 1217 5691 lapsum.
1246 5633 1308 5679 Ad
1349 5630 1467 5678 hanc
1492 5629 1749 5680 lectionem
1784 5628 1933 5694 llroje
1969 5628 2045 5682 ac?

503 5690 657 5745 ,wluit
692 5700 779 5735 \nt.
801 5700 848 5738 et
873 5697 944 5737 l-Zr.

545 5752 617 5811 (ut
647 5761 682 5795 ω
721 5748 901 5797 mesités
921 5748 1073 5798 ἑδηὸτι.

1716 324 1774 381 s.
1818 302 2179 380 sucusrtiu
2222 321 2516 377 EPISCOPI

3589 320 3733 383 1384

2171 435 2384 503 a'qnalis
2403 434 2566 497 Patri,
2590 449 2694 495 non
2720 434 2974 489 mediator
2997 437 3035 487 ¹.
3071 434 3135 492 Ut
3158 442 3333 490 autem
3355 435 3424 490 sit
3448 436 3730 502 mediator,

2164 524 2453 579 descendat
2492 542 2523 579 a
2562 527 2833 594 superiore
2872 526 2937 579 ad
2972 524 3305 587 inferiorem.
3338 524 3405 580 ab
3429 527 3736 596 requalitate

2166 614 2368 676 Patris;
2413 615 2567 669 iaciat
2606 616 2744 685 quod
2781 618 2854 670 ait
2894 618 3179 685 Apostolus
3212 634 3225 669 :
3260 609 3594 686 Semetipsum
3622 618 3737 672 exi.

2164 706 2350 759 nanivit
2371 709 2582 777 formam
2603 708 2726 760 servi
2753 707 3020 777 accipiens,
3047 709 3097 760 in
3123 706 3450 760 similitudine
3469 708 3736 762 hominum

2163 797 2348 865 factus,
2375 809 2421 851 et
2442 797 2612 851 habitu
2633 799 2858 852 inventus
2879 810 2929 851 ut
2950 800 3097 852 homo
3126 799 3377 869 (Philipp.
3403 816 3458 863 tt,
3484 800 3560 865 '7).
3583 800 3738 854 Fun-

2163 886 2253 940 dat
2276 888 2584 957 sanguinent
2621 903 2773 942 suum
2798 931 2812 949 ,
2846 889 3017 943 deleat
3043 889 3449 959 chirographum
3490 900 3737 944 nostrum

2167 978 2381 1051 (Coloss.
2422 995 2457 1035 tt
2483 1022 2497 1042 ,
2532 980 2640 1052 Ut),
2675 993 2956 1052 componat
2983 986 3002 1014 ²
3032 984 3166 1037 inter
3197 1000 3292 1037 nos
3321 993 3375 1039 et
3398 985 3597 1049 Deum;
3629 1003 3740 1038 tm.-

2165 1081 2328 1124 stratn
2361 1072 2679 1126 voluntatem
2710 1076 2980 1144 corrigens
3010 1074 3075 1128 ad
3102 1074 3357 1144 justitiam
3382 1116 3397 1140 ,
3444 1077 3579 1129 illius
3607 1092 3743 1131 seu-

2170 1166 2382 1219 tentiam
2426 1164 2644 1220 ﬂectens
2672 1166 2737 1220 ad
2782 1168 3220 1221 misericordiam.
3266 1167 3413 1222 Sicut
3456 1184 3583 1239 ergo
3627 1169 3743 1223 hoc

2154 1270 2327 1313 'nnunl
2359 1260 2696 1328 exposuimus
2720 1304 2735 1325 ,
2781 1274 3032 1331 quantum
3079 1262 3335 1315 Dominus
3372 1261 3555 1327 dedit,
3586 1260 3741 1332 Quod

2166 1352 2353 1405 durmn
2381 1351 2587 1407 videtur
2614 1352 2812 1407 dictum
2851 1368 2880 1406 a
2918 1353 3052 1418 Job;
3082 1353 3158 1407 sic
3197 1363 3252 1407 et
3280 1361 3470 1408 cetera
3503 1368 3618 1423 qua:
3658 1352 3744 1406 ibi

2167 1444 2414 1498 videntur
2438 1446 2585 1515 quasi
2619 1459 2805 1514 aspera
2830 1455 2883 1498 et
2908 1445 3246 1514 blasphema,
3289 1443 3483 1498 habent
3521 1444 3744 1499 iutclle-
3807 1455 3819 1468 '

2167 1546 2283 1589 ctus
2320 1550 2464 1589 suos.
2506 1534 2657 1601 Quod
2704 1545 3008 1603 putaremus
3052 1535 3206 1589 aliter
3247 1549 3384 1597 esse,
3440 1532 3538 1587 nisi
3591 1533 3745 1587 Deus

2171 1622 2474 1693 perhiberet
2504 1608 2886 1690 testiinonium,
2909 1634 2961 1678 et
2982 1634 3260 1694 antequam
3284 1623 3589 1693 loqueretur
3606 1622 3742 1683 Job.

2169 1724 2225 1769 et
2264 1725 2607 1783 posteaquam
2657 1722 2827 1769 totum
2875 1715 3078 1768 locutus
3129 1725 3229 1769 est.
3270 1714 3543 1769 Perhibuit
3592 1714 3748 1781 Deus

2171 1805 2342 1874 primo
2367 1804 2755 1872 testimonium,
2787 1807 2969 1861 dicens
2999 1824 3012 1859 :
3048 1804 3213 1860 IIomo
3244 1807 3352 1860 sine
3389 1807 3619 1877 querela,
3651 1822 3749 1861 ve-

2169 1913 2264 1950 rax
2292 1896 2383 1950 Dei
2411 1897 2572 1951 cultor
2598 1897 2744 1967 (Job,
2773 1912 2825 1965 ι,
2857 1899 2936 1967 8).
2975 1899 3119 1952 Dixit
3142 1896 3245 1953 hoc
3276 1899 3442 1965 Deus,
3474 1898 3607 1952 dixit
3629 1898 3748 1952 hoc

2169 1997 2292 2043 ante
2320 1988 2662 2043 tentationem
2692 1986 2848 2044 illius.
2883 1989 2961 2045 Ne
2995 1991 3114 2060 quis
3140 2000 3317 2045 autem
3347 1990 3399 2045 in
3430 1991 3532 2045 illis
3557 1991 3749 2047 verbis

2175 2078 2309 2135 forte
2336 2080 2474 2135 male
2503 2080 2799 2152 intelligens
2826 2081 3292 2148 scandalizaretur,
3325 2090 3379 2136 et
3410 2090 3617 2151 putaret
3645 2085 3749 2151 ju-

2172 2182 2310 2228 stum
2346 2173 2557 2243 quidem
2586 2178 2754 2227 virum
2782 2173 2943 2229 fuisse
2967 2173 3066 2229 Job
3093 2183 3215 2229 ante
3252 2174 3591 2228 tentationem
3615 2216 3631 2240 ,
3684 2177 3749 2231 in

2174 2264 2462 2318 teutatione
2486 2273 2659 2318 autem
2698 2265 2844 2334 gravi
2870 2263 3162 2327 defecisse,
3195 2273 3249 2318 et
3287 2258 3489 2332 lapsum
3532 2279 3651 2319 esse
3686 2266 3749 2320 in

2170 2352 2476 2425 sacrilegam
2519 2354 2928 2422 blaSphemiam;
2975 2354 3136 2408 tinitis
3179 2354 3424 2409 omnibus
3470 2356 3752 2411 sermoni-

2171 2445 2288 2509 bus,
2314 2453 2370 2501 et
2393 2445 2555 2515 ipsius
2578 2444 2699 2510 Job,
2728 2454 2781 2500 et
2807 2446 3096 2499 amicorum
3124 2445 3239 2514 ejus
3266 2460 3297 2500 a
3324 2446 3513 2514 quibus
3537 2444 3586 2501 ei
3607 2462 3752 2500 con-

2171 2537 2361 2590 solatio
2390 2536 2729 2602 reddebatur,
2759 2535 2889 2591 dicit
2915 2536 3171 2590 Dominus
3202 2536 3581 2601 testimooinm,
3612 2537 3751 2593 illos

2172 2643 2275 2682 non
2303 2643 2484 2682 verum
2507 2627 2734 2692 locutos,
2763 2628 2900 2682 sicut
2925 2642 3134 2681 servum
3157 2627 3272 2699 ejus
3292 2625 3415 2681 Job.
3458 2624 3579 2679 Non
3602 2626 3752 2681 enim

2172 2719 2320 2773 locuti
2354 2720 2491 2784 estis,
2524 2720 2711 2789 inquit,
2738 2735 2908 2773 coram
2944 2736 3022 2773 me
3048 2735 3220 2797 verum
3259 2719 3563 2789 quidquam,
3606 2722 3751 2775 sicut

2169 2825 2339 2864 servus
2366 2822 2504 2864 meus
2525 2808 2643 2863 Job.
2674 2809 2873 2864 Deinde
2895 2810 3048 2879 jubet
3086 2818 3143 2864 ut
3184 2809 3272 2864 ille
3302 2825 3396 2887 pro
3424 2810 3503 2864 eis
3538 2809 3746 2864 offerat

2170 2897 2370 2953 hostias
2394 2939 2408 2964 ,
2450 2899 2639 2969 quibus
2669 2913 2853 2953 eorum
2897 2910 3111 2968 peccata
3149 2899 3422 2954 solvantur
3445 2896 3558 2968 (Id.
3595 2915 3752 2967 XLII,

2171 2992 2232 3056 7,
2258 2991 2334 3061 8).
2934 3060 2941 3063 _

2237 3083 2291 3138 9.
2328 3083 2415 3136 Eia
2436 3123 2452 3147 ,
2499 3082 2687 3138 fratres
2717 3083 2856 3147 mei,
2882 3082 2970 3152 qui
2996 3083 3106 3137 vult
3127 3083 3411 3137 observare
3434 3092 3591 3153 caput
3615 3098 3753 3137 scr-

2169 3175 2342 3244 pentis
2363 3218 2378 3240 ,
2416 3186 2469 3230 et
2503 3191 2722 3231 securus
2750 3175 2971 3230 transire
3004 3174 3106 3229 hoc
3145 3191 3327 3239 mare;
3369 3179 3487 3246 quia
3518 3192 3753 3234 necesse

2167 3274 2247 3320 est
2276 3264 2473 3321 habitet
2500 3266 2585 3327 hic
2608 3281 2827 3337 serpens
2864 3267 2965 3321 iste
2990 3309 3005 3332 ,
3043 3276 3096 3321 et
3119 3308 3133 3331 ,
3167 3276 3223 3320 ut
3247 3266 3422 3322 dicere
3443 3282 3750 3337 coeperam,

2170 3356 2352 3423 lapsus
2393 3357 2631 3411 diabolus
2655 3356 2721 3412 de
2758 3357 2893 3413 cmlo
2924 3359 3062 3411 hunc
3089 3357 3264 3412 locum
3292 3359 3522 3428 accepit;
3548 3358 3751 3423 obsera

2166 3456 2252 3499 vet
2277 3455 2434 3515 caput
2459 3446 2593 3514 ejus,
2611 3461 2639 3500 a
2664 3446 2848 3501 timore
2869 3446 3069 3513 smculi,
3094 3457 3145 3501 et
3169 3461 3202 3501 ει
3230 3447 3515 3517 cupiditate
3532 3451 3746 3506 saeculi.

2169 3537 2299 3608 llinc
2326 3541 2466 3591 enim
2496 3537 2726 3616 suggerit
2770 3528 3007 3606 aliquid,
3052 3546 3144 3591 aut
3188 3537 3326 3592 unde
3392 3537 3583 3603 times,
3642 3552 3751 3596 aut

2166 3630 2304 3685 unde
2328 3631 2511 3700 cupis;
2558 3639 2649 3685 aut
2671 3644 2905 3685 amorem
2930 3639 3075 3683 tuum
3105 3638 3306 3695 tentat,
3340 3638 3431 3683 aut
3462 3630 3745 3685 timorem.

2152 3718 2242 3776 'Tu
2272 3722 2315 3775 si
2347 3720 2583 3775 timueris
2610 3718 2912 3790 ge'hennas,
2943 3720 3203 3774 amaveris
3229 3734 3446 3799 regnum
3476 3720 3603 3783 Dei,
3630 3722 3747 3776 ob-

2164 3812 2401 3868 servabis
2425 3822 2579 3881 caput
2603 3813 2735 3880 ejus.
2769 3811 2976 3865 Evitato
3000 3811 3191 3880 capite,
3216 3825 3436 3866 securus
3462 3812 3602 3876 eris;
3635 3829 3749 3869 nec

2164 3906 2254 3960 ille
2281 3906 2479 3974 lapsum
2513 3910 2659 3958 tuum
2689 3903 2917 3969 tenebit,
2946 3918 3046 3959 nec
3074 3902 3142 3958 de
3165 3911 3252 3957 tua
3281 3906 3431 3957 ruina
3457 3904 3743 3974 gaudebit.

2163 3997 2329 4051 Nemo
2357 4006 2531 4050 autem
2557 3996 2729 4063 dicat,
2761 4003 2817 4050 ut
2838 3996 2951 4050 dixi
2985 4014 3000 4051 :
3032 3994 3271 4066 Magnam
3310 3994 3469 4050 habet
3495 4007 3745 4068 potesta-

2162 4100 2292 4145 tem.
2328 4089 2521 4143 Vident
2555 4091 2697 4144 enim
2725 4090 2966 4143 homines
2993 4089 3142 4157 quasi
3185 4078 3438 4159 quantum
3467 4096 3747 4159 acceperit

2164 4182 2475 4250 potestatis;
2505 4180 2630 4251 quid
2660 4180 2947 4252 perdiderit
2977 4179 3023 4245 ³,
3056 4195 3159 4234 non
3189 4180 3388 4235 vident.
3416 4181 3529 4251 Ipse
3547 4192 3744 4238 autem

2162 4284 2372 4329 sanctus
2401 4273 2500 4328 Job
2530 4274 2580 4327 in
2622 4274 2797 4329 verbis
2830 4273 2939 4328 suis
2983 4273 3218 4345 mysticis
3244 4284 3298 4328 et
3319 4275 3444 4336 alte
3484 4275 3744 4343 secretis,

2162 4365 2342 4419 dicens
2366 4363 2432 4419 de
2461 4364 2558 4419 ista
2599 4373 2860 4434 potestate
2901 4379 3057 4433 quam
3104 4352 3298 4417 dicitur
3340 4364 3579 4418 diabolus
3623 4364 3738 4417 ha-

2160 4454 2316 4520 bere,
2347 4465 2400 4510 et
2432 4455 2738 4509 describens
2784 4454 2928 4509 illum
2956 4455 3134 4508 multis
3162 4454 3329 4507 modis
3360 4455 3410 4507 in
3441 4456 3618 4524 figuris
3647 4459 3740 4511 si-

2162 4546 2535 4610 militudinum,
2561 4561 2840 4615 exponens
2868 4546 2991 4615 quid
3024 4546 3111 4601 ille
3135 4547 3223 4607 sit,
3256 4548 3337 4600 vel
3365 4546 3489 4617 quid
3521 4550 3734 4613 valeat,

2162 4636 2261 4690 hoc
2298 4653 2507 4708 quoque
2548 4639 2658 4691 ait:
2694 4656 2712 4689 ε
2749 4636 2862 4692 Non
2904 4648 2987 4692 est
3024 4639 3310 4709 quidquam
3356 4642 3527 4695 simile
3562 4644 3606 4694 ei
3647 4643 3740 4695 fa-

2159 4740 2300 4782 ctum
2347 4742 2509 4797 super
2552 4737 2784 4796 terram,
2838 4727 2903 4781 ad
2951 4727 3273 4782 illudendum
3313 4730 3361 4782 ei
3399 4731 3465 4784 ab
3505 4732 3741 4800 Angelis

2159 4819 2307 4871 meis.
2348 4838 2366 4870 ι
2419 4810 2555 4872 Deus
2599 4817 2669 4871 ibi
2710 4818 2939 4888 loquitur
2984 4820 3034 4871 in
3083 4820 3218 4873 libro
3254 4820 3353 4874 Job
3387 4838 3398 4872 :
3448 4841 3466 4872 ι
3501 4821 3613 4874 Non
3645 4834 3742 4877 est

2156 4909 2437 4979 quidquam
2465 4910 2513 4964 ei
2535 4925 2692 4978 super
2718 4919 2912 4963 terram
2940 4910 3111 4964 simile
3141 4910 3332 4964 factum
3350 4953 3365 4976 ,
3395 4911 3460 4964 ad
3492 4913 3740 4968 illuden—

2156 5002 2279 5054 dum
2309 4998 2357 5054 ei
2386 5000 2453 5053 ab
2482 5000 2700 5069 Angelis
2726 5000 2879 5053 meis.
2927 5000 3097 5054 Omne
3127 5000 3287 5054 altum
3316 5001 3495 5063 videt;
3525 5015 3577 5057 et
3604 5004 3739 5072 ipse

2158 5109 2248 5149 rex
2275 5093 2507 5146 omnium
2551 5108 2666 5161 quae
2697 5092 2746 5146 in
2774 5094 2921 5162 aquis
2959 5104 3083 5146 sunt
3111 5114 3128 5144 ι
3162 5091 3270 5163 (Id.
3306 5109 3422 5157 xu,
3450 5094 3520 5146 ει
3551 5105 3594 5147 et
3628 5095 3751 5185 25‘

2154 5201 2251 5238 sec.
2286 5183 2472 5251 LXX).
2523 5185 2616 5237 Cui
2660 5184 2960 5238 testimonio
2987 5185 3231 5254 congruit
3276 5184 3378 5240 hoc
3408 5185 3458 5239 in
3488 5183 3735 5241 Psalmo.

2154 5278 2283 5331 Cum
2315 5276 2454 5337 enim
2496 5275 2695 5330 diceret
2722 5277 2788 5331 de
2828 5276 2959 5330 tnari
2999 5292 3187 5346 magno
3225 5287 3279 5331 et
3320 5280 3580 5346 Spatioso,
3634 5280 3735 5335 tibi

2217 5388 2235 5418 ί
2259 5386 2332 5449 sic
2353 5384 2535 5449 aliquot
2561 5392 2745 5449 usust
2780 5391 2853 5434 Er.
2870 5392 2933 5449 et
2965 5391 3092 5443 ων..
3120 5398 3210 5449 non
3232 5385 3345 5448 quia
3374 5394 3495 5436 Deus
3514 5388 3735 5449 a’qimlis

2155 5447 2286 5496 Patri
2303 5444 2449 5509 ,‘Ased'
2461 5445 2503 5495 si
2525 5444 2725 5507 «aqualis
2748 5444 2925 5509 I’atri.j'
2943 5458 3041 5509 non,
3061 5444 3311 5509 mediator.
3346 5447 3559 5496 Nonmdli
3574 5444 3732 5509 alas,

2151 5521 2242 5576 non
2265 5521 2309 5568 qi
2325 5506 2527 5576 inﬂeris
2544 5506 2741 5576 tuqttqlis
2780 5508 2923 5576 tetri,
2961 5508 3043 5558 sed
3079 5510 3188 5571 quia
3209 5507 3346 5558 homo
3380 5509 3532 5558 minor
3555 5506 3730 5561 Patre;

2151 5568 2198 5618 Si
2221 5568 2420 5627 rrqualis
2447 5568 2709 5620 I’att'i.'non
2730 5569 2979 5619 mediator.

2215 5633 2234 5661 ²
2258 5630 2387 5693 Edd..
2409 5637 2655 5693 componat
2675 5642 2863 5693 pacem.
2884 5639 2999 5693 vox,
3028 5643 3211 5693 pacem,
3235 5631 3375 5680 abest
3392 5644 3418 5678 a
3436 5637 3543 5678 Mss.

2153 5693 2237 5802 ab’
2260 5692 2339 5798 I‘Eic
2375 5692 2483 5739 Edd.
2516 5691 2726 5753 addunt,
2767 5691 3035 5752 majestatis
3056 5703 3075 5743 .'
3098 5694 3225 5754 quod
3256 5705 3287 5742 ι
3320 5695 3580 5757 pra-cipuis
3603 5693 3733 5751 MSS.

2218 5767 2270 5799 t‘b’
2295 5788 2305 5799 .

2218 5759 2305 5799 ι’δι.

3742 5872 3787 5887 ’.ν

3718 5904 3807 5917 ιρ⁶
