4012 6202
288 241 420 296 1585

284 349 534 406 animalia
549 350 741 420 pusilla
763 357 817 405 et
841 363 1048 418 magna,
1066 349 1156 404 ubi
1168 350 1402 418 repentis
1415 364 1636 420 quorum
1653 366 1756 404 non
1771 359 1854 404 est

285 456 557 504 numerus,
576 440 662 495 ubi
681 455 840 494 naves
854 440 1096 509 navigant
1111 440 1254 510 ligno
1272 448 1414 508 tuta),
1438 441 1510 494 ait
1538 459 1550 494 :
1584 439 1749 494 Draco
1773 440 1853 492 hic

285 548 428 603 quem
454 531 645 601 tinxisti
674 531 742 583 ad
762 529 1072 584 illudendum
1099 531 1162 584 ei.
1191 529 1293 586 Sed
1322 532 1365 585 si
1395 530 1461 586 ad
1489 531 1810 586 illudettdum
1832 572 1848 599 ,

283 622 550 695 quomodo
584 624 724 678 Deus
759 622 832 677 illi
867 622 1033 677 illudit
1054 623 1078 675 ‘l
1106 623 1185 677 An
1219 623 1428 682 tradidit
1465 639 1585 677 eum
1632 622 1853 678 illuden-

283 707 409 771 dum
437 759 451 781 ,
483 717 587 772 hoc
615 729 694 771 est
721 758 735 781 ,
781 725 836 770 ιιι
865 715 1153 770 illudatur?
1195 716 1505 770 Putaremus
1532 715 1672 785 quod
1715 716 1854 770 Deus

267 809 360 865 illi
406 809 693 874 illuderct,
740 808 1142 878 nisi'Scriptut-a
1187 808 1286 863 Job
1333 809 1579 863 solvisset
1605 809 1853 879 quaestio-

282 917 435 967 nem;
467 901 536 954 ibi
574 901 716 955 enim
741 900 940 955 dictum
963 908 1044 954 est
1072 917 1086 953 :
1116 899 1196 952 Ad
1226 899 1536 953 illudendum
1570 901 1613 954 ei
1651 900 1712 953 ab
1751 901 1858 953 An-

282 997 406 1066 gelis
436 996 580 1048 meis.
625 994 715 1048 Vis
754 993 976 1049 illudere
1017 993 1276 1048 draconi?
1308 993 1433 1047 Esto
1478 994 1696 1063 angelus
1726 974 1850 1046 'Dei.

285 1087 391 1142 Sed
419 1086 654 1141 nondum
685 1101 744 1142 es
768 1087 985 1157 angelus
1012 1086 1129 1142 Dei.
1166 1087 1342 1140 Donec
1368 1087 1460 1150 sis,
1487 1087 1531 1140 si
1573 1101 1693 1141 eum
1732 1102 1856 1140 cur-

282 1194 394 1232 sum
430 1188 583 1231 tenes
611 1186 669 1230 ut
693 1177 786 1241 sis,
812 1171 936 1231 sunt
963 1177 1136 1247 angeli
1163 1177 1250 1247 qui
1281 1176 1503 1232 illudant
1528 1178 1765 1243 draconi,
1792 1193 1858 1233 ne

285 1269 370 1322 tibi
409 1275 626 1322 noceat.
657 1267 933 1337 Praepositi
957 1267 1098 1322 enim
1124 1277 1248 1322 sunt
1282 1267 1467 1338 Angeli
1493 1268 1748 1322 caelorum
1771 1283 1861 1321 su-

287 1373 375 1430 per
409 1366 706 1427 potestates
732 1373 937 1422 aereas,
963 1367 1016 1412 et
1041 1358 1164 1414 inde
1193 1358 1431 1428 procedit
1457 1356 1676 1413 verbu'm
1717 1359 1858 1428 quod

285 1449 338 1502 ﬁt
359 1449 468 1501 hic.
495 1448 772 1501 intuentur
799 1448 940 1501 enim
971 1449 1138 1519 legem
1169 1449 1344 1508 ﬁxam,
1375 1449 1544 1518 legem
1583 1458 1856 1513 aeternam,

283 1538 557 1608 iubentem
587 1538 703 1592 sine
726 1539 1012 1607 scriptura,
1041 1539 1156 1594 sine
1177 1539 1415 1610 syllabis,
1443 1539 1560 1594 sine
1595 1538 1814 1607 strepitu
1838 1579 1855 1605 ,

287 1631 442 1684 lixam
488 1644 705 1699 semper
745 1637 799 1684 et
846 1639 1108 1694 stantem;
1151 1630 1418 1684 intuentur
1467 1628 1653 1698 Angeli
1697 1628 1860 1684 corde

286 1723 505 1786 mundo,
531 1732 585 1777 et
605 1722 781 1777 exilla
810 1721 1005 1777 faciunt
1033 1721 1286 1792 quidquid
1313 1721 1398 1774 hic
1437 1719 1514 1786 ﬁt,
1546 1729 1600 1776 et
1637 1730 1860 1791 potesta-

261 1810 364 1868 'tes
386 1830 451 1868 ex
491 1814 584 1867 illa
616 1813 927 1868 ordinantur
962 1827 992 1867 a
1017 1813 1250 1868 'summis
1276 1826 1441 1880 usque
1468 1810 1520 1864 in
1565 1812 1688 1865 ima.
1721 1811 1786 1865 Et
1813 1811 1858 1864 si

287 1912 582 1974 potestates
605 1917 931 1958 summorum
969 1903 1223 1958 caelorum
1253 1909 1505 1972 reguntur
1537 1902 1700 1956 verbo
1737 1901 1855 1967 Dei,

285 2003 484 2064 quanto
529 1993 699 2064 magis
742 1992 1018 2047 inferiores
1070 2002 1228 2063 atque
1275 1991 1548 2047 terrente?
1600 1990 1858 2046 ltemanet

284 2098 410 2154 ergo
457 2085 512 2138 in
567 2084 719 2138 malis
757 2083 868 2138 sola
909 2083 1131 2137 nocendi
1184 2082 1464 2153 cupiditas.
1514 2080 1660 2136 Hanc
1698 2081 1859 2138 habet

285 2175 444 2228 homo
482 2174 540 2228 in
581 2182 842 2243 potestate
883 2173 1221 2242 cupiditatem
1250 2172 1494 2237 nocendi,
1533 2173 1856 2227 voluntatem

283 2265 342 2319 ad
401 2263 714 2333 perniciem.
766 2263 823 2318 Si
863 2272 1037 2318 autem
1073 2264 1314 2332 cuiquam
1363 2278 1557 2319 nocere
1589 2248 1850 2334 potuerit,

285 2374 384 2410 non
415 2357 704 2427 glorietur;
751 2370 857 2410 non
887 2356 1229 2425 ipse_nocuit,
1269 2355 1389 2410 data
1416 2365 1498 2410 est
1520 2355 1569 2409 ei
1599 2363 1853 2424 potestas.

261 2435 264 2438 ’
287 2447 460 2502 Semel
485 2447 689 2501 dictum
721 2454 822 2510 est,
850 2447 1112 2500 sententia
1142 2447 1292 2499 ﬁrma
1315 2454 1396 2500 est
1422 2464 1436 2499 :
1480 2445 1599 2500 Non
1625 2456 1696 2499 est
1719 2454 1856 2516 pote-

262 2549 400 2601 stas,
437 2538 540 2590 nisi
567 2553 598 2588 a
623 2535 732 2590 Deo
763 2534 935 2607 (Rom.
975 2551 1090 2600 xm,
1125 2536 1200 2604 1).
1227 2534 1362 2601 Quid
1390 2549 1517 2605 ergo
1562 2536 1758 2590 times?
1798 2535 1853 2589 In

282 2630 432 2700 aquis
458 2631 530 2684 sit
556 2629 751 2694 draco,
800 2629 852 2681 in
894 2627 1030 2682 mari
1058 2628 1128 2681 sit
1166 2627 1359 2691 draco;
1393 2627 1512 2681 illac
1537 2627 1856 2682 transiturus

283 2737 359 2775 es.
387 2721 478 2776 Sic
513 2728 597 2774 est
624 2719 777 2774 ﬁctus
806 2727 866 2773 ut
896 2717 1162 2783 illudatur,
1193 2717 1279 2772 hic
1303 2717 1369 2772 ad
1396 2717 1536 2772 hunc
1567 2718 1740 2772 locum
1769 2731 1857 2771 or-

282 2811 494 2866 dinatus
519 2821 624 2878 est,
653 2811 704 2865 in
733 2811 812 2866 his
835 2810 1050 2865 sedibus
1071 2809 1350 2880 deputatus
1369 2817 1468 2864 est.
1493 2808 1738 2878 Magnum
1761 2806 1856 2860 ali-

283 2903 404 2973 quid
450 2891 532 2958 illi
553 2911 707 2973 putas
747 2917 865 2958 esse
894 2902 988 2956 has
1014 2901 1168 2957 sedes
1192 2943 1206 2966 ,
1233 2901 1354 2971 quia
1394 2915 1499 2955 non
1532 2899 1670 2954 nosti
1700 2897 1856 2954 sedes

284 2995 610 3065 Angelos-um
642 2993 781 3048 unde
809 2993 988 3062 lapsus
1024 3002 1106 3047 est
1132 2993 1148 3023 ¹
1184 3009 1196 3045 :
1225 2995 1344 3062 qua:
1380 2991 1472 3046 tibi
1511 2991 1720 3046 videtur
1740 2989 1856 3061 eius

283 3085 553 3155 gloriatio,
579 3083 849 3138 damnatio
879 3091 979 3138 est.

355 3177 441 3232 10.
487 3175 898 3231 Similitudinem
945 3174 1164 3243 accipite
1209 3174 1471 3239 breviter;
1504 3174 1622 3243 quia
1673 3187 1856 3228 revera

283 3283 534 3340 magnum
560 3267 761 3338 aliquid
786 3277 870 3322 est
900 3267 998 3321 hoc
1028 3281 1184 3321 nosse
1212 3275 1266 3321 et
1293 3264 1601 3336 intelligere.
1632 3266 1855 3320 Domum

281 3375 529 3431 magnam
559 3359 786 3428 aliquam
818 3366 1012 3427 putate
1038 3365 1200 3411 totam
1243 3358 1396 3411 istam
1442 3357 1856 3412 administratio-

281 3468 404 3506 nem
445 3459 708 3505 creatura:
739 3468 752 3502 :
784 3450 973 3504 domus
1003 3449 1100 3504 ista
1129 3464 1316 3519 magna
1345 3449 1504 3505 habet
1541 3449 1812 3504 dominum
1839 3491 1853 3516 ,

281 3541 442 3596 habet
472 3555 658 3596 servos
678 3581 692 3606 ,
721 3550 774 3594 et
803 3540 854 3593 in
897 3540 1024 3609 ipsis
1053 3540 1218 3593 servis
1243 3540 1402 3595 habet
1428 3540 1568 3595 circa
1592 3554 1650 3594 se
1678 3541 1858 3610 proxi-

282 3649 402 3689 mos
427 3633 527 3687 sibi
569 3632 623 3686 in
654 3631 992 3702 apparatibus
1018 3631 1326 3687 melioribus
1352 3632 1573 3686 vestium
1595 3673 1610 3695 ,
1643 3631 1856 3686 thesau-

281 3741 464 3780 rorum
484 3766 500 3791 ,
530 3723 846 3778 horreorum
869 3764 882 3786 ,
913 3737 1219 3791 magnarum
1241 3723 1668 3791 possessionum;
1702 3721 1862 3776 habet

266 3816 443 3869 etiam
487 3829 674 3869 servos
703 3813 754 3866 in
787 3812 982 3866 inﬁmis
1025 3813 1364 3879 ministeriis,
1393 3813 1465 3867 ita
1512 3811 1735 3866 subditis
1763 3811 1862 3866 sibi

280 3908 658 3979 potestatibus,
677 3917 732 3961 ut
747 3907 1000 3978 quosdam
1027 3907 1216 3961 habeat
1230 3915 1281 3960 et
1296 3905 1361 3961 ad
1379 3903 1706 3959 mundandas
1723 3904 1864 3959 cloa-

281 4016 377 4056 cas
409 4019 423 4053 :
455 4015 486 4055 a
516 3999 740 4055 summis
765 3999 1190 4069 procuratoribus
1215 4013 1383 4069 usque
1408 3997 1473 4051 ad
1501 3989 1735 4051 extrema
1764 3996 1883 4051 ista'

281 4106 339 4151 et
367 4095 550 4150 inﬁma
579 4093 870 4148 ministeria
899 4107 1053 4162 quam
1085 4091 1236 4146 multi
1266 4100 1388 4145 sunt
1411 4089 1626 4161 gradus.
1659 4089 1715 4144 Si
1740 4103 1866 4159 ergo

282 4187 480 4256 aliquis
510 4200 730 4255 magnus
761 4196 1068 4254 procurator
1095 4181 1326 4237 oﬂ'endat
1345 4222 1358 4245 ,
1387 4191 1441 4237 et
1483 4193 1640 4251 poena
1665 4179 1865 4235 domini

280 4281 372 4332 sui
397 4320 412 4342 ,
443 4278 588 4332 verbi
617 4276 783 4347 gratia
803 4317 818 4343 ,
848 4275 937 4329 ﬁat
962 4275 1209 4333 ostiarius
1239 4275 1289 4329 in
1319 4275 1496 4343 aliquo
1527 4273 1646 4327 loco
1688 4281 1866 4327 extre-

282 4387 422 4434 mo;
449 4370 493 4423 si
533 4384 785 4424 exercens
814 4368 913 4422 sibi
939 4368 1112 4422 datam
1143 4375 1454 4437 potestatem
1479 4367 1758 4432 ,,volentcs
1785 4366 1867 4420 in-

281 4474 442 4518 trare
468 4460 550 4515 vel
580 4460 726 4514 exire
754 4459 1055 4529 perturbet,
1083 4459 1371 4513 secundum
1399 4457 1613 4512 modum
1641 4467 1869 4526 potesta-

279 4555 364 4606 tis
394 4566 550 4621 quem
597 4551 798 4621 accepit
827 4565 856 4602 a
885 4549 1132 4613 domino,
1165 4549 1238 4603 illi
1263 4558 1442 4604 autem
1485 4549 1723 4603 nesciant
1747 4563 1867 4602 eum

283 4646 463 4700 fuisse
486 4643 771 4713 aliquando
801 4657 1047 4712 magnum
1077 4649 1499 4712 procuratorem;
1519 4654 1760 4709 magnam
1777 4654 1872 4708 po-

286 4745 546 4789 testatem
575 4733 714 4788 illius
749 4746 864 4786 esse
891 4731 1242 4797 arbitrantur,
1271 4731 1391 4800 quia
1420 4729 1544 4800 quid
1584 4728 1873 4798 perdiderit

287 4827 562 4881 nesciunt.
596 4825 660 4879 Et
688 4832 882 4888 tamen,
912 4824 1102 4877 fratres
1130 4822 1254 4888 mei,
1285 4822 1531 4876 ostiarius
1563 4820 1648 4875 ille
1675 4820 1741 4874 de
1769 4834 1874 4889 quo

287 4917 406 4971 dixi
428 4957 444 4983 ,
472 4915 540 4969 ad
564 4899 956 4970 similitudinem
983 4913 1172 4968 domus
1197 4929 1398 4984 magna:
1427 4913 1580 4983 hujus
1607 4922 1831 4968 terrena:
1855 4954 1869 4977 ,

288 5018 479 5081 potest
520 5007 716 5077 aliquid
756 5005 930 5061 facere
954 5007 1224 5061 nesciente
1250 5005 1466 5059 domino
1495 5019 1626 5070 suo,
1668 5014 1721 5060 et
1761 5013 1875 5058 tur-

289 5103 687 5172 harc‘aliquem
719 5100 807 5154 illo
836 5115 938 5153 non
968 5099 1184 5168 iubente
1218 5116 1230 5151 :
1265 5099 1362 5153 iste
1391 5107 1565 5152 autem
1598 5112 1695 5152 nec
1719 5096 1783 5150 ad
1817 5098 1877 5150 il-

290 5195 410 5249 lam
434 5193 650 5263 januam
685 5191 882 5259 positus
907 5199 1006 5254 est,
1026 5205 1126 5259 qua
1156 5189 1409 5242 intramus
1432 5189 1498 5242 ad
1519 5189 1706 5243 Deum.
1725 5187 1878 5242 Citri-

363 5394 386 5425 ί
414 5393 487 5441 sic
508 5391 739 5440 meliores
764 5398 886 5446 ttss.,
912 5398 962 5440 et
985 5403 1048 5438 ex
1079 5391 1155 5439 his
1177 5388 1392 5438 nonnulli
1414 5391 1662 5452 omittunt,
1677 5390 1880 5452 deputa-

288 5462 382 5506 tus
404 5461 476 5504 est
499 5466 516 5502 :
539 5461 646 5515 post
665 5467 775 5514 quis
799 5453 948 5515 verba
981 5453 1052 5501 sic
1069 5452 1314 5515 habebant
1335 5451 1465 5515 uid,
1485 5451 1778 5515 [simagnum
1795 5451 1885 5501 ali-

290 5515 425 5579 quid
451 5512 591 5579 putas
612 5512 713 5564 esse
737 5515 822 5579 has
845 5514 1013 5579 sedes;
1039 5512 1151 5579 quia
1171 5525 1261 5560 non
1285 5512 1406 5562 nosti
1427 5512 1564 5579 sedes
1587 5512 1886 5579 ,Λῂῃειοιίυη

295 5573 438 5627 unde
451 5573 732 5640 'lqpsusest,
753 5575 946 5624 miraris
966 5577 1102 5623 sedes
1117 5579 1407 5623 mortuorum
1422 5577 1547 5625 unde
1564 5573 1776 5637 defectus
1796 5582 1882 5626 est.

297 5641 429 5699 0w
450 5637 537 5689 tibi
555 5637 759 5695 videtur,
778 5645 872 5686 etc.

532 5745 798 5809 PA'rtto‘L.
844 5743 1170 5813 XXXVII,

1370 198 1760 295 ENAunArto
1796 239 1862 297 lN
1899 239 2219 298 PSALMUM
2257 243 2385 299 cm.

3382 260 3516 321 1386

1955 358 2068 405 stus
2089 359 2169 406 est
2198 352 2338 406 enim
2364 353 2449 407 illa
2469 353 2649 422 janua,
2680 367 2732 411 et
2760 373 2853 427 per
2879 359 3147 418 Christum
3175 363 3429 423 intramus
3452 369 3520 425 ad

1955 441 2113 496 vitam
2138 452 2392 498 mternam
2423 443 2599 517 (Joan.
2633 463 2663 500 ι
2685 490 2699 514 ,
2733 449 2810 519 9).
2843 450 2947 506 Sed
2971 462 3052 507 est
3076 457 3314 525 quaedam
3338 461 3519 528 janua.

1954 547 2055 600 qua
2085 532 2313 587 intratur
2339 535 2391 588 in
2423 534 2524 589 hoc
2547 538 2795 594 smculum
2815 583 2831 608 ,
2854 541 3014 610 janua
3037 545 3278 614 quaedam
3318 559 3518 604 mortas

1955 621 2114 700 litatis
2141 642 2154 678 :
2177 624 2317 679 circa
2346 627 2442 679 ista
2473 625 2694 682 inﬁrma:
2717 631 2733 660 ί
2755 633 2927 708 carnis
2950 632 3106 702 hujus
3133 635 3444 708 detrimenta
3469 649 3521 694 et

1955 714 2338 783 supplementa,
2356 715 2421 769 ad
2449 716 2601 795 istam
2629 705 2841 786 januam
2866 725 3013 792 quasi
3041 726 3249 795 quidam
3275 704 3522 784 ostiarius

1955 813 2064 869 est;
2085 803 2170 859 hic
2185 805 2345 860 habet
2369 815 2682 875 potestatem
2709 809 2760 863 in
2789 811 2889 866 isto
2906 816 3057 882 mari,
3076 832 3174 885 qua
3202 833 3362 873 naves
3377 835 3492 874 com
3507 851 3524 861 -

1957 905 2154 963 meant,
2176 899 2268 953 sed
2295 913 2399 952 non
2431 909 2626 954 tantam
2656 911 2714 957 ut
2743 902 2897 958 faciat
2922 907 3116 977 aliquid
3141 911 3406 967 nesciente
3433 923 3525 968 aut

1958 986 2171 1042 nolente
2197 987 2420 1042 Domino
2448 1005 2564 1044 suo.
2593 990 2667 1047 Ne
2694 991 2829 1048 forte
2857 994 3043 1064 aliquis
3071 997 3212 1053 dicat
3244 1019 3257 1054 :
3289 1000 3522 1056 Perdidit

1957 1075 2166 1145 quidem
2207 1077 2296 1132 ille
2323 1095 2563 1148 magnam
2610 1091 2917 1150 potestatem
2945 1090 3268 1155 superiorum
3299 1107 3489 1161 appara
3510 1125 3522 1134 -

1958 1175 2137 1233 tuum;
2170 1168 2262 1222 sed
2289 1184 2385 1238 ego
2415 1173 2467 1223 in
2498 1169 2579 1225 his
2606 1172 2799 1226 inlimis
2824 1189 2937 1228 sum
2959 1215 2975 1240 ,
3006 1176 3091 1230 hic
3119 1193 3202 1232 me
3229 1189 3399 1247 potest
3427 1183 3524 1234 ha-

1941 1256 2084 1312 bere
2114 1258 2163 1311 in
2193 1268 2470 1328 potestate,
2501 1275 2633 1329 Opus
2657 1271 2738 1316 est
2765 1273 2819 1317 ut
2848 1265 3077 1319 serviam
3105 1267 3200 1320 illi.
3226 1267 3346 1322 Noli
3377 1270 3478 1323 falli
3505 1288 3521 1331 ;

1959 1349 2108 1402 novit
2134 1357 2184 1404 te
2211 1349 2463 1404 Dominus
2491 1359 2627 1416 tuus,
2647 1363 2699 1407 et
2727 1354 2803 1408 sic
2828 1365 2877 1409 te
2903 1358 3144 1422 novit,-ut
3170 1361 3385 1429 capillos
3406 1369 3525 1416 tuos
3599 1355 3604 1360 ’

1960 1437 2148 1493 habeat
2188 1451 2490 1495 numeratos
2517 1442 2726 1514 (Matth.
2757 1463 2787 1500 χ
2809 1488 2822 1511 ,
2857 1445 2970 1515 50);
3003 1448 3136 1514 Quid
3162 1466 3288 1521 ergo
3331 1453 3526 1508 times?
3557 1471 3574 1481 ·

1959 1529 2274 1586 Tentaturus
2303 1541 2385 1587 est
2409 1533 2542 1588 forte
2569 1549 2782 1589 carnem
2815 1544 2956 1590 tuam
2981 1553 2994 1590 :
3018 1539 3282 1608 ﬂagellum
3311 1554 3390 1596 est
3423 1543 3525 1597 Do-

1959 1621 2085 1675 mini
2115 1623 2221 1689 tui,
2253 1638 2354 1678 non
2389 1633 2620 1693 potestas
2642 1624 2924 1682 tentatoris
2956 1631 3048 1683 tui.
3076 1631 3200 1686 Vult
3228 1650 3416 1690 nocere
3441 1651 3528 1689 sa:

1960 1710 2055 1764 luti
2083 1726 2201 1780 qum
2228 1714 2580 1781 promittitur;
2610 1715 2703 1769 sed
2734 1732 2836 1770 non
2871 1719 3188 1786 permittitur
3218 1740 3231 1776 :
3265 1734 3321 1778 ut
3347 1735 3522 1780 autem

1960 1817 2063 1857 non
2107 1805 2471 1872 permittatur,
2504 1806 2639 1861 habe
2681 1818 2839 1878 caput
2880 1808 3407 1884 Christum;'repelle
3433 1832 3524 1872 ca-

1959 1903 2052 1962 put
2096 1893 2379 1978 draconis,
2429 1897 2752 1966 suggestioni
2797 1899 2912 1969 ejus
2960 1902 3068 1957 noli
3110 1899 3446 1973 consentire,
3493 1925 3524 1962 a

1960 1984 2048 2037 via
2093 1993 2179 2037 tua
2209 1984 2473 2058 nolilabi.
2503 1985 2672 2041 Draco
2701 1989 2780 2043 ltie
2807 2006 2954 2060 quem
2981 1992 3171 2062 ﬁnxistt
3215 1996 3282 2049 ad
3307 1997 3525 2053 illuden-

1958 2072 2077 2126 dum
2105 2075 2152 2128 ei
2158 2117 2170 2128 .

2029 2169 2114 2222 11.
2149 2167 2296 2240 [vers.
2327 2170 2537 2244 27-29.}
2567 2172 2694 2226 Nam
2714 2175 2793 2230 vis
2807 2176 2988 2232 videre
3007 2194 3162 2246 quam
3193 2196 3298 2236 non
3321 2183 3410 2238 tibi
3434 2199 3528 2238 no-

1958 2267 2071 2311 ceat
2091 2299 2106 2324 ,
2138 2259 2238 2312 nisi
2263 2262 2590 2328 permissus?
2618 2262 2832 2330 Omnia,
2863 2267 3062 2336 inquit,
3095 2285 3127 2322 a
3156 2280 3203 2323 te
3219 2282 3523 2342 exspectant,

1961 2344 2204 2420 Domine,
2250 2357 2305 2401 ut
2346 2349 2432 2402 des
2458 2350 2561 2404 illis
2585 2352 2748 2405 cibum
2789 2354 2842 2407 in
2871 2365 3087 2425 tempore
3115 2370 3416 2428 opportuno.
3463 2364 3527 2416 Et
3553 2347 3561 2351 p

1953 2437 2058 2498 iste
2085 2439 2246 2494 draco
2275 2442 2591 2498 manducare
2617 2445 2762 2512 vult,
2793 2446 2887 2501 sed
2919 2463 3022 2503 non
3063 2453 3344 2508 manducat
3368 2471 3523 2524 quem

1957 2529 2089 2583 vult.
2121 2529 2305 2586 Omnia
2333 2550 2364 2586 a
2393 2543 2440 2588 te
2464 2547 2768 2606 exspectant,
2790 2537 3023 2607 Domine,
3046 2553 3101 2596 ut
3128 2545 3214 2598 des
3238 2545 3340 2600 illis
3364 2548 3526 2602 cibum

1956 2620 2010 2674 in
2035 2631 2256 2691 tempore
2275 2635 2576 2694 opportuno.
2600 2626 2821 2682 Omnia:
2843 2640 2896 2683 et
2920 2633 3156 2700 repentia
3181 2649 3401 2704 quorum
3422 2653 3524 2693 non
3564 2654 3574 2670 ·

1957 2719 2040 2765 est
2068 2728 2318 2768 numerus
2341 2757 2354 2779 ,
2399 2726 2452 2770 et
2495 2717 2740 2773 animalia
2772 2721 2962 2790 pusilla
3002 2731 3055 2777 et
3084 2739 3303 2795 magna,
3335 2738 3389 2783 et
3416 2729 3527 2799 ipse

1957 2801 2118 2856 draco
2137 2845 2152 2870 ,
2185 2815 2238 2859 et
2276 2808 2445 2861 onmis
2472 2817 2710 2863 creatura
2740 2818 2862 2875 tuag
2889 2828 2990 2882 qua
3036 2814 3264 2885 implesti
3293 2827 3484 2874 terram
3511 2837 3527 2885 ;

1961 2894 2146 2949 Omnia
2171 2913 2204 2949 a
2232 2906 2278 2950 te
2304 2908 2588 2967 exspectant
2614 2910 2667 2952 ut
2693 2901 2779 2954 des
2803 2897 2904 2957 illis
2931 2904 3091 2957 cibum
3116 2906 3167 2959 in
3194 2915 3412 2978 tempore
3439 2926 3531 2976 0p-

1960 2994 2174 3054 portuno
2192 3025 2207 3049 ,
2236 2987 2516 3057 unicuique
2540 2989 2712 3043 cibum
2744 3005 2919 3046 suum.
2947 2993 3118 3048 Habes
3142 2997 3316 3051 cibum
3343 3007 3485 3058 tuum
3513 3044 3526 3063 ,

1958 3074 2115 3129 habet
2157 3085 2210 3130 et
2234 3075 2395 3131 draco
2421 3077 2594 3132 cibum
2637 3094 2809 3134 suum.
2838 3079 2893 3136 Si
2937 3082 3071 3138 bene
3098 3085 3290 3140 vixeris
3309 3129 3324 3155 ,
3353 3089 3529 3145 cibum

1957 3162 2222 3218 Christum
2252 3163 2505 3232 habebis;
2532 3167 2577 3221 si
2605 3182 2634 3222 a
2664 3166 2877 3225 Christo
2901 3174 3206 3242 recesseris,
3234 3177 3384 3232 cibus
3412 3178 3535 3233 dra.

1957 3257 2108 3311 conis
2132 3257 2260 3312 eris.
2293 3258 2474 3313 Omnia
2501 3277 2532 3313 a
2561 3269 2605 3314 te
2630 3272 2915 3333 exspectant
2939 3274 2993 3318 ut
3034 3267 3122 3321 des
3149 3267 3251 3322 illis
3290 3271 3453 3324 cibum
3481 3274 3534 3326 in

1959 3358 2180 3420 tempore
2207 3365 2508 3422 opportuno.
2527 3354 2662 3419 Quid
2687 3326 2888 3411 dictuni
2915 3366 2998 3412 est
3024 3357 3119 3427 ipsi
3146 3358 3535 3417 draconi?Ter-

1959 3456 2068 3492 ram
2111 3442 2455 3497 manducabis.
2485 3443 2710 3498 Draconi
2753 3445 2951 3501 dictum
2978 3457 3060 3502 est
3092 3466 3105 3501 :
3139 3449 3349 3505 Terram
3387 3471 3534 3507 nion-

1959 3533 2166 3586 ducabis
2192 3536 2381 3605 cunctis
2408 3535 2580 3588 diebus
2615 3538 2727 3590 vita:
2755 3536 2872 3592 (ttat.
2901 3540 3108 3594 Audisti
3146 3543 3318 3598 cibum
3344 3546 3536 3603 dmen-

1961 3623 2063 3677 nis.
2095 3623 2211 3678 Non
2241 3625 2319 3678 vis
2347 3631 2404 3678 ut
2443 3625 2532 3680 det
2576 3636 2628 3680 te
2658 3627 2796 3682 Deus
2826 3629 3247 3687 manducandum
3277 3635 3489 3692 draconi
3516 3657 3532 3702 ;

1962 3714 2069 3768 noli
2099 3728 2220 3770 esse
2246 3717 2393 3770 cibus
2421 3715 2666 3771 draconis
2685 3759 2700 3784 ,
2734 3719 2783 3772 id
2815 3729 2894 3774 est
2915 3761 2930 3786 ,
2962 3722 3069 3775 noli
3097 3724 3393 3795 relinquere
3420 3745 3537 3784 ver-

1963 3805 2088 3859 bum
2114 3805 2226 3860 Dei.
2260 3807 2358 3862 Ubi
2390 3808 2528 3861 enim
2555 3808 2751 3862 dictum
2779 3819 2860 3865 est
2883 3811 3095 3867 draconi
3118 3856 3130 3880 ,
3165 3815 3370 3872 Terram
3394 3837 3538 3874 man-

1965 3895 2171 3948 ducabis
2188 3914 2208 3961 ;
2238 3897 2306 3950 ibi
2330 3897 2438 3967 jam
2466 3897 2662 3953 dictum
2689 3911 2803 3955 erat
2841 3911 2894 3956 et
2923 3907 3310 3972 prmvaricatori
3333 3951 3349 3977 ,
3378 3910 3538 3966 Terra

1965 4002 2017 4040 es
2038 4029 2052 4054 ,
2081 3988 2202 4079 etin
2227 3998 2408 4042 terram
2433 3990 2528 4044 ibis
2554 3991 2704 4057 (Gen.
2737 4009 2826 4060 ιιι,
2860 3996 2957 4061 14,
2993 3997 3100 4066 l9).
3130 3997 3288 4056 Cibus
3316 4016 3537 4073 serpens

1967 4081 2036 4135 tis
2075 4096 2192 4136 esse
2219 4097 2322 4137 non
2351 4083 2466 4138 vis?
2491 4083 2596 4138 noli
2638 4099 2756 4141 esse
2793 4095 2954 4142 terra.
2984 4089 3292 4160 Quomodo,
3325 4094 3497 4166 inquis
3519 4143 3534 4164 ,

1967 4187 2072 4226 non
2116 4189 2209 4228 ero
2249 4173 2428 4229 terra?
2453 4175 2508 4228 Si
2554 4185 2758 4231 terrena
2789 4193 2890 4231 non
2920 4181 3112 4250 sapias.
3145 4183 3277 4238 Audi
3308 4186 3539 4257 Aposto-

1969 4263 2114 4330 lum,
2162 4273 2218 4318 ut
2244 4280 2350 4320 non
2376 4266 2450 4320 sis
2477 4277 2633 4322 terra.
2663 4267 2792 4322 Nam
2839 4285 3030 4341 corpus
3055 4273 3193 4342 quod
3219 4278 3359 4347 geris
3398 4289 3540 4339 terra

1968 4365 2050 4410 est
2069 4399 2083 4422 ,
2113 4357 2206 4411 sed
2233 4365 2285 4411 tu
2313 4358 2419 4412 noli
2448 4374 2566 4414 esse
2594 4368 2752 4415 terra.
2783 4361 2918 4428 Quid
2959 4375 3040 4419 est
3066 4365 3204 4422 hoc?
3231 4368 3294 4424 Si
3319 4387 3544 4426 resurre-

1968 4447 2113 4502 aistis
2133 4489 2147 4514 ,
2182 4449 2379 4519 inquit,
2408 4467 2522 4503 cum
2552 4451 2748 4507 Christo
2770 4495 2784 4520 ,
2813 4471 2926 4526 qua:
2949 4473 3149 4511 sursum
3176 4472 3291 4515 sunt
3317 4467 3542 4533 quaerite,

1971 4538 2055 4591 ubi
2075 4538 2300 4593 Christus
2327 4550 2396 4594 est
2428 4543 2479 4595 in
2508 4543 2684 4596 dextra
2709 4544 2804 4599 Dei
2825 4545 3037 4614 sedens;
3062 4565 3175 4618 qua:
3196 4568 3394 4606 sursum
3429 4568 3546 4610 sunt

1971 4629 2150 4698 sapite,
2179 4645 2278 4682 non
2304 4647 2417 4699 qua:
2437 4648 2588 4700 super
2612 4641 2797 4687 terram
2816 4633 3031 4703 (Coloss.
3054 4653 3129 4700 ιιι,
3155 4639 3246 4693 let
3262 4639 3339 4712 2).
3363 4641 3419 4697 Si
3441 4661 3544 4699 non

1974 4719 2115 4788 sapis
2141 4728 2370 4787 terrena,
2399 4735 2503 4775 non
2530 4738 2589 4778 es
2619 4731 2786 4786 terra;
2807 4725 2849 4777 si
2878 4741 2979 4780 non
3005 4741 3064 4782 es
3087 4737 3245 4796 terra,
3276 4748 3378 4786 non
3399 4750 3548 4788 man-

1975 4809 2184 4866 ducaris
2213 4826 2242 4865 a
2273 4823 2552 4882 serpente,
2596 4815 2679 4868 cui
2724 4815 2874 4870 cibus
2901 4816 3020 4872 data
3049 4829 3131 4874 est
3175 4831 3330 4877 terra.
3359 4824 3545 4880 Cibum

1977 4915 2129 4955 suum
2173 4902 2263 4956 dat
2291 4902 2428 4957 Deus
2467 4904 2737 4973 serpenti,
2769 4907 2977 4975 quando
3019 4910 3162 4977 vult,
3202 4928 3358 4981 quem
3387 4916 3499 4969 vult
3532 4935 3543 4969 :

1978 4992 2113 5048 bene
2142 5004 2319 5047 autem
2355 4994 2591 5063 judicat,
2624 4995 2732 5051 falli
2763 5013 2864 5051 non
2895 5010 3100 5069 potest,
3129 5017 3232 5056 non
3258 5005 3305 5059 ei
3332 5004 3546 5074 datan-

1981 5099 2098 5137 rum
2130 5098 2225 5152 pro
2249 5093 2407 5138 terra.
2441 5084 2622 5140 Omnia
2649 5104 2681 5139 a
2711 5097 2758 5140 te
2786 5100 3091 5159 exspectant,
3120 5091 3354 5159 Domine,
3383 5105 3437 5148 ut
3465 5097 3552 5148 des

1981 5173 2084 5226 illis
2113 5173 2278 5225 cibum
2305 5174 2357 5225 in
2384 5184 2602 5242 tempore
2629 5151 2932 5246 opportuno.
2964 5177 3088 5234 Cum
3114 5151 3428 5249 dederis’eis,
3449 5189 3545 5237 cai-

1983 5264 2156 5333 ligent.
2176 5264 2313 5317 Ante
2331 5265 2446 5318 illos
2461 5276 2611 5331 sunt;
2631 5266 2723 5321 sed
2740 5282 2842 5321 non
2862 5269 3125 5338 colligent,
3147 5267 3246 5323 nisi
3265 5285 3384 5325 cum
3400 5272 3554 5328 dede-

1985 5355 2078 5436 ris.
2097 5355 2235 5408 Ante
2261 5353 2526 5410 diabolum
2553 5355 2654 5411 Job
2678 5369 2822 5423 erat;
2842 5367 2898 5413 et
2921 5359 3130 5428 quidem
3160 5375 3266 5414 non
3282 5361 3550 5425 devoratis

1985 5443 2106 5512 Joh,
2120 5443 2214 5499 sed
2228 5444 2309 5500 vel
2326 5453 2526 5500 tentare
2541 5461 2644 5502 non
2661 5463 2819 5503 ausus
2835 5459 2934 5514 est,
2952 5449 3049 5502 nisi
3065 5464 3184 5504 cum
3205 5452 3290 5510 ille
3301 5453 3552 5514 dedisset.

2055 5640 2073 5674 ³
2103 5647 2205 5690 Am.
2233 5647 2284 5690 et
2305 5645 2430 5700 λιες»,
2455 5637 2663 5703 inﬁrma.

2789 5750 3453 5834 (Quarantc-quatrc.)
