4012 6202
476 336 640 396 ἶ⁸1587

503 456 547 510 A
568 463 614 510 te
638 460 920 523 exspectant
940 464 1082 504 :cum
1106 445 1299 500 dederis
1321 445 1410 511 eis,
1430 441 1664 513 colligent
1679 458 1696 506 ;
1712 441 1754 495 si
1784 437 1888 496 non
1913 438 2070 494 dede-

501 547 576 602 ris
595 588 611 613 ,
644 561 748 601 non
777 542 1042 610 colligent.
1188 608 1190 614 τ

575 637 664 691 12.
697 635 765 688 Ει
790 632 923 704 quid.
949 624 1054 685 nos
1073 671 1087 695 ,
1117 626 1342 684 fratres?
1371 639 1529 696 quem
1572 623 1749 678 cibum
1778 622 2076 676 habemus?

502 727 752 796 Sequitur
776 733 829 778 et
855 722 923 778 de
951 721 1069 777 cibo
1095 729 1296 774 nostro.
1324 717 1589 787 Aperiente
1617 724 1782 768 autem
1802 724 1848 768 te
1873 730 2077 768 manant

502 831 640 873 tuam
658 858 673 884 ,
705 817 935 870 universa
963 811 1302 882 implebantur
1331 809 1564 862 bonitate.
1591 805 1727 872 Quid
1755 813 1836 860 est
1857 845 1870 868 ,
1902 820 1936 859 ο
1968 804 2068 858 Do-

501 911 668 973 mine,
691 907 831 979 quod
860 906 1037 977 aperis
1063 917 1275 957 manum
1302 900 1484 954 tuam?
1511 897 1696 952 Manus
1723 905 1806 949 tua
1833 895 2076 951 Christus

500 1009 602 1055 est.
634 1000 698 1054 Et
739 998 995 1052 brachium
1024 994 1222 1048 Domini
1249 992 1330 1046 cui
1356 990 1624 1045 revelatum
1662 997 1734 1044 est
1759 987 1913 1058 (lsai.
1946 1002 2033 1041 LIII
2055 1025 2073 1053 ,

502 1090 597 1161 i)?
625 1089 720 1145 Cui
748 1088 1032 1153 revelatur,
1057 1085 1130 1140 illi
1161 1083 1399 1154 aperitur
1430 1099 1443 1135 :
1478 1080 1732 1136 revelatio
1754 1079 1895 1134 enim
1922 1093 2077 1148 aper-

502 1184 577 1238 tio
603 1192 702 1236 est.
734 1181 998 1250 Aperiente
1021 1186 1188 1231 autem
1216 1185 1261 1230 te
1289 1189 1493 1228 manum
1520 1181 1657 1226 tuam
1675 1211 1691 1236 ,
1721 1171 1951 1225 universa
1974 1169 2074 1223 int-

501 1276 770 1347 plebantur
795 1272 1029 1327 bonitate.
1056 1269 1347 1324 Revelante
1373 1275 1426 1322 te
1449 1263 1718 1321 Christum
1747 1273 1894 1318 tuum
1914 1303 1930 1330 ,
1961 1261 2078 1316 uni-

502 1384 644 1421 versa
668 1365 1003 1437 implebantur
1029 1362 1264 1416 bonitate.
1289 1357 1407 1415 Non
1433 1367 1606 1413 autem
1633 1355 1831 1412 habent
1848 1370 1878 1409 a
1899 1369 1958 1410 se
1981 1354 2078 1409 bo—

503 1459 753 1517 nitatem;
775 1470 894 1509 nam
921 1451 1205 1523 aliquando
1229 1452 1243 1482 ¹
1277 1448 1529 1521 probatur
1555 1447 1690 1502 illis:
1713 1445 2076 1502 Avertenteaa-

508 1560 605 1602 tem
623 1555 670 1601 te
689 1547 867 1615 facient
893 1554 1050 1611 tuam,
1073 1540 1424 1596 turbabantur.
1439 1538 1588 1593 Multi
1613 1537 1801 1615 repleti
1818 1537 2073 1598 bonitate.

497 1639 605 1694 sibi
637 1637 932 1691 tribuerunt
970 1632 1110 1704 quod
1141 1631 1434 1695 habebant,
1463 1637 1517 1684 et
1557 1627 1838 1683 voluerunt
1863 1625 2077 1697 gloriari

507 1732 654 1798 quasi
684 1730 740 1784 in
775 1725 1240 1799 justifiestionibus
1264 1724 1408 1791 suis,
1437 1731 1492 1777 et
1531 1721 1777 1777 dixerunt
1802 1718 1937 1784 sibi,
1981 1717 2075 1773 Ju-

505 1835 622 1880 stus
651 1838 766 1878 sum
785 1863 800 1888 ,
833 1835 1053 1891 magnus
1077 1834 1229 1883 sum;
1269 1827 1324 1873 et
1349 1815 1468 1872 facti
1513 1822 1637 1869 sunt
1661 1813 1758 1867 sibi
1789 1812 2073 1882 placentes.

482 1935 486 1939 ‘
506 1915 576 1970 Et
600 1915 776 1970 sonuit
802 1913 880 1968 eis
895 1911 1208 1982 Apostolus:
1234 1907 1366 1974 Quid
1387 1906 1520 1962 enim
1547 1905 1696 1958 habes
1721 1903 1972 1972 quodnon
1993 1917 2078 1955 ac-

496 2007 682 2076 cepisti
711 2005 750 2076 (l
779 2002 898 2060 Cor.
930 2019 1006 2070 IV,
1025 2001 1121 2074 7)?
1149 2000 1349 2055 Voleus
1373 2007 1548 2053 autem
1578 1996 1802 2067 probare
1827 1995 1966 2049 Deus
1983 1992 2080 2048 bo-

504 2098 634 2150 mini
663 2095 800 2166 quod
831 2095 897 2149 ab
927 2094 1015 2148 illo
1041 2092 1233 2146 habeat
1259 2087 1510 2160 quidquid
1540 2087 1726 2152 habet,
1756 2097 1814 2140 ut
1837 2099 1958 2140 cum
1983 2084 2078 2139 bo-

504 2187 671 2241 nitate
700 2185 890 2241 habeat
915 2191 968 2238 et
998 2181 1343 2236 humilitatem
1365 2220 1380 2243 ,
1411 2175 1695 2247 aliquando
1719 2190 1838 2230 eum
1867 2183 2077 2244 pertur-

503 2278 630 2344 bat;
663 2276 850 2330 avertit
879 2273 946 2328 ab
976 2273 1066 2329 illo
1095 2271 1282 2326 facient
1308 2284 1456 2326 suam
1476 2308 1492 2334 ,
1518 2277 1572 2323 et
1598 2265 1795 2323 decidit
1819 2265 1870 2320 in
1900 2269 2076 2320 tenta:

503 2372 737 2434 tionem;
767 2376 820 2423 et
843 2365 1075 2423 ostendit
1099 2364 1173 2419 illi
1200 2363 1318 2433 quia
1342 2361 1480 2432 quod
1502 2360 1673 2430 justus
1700 2363 1834 2422 erat,
1857 2365 1908 2412 et
1932 2365 2077 2412 recte

483 2462 824 2526 ambulabat,
848 2459 963 2530 ipso
992 2466 1208 2527 regente
1239 2455 1413 2509 fiebat.
1444 2452 1703 2505 Avertente
1728 2458 1894 2502 autem
1923 2457 1970 2500 te
1998 2449 2077 2517 [ao

502 2555 627 2606 cient
657 2561 828 2615 tuam,
859 2549 1209 2602 turbabantur.
1244 2543 1427 2599 Videte
1457 2541 1582 2612 quid
1607 2541 1748 2595 dicat
1785 2549 1838 2594 et
1882 2539 1933 2592 in
1971 2538 2076 2592 alio

493 2646 706 2715 psalmo
736 2659 754 2701 ;
786 2641 896 2712 Ego
921 2640 1028 2692 dixi
1050 2639 1102 2691 in
1131 2637 1438 2690 abundantia
1463 2651 1592 2699 mea,
1620 2631 1739 2687 Non
1766 2630 1996 2686 movebar
2022 2632 2076 2686 in

495 2746 760 2789 ceter-num.
792 2719 1138 2798 Praesumpsit
1164 2727 1231 2783 de
1259 2740 1348 2791 se;
1381 2725 1626 2794 impletus
1656 2731 1771 2778 erat
1799 2722 2035 2776 bonitate
2055 2762 2073 2786 ,

501 2835 556 2879 et
585 2823 800 2893 putabat
827 2837 855 2876 a
884 2835 942 2875 se
968 2819 1065 2875 sibi
1097 2833 1218 2874 esse
1249 2824 1409 2872 totam
1438 2813 1724 2869 bonitatem
1744 2854 1759 2878 ,
1789 2820 1844 2867 et
1868 2811 1998 2866 dixit
2021 2811 2072 2864 iu

482 2915 661 2970 -rorde
679 2928 775 2968 suo
793 2931 807 2967 :
832 2911 949 2966 Non
973 2896 1199 2964 movebar
1214 2909 1267 2962 in
1287 2915 1546 2961 internum.
1565 2903 1668 2960 Sed
1685 2904 1807 2975 quia
1830 2902 1937 2973 jam
1955 2917 2076 2957 sen-

487 3019 642 3064 serat
669 3006 760 3062 Dei
788 3005 1008 3076 gratiam
1033 3017 1090 3058 se
1117 3001 1437 3073 percepisse,
1463 3012 1560 3068 pro
1586 3013 1651 3052 eo
1677 2996 1816 3066 quod
1845 3005 1960 3051 erat
1978 3011 2074 3070 ex-

493 3110 684 3171 pertus
703 3140 716 3164 ,
747 3096 973 3158 reddidit
994 3094 1282 3166 gratiarum
1310 3091 1569 3146 actionem
1604 3105 1616 3142 :
1649 3087 1887 3152 Domine,
1914 3087 1966 3139 in
1987 3101 2074 3140 vo-

477 3195 692 3248 tluntate
716 3201 802 3245 tua
829 3187 1102 3260 praestitisti
1125 3185 1290 3240 deceri
1319 3199 1426 3237 meo
1452 3183 1680 3236 virtutem
1695 3195 1714 3244 ;
1735 3179 1953 3234 avertisti
1978 3195 2075 3231 aa-

501 3295 600 3339 tem
625 3285 802 3355 faciem
819 3292 957 3334 taant
983 3296 1014 3332 a
1042 3295 1140 3343 me,
1158 3286 1203 3332 et
1229 3277 1392 3346 factas
1416 3290 1527 3328 sum
1553 3273 1878 3327 conturbatus
1903 3269 2072 3342 (Psa‘l.

499 3392 645 3440 xxrx,
674 3376 728 3438 7,
749 3374 828 3442 8).
850 3373 938 3427 Sic
962 3380 1014 3426 et
1039 3369 1144 3435 hic,
1168 3368 1433 3438 Aperiente
1460 3376 1506 3419 te
1529 3381 1734 3419 manant
1758 3372 1928 3426 tuam;
1945 3378 2073 3432 ape-

498 3470 608 3522 ries
625 3479 856 3529 manum,
875 3472 927 3518 et
943 3462 1170 3515 universa
1185 3458 1520 3530 implebantur
1537 3457 1776 3520 bonitate;
1795 3471 1897 3510 non
1915 3471 2072 3510 manu

498 3571 594 3612 sua
615 3596 631 3624 ,
662 3554 757 3611 sed
783 3568 942 3609 manu
968 3561 1053 3608 tua
1083 3560 1263 3628 aperta
1296 3567 1309 3604 :
1342 3549 1603 3604 Avesten‘te
1626 3557 1794 3626 autem
1819 3556 1867 3602 te
1893 3547 2073 3618 faciem

483 3623 638 3702 tuam
662 3689 676 3714 ,
709 3646 1054 3701 turbabuntur.
1202 3623 1207 3628 I
1717 3623 1720 3626 i

571 3741 658 3795 15.
677 3738 779 3794 Sed
805 3751 968 3808 quare
993 3735 1094 3791 hoc
1119 3733 1459 3804 facis?quare
1479 3731 1675 3786 avertis
1701 3729 1888 3785 faciem
1907 3738 2070 3796 tuam,

498 3839 559 3886 ut
585 3827 894 3885 turbentur?
915 3826 1126 3895 Auferes
1145 3825 1376 3893 spiritum
1400 3837 1594 3890 eorum,
1613 3831 1658 3876 et
1679 3820 1929 3890 deﬁcient.
1954 3820 2073 3890 Spi-

497 3923 632 3977 ritus
661 3935 843 3976 eorum
864 3959 879 3986 ,
909 3917 1154 3988 superbia
1184 3930 1368 3971 eorum
1411 3923 1527 3970 erat
1557 3931 1571 3967 :
1601 3913 1928 3985 gloriantur,
1973 3913 2073 3967 sibi

491 4013 756 4078 tribuunt,
780 4011 987 4080 seipsos
1003 4007 1310 4078 iustificam.
1335 4008 1528 4060 Averte
1549 4019 1676 4075 ergo
1698 4003 1884 4059 faciem
1909 4013 2070 4066 tuam,

498 4115 556 4160 ut
585 4106 863 4161 turbentur
886 4119 901 4156 :
923 4101 1071 4156 aufer
1097 4100 1338 4170 spiritum
1364 4112 1569 4164 eorum,
1591 4105 1645 4152 et
1667 4095 1942 4159 deficiant;
1965 4095 2074 4149 cla-

498 4207 648 4254 ment
688 4195 753 4250 ad
781 4206 866 4261 te,
893 4192 1002 4248 Cito
1031 4191 1212 4247 exaudi
1237 4206 1348 4256 me,
1378 4189 1624 4254 Domine;
1653 4187 1829 4257 defecit
1870 4188 2074 4257 spiritus

497 4305 659 4343 meus.
701 4285 782 4339 Ne
817 4294 1013 4338 avertas
1055 4283 1233 4352 faciem
1259 4268 1397 4334 tuam
1422 4297 1454 4334 ιι
1483 4297 1562 4334 me
1593 4277 1762 4350 (Psal.
1792 4293 1928 4333 cun
1948 4319 1962 4343 ,
1993 4278 2069 4348 7).

463 4377 466 4385 “
498 4383 710 4453 Auferes
724 4378 953 4448 spirituin
981 4390 1170 4440 eorum,
1190 4385 1234 4428 et
1251 4373 1499 4441 deficient,
1521 4383 1564 4427 et
1585 4373 1638 4425 in
1666 4373 1911 4442 pulverem
1927 4386 2074 4424 suam

465 4476 472 4483 '
499 4455 864 4526 convertentur.
879 4465 1085 4521 Invenit
1109 4478 1167 4520 se
1186 4464 1342 4518 homo
1357 4464 1620 4534 paenitens
1635 4462 1703 4518 de
1721 4469 1937 4532 peccato
1953 4475 2070 4525 suo,

494 4563 619 4634 quia
647 4576 750 4616 non
793 4557 1016 4614 habebat
1044 4556 1188 4611 vires
1214 4569 1279 4610 ex
1307 4568 1399 4618 se;
1428 4561 1482 4608 et
1505 4552 1788 4607 conﬁtetur
1814 4553 1922 4606 Deo
1942 4591 1956 4616 ,
1985 4550 2068 4604 di-
2105 4601 2109 4604 .

496 4670 625 4711 cens
670 4668 729 4709 se
772 4666 891 4708 esse
934 4657 1125 4704 terram
1171 4656 1226 4701 et
1266 4647 1522 4702 cinerem.
1553 4644 1598 4700 Ο
1627 4643 1892 4713 superbe,
1939 4657 2070 4697 con-

495 4761 685 4802 versus
729 4760 788 4800 es
832 4745 884 4798 iu
930 4744 1200 4812 pulverem
1246 4750 1433 4807 tuum,
1481 4738 1689 4793 ablatus
1733 4745 1815 4791 est
1856 4735 2072 4806 spiritus

498 4851 622 4897 tuus
645 4854 660 4904 ;
685 4837 796 4908 jam
825 4849 931 4889 non
968 4842 1018 4888 te
1038 4833 1206 4903 jactas
1228 4873 1243 4898 ,
1277 4846 1380 4886 non
1409 4839 1460 4884 te
1482 4828 1697 4884 extollis
1719 4867 1735 4894 ,
1767 4841 1872 4881 non
1903 4837 1952 4881 te
1981 4827 2072 4896 ju-

497 4933 732 4994 stilicas;
764 4925 912 4981 vides
935 4925 1055 4995 quia
1085 4924 1151 4979 de
1176 4922 1391 4993 pulvere
1420 4919 1588 4976 factus
1611 4933 1690 4985 es,
1721 4927 1774 4974 et
1802 4927 2074 4973 avertente

499 5023 690 5080 faciem
719 5034 869 5075 suam
913 5015 1174 5081 Domino,
1208 5015 1259 5068 in
1308 5023 1454 5068 tuum
1501 5011 1772 5082 pulverem
1813 5009 2070 5066 recidisti.

503 5115 647 5186 [toga
673 5125 800 5182 ergo
823 5148 839 5175 ,
869 5105 1124 5162 confitere
1151 5103 1427 5174 pulverem
1458 5111 1606 5157 tuum
1633 5110 1688 5158 et
1715 5100 2073 5156 infirmitatem

497 5215 664 5262 tuam.

571 5299 657 5352 14.
692 5295 840 5369 [vers.
872 5289 984 5364 50.]
1016 5290 1083 5345 Et
1106 5287 1227 5361 vide
1251 5288 1376 5360 quid
1402 5296 1651 5360 sequatur
1681 5305 1695 5341 :
1727 5281 1942 5342 Emittes
1965 5288 2074 5358 spi~

499 5390 651 5443 ritum
681 5397 853 5453 tuam,
882 5393 932 5439 et
959 5379 1278 5437 creabantur.
1310 5378 1532 5436 Auferes
1576 5379 1819 5450 Spiritum
1848 5393 2031 5434 eorum
2055 5418 2072 5443 ,

501 5489 710 5535 emittes
740 5488 884 5534 tuum
921 5493 936 5533 :
965 5475 1161 5546 auferes
1188 5473 1420 5544 spiritum
1444 5488 1648 5539 eorum,
1675 5487 1780 5527 non
1808 5470 2075 5526 habebunt

501 5570 744 5639 spiritum
774 5583 950 5623 suum.
974 5566 1119 5636 Ergo
1145 5563 1338 5621 deserti
1365 5562 1679 5619 suntiBeati
1709 5578 1952 5633 pauperes
1972 5561 2077 5631 ερίο

500 5723 599 5832 im;
616 5720 687 5768 sic
735 5727 839 5769 uss.
887 5727 942 5768 At
977 5719 1088 5768 Etld.
1108 5752 1123 5780 ,
1166 5732 1276 5768 nam
1322 5717 1392 5769 illi
1428 5707 1618 5780 quando
1652 5720 1763 5773 btmt'
1781 5720 1802 5772 ."
1849 5720 2078 5800 Probata):

1729 327 1786 382 s.
1828 324 2185 381 AUGUSTINI
2225 326 2524 384 EPlSCOPl
2585 300 2590 304 ’

3615 334 3754 389 1383

2179 440 2279 493 ritu
2308 457 2328 494 :
2358 458 2462 496 non
2490 452 2612 497 sunt
2636 453 2808 498 autem
2833 445 3048 510 deserti,
3072 445 3307 514 quoniam
3330 445 3555 516 ipsorum
3582 454 3654 499 est
3673 461 3756 499 ro-

2177 549 2330 604 gnam
2352 533 2586 588 caelorum
2615 535 2822 606 (Matth.
2853 552 2884 590 v
2903 577 2917 600 ,
2945 537 3024 606 5).
3052 536 3344 592 Noluerunt
3371 537 3572 593 habere
3590 541 3754 608 Spiri-

2178 632 2288 679 tum
2310 640 2483 690 suum,
2504 626 3154 697 habebuntspiritumDei.
3178 629 3287 684 lloc
3307 612 3446 685 enim
3465 631 3598 687 dixit
3614 648 3758 686 mar-

2179 716 2383 786 tyribus
2405 716 2594 772 futuris
2626 737 2640 772 :
2674 717 2798 773 Cum
2822 736 2906 774 vos
2931 721 3146 789 ceperint
3171 731 3216 774 et
3243 721 3550 776 adduxerim
3572 723 3588 754 ¹
3608 765 3625 789 ,
3656 739 3758 778 no-

2180 807 2265 862 lite
2291 810 2508 880 cogitare
2529 812 2775 881 quomodo
2801 821 2884 864 aut
2911 813 3032 882 quid
3058 813 3332 882 loquamini
3353 830 3372 866 :
3393 829 3494 866 non
3515 814 3646 868 enim
3667 828 3758 868 vos

2178 903 2293 957 estis
2315 904 2401 972 qui
2427 904 2684 974 loquimini
2702 947 2717 969 ,
2746 906 2834 960 sed
2860 905 3082 970 Spiritus
3111 903 3283 960 Patris
3306 905 3456 959 vestri
3481 906 3566 975 qui
3589 907 3758 976 loqui-

2179 1005 2261 1050 tur
2283 998 2336 1050 in
2363 996 2498 1052 vobis
2527 997 2636 1068 (Id.
2668 1015 2721 1062 χ,
2749 1000 2839 1064 19,
2865 998 2978 1071 20).
3006 998 3178 1054 Nolite
3198 998 3351 1053 vobis
3375 997 3609 1053 tribuere
3639 997 3761 1052 for-

2179 1090 2477 1146 titudinem.
2507 1090 2563 1146 Si
2595 1102 2767 1149 vestra
2796 1101 2900 1158 est,
2928 1091 3116 1161 inquit,
3147 1099 3200 1145 et
3226 1105 3341 1145 mea
3372 1105 3478 1144 non
3505 1099 3616 1154 est;
3648 1089 3760 1144 du-

2178 1180 2296 1234 ritia
2322 1189 2423 1247 est,
2451 1195 2556 1238 non
2585 1179 2854 1236 fortitudo.
2886 1180 3092 1250 Auferes
3117 1179 3349 1250 spiritum
3373 1195 3566 1244 eorum,
3592 1188 3639 1232 et
3666 1181 3762 1232 de-

2179 1269 2347 1339 ﬁcient
2365 1311 2379 1336 ,
2410 1280 2458 1325 et
2482 1272 2534 1324 in
2559 1271 2808 1341 pulverem
2841 1287 2988 1326 suum
3016 1279 3360 1324 convertentur
3390 1284 3410 1323 :
3436 1270 3625 1322 emittes
3643 1270 3760 1340 spi—

2179 1363 2330 1417 ritum
2357 1372 2495 1417 taum
2512 1405 2528 1432 ,
2559 1372 2604 1417 et
2629 1367 2946 1418 creabantur.
2979 1361 3152 1433 Ipsius
3180 1361 3310 1415 enim
3338 1376 3509 1414 sumus
3535 1361 3760 1430 ﬁgmen-

2180 1464 2284 1509 tum
2304 1497 2318 1520 ,
2351 1455 2482 1510 dixit
2507 1455 2791 1526 Apostolus
2811 1496 2826 1522 ,
2858 1455 3010 1508 creati
3038 1455 3091 1507 in
3116 1453 3345 1524 aperibus
3371 1453 3509 1506 bonis
3538 1450 3756 1521 (Ephes.

2179 1563 2252 1613 tt,
2285 1547 2396 1619 10).
2428 1549 2470 1602 A
2501 1548 2686 1615 spiritu
2712 1547 2826 1616 ejus
2853 1546 3152 1616 accepimus
3175 1545 3394 1614 gratiam
3415 1586 3429 1608 ,
3459 1555 3515 1597 ut
3536 1543 3760 1612 justitize

2179 1640 2444 1706 vivamus;
2463 1639 2584 1710 quia
2611 1639 2724 1708 ipse
2747 1647 2830 1694 est
2853 1638 2941 1709 qui
2962 1636 3215 1708 justificat
3243 1636 3458 1705 impium
3485 1634 3660 1706 (Rom.
3678 1650 3756 1699 tv,

2180 1729 2257 1802 5).
2289 1732 2496 1801 Auferes
2538 1732 2763 1802 spiritum
2791 1746 2996 1795 eorum,
3043 1737 3089 1784 et
3117 1728 3347 1798 deficient
3377 1743 3396 1781 :
3426 1727 3615 1780 emittes
3641 1727 3759 1794 spi-

2179 1824 2332 1876 ritum
2360 1833 2500 1876 tuum
2517 1863 2532 1888 ,
2560 1831 2606 1875 et
2633 1822 2965 1885 creabantur;
2985 1830 3038 1874 et
3065 1819 3324 1873 innovabis
3353 1810 3532 1889 faciem
3561 1827 3705 1870 terra:
3737 1831 3760 1870 :

2179 1913 2232 1968 id
2259 1924 2374 1980 est,
2406 1913 2554 1968 novis
2580 1891 2912 1975 hominibus,
2943 1911 3317 1967 confitentibus
3358 1924 3418 1965 se
3437 1908 3759 1979 iustificatos

2181 2021 2334 2074 esse,
2363 2022 2468 2061 non
2498 2022 2526 2061 a
2555 2019 2614 2060 se
2637 2005 2808 2075 justos
2827 2045 2841 2066 ,
2873 2013 2931 2058 ut
2955 2003 3120 2074 gratia
3151 2003 3248 2058 Dei
3290 2003 3359 2056 sit
3388 2003 3439 2056 in
3470 2001 3590 2056 illis.
3625 2001 3760 2056 \"ide

2181 2097 2363 2167 quales
2391 2097 2529 2164 sint,
2558 2097 2748 2165 quibus
2784 2095 3032 2148 innovata
3058 2102 3141 2150 est
3173 2093 3330 2148 facies
3355 2102 3528 2148 terrae.
3559 2091 3759 2146 Paulus

2179 2187 2305 2242 dicit
2331 2205 2343 2241 :
2366 2187 2495 2241 Plus
2518 2187 2746 2240 omnibus
2771 2186 2871 2240 illis
2893 2185 3131 2239 laboravi.
3164 2183 3299 2252 Quid
3327 2191 3426 2247 est,
3447 2182 3642 2238 Paule?
3663 2187 3761 2235 At-

2179 2279 2338 2334 tende
2365 2279 2408 2333 si
2437 2289 2509 2342 tu,
2529 2278 2571 2332 si
2601 2277 2816 2347 spiritus
2844 2275 3124 2332 tuuscNon
3151 2291 3262 2346 ego,
3282 2273 3578 2345 inquit,sed
3591 2274 3760 2344 gratia

2179 2369 2273 2425 Dei
2293 2385 2485 2425 mecum
2507 2369 2548 2442 (1
2571 2366 2685 2422 Cor.
2712 2384 2796 2432 xv,
2824 2367 2932 2440 10).

2252 2461 2337 2515 15.
2384 2459 2532 2534 [vers.
2582 2457 2696 2531 '51.]
2736 2458 2869 2525 Quid
2913 2457 3083 2528 ergo?
3126 2457 3257 2524 Quia
3283 2470 3401 2510 cum
3424 2454 3710 2510 abstulerit
3737 2456 3759 2487 ⁸

2179 2551 2419 2620 spiritum
2442 2558 2698 2614 nostrum,
2727 2549 2778 2603 in
2805 2548 3072 2616 pulverem
3101 2557 3337 2601 nostrum
3362 2553 3757 2609 convertentur,

2181 2641 2378 2696 utiliter
2423 2641 2688 2695 intuentes
2731 2638 3086 2693 infirmitatem
3134 2647 3405 2700 nostram,
3451 2644 3508 2690 ut
3535 2644 3760 2704 accepto

2178 2732 2365 2801 spiritu
2405 2730 2520 2801 ejus
2555 2745 2874 2785 recreemur.
2908 2728 3037 2783 Vide
3062 2726 3186 2797 quid
3217 2727 3454 2795 sequitur
3483 2743 3497 2779 :
3531 2725 3613 2778 Sit
3641 2726 3761 2796 glo—

2176 2823 2254 2876 ria
2300 2821 2501 2875 Domini
2546 2822 2600 2875 in
2642 2829 2900 2874 externam.
2942 2818 3054 2872 Non
3085 2828 3204 2880 tua,
3237 2831 3341 2870 non
3372 2830 3486 2870 mea
3506 2856 3523 2882 ,
3556 2830 3660 2868 non
3689 2815 3758 2870 il-

2176 2914 2278 2970 lius
2301 2955 2317 2982 ,
2343 2923 2432 2968 aut
2454 2913 2593 2968 illius
2617 2929 2631 2978 ;
2659 2913 2818 2983 gloria
2847 2910 3052 2964 Domini
3072 2911 3169 2973 sit,
3197 2915 3297 2961 non
3321 2907 3384 2961 ad
3410 2919 3638 2978 tempus,
3662 2909 3758 2963 sed

2172 3010 2228 3064 in
2269 3018 2527 3065 attentam.
2575 3005 2851 3062 Lattabitar
2882 3003 3126 3058 Dominus
3152 3003 3203 3056 in
3233 3001 3462 3071 aperibas
3487 3001 3610 3053 suis.
3641 3000 3758 3072 Non

2175 3100 2230 3156 in
2275 3099 2376 3155 tuis
2398 3141 2415 3166 ,
2448 3098 2608 3174 quasi
2649 3097 2750 3152 tuis
2791 3113 2804 3149 :
2845 3095 2965 3165 quia
3005 3104 3059 3149 et
3082 3108 3242 3164 opera
3271 3101 3356 3148 tua
3385 3090 3428 3146 si
3459 3091 3593 3146 mala
3613 3129 3632 3158 ,
3663 3105 3758 3158 per

2175 3193 2503 3264 iniquitatem
2532 3201 2671 3246 tuam
2697 3207 2710 3256 ;
2742 3191 2785 3245 si
2811 3190 2948 3245 bona
2969 3228 2985 3254 ,
3017 3204 3112 3258 per
3134 3185 3356 3258 gratiam
3389 3185 3500 3242 Dei.
3530 3184 3756 3239 Laztabt‘o

2177 3295 2259 3339 tur
2287 3285 2531 3339 Dominus
2550 3283 2602 3337 in
2623 3283 2849 3357 operibus
2867 3281 2992 3335 suis.
3561 3290 3566 3294 ·

2248 3377 2334 3433 16.
2381 3375 2526 3451 [vers.
2573 3373 2684 3447 52.]
2727 3374 2824 3440 Qui
2848 3371 3026 3443 aspicit
3053 3381 3267 3436 terram,
3297 3376 3341 3422 et
3367 3368 3485 3439 facit
3512 3383 3623 3420 eam
3650 3376 3755 3420 tre-

2175 3485 2341 3534 mere;
2367 3469 2450 3537 qui
2476 3467 2631 3537 tangit
2656 3475 2863 3531 montes,
2893 3473 2937 3517 et
2965 3460 3295 3533 fumigabant.
3323 3459 3366 3514 Ο
3390 3468 3544 3523 terra,
3570 3458 3755 3512 exsul-

2176 3561 2324 3616 tabas
2361 3559 2429 3615 de
2461 3559 2695 3615 bonitate
2737 3566 2823 3611 tua
2847 3597 2862 3624 ,
2891 3555 2980 3610 tibi
3014 3552 3282 3608 tribuebas
3305 3552 3442 3606 vires
3468 3550 3756 3620 epulentia

2175 3662 2280 3707 tum
2305 3667 2320 3716 ;
2349 3665 2474 3706 ecce
2502 3648 2712 3720 respicit
2743 3647 2993 3702 Dominus
3016 3687 3030 3713 ,
3058 3653 3112 3699 et
3142 3643 3264 3698 facit
3291 3651 3342 3698 te
3371 3651 3620 3696 tremere.
3651 3641 3756 3697 fte-

2175 3745 2360 3816 spiciat
2397 3753 2448 3798 te
2470 3785 2484 3808 ,
2511 3750 2566 3798 et
2593 3741 2746 3797 faciat
2773 3749 2822 3796 te
2851 3749 3077 3794 tremere
3108 3755 3124 3792 :
3154 3735 3339 3792 melior
3363 3743 3446 3790 est
3462 3733 3610 3788 enim
3642 3743 3754 3789 tre-

2177 3839 2294 3892 mor
2339 3834 2643 3890 humilitatis
2665 3875 2681 3900 ,
2721 3847 2876 3901 quam
2917 3828 3230 3886 confidentia
3257 3827 3536 3897 superbiai.
3566 3825 3754 3882 Videte

2176 3929 2442 4000 quomodo
2460 3927 2678 3999 aspiciat
2704 3926 2842 3981 Deus
2869 3935 3084 3989 terram,
3107 3930 3162 3976 et
3186 3919 3340 3975 faciat
3360 3935 3474 3972 eam
3501 3927 3752 3973 tremere.

2175 4023 2256 4078 Ad
2297 4034 2490 4078 terram
2530 4020 2677 4090 quasi
2709 4017 3066 4089 praefidentem
3091 4014 3191 4070 sibi
3215 4023 3268 4068 et
3293 4012 3646 4067 exsultantem
3678 4011 3756 4064 lo-

2175 4113 2356 4184 quitur
2389 4111 2671 4182 Apostolus
2702 4128 2714 4162 :
2754 4127 2772 4160 ‹
2807 4107 2938 4163 Cum
2966 4107 3155 4162 timore
3181 4113 3234 4160 et
3261 4112 3492 4158 tremore
3519 4110 3755 4156 vestram

2177 4207 2410 4276 ipsorum
2441 4203 2661 4258 salutem
2692 4199 3007 4271 operamini.
3035 4199 3164 4254 Cum
3190 4196 3379 4252 timore
3399 4205 3454 4250 et
3476 4206 3711 4248 tremore
3737 4211 3753 4248 :

2176 4298 2316 4353 Deus
2344 4295 2482 4350 enim
2507 4303 2590 4349 est
2615 4293 2699 4363 qui
2723 4301 2972 4361 operatur
2997 4290 3049 4345 in
3077 4289 3225 4344 vobis
3253 4307 3271 4341 ι
3297 4286 3551 4357 (Philipp.
3570 4283 3717 4350 n,t‘2
3735 4326 3753 4352 ,

2178 4388 2286 4458 i3).
2307 4386 2506 4449 Dicis,o
2519 4381 3030 4452 Paule,0peramini;
3049 4380 3182 4436 dicis
3195 4388 3547 4448 utoperemur
3563 4395 3576 4427 :
3591 4391 3755 4447 quare

2176 4495 2287 4532 cum
2330 4476 2582 4530 tremore?
2606 4474 2745 4529 Deus
2789 4473 2920 4528 enim
2955 4471 3059 4538 est,
3099 4471 3298 4541 inquit,
3325 4469 3409 4539 qui
3435 4476 3674 4536 cperatar
3701 4468 3755 4522 in

2176 4568 2327 4622 vobis.
2358 4566 2480 4622 Ideo
2508 4580 2634 4635 ergo
2653 4580 2766 4618 cum
2789 4573 3018 4629 tremore,
3043 4562 3165 4632 quia
3186 4558 3322 4613 Deus
3342 4566 3598 4628 operatur.
3622 4557 3755 4622 Quia

2177 4663 2290 4732 ipse
2319 4659 2503 4726 dedit,
2537 4674 2641 4714 non
2670 4673 2734 4711 ex
2767 4666 2817 4712 te
2843 4665 2923 4712 est
2943 4654 3081 4725 quod
3112 4654 3276 4708 habes
3295 4693 3310 4716 ,
3337 4665 3457 4706 cum
3489 4650 3682 4704 timore
3701 4657 3752 4704 et

2177 4762 2408 4807 tremore
2429 4750 2737 4820 operaberis
2765 4765 2778 4802 :
2811 4760 2930 4801 nam
2961 4745 3004 4799 si
3033 4759 3138 4798 non
3171 4741 3448 4798 tremueris
3477 4755 3600 4794 eum
3618 4782 3634 4806 ,
3659 4753 3750 4792 au~

2175 4841 2310 4898 feret
2350 4841 2490 4912 quod
2536 4839 2699 4894 dedit.
2745 4837 2874 4891 Cum
2919 4844 3149 4889 tremore
3189 4847 3316 4902 ergo
3349 4844 3595 4901 operare.
3624 4827 3751 4883 Vide

2175 4937 2336 4990 alium
2365 4933 2620 5005 psalmum
2643 4949 2656 4984 :
2677 4929 2870 4985 Servite
2896 4925 3112 4981 Domino
3140 4925 3192 4978 in
3217 4925 3411 4987 timore,
3443 4931 3489 4974 et
3510 4918 3763 4976 exsultat:

2176 5029 2220 5083 ei
2263 5043 2374 5082 cum
2407 5037 2615 5080 tremore
2644 5021 2813 5096 (Psal.
2844 5035 2878 5074 tt
2903 5060 2917 5087 ,
2947 5018 3056 5089 11).
3087 5017 3142 5073 Si
3167 5032 3286 5070 cum
3316 5022 3546 5068 tremore
3573 5012 3759 5067 exsule

2165 5120 2391 5174 tandum
2414 5127 2495 5172 est
2517 5158 2531 5181 ,
2559 5116 2696 5170 Deus
2720 5112 2942 5184 aspicit,
2972 5110 3028 5164 fit
3054 5120 3207 5165 terra:
3231 5116 3442 5161 motus:
3466 5103 3760 5174 aspiciente

2179 5214 2288 5268 Deo
2309 5254 2325 5278 ,
2357 5217 2583 5266 tremant
2601 5206 2761 5263 corda
2789 5215 2968 5261 nostra
2991 5219 3006 5268 ;
3039 5211 3163 5257 tunc
3184 5200 3255 5255 ibi
3275 5201 3570 5268 requiescet
3595 5197 3755 5250 Deus.

2178 5303 2312 5359 Audi
2341 5303 2486 5356 illum
2513 5299 2616 5354 alio
2648 5299 2763 5352 loco
2795 5315 2806 5350 :
2845 5315 2863 5348 ‹
2899 5296 3070 5366 Super
3095 5292 3254 5364 quem“
3281 5291 3576 5360 requiescet
3602 5288 3757 5356 spiri-

2181 5408 2263 5454 tus
2305 5395 2494 5453 meus?
2532 5392 2702 5461 Super
2740 5389 2989 5446 humilem
3014 5427 3029 5455 ,
3061 5396 3115 5442 et
3142 5385 3374 5456 quietum
3401 5423 3415 5450 ,
3443 5390 3495 5436 et
3524 5390 3756 5434 tremen-

2179 5498 2285 5547 tem
2316 5489 2471 5544 verba
2502 5501 2616 5541 mea
2640 5484 2818 5556 i(fsai.
2848 5481 3112 5553 uvr,‘l).t
3131 5478 3228 5548 Qui
3257 5478 3442 5547 aspicit
3467 5480 3754 5538 terram,et

2180 5584 2303 5639 facit
2328 5597 2443 5638 eam
2464 5589 2726 5645 tremere;
2749 5579 2837 5650 qui
2860 5577 3026 5648 tangit
3046 5582 3270 5640 montes,
3295 5579 3348 5627 et
3367 5568 3716 5641 fumigabunt.
3733 5584 3752 5619 ι

2249 5721 2263 5749 ¹
2284 5704 2515 5777 ’νιετίςυβ
2537 5708 2996 5777 διεβιαὸάιιπςνίηι.

2245 5781 2268 5812 ⁸
2291 5763 2722 5839 rdd.,'abualeﬁs.
2747 5779 2801 5823 At
2825 5771 2988 5834 [iures
3011 5777 3139 5835 βεδε..
3166 5763 3426 5818 abstulerit.
