  <div class='ocr_page' id='page_1' title='image "/cluster/home/n/w/nwhite01/storage/ocr_20150623/37/hvd.32044096580592/190.png"; bbox 0 0 4012 6202; ppageno 0'>
   <div class='ocr_carea' id='block_1_1' title="bbox 334 305 472 362">
    <p class='ocr_par' dir='ltr' id='par_1_1' title="bbox 334 305 472 362">
     <span class='ocr_line' id='line_1_1' title="bbox 334 305 472 362; baseline 0 -3"><span class='ocrx_word' id='word_1_1' title='bbox 334 307 359 359; x_wconf 74' lang='grc'>1</span> <span class='ocrx_word' id='word_1_2' title='bbox 371 305 472 362; x_wconf 69' lang='lat'><strong>389</strong></span> 
     </span>
    </p>
   </div>
   <div class='ocr_carea' id='block_1_2' title="bbox 329 421 1907 496">
    <p class='ocr_par' dir='ltr' id='par_1_2' title="bbox 329 421 1907 496">
     <span class='ocr_line' id='line_1_2' title="bbox 329 421 1907 496; baseline 0 -21"><span class='ocrx_word' id='word_1_3' title='bbox 329 421 532 476; x_wconf 73' lang='lat' dir='ltr'><strong>Montes</strong></span> <span class='ocrx_word' id='word_1_4' title='bbox 561 423 770 492; x_wconf 82' lang='lat' dir='ltr'><strong>superbi</strong></span> <span class='ocrx_word' id='word_1_5' title='bbox 801 433 984 490; x_wconf 86' lang='lat' dir='ltr'><strong>erant,</strong></span> <span class='ocrx_word' id='word_1_6' title='bbox 1005 425 1273 496; x_wconf 89' lang='lat' dir='ltr'><strong>jactabant</strong></span> <span class='ocrx_word' id='word_1_7' title='bbox 1297 441 1354 480; x_wconf 88' lang='lat' dir='ltr'><strong>se</strong></span> <span class='ocrx_word' id='word_1_8' title='bbox 1373 467 1386 491; x_wconf 92' lang='lat'><strong>,</strong></span> <span class='ocrx_word' id='word_1_9' title='bbox 1418 441 1520 479; x_wconf 90' lang='lat' dir='ltr'><strong>non</strong></span> <span class='ocrx_word' id='word_1_10' title='bbox 1547 440 1639 478; x_wconf 91' lang='lat' dir='ltr'><strong>eos</strong></span> <span class='ocrx_word' id='word_1_11' title='bbox 1667 423 1907 493; x_wconf 83' lang='lat' dir='ltr'><strong>tetigerat</strong></span> 
     </span>
    </p>
   </div>
   <div class='ocr_carea' id='block_1_3' title="bbox 327 514 1907 590">
    <p class='ocr_par' dir='ltr' id='par_1_3' title="bbox 327 514 1907 590">
     <span class='ocr_line' id='line_1_3' title="bbox 327 514 1907 590; baseline 0.006 -24"><span class='ocrx_word' id='word_1_12' title='bbox 327 514 471 569; x_wconf 85' lang='lat' dir='ltr'><strong>Deus</strong></span> <span class='ocrx_word' id='word_1_13' title='bbox 499 533 512 568; x_wconf 92' lang='lat'><strong>:</strong></span> <span class='ocrx_word' id='word_1_14' title='bbox 541 517 707 586; x_wconf 74' lang='lat' dir='ltr'><strong>mugit</strong></span> <span class='ocrx_word' id='word_1_15' title='bbox 745 517 861 570; x_wconf 90' lang='lat' dir='ltr'><strong>illos</strong></span> <span class='ocrx_word' id='word_1_16' title='bbox 879 559 894 582; x_wconf 95' lang='lat'><strong>,</strong></span> <span class='ocrx_word' id='word_1_17' title='bbox 927 526 982 573; x_wconf 86' lang='lat' dir='ltr'><strong>et</strong></span> <span class='ocrx_word' id='word_1_18' title='bbox 1009 518 1352 589; x_wconf 80' lang='lat' dir='ltr'><strong>fumigabunt.</strong></span> <span class='ocrx_word' id='word_1_19' title='bbox 1380 518 1515 587; x_wconf 83' lang='lat' dir='ltr'><strong>Quid</strong></span> <span class='ocrx_word' id='word_1_20' title='bbox 1543 529 1622 574; x_wconf 89' lang='lat' dir='ltr'><strong>est</strong></span> <span class='ocrx_word' id='word_1_21' title='bbox 1654 519 1907 590; x_wconf 81' lang='lat' dir='ltr'><strong>fumigare</strong></span> 
     </span>
    </p>
   </div>
   <div class='ocr_carea' id='block_1_4' title="bbox 325 602 1908 684">
    <p class='ocr_par' dir='ltr' id='par_1_4' title="bbox 325 602 1908 684">
     <span class='ocr_line' id='line_1_4' title="bbox 325 602 1908 684; baseline 0.006 -25"><span class='ocrx_word' id='word_1_22' title='bbox 325 616 537 664; x_wconf 89' lang='lat' dir='ltr'><strong>montes</strong></span> <span class='ocrx_word' id='word_1_23' title='bbox 561 611 583 661; x_wconf 84' lang='lat'><strong>&#39;?</strong></span> <span class='ocrx_word' id='word_1_24' title='bbox 613 602 833 664; x_wconf 71' lang='lat' dir='ltr'><strong>l‘recem</strong></span> <span class='ocrx_word' id='word_1_25' title='bbox 861 610 1085 664; x_wconf 92' lang='lat' dir='ltr'><strong>Domino</strong></span> <span class='ocrx_word' id='word_1_26' title='bbox 1113 612 1358 668; x_wconf 84' lang='lat' dir='ltr'><strong>reddere.</strong></span> <span class='ocrx_word' id='word_1_27' title='bbox 1387 613 1525 668; x_wconf 85' lang='lat' dir='ltr'><strong>Ecce</strong></span> <span class='ocrx_word' id='word_1_28' title='bbox 1554 612 1728 684; x_wconf 78' lang='lat' dir='ltr'><strong>magni</strong></span> <span class='ocrx_word' id='word_1_29' title='bbox 1757 628 1908 668; x_wconf 88' lang='lat' dir='ltr'><strong>mou-</strong></span> 
     </span>
    </p>
   </div>
   <div class='ocr_carea' id='block_1_5' title="bbox 325 703 1902 777">
    <p class='ocr_par' dir='ltr' id='par_1_5' title="bbox 325 703 1902 777">
     <span class='ocr_line' id='line_1_5' title="bbox 325 703 1902 777; baseline 0.004 -22"><span class='ocrx_word' id='word_1_30' title='bbox 325 711 407 756; x_wconf 92' lang='lat' dir='ltr'><strong>tes</strong></span> <span class='ocrx_word' id='word_1_31' title='bbox 428 743 444 766; x_wconf 92' lang='lat'><strong>,</strong></span> <span class='ocrx_word' id='word_1_32' title='bbox 473 703 685 770; x_wconf 77' lang='lat' dir='ltr'><strong>superbi</strong></span> <span class='ocrx_word' id='word_1_33' title='bbox 711 745 726 764; x_wconf 94' lang='lat'><strong>,</strong></span> <span class='ocrx_word' id='word_1_34' title='bbox 752 712 957 759; x_wconf 89' lang='lat' dir='ltr'><strong>montes</strong></span> <span class='ocrx_word' id='word_1_35' title='bbox 984 703 1224 775; x_wconf 77' lang='lat' dir='ltr'><strong>ingentes</strong></span> <span class='ocrx_word' id='word_1_36' title='bbox 1246 747 1262 770; x_wconf 90' lang='lat'><strong>,</strong></span> <span class='ocrx_word' id='word_1_37' title='bbox 1291 722 1396 760; x_wconf 90' lang='lat' dir='ltr'><strong>non</strong></span> <span class='ocrx_word' id='word_1_38' title='bbox 1417 706 1671 777; x_wconf 77' lang='lat' dir='ltr'><strong>rogabam</strong></span> <span class='ocrx_word' id='word_1_39' title='bbox 1698 707 1862 761; x_wconf 89' lang='lat' dir='ltr'><strong>Deum</strong></span> <span class='ocrx_word' id='word_1_40' title='bbox 1887 726 1902 760; x_wconf 94' lang='lat'><strong>:</strong></span> 
     </span>
    </p>
   </div>
   <div class='ocr_carea' id='block_1_6' title="bbox 320 794 1905 868">
    <p class='ocr_par' dir='ltr' id='par_1_6' title="bbox 320 794 1905 868">
     <span class='ocr_line' id='line_1_6' title="bbox 320 794 1905 868; baseline 0.002 -20"><span class='ocrx_word' id='word_1_41' title='bbox 320 808 382 848; x_wconf 89' lang='lat' dir='ltr'><strong>se</strong></span> <span class='ocrx_word' id='word_1_42' title='bbox 407 794 580 863; x_wconf 83' lang='lat' dir='ltr'><strong>rogari</strong></span> <span class='ocrx_word' id='word_1_43' title='bbox 608 795 895 861; x_wconf 85' lang='lat' dir='ltr'><strong>volebant,</strong></span> <span class='ocrx_word' id='word_1_44' title='bbox 924 805 976 850; x_wconf 90' lang='lat' dir='ltr'><strong>et</strong></span> <span class='ocrx_word' id='word_1_45' title='bbox 997 797 1322 865; x_wconf 85' lang='lat' dir='ltr'><strong>superiorem</strong></span> <span class='ocrx_word' id='word_1_46' title='bbox 1348 812 1451 852; x_wconf 89' lang='lat' dir='ltr'><strong>non</strong></span> <span class='ocrx_word' id='word_1_47' title='bbox 1473 798 1746 868; x_wconf 74' lang='lat' dir='ltr'><strong>rogabant.</strong></span> <span class='ocrx_word' id='word_1_48' title='bbox 1777 797 1905 864; x_wconf 86' lang='lat' dir='ltr'><strong>Quis</strong></span> 
     </span>
    </p>
   </div>
   <div class='ocr_carea' id='block_1_7' title="bbox 320 885 1902 960">
    <p class='ocr_par' dir='ltr' id='par_1_7' title="bbox 320 885 1902 960">
     <span class='ocr_line' id='line_1_7' title="bbox 320 885 1902 960; baseline 0.003 -21"><span class='ocrx_word' id='word_1_49' title='bbox 320 885 462 939; x_wconf 89' lang='lat' dir='ltr'><strong>enim</strong></span> <span class='ocrx_word' id='word_1_50' title='bbox 505 893 726 954; x_wconf 87' lang='lat' dir='ltr'><strong>potens,</strong></span> <span class='ocrx_word' id='word_1_51' title='bbox 768 895 823 941; x_wconf 91' lang='lat' dir='ltr'><strong>et</strong></span> <span class='ocrx_word' id='word_1_52' title='bbox 861 888 1090 942; x_wconf 89' lang='lat' dir='ltr'><strong>tumidus</strong></span> <span class='ocrx_word' id='word_1_53' title='bbox 1113 931 1126 951; x_wconf 91' lang='lat'><strong>,</strong></span> <span class='ocrx_word' id='word_1_54' title='bbox 1167 897 1221 942; x_wconf 90' lang='lat' dir='ltr'><strong>ct</strong></span> <span class='ocrx_word' id='word_1_55' title='bbox 1249 889 1505 957; x_wconf 81' lang='lat' dir='ltr'><strong>superbus</strong></span> <span class='ocrx_word' id='word_1_56' title='bbox 1531 891 1582 943; x_wconf 93' lang='lat' dir='ltr'><strong>in</strong></span> <span class='ocrx_word' id='word_1_57' title='bbox 1613 898 1748 944; x_wconf 86' lang='lat' dir='ltr'><strong>terra</strong></span> <span class='ocrx_word' id='word_1_58' title='bbox 1771 932 1786 956; x_wconf 92' lang='lat'><strong>,</strong></span> <span class='ocrx_word' id='word_1_59' title='bbox 1814 892 1902 960; x_wconf 86' lang='lat' dir='ltr'><strong>qui</strong></span> 
     </span>
    </p>
   </div>
   <div class='ocr_carea' id='block_1_8' title="bbox 321 976 1900 1051">
    <p class='ocr_par' dir='ltr' id='par_1_8' title="bbox 321 976 1900 1051">
     <span class='ocr_line' id='line_1_8' title="bbox 321 976 1900 1051; baseline 0.004 -21"><span class='ocrx_word' id='word_1_60' title='bbox 321 977 568 1047; x_wconf 75' lang='lat' dir='ltr'><strong>dignetur</strong></span> <span class='ocrx_word' id='word_1_61' title='bbox 610 976 877 1032; x_wconf 78' lang='lat' dir='ltr'><strong>humiliter</strong></span> <span class='ocrx_word' id='word_1_62' title='bbox 914 993 1100 1047; x_wconf 78' lang='lat' dir='ltr'><strong>rogare</strong></span> <span class='ocrx_word' id='word_1_63' title='bbox 1140 979 1346 1034; x_wconf 88' lang='lat' dir='ltr'><strong>Deum?</strong></span> <span class='ocrx_word' id='word_1_64' title='bbox 1379 980 1451 1035; x_wconf 92' lang='lat' dir='ltr'><strong>De</strong></span> <span class='ocrx_word' id='word_1_65' title='bbox 1480 981 1652 1050; x_wconf 84' lang='lat' dir='ltr'><strong>impiis</strong></span> <span class='ocrx_word' id='word_1_66' title='bbox 1680 982 1900 1051; x_wconf 89' lang='lat' dir='ltr'><strong>loquor,</strong></span> 
     </span>
    </p>
   </div>
   <div class='ocr_carea' id='block_1_9' title="bbox 314 1066 1900 1144">
    <p class='ocr_par' dir='ltr' id='par_1_9' title="bbox 314 1066 1900 1144">
     <span class='ocr_line' id='line_1_9' title="bbox 314 1066 1900 1144; baseline 0.006 -23"><span class='ocrx_word' id='word_1_67' title='bbox 314 1082 424 1122; x_wconf 79' lang='lat' dir='ltr'><strong>non</strong></span> <span class='ocrx_word' id='word_1_68' title='bbox 449 1066 520 1122; x_wconf 90' lang='lat' dir='ltr'><strong>de</strong></span> <span class='ocrx_word' id='word_1_69' title='bbox 545 1067 720 1122; x_wconf 85' lang='lat' dir='ltr'><strong>cedris</strong></span> <span class='ocrx_word' id='word_1_70' title='bbox 750 1068 930 1122; x_wconf 83' lang='lat' dir='ltr'><strong>Libani</strong></span> <span class='ocrx_word' id='word_1_71' title='bbox 959 1084 1090 1138; x_wconf 88' lang='lat' dir='ltr'><strong>quas</strong></span> <span class='ocrx_word' id='word_1_72' title='bbox 1116 1070 1371 1139; x_wconf 85' lang='lat' dir='ltr'><strong>plantavit</strong></span> <span class='ocrx_word' id='word_1_73' title='bbox 1397 1073 1674 1128; x_wconf 88' lang='lat' dir='ltr'><strong>Dominus.</strong></span> <span class='ocrx_word' id='word_1_74' title='bbox 1704 1073 1900 1144; x_wconf 91' lang='lat' dir='ltr'><strong>Impius</strong></span> 
     </span>
    </p>
   </div>
   <div class='ocr_carea' id='block_1_10' title="bbox 315 1157 1904 1230">
    <p class='ocr_par' dir='ltr' id='par_1_10' title="bbox 315 1157 1904 1230">
     <span class='ocr_line' id='line_1_10' title="bbox 315 1157 1904 1230; baseline 0.006 -19"><span class='ocrx_word' id='word_1_75' title='bbox 315 1158 574 1226; x_wconf 91' lang='lat' dir='ltr'><strong>quilibet,</strong></span> <span class='ocrx_word' id='word_1_76' title='bbox 617 1157 798 1212; x_wconf 81' lang='lat' dir='ltr'><strong>infelix</strong></span> <span class='ocrx_word' id='word_1_77' title='bbox 835 1160 1007 1213; x_wconf 88' lang='lat' dir='ltr'><strong>anima</strong></span> <span class='ocrx_word' id='word_1_78' title='bbox 1029 1201 1044 1224; x_wconf 90' lang='lat'><strong>,</strong></span> <span class='ocrx_word' id='word_1_79' title='bbox 1077 1176 1262 1230; x_wconf 74' lang='lat' dir='ltr'><strong>rogare</strong></span> <span class='ocrx_word' id='word_1_80' title='bbox 1293 1163 1456 1217; x_wconf 91' lang='lat' dir='ltr'><strong>Deum</strong></span> <span class='ocrx_word' id='word_1_81' title='bbox 1483 1166 1683 1228; x_wconf 89' lang='lat' dir='ltr'><strong>nescit,</strong></span> <span class='ocrx_word' id='word_1_82' title='bbox 1710 1175 1762 1220; x_wconf 85' lang='lat' dir='ltr'><strong>et</strong></span> <span class='ocrx_word' id='word_1_83' title='bbox 1793 1166 1904 1221; x_wconf 90' lang='lat' dir='ltr'><strong>vult</strong></span> 
     </span>
    </p>
   </div>
   <div class='ocr_carea' id='block_1_11' title="bbox 317 1249 1902 1328">
    <p class='ocr_par' dir='ltr' id='par_1_11' title="bbox 317 1249 1902 1328">
     <span class='ocr_line' id='line_1_11' title="bbox 317 1249 1902 1328; baseline 0.005 -24"><span class='ocrx_word' id='word_1_84' title='bbox 317 1264 374 1304; x_wconf 84' lang='lat' dir='ltr'><strong>se</strong></span> <span class='ocrx_word' id='word_1_85' title='bbox 404 1250 582 1320; x_wconf 82' lang='lat' dir='ltr'><strong>rogari</strong></span> <span class='ocrx_word' id='word_1_86' title='bbox 607 1249 676 1304; x_wconf 88' lang='lat' dir='ltr'><strong>ab</strong></span> <span class='ocrx_word' id='word_1_87' title='bbox 703 1249 1027 1305; x_wconf 89' lang='lat' dir='ltr'><strong>hominibus.</strong></span> <span class='ocrx_word' id='word_1_88' title='bbox 1053 1251 1203 1306; x_wconf 85' lang='lat' dir='ltr'><strong>Mons</strong></span> <span class='ocrx_word' id='word_1_89' title='bbox 1223 1263 1342 1318; x_wconf 89' lang='lat' dir='ltr'><strong>est,</strong></span> <span class='ocrx_word' id='word_1_90' title='bbox 1372 1270 1505 1322; x_wconf 90' lang='lat' dir='ltr'><strong>opus</strong></span> <span class='ocrx_word' id='word_1_91' title='bbox 1532 1265 1614 1311; x_wconf 90' lang='lat' dir='ltr'><strong>cst</strong></span> <span class='ocrx_word' id='word_1_92' title='bbox 1637 1266 1695 1311; x_wconf 92' lang='lat' dir='ltr'><strong>ut</strong></span> <span class='ocrx_word' id='word_1_93' title='bbox 1721 1266 1902 1328; x_wconf 77' lang='lat' dir='ltr'><strong>tangat</strong></span> 
     </span>
    </p>
   </div>
   <div class='ocr_carea' id='block_1_12' title="bbox 313 1339 1897 1424">
    <p class='ocr_par' dir='ltr' id='par_1_12' title="bbox 313 1339 1897 1424">
     <span class='ocr_line' id='line_1_12' title="bbox 313 1339 1897 1424; baseline 0.005 -29"><span class='ocrx_word' id='word_1_94' title='bbox 313 1341 461 1396; x_wconf 78' lang='lat' dir='ltr'><strong>illum</strong></span> <span class='ocrx_word' id='word_1_95' title='bbox 507 1341 683 1406; x_wconf 88' lang='lat' dir='ltr'><strong>Deus,</strong></span> <span class='ocrx_word' id='word_1_96' title='bbox 726 1347 780 1394; x_wconf 90' lang='lat' dir='ltr'><strong>et</strong></span> <span class='ocrx_word' id='word_1_97' title='bbox 817 1339 1036 1411; x_wconf 77' lang='lat' dir='ltr'><strong>fumiget</strong></span> <span class='ocrx_word' id='word_1_98' title='bbox 1073 1359 1087 1394; x_wconf 94' lang='lat'><strong>:</strong></span> <span class='ocrx_word' id='word_1_99' title='bbox 1127 1343 1337 1412; x_wconf 88' lang='lat' dir='ltr'><strong>quando</strong></span> <span class='ocrx_word' id='word_1_100' title='bbox 1360 1346 1579 1414; x_wconf 84' lang='lat' dir='ltr'><strong>coeperit</strong></span> <span class='ocrx_word' id='word_1_101' title='bbox 1603 1347 1858 1424; x_wconf 78' lang='lat' dir='ltr'><strong>fumigare</strong></span> <span class='ocrx_word' id='word_1_102' title='bbox 1881 1389 1897 1416; x_wconf 88' lang='lat'><strong>,</strong></span> 
     </span>
    </p>
   </div>
   <div class='ocr_carea' id='block_1_13' title="bbox 314 1433 1900 1505">
    <p class='ocr_par' dir='ltr' id='par_1_13' title="bbox 314 1433 1900 1505">
     <span class='ocr_line' id='line_1_13' title="bbox 314 1433 1900 1505; baseline 0.007 -18"><span class='ocrx_word' id='word_1_103' title='bbox 314 1433 460 1488; x_wconf 85' lang='lat' dir='ltr'><strong>dabit</strong></span> <span class='ocrx_word' id='word_1_104' title='bbox 483 1433 592 1487; x_wconf 85' lang='lat' dir='ltr'><strong>Deo</strong></span> <span class='ocrx_word' id='word_1_105' title='bbox 613 1448 822 1501; x_wconf 84' lang='lat' dir='ltr'><strong>precem</strong></span> <span class='ocrx_word' id='word_1_106' title='bbox 848 1475 862 1500; x_wconf 91' lang='lat'><strong>,</strong></span> <span class='ocrx_word' id='word_1_107' title='bbox 893 1445 1136 1505; x_wconf 88' lang='lat' dir='ltr'><strong>tanquam</strong></span> <span class='ocrx_word' id='word_1_108' title='bbox 1157 1437 1472 1493; x_wconf 90' lang='lat' dir='ltr'><strong>sacrilicium</strong></span> <span class='ocrx_word' id='word_1_109' title='bbox 1497 1441 1690 1495; x_wconf 90' lang='lat' dir='ltr'><strong>cordis.</strong></span> <span class='ocrx_word' id='word_1_110' title='bbox 1722 1441 1900 1498; x_wconf 89' lang='lat' dir='ltr'><strong>Fumi-</strong></span> 
     </span>
    </p>
   </div>
   <div class='ocr_carea' id='block_1_14' title="bbox 313 1525 1896 1602">
    <p class='ocr_par' dir='ltr' id='par_1_14' title="bbox 313 1525 1896 1602">
     <span class='ocr_line' id='line_1_14' title="bbox 313 1525 1896 1602; baseline 0.004 -20"><span class='ocrx_word' id='word_1_111' title='bbox 313 1537 400 1597; x_wconf 79' lang='lat' dir='ltr'><strong>gat</strong></span> <span class='ocrx_word' id='word_1_112' title='bbox 432 1527 501 1595; x_wconf 80' lang='lat' dir='ltr'><strong>ad</strong></span> <span class='ocrx_word' id='word_1_113' title='bbox 534 1525 700 1581; x_wconf 90' lang='lat' dir='ltr'><strong>Deum</strong></span> <span class='ocrx_word' id='word_1_114' title='bbox 727 1566 742 1590; x_wconf 92' lang='lat'><strong>,</strong></span> <span class='ocrx_word' id='word_1_115' title='bbox 771 1525 964 1581; x_wconf 88' lang='lat' dir='ltr'><strong>deinde</strong></span> <span class='ocrx_word' id='word_1_116' title='bbox 994 1528 1163 1583; x_wconf 89' lang='lat' dir='ltr'><strong>tundit</strong></span> <span class='ocrx_word' id='word_1_117' title='bbox 1189 1539 1372 1597; x_wconf 90' lang='lat' dir='ltr'><strong>pectus</strong></span> <span class='ocrx_word' id='word_1_118' title='bbox 1403 1547 1416 1583; x_wconf 91' lang='lat'><strong>:</strong></span> <span class='ocrx_word' id='word_1_119' title='bbox 1447 1531 1627 1602; x_wconf 89' lang='lat' dir='ltr'><strong>incipit</strong></span> <span class='ocrx_word' id='word_1_120' title='bbox 1653 1543 1707 1587; x_wconf 91' lang='lat' dir='ltr'><strong>et</strong></span> <span class='ocrx_word' id='word_1_121' title='bbox 1733 1534 1896 1600; x_wconf 87' lang='lat' dir='ltr'><strong>ﬂere,</strong></span> 
     </span>
    </p>
   </div>
   <div class='ocr_carea' id='block_1_15' title="bbox 314 1617 1892 1698">
    <p class='ocr_par' dir='ltr' id='par_1_15' title="bbox 314 1617 1892 1698">
     <span class='ocr_line' id='line_1_15' title="bbox 314 1617 1892 1698; baseline 0.005 -28"><span class='ocrx_word' id='word_1_122' title='bbox 314 1619 433 1688; x_wconf 87' lang='lat' dir='ltr'><strong>quia</strong></span> <span class='ocrx_word' id='word_1_123' title='bbox 465 1626 523 1671; x_wconf 86' lang='lat' dir='ltr'><strong>et</strong></span> <span class='ocrx_word' id='word_1_124' title='bbox 551 1617 724 1671; x_wconf 86' lang='lat' dir='ltr'><strong>fumus</strong></span> <span class='ocrx_word' id='word_1_125' title='bbox 748 1617 948 1671; x_wconf 82' lang='lat' dir='ltr'><strong>excutit</strong></span> <span class='ocrx_word' id='word_1_126' title='bbox 971 1617 1251 1698; x_wconf 80' lang='lat' dir='ltr'><strong>lacrymas.</strong></span> <span class='ocrx_word' id='word_1_127' title='bbox 1280 1620 1379 1686; x_wconf 81' lang='lat' dir='ltr'><strong>Qui</strong></span> <span class='ocrx_word' id='word_1_128' title='bbox 1405 1623 1562 1693; x_wconf 87' lang='lat' dir='ltr'><strong>tangit</strong></span> <span class='ocrx_word' id='word_1_129' title='bbox 1588 1633 1776 1678; x_wconf 88' lang='lat' dir='ltr'><strong>montes</strong></span> <span class='ocrx_word' id='word_1_130' title='bbox 1798 1665 1815 1689; x_wconf 93' lang='lat'><strong>,</strong></span> <span class='ocrx_word' id='word_1_131' title='bbox 1845 1633 1892 1678; x_wconf 86' lang='lat' dir='ltr'><strong>et</strong></span> 
     </span>
    </p>
   </div>
   <div class='ocr_carea' id='block_1_16' title="bbox 313 1711 648 1783">
    <p class='ocr_par' dir='ltr' id='par_1_16' title="bbox 313 1711 648 1783">
     <span class='ocr_line' id='line_1_16' title="bbox 313 1711 648 1783; baseline 0 -19"><span class='ocrx_word' id='word_1_132' title='bbox 313 1711 648 1783; x_wconf 80' lang='lat' dir='ltr'><strong>fumigabunt.</strong></span> 
     </span>
    </p>
   </div>
   <div class='ocr_carea' id='block_1_17' title="bbox 381 1803 1896 1879">
    <p class='ocr_par' dir='ltr' id='par_1_17' title="bbox 381 1803 1896 1879">
     <span class='ocr_line' id='line_1_17' title="bbox 381 1803 1896 1879; baseline 0.002 -21"><span class='ocrx_word' id='word_1_133' title='bbox 381 1805 466 1858; x_wconf 85' lang='grc'><strong>17.</strong></span> <span class='ocrx_word' id='word_1_134' title='bbox 496 1803 648 1876; x_wconf 82' lang='lat' dir='ltr'><strong>[vers.</strong></span> <span class='ocrx_word' id='word_1_135' title='bbox 673 1805 786 1879; x_wconf 78' lang='lat'><strong>35.]</strong></span> <span class='ocrx_word' id='word_1_136' title='bbox 803 1805 1024 1861; x_wconf 73' lang='lat' dir='ltr'><strong>Cuntalro</strong></span> <span class='ocrx_word' id='word_1_137' title='bbox 1042 1807 1259 1861; x_wconf 86' lang='lat' dir='ltr'><strong>Domino</strong></span> <span class='ocrx_word' id='word_1_138' title='bbox 1282 1807 1335 1860; x_wconf 89' lang='lat' dir='ltr'><strong>in</strong></span> <span class='ocrx_word' id='word_1_139' title='bbox 1353 1808 1454 1860; x_wconf 85' lang='lat' dir='ltr'><strong>vita</strong></span> <span class='ocrx_word' id='word_1_140' title='bbox 1471 1823 1598 1860; x_wconf 86' lang='lat' dir='ltr'><strong>mea.</strong></span> <span class='ocrx_word' id='word_1_141' title='bbox 1625 1807 1758 1875; x_wconf 84' lang='lat' dir='ltr'><strong>Quid</strong></span> <span class='ocrx_word' id='word_1_142' title='bbox 1780 1821 1896 1861; x_wconf 86' lang='lat' dir='ltr'><strong>can-</strong></span> 
     </span>
    </p>
   </div>
   <div class='ocr_carea' id='block_1_18' title="bbox 309 1895 1896 1968">
    <p class='ocr_par' dir='ltr' id='par_1_18' title="bbox 309 1895 1896 1968">
     <span class='ocr_line' id='line_1_18' title="bbox 309 1895 1896 1968; baseline 0.004 -21"><span class='ocrx_word' id='word_1_143' title='bbox 309 1895 465 1948; x_wconf 84' lang='lat' dir='ltr'><strong>tabit?</strong></span> <span class='ocrx_word' id='word_1_144' title='bbox 480 1895 674 1950; x_wconf 86' lang='lat' dir='ltr'><strong>Tutum</strong></span> <span class='ocrx_word' id='word_1_145' title='bbox 691 1897 940 1968; x_wconf 90' lang='lat' dir='ltr'><strong>quidquid</strong></span> <span class='ocrx_word' id='word_1_146' title='bbox 957 1900 1089 1965; x_wconf 70' lang='lat' dir='ltr'><strong>est‘,</strong></span> <span class='ocrx_word' id='word_1_147' title='bbox 1108 1899 1358 1953; x_wconf 89' lang='lat' dir='ltr'><strong>cantabit.</strong></span> <span class='ocrx_word' id='word_1_148' title='bbox 1375 1898 1658 1954; x_wconf 87' lang='lat' dir='ltr'><strong>Cantemus</strong></span> <span class='ocrx_word' id='word_1_149' title='bbox 1675 1899 1896 1954; x_wconf 86' lang='lat' dir='ltr'><strong>Domino</strong></span> 
     </span>
    </p>
   </div>
   <div class='ocr_carea' id='block_1_19' title="bbox 310 1988 1894 2063">
    <p class='ocr_par' dir='ltr' id='par_1_19' title="bbox 310 1988 1894 2063">
     <span class='ocr_line' id='line_1_19' title="bbox 310 1988 1894 2063; baseline 0.004 -21"><span class='ocrx_word' id='word_1_150' title='bbox 310 1988 360 2042; x_wconf 92' lang='lat' dir='ltr'><strong>in</strong></span> <span class='ocrx_word' id='word_1_151' title='bbox 391 1991 497 2043; x_wconf 87' lang='lat' dir='ltr'><strong>vita</strong></span> <span class='ocrx_word' id='word_1_152' title='bbox 517 2001 721 2045; x_wconf 90' lang='lat' dir='ltr'><strong>nostra.</strong></span> <span class='ocrx_word' id='word_1_153' title='bbox 740 1991 860 2047; x_wconf 90' lang='lat' dir='ltr'><strong>Vita</strong></span> <span class='ocrx_word' id='word_1_154' title='bbox 903 2002 1080 2048; x_wconf 91' lang='lat' dir='ltr'><strong>nostra</strong></span> <span class='ocrx_word' id='word_1_155' title='bbox 1112 1993 1273 2048; x_wconf 92' lang='lat' dir='ltr'><strong>modo</strong></span> <span class='ocrx_word' id='word_1_156' title='bbox 1295 2007 1417 2063; x_wconf 85' lang='lat' dir='ltr'><strong>spes</strong></span> <span class='ocrx_word' id='word_1_157' title='bbox 1445 1993 1682 2058; x_wconf 89' lang='lat' dir='ltr'><strong>est;vita</strong></span> <span class='ocrx_word' id='word_1_158' title='bbox 1715 2001 1894 2049; x_wconf 88' lang='lat' dir='ltr'><strong>nostra</strong></span> 
     </span>
    </p>
   </div>
   <div class='ocr_carea' id='block_1_20' title="bbox 308 2084 1894 2156">
    <p class='ocr_par' dir='ltr' id='par_1_20' title="bbox 308 2084 1894 2156">
     <span class='ocr_line' id='line_1_20' title="bbox 308 2084 1894 2156; baseline 0.004 -22"><span class='ocrx_word' id='word_1_159' title='bbox 308 2090 491 2150; x_wconf 89' lang='lat' dir='ltr'><strong>postea</strong></span> <span class='ocrx_word' id='word_1_160' title='bbox 524 2084 794 2138; x_wconf 65' lang='lat' dir='ltr'><strong>aeternitas</strong></span> <span class='ocrx_word' id='word_1_161' title='bbox 819 2085 921 2139; x_wconf 91' lang='lat' dir='ltr'><strong>erit</strong></span> <span class='ocrx_word' id='word_1_162' title='bbox 943 2103 955 2138; x_wconf 90' lang='lat'><strong>:</strong></span> <span class='ocrx_word' id='word_1_163' title='bbox 975 2085 1078 2139; x_wconf 87' lang='lat' dir='ltr'><strong>vita</strong></span> <span class='ocrx_word' id='word_1_164' title='bbox 1105 2085 1226 2140; x_wconf 65' lang='lat' dir='ltr'><strong>vitae</strong></span> <span class='ocrx_word' id='word_1_165' title='bbox 1251 2085 1512 2151; x_wconf 85' lang='lat' dir='ltr'><strong>mortalis,</strong></span> <span class='ocrx_word' id='word_1_166' title='bbox 1531 2100 1652 2156; x_wconf 86' lang='lat' dir='ltr'><strong>spes</strong></span> <span class='ocrx_word' id='word_1_167' title='bbox 1676 2093 1758 2150; x_wconf 75' lang='lat' dir='ltr'><strong>est</strong></span> <span class='ocrx_word' id='word_1_168' title='bbox 1776 2085 1894 2141; x_wconf 66' lang='lat' dir='ltr'><strong>vita:</strong></span> 
     </span>
    </p>
   </div>
   <div class='ocr_carea' id='block_1_21' title="bbox 308 2174 1892 2247">
    <p class='ocr_par' dir='ltr' id='par_1_21' title="bbox 308 2174 1892 2247">
     <span class='ocr_line' id='line_1_21' title="bbox 308 2174 1892 2247; baseline 0.004 -22"><span class='ocrx_word' id='word_1_169' title='bbox 308 2174 646 2230; x_wconf 85' lang='lat' dir='ltr'><strong>Immortalis.</strong></span> <span class='ocrx_word' id='word_1_170' title='bbox 677 2174 900 2230; x_wconf 80' lang='lat' dir='ltr'><strong>Cantabo</strong></span> <span class='ocrx_word' id='word_1_171' title='bbox 925 2175 1142 2231; x_wconf 84' lang='lat' dir='ltr'><strong>Domino</strong></span> <span class='ocrx_word' id='word_1_172' title='bbox 1166 2177 1218 2230; x_wconf 86' lang='lat' dir='ltr'><strong>in</strong></span> <span class='ocrx_word' id='word_1_173' title='bbox 1247 2177 1347 2230; x_wconf 86' lang='lat' dir='ltr'><strong>vita</strong></span> <span class='ocrx_word' id='word_1_174' title='bbox 1366 2194 1512 2242; x_wconf 82' lang='lat' dir='ltr'><strong>mea;</strong></span> <span class='ocrx_word' id='word_1_175' title='bbox 1539 2177 1770 2247; x_wconf 74' lang='lat' dir='ltr'><strong>psallam</strong></span> <span class='ocrx_word' id='word_1_176' title='bbox 1786 2177 1892 2232; x_wconf 76' lang='lat' dir='ltr'><strong>Deo</strong></span> 
     </span>
    </p>
   </div>
   <div class='ocr_carea' id='block_1_22' title="bbox 307 2265 1886 2336">
    <p class='ocr_par' dir='ltr' id='par_1_22' title="bbox 307 2265 1886 2336">
     <span class='ocr_line' id='line_1_22' title="bbox 307 2265 1886 2336; baseline 0.005 -20"><span class='ocrx_word' id='word_1_177' title='bbox 307 2280 413 2317; x_wconf 83' lang='lat' dir='ltr'><strong>meo</strong></span> <span class='ocrx_word' id='word_1_178' title='bbox 439 2306 454 2330; x_wconf 90' lang='lat'><strong>,</strong></span> <span class='ocrx_word' id='word_1_179' title='bbox 500 2265 744 2330; x_wconf 80' lang='lat' dir='ltr'><strong>quamdiu</strong></span> <span class='ocrx_word' id='word_1_180' title='bbox 783 2284 912 2320; x_wconf 88' lang='lat' dir='ltr'><strong>sum.</strong></span> <span class='ocrx_word' id='word_1_181' title='bbox 957 2268 1214 2333; x_wconf 89' lang='lat' dir='ltr'><strong>Quoniam</strong></span> <span class='ocrx_word' id='word_1_182' title='bbox 1255 2269 1307 2322; x_wconf 90' lang='lat' dir='ltr'><strong>in</strong></span> <span class='ocrx_word' id='word_1_183' title='bbox 1344 2269 1435 2322; x_wconf 87' lang='lat' dir='ltr'><strong>illo</strong></span> <span class='ocrx_word' id='word_1_184' title='bbox 1459 2268 1575 2324; x_wconf 89' lang='lat' dir='ltr'><strong>sine</strong></span> <span class='ocrx_word' id='word_1_185' title='bbox 1599 2269 1704 2324; x_wconf 88' lang='lat' dir='ltr'><strong>ﬁne</strong></span> <span class='ocrx_word' id='word_1_186' title='bbox 1732 2284 1848 2324; x_wconf 91' lang='lat' dir='ltr'><strong>sum</strong></span> <span class='ocrx_word' id='word_1_187' title='bbox 1870 2312 1886 2336; x_wconf 95' lang='lat'><strong>,</strong></span> 
     </span>
    </p>
   </div>
   <div class='ocr_carea' id='block_1_23' title="bbox 307 2356 1890 2430">
    <p class='ocr_par' dir='ltr' id='par_1_23' title="bbox 307 2356 1890 2430">
     <span class='ocr_line' id='line_1_23' title="bbox 307 2356 1890 2430; baseline 0.006 -23"><span class='ocrx_word' id='word_1_188' title='bbox 307 2356 556 2424; x_wconf 85' lang='lat' dir='ltr'><strong>quamdiu</strong></span> <span class='ocrx_word' id='word_1_189' title='bbox 579 2370 697 2410; x_wconf 90' lang='lat' dir='ltr'><strong>sum</strong></span> <span class='ocrx_word' id='word_1_190' title='bbox 718 2399 732 2423; x_wconf 92' lang='lat'><strong>,</strong></span> <span class='ocrx_word' id='word_1_191' title='bbox 761 2359 977 2426; x_wconf 86' lang='lat' dir='ltr'><strong>psallam</strong></span> <span class='ocrx_word' id='word_1_192' title='bbox 1013 2359 1120 2414; x_wconf 90' lang='lat' dir='ltr'><strong>Deo</strong></span> <span class='ocrx_word' id='word_1_193' title='bbox 1144 2374 1284 2413; x_wconf 86' lang='lat' dir='ltr'><strong>meo.</strong></span> <span class='ocrx_word' id='word_1_194' title='bbox 1314 2358 1391 2412; x_wconf 89' lang='lat' dir='ltr'><strong>Ne</strong></span> <span class='ocrx_word' id='word_1_195' title='bbox 1412 2357 1548 2414; x_wconf 89' lang='lat' dir='ltr'><strong>forte</strong></span> <span class='ocrx_word' id='word_1_196' title='bbox 1567 2375 1686 2414; x_wconf 92' lang='lat' dir='ltr'><strong>cum</strong></span> <span class='ocrx_word' id='word_1_197' title='bbox 1709 2375 1890 2430; x_wconf 75' lang='lat' dir='ltr'><strong>cmpe-</strong></span> 
     </span>
    </p>
   </div>
   <div class='ocr_carea' id='block_1_24' title="bbox 305 2447 1890 2520">
    <p class='ocr_par' dir='ltr' id='par_1_24' title="bbox 305 2447 1890 2520">
     <span class='ocr_line' id='line_1_24' title="bbox 305 2447 1890 2520; baseline 0.004 -20"><span class='ocrx_word' id='word_1_198' title='bbox 305 2447 472 2500; x_wconf 89' lang='lat' dir='ltr'><strong>rimus</strong></span> <span class='ocrx_word' id='word_1_199' title='bbox 516 2448 744 2516; x_wconf 84' lang='lat' dir='ltr'><strong>psallere</strong></span> <span class='ocrx_word' id='word_1_200' title='bbox 785 2449 892 2504; x_wconf 88' lang='lat' dir='ltr'><strong>Deo</strong></span> <span class='ocrx_word' id='word_1_201' title='bbox 927 2450 980 2502; x_wconf 91' lang='lat' dir='ltr'><strong>in</strong></span> <span class='ocrx_word' id='word_1_202' title='bbox 1011 2451 1094 2503; x_wconf 90' lang='lat' dir='ltr'><strong>illa</strong></span> <span class='ocrx_word' id='word_1_203' title='bbox 1125 2451 1369 2518; x_wconf 88' lang='lat' dir='ltr'><strong>civitate,</strong></span> <span class='ocrx_word' id='word_1_204' title='bbox 1398 2460 1641 2520; x_wconf 87' lang='lat' dir='ltr'><strong>putemus</strong></span> <span class='ocrx_word' id='word_1_205' title='bbox 1665 2468 1763 2506; x_wconf 92' lang='lat' dir='ltr'><strong>nos</strong></span> <span class='ocrx_word' id='word_1_206' title='bbox 1788 2453 1890 2506; x_wconf 81' lang='lat' dir='ltr'><strong>ali-</strong></span> 
     </span>
    </p>
   </div>
   <div class='ocr_carea' id='block_1_25' title="bbox 305 2537 1883 2611">
    <p class='ocr_par' dir='ltr' id='par_1_25' title="bbox 305 2537 1883 2611">
     <span class='ocr_line' id='line_1_25' title="bbox 305 2537 1883 2611; baseline 0.004 -21"><span class='ocrx_word' id='word_1_207' title='bbox 305 2537 429 2606; x_wconf 82' lang='lat' dir='ltr'><strong>quid</strong></span> <span class='ocrx_word' id='word_1_208' title='bbox 459 2537 603 2592; x_wconf 90' lang='lat' dir='ltr'><strong>aliud</strong></span> <span class='ocrx_word' id='word_1_209' title='bbox 636 2545 846 2594; x_wconf 91' lang='lat' dir='ltr'><strong>acturos</strong></span> <span class='ocrx_word' id='word_1_210' title='bbox 873 2558 886 2592; x_wconf 92' lang='lat'><strong>:</strong></span> <span class='ocrx_word' id='word_1_211' title='bbox 917 2549 1022 2594; x_wconf 91' lang='lat' dir='ltr'><strong>tota</strong></span> <span class='ocrx_word' id='word_1_212' title='bbox 1053 2542 1156 2594; x_wconf 83' lang='lat' dir='ltr'><strong>vita</strong></span> <span class='ocrx_word' id='word_1_213' title='bbox 1183 2552 1360 2595; x_wconf 87' lang='lat' dir='ltr'><strong>nostra</strong></span> <span class='ocrx_word' id='word_1_214' title='bbox 1383 2543 1484 2596; x_wconf 86' lang='lat' dir='ltr'><strong>erit</strong></span> <span class='ocrx_word' id='word_1_215' title='bbox 1511 2543 1733 2611; x_wconf 91' lang='lat' dir='ltr'><strong>psallere</strong></span> <span class='ocrx_word' id='word_1_216' title='bbox 1756 2543 1883 2599; x_wconf 84' lang='lat' dir='ltr'><strong>Deo.</strong></span> 
     </span>
    </p>
   </div>
   <div class='ocr_carea' id='block_1_26' title="bbox 306 2627 1888 2704">
    <p class='ocr_par' dir='ltr' id='par_1_26' title="bbox 306 2627 1888 2704">
     <span class='ocr_line' id='line_1_26' title="bbox 306 2627 1888 2704; baseline 0.005 -21"><span class='ocrx_word' id='word_1_217' title='bbox 306 2627 357 2683; x_wconf 88' lang='lat' dir='ltr'><strong>Si</strong></span> <span class='ocrx_word' id='word_1_218' title='bbox 400 2629 585 2684; x_wconf 88' lang='lat' dir='ltr'><strong>veniet</strong></span> <span class='ocrx_word' id='word_1_219' title='bbox 627 2631 676 2683; x_wconf 90' lang='lat' dir='ltr'><strong>in</strong></span> <span class='ocrx_word' id='word_1_220' title='bbox 715 2630 976 2685; x_wconf 78' lang='lat' dir='ltr'><strong>fastidium</strong></span> <span class='ocrx_word' id='word_1_221' title='bbox 1005 2632 1144 2700; x_wconf 85' lang='lat' dir='ltr'><strong>quod</strong></span> <span class='ocrx_word' id='word_1_222' title='bbox 1170 2633 1479 2696; x_wconf 83' lang='lat' dir='ltr'><strong>laudamus,</strong></span> <span class='ocrx_word' id='word_1_223' title='bbox 1508 2644 1681 2704; x_wconf 87' lang='lat' dir='ltr'><strong>potest</strong></span> <span class='ocrx_word' id='word_1_224' title='bbox 1705 2638 1888 2691; x_wconf 81' lang='lat' dir='ltr'><strong>venire</strong></span> 
     </span>
    </p>
   </div>
   <div class='ocr_carea' id='block_1_27' title="bbox 304 2720 1890 2795">
    <p class='ocr_par' dir='ltr' id='par_1_27' title="bbox 304 2720 1890 2795">
     <span class='ocr_line' id='line_1_27' title="bbox 304 2720 1890 2795; baseline 0.005 -22"><span class='ocrx_word' id='word_1_225' title='bbox 304 2720 354 2774; x_wconf 91' lang='lat' dir='ltr'><strong>iu</strong></span> <span class='ocrx_word' id='word_1_226' title='bbox 385 2721 652 2776; x_wconf 89' lang='lat' dir='ltr'><strong>fastidium</strong></span> <span class='ocrx_word' id='word_1_227' title='bbox 676 2732 728 2776; x_wconf 90' lang='lat' dir='ltr'><strong>et</strong></span> <span class='ocrx_word' id='word_1_228' title='bbox 751 2731 926 2777; x_wconf 88' lang='lat' dir='ltr'><strong>nostra</strong></span> <span class='ocrx_word' id='word_1_229' title='bbox 956 2723 1205 2779; x_wconf 86' lang='lat' dir='ltr'><strong>laudatio.</strong></span> <span class='ocrx_word' id='word_1_230' title='bbox 1234 2725 1288 2778; x_wconf 86' lang='lat' dir='ltr'><strong>Si</strong></span> <span class='ocrx_word' id='word_1_231' title='bbox 1319 2739 1529 2795; x_wconf 86' lang='lat' dir='ltr'><strong>semper</strong></span> <span class='ocrx_word' id='word_1_232' title='bbox 1550 2727 1636 2780; x_wconf 90' lang='lat' dir='ltr'><strong>ille</strong></span> <span class='ocrx_word' id='word_1_233' title='bbox 1654 2735 1890 2790; x_wconf 79' lang='lat' dir='ltr'><strong>amatur;</strong></span> 
     </span>
    </p>
   </div>
   <div class='ocr_carea' id='block_1_28' title="bbox 303 2813 1884 2885">
    <p class='ocr_par' dir='ltr' id='par_1_28' title="bbox 303 2813 1884 2885">
     <span class='ocr_line' id='line_1_28' title="bbox 303 2813 1884 2885; baseline 0.004 -20"><span class='ocrx_word' id='word_1_234' title='bbox 303 2825 516 2882; x_wconf 64' lang='lat' dir='ltr'><strong>svmpcr</strong></span> <span class='ocrx_word' id='word_1_235' title='bbox 541 2829 571 2866; x_wconf 92' lang='lat' dir='ltr'><strong>a</strong></span> <span class='ocrx_word' id='word_1_236' title='bbox 597 2813 750 2869; x_wconf 86' lang='lat' dir='ltr'><strong>nobis</strong></span> <span class='ocrx_word' id='word_1_237' title='bbox 775 2814 1018 2869; x_wconf 87' lang='lat' dir='ltr'><strong>laudatur</strong></span> <span class='ocrx_word' id='word_1_238' title='bbox 1051 2834 1063 2870; x_wconf 88' lang='lat'><strong>:</strong></span> <span class='ocrx_word' id='word_1_239' title='bbox 1099 2815 1326 2869; x_wconf 83' lang='lat' dir='ltr'><strong>Psallam</strong></span> <span class='ocrx_word' id='word_1_240' title='bbox 1353 2815 1458 2871; x_wconf 90' lang='lat' dir='ltr'><strong>Deo</strong></span> <span class='ocrx_word' id='word_1_241' title='bbox 1479 2833 1586 2870; x_wconf 89' lang='lat' dir='ltr'><strong>meo</strong></span> <span class='ocrx_word' id='word_1_242' title='bbox 1605 2859 1620 2882; x_wconf 96' lang='lat'><strong>,</strong></span> <span class='ocrx_word' id='word_1_243' title='bbox 1642 2818 1884 2885; x_wconf 82' lang='lat' dir='ltr'><strong>quamdiu</strong></span> 
     </span>
    </p>
   </div>
   <div class='ocr_carea' id='block_1_29' title="bbox 301 2919 428 2957">
    <p class='ocr_par' dir='ltr' id='par_1_29' title="bbox 301 2919 428 2957">
     <span class='ocr_line' id='line_1_29' title="bbox 301 2919 428 2957; baseline -0.008 0"><span class='ocrx_word' id='word_1_244' title='bbox 301 2919 428 2957; x_wconf 68' lang='grc' dir='ltr'><strong>ιηπι.</strong></span> 
     </span>
    </p>
   </div>
   <div class='ocr_carea' id='block_1_30' title="bbox 368 2995 1883 3070">
    <p class='ocr_par' dir='ltr' id='par_1_30' title="bbox 368 2995 1883 3070">
     <span class='ocr_line' id='line_1_30' title="bbox 368 2995 1883 3070; baseline 0.002 -21"><span class='ocrx_word' id='word_1_245' title='bbox 368 2996 454 3050; x_wconf 73' lang='grc'><strong>18.</strong></span> <span class='ocrx_word' id='word_1_246' title='bbox 498 2995 650 3068; x_wconf 65' lang='lat' dir='ltr'><strong>[vei-3.</strong></span> <span class='ocrx_word' id='word_1_247' title='bbox 681 2996 794 3068; x_wconf 69' lang='lat' dir='ltr'><strong>5i.)</strong></span> <span class='ocrx_word' id='word_1_248' title='bbox 824 2996 1007 3051; x_wconf 87' lang='lat' dir='ltr'><strong>Suavis</strong></span> <span class='ocrx_word' id='word_1_249' title='bbox 1031 2997 1092 3050; x_wconf 84' lang='lat' dir='ltr'><strong>sit</strong></span> <span class='ocrx_word' id='word_1_250' title='bbox 1119 2999 1164 3050; x_wconf 85' lang='lat' dir='ltr'><strong>ei</strong></span> <span class='ocrx_word' id='word_1_251' title='bbox 1193 2998 1466 3068; x_wconf 85' lang='lat' dir='ltr'><strong>disputatio</strong></span> <span class='ocrx_word' id='word_1_252' title='bbox 1495 3014 1602 3050; x_wconf 86' lang='lat' dir='ltr'><strong>mea</strong></span> <span class='ocrx_word' id='word_1_253' title='bbox 1629 3015 1648 3051; x_wconf 89' lang='lat'><strong>:</strong></span> <span class='ocrx_word' id='word_1_254' title='bbox 1673 3015 1762 3070; x_wconf 89' lang='lat' dir='ltr'><strong>ego</strong></span> <span class='ocrx_word' id='word_1_255' title='bbox 1789 3016 1883 3054; x_wconf 88' lang='lat' dir='ltr'><strong>au-</strong></span> 
     </span>
    </p>
   </div>
   <div class='ocr_carea' id='block_1_31' title="bbox 301 3089 1882 3164">
    <p class='ocr_par' dir='ltr' id='par_1_31' title="bbox 301 3089 1882 3164">
     <span class='ocr_line' id='line_1_31' title="bbox 301 3089 1882 3164; baseline 0.004 -23"><span class='ocrx_word' id='word_1_256' title='bbox 301 3095 394 3141; x_wconf 85' lang='lat' dir='ltr'><strong>tem</strong></span> <span class='ocrx_word' id='word_1_257' title='bbox 433 3089 760 3158; x_wconf 81' lang='lat' dir='ltr'><strong>jucundabor</strong></span> <span class='ocrx_word' id='word_1_258' title='bbox 800 3091 854 3143; x_wconf 84' lang='lat' dir='ltr'><strong>in</strong></span> <span class='ocrx_word' id='word_1_259' title='bbox 895 3089 1134 3146; x_wconf 87' lang='lat' dir='ltr'><strong>Domino.</strong></span> <span class='ocrx_word' id='word_1_260' title='bbox 1183 3091 1365 3146; x_wconf 80' lang='lat' dir='ltr'><strong>Suavis</strong></span> <span class='ocrx_word' id='word_1_261' title='bbox 1413 3093 1478 3146; x_wconf 84' lang='lat' dir='ltr'><strong>sit</strong></span> <span class='ocrx_word' id='word_1_262' title='bbox 1524 3094 1570 3146; x_wconf 86' lang='lat' dir='ltr'><strong>ei</strong></span> <span class='ocrx_word' id='word_1_263' title='bbox 1609 3093 1882 3164; x_wconf 78' lang='lat' dir='ltr'><strong>disputatio</strong></span> 
     </span>
    </p>
   </div>
   <div class='ocr_carea' id='block_1_32' title="bbox 299 3183 1880 3253">
    <p class='ocr_par' dir='ltr' id='par_1_32' title="bbox 299 3183 1880 3253">
     <span class='ocr_line' id='line_1_32' title="bbox 299 3183 1880 3253; baseline 0.004 -20"><span class='ocrx_word' id='word_1_264' title='bbox 299 3199 404 3234; x_wconf 85' lang='lat' dir='ltr'><strong>mea</strong></span> <span class='ocrx_word' id='word_1_265' title='bbox 433 3199 451 3236; x_wconf 91' lang='lat'><strong>:</strong></span> <span class='ocrx_word' id='word_1_266' title='bbox 481 3199 602 3252; x_wconf 76' lang='lat' dir='ltr'><strong>qua:</strong></span> <span class='ocrx_word' id='word_1_267' title='bbox 629 3194 707 3238; x_wconf 91' lang='lat' dir='ltr'><strong>est</strong></span> <span class='ocrx_word' id='word_1_268' title='bbox 738 3183 1021 3253; x_wconf 87' lang='lat' dir='ltr'><strong>disputatio</strong></span> <span class='ocrx_word' id='word_1_269' title='bbox 1049 3184 1278 3239; x_wconf 84' lang='lat' dir='ltr'><strong>hominis</strong></span> <span class='ocrx_word' id='word_1_270' title='bbox 1303 3185 1366 3239; x_wconf 85' lang='lat' dir='ltr'><strong>ad</strong></span> <span class='ocrx_word' id='word_1_271' title='bbox 1386 3187 1564 3241; x_wconf 45' lang='lat' dir='ltr'><strong>«Deum</strong></span> <span class='ocrx_word' id='word_1_272' title='bbox 1585 3228 1598 3251; x_wconf 94' lang='lat'><strong>,</strong></span> <span class='ocrx_word' id='word_1_273' title='bbox 1623 3186 1722 3240; x_wconf 91' lang='lat' dir='ltr'><strong>nisi</strong></span> <span class='ocrx_word' id='word_1_274' title='bbox 1749 3200 1880 3241; x_wconf 86' lang='lat' dir='ltr'><strong>con-</strong></span> 
     </span>
    </p>
   </div>
   <div class='ocr_carea' id='block_1_33' title="bbox 299 3272 1879 3346">
    <p class='ocr_par' dir='ltr' id='par_1_33' title="bbox 299 3272 1879 3346">
     <span class='ocr_line' id='line_1_33' title="bbox 299 3272 1879 3346; baseline 0.003 -20"><span class='ocrx_word' id='word_1_275' title='bbox 299 3272 453 3329; x_wconf 80' lang='lat' dir='ltr'><strong>fessio</strong></span> <span class='ocrx_word' id='word_1_276' title='bbox 492 3276 868 3342; x_wconf 81' lang='lat' dir='ltr'><strong>peccatorum?</strong></span> <span class='ocrx_word' id='word_1_277' title='bbox 891 3273 1160 3331; x_wconf 88' lang='lat' dir='ltr'><strong>Couﬁtere</strong></span> <span class='ocrx_word' id='word_1_278' title='bbox 1192 3276 1300 3330; x_wconf 89' lang='lat' dir='ltr'><strong>Deo</strong></span> <span class='ocrx_word' id='word_1_279' title='bbox 1325 3276 1464 3346; x_wconf 91' lang='lat' dir='ltr'><strong>quod</strong></span> <span class='ocrx_word' id='word_1_280' title='bbox 1491 3291 1550 3331; x_wconf 88' lang='lat' dir='ltr'><strong>es</strong></span> <span class='ocrx_word' id='word_1_281' title='bbox 1569 3319 1583 3341; x_wconf 93' lang='lat'><strong>,</strong></span> <span class='ocrx_word' id='word_1_282' title='bbox 1614 3284 1668 3331; x_wconf 89' lang='lat' dir='ltr'><strong>et</strong></span> <span class='ocrx_word' id='word_1_283' title='bbox 1694 3276 1879 3346; x_wconf 90' lang='lat' dir='ltr'><strong>dispu-</strong></span> 
     </span>
    </p>
   </div>
   <div class='ocr_carea' id='block_1_34' title="bbox 299 3366 1881 3439">
    <p class='ocr_par' dir='ltr' id='par_1_34' title="bbox 299 3366 1881 3439">
     <span class='ocr_line' id='line_1_34' title="bbox 299 3366 1881 3439; baseline 0.004 -21"><span class='ocrx_word' id='word_1_284' title='bbox 299 3367 414 3420; x_wconf 87' lang='lat' dir='ltr'><strong>tasti</strong></span> <span class='ocrx_word' id='word_1_285' title='bbox 452 3383 572 3420; x_wconf 93' lang='lat' dir='ltr'><strong>cum</strong></span> <span class='ocrx_word' id='word_1_286' title='bbox 620 3366 730 3420; x_wconf 89' lang='lat' dir='ltr'><strong>illo.</strong></span> <span class='ocrx_word' id='word_1_287' title='bbox 769 3367 986 3436; x_wconf 89' lang='lat' dir='ltr'><strong>Disputa</strong></span> <span class='ocrx_word' id='word_1_288' title='bbox 1025 3383 1144 3422; x_wconf 91' lang='lat' dir='ltr'><strong>cum</strong></span> <span class='ocrx_word' id='word_1_289' title='bbox 1176 3368 1265 3423; x_wconf 91' lang='lat' dir='ltr'><strong>illo</strong></span> <span class='ocrx_word' id='word_1_290' title='bbox 1289 3411 1304 3433; x_wconf 90' lang='lat'><strong>,</strong></span> <span class='ocrx_word' id='word_1_291' title='bbox 1335 3369 1413 3423; x_wconf 89' lang='lat' dir='ltr'><strong>fac</strong></span> <span class='ocrx_word' id='word_1_292' title='bbox 1440 3369 1574 3425; x_wconf 89' lang='lat' dir='ltr'><strong>bona</strong></span> <span class='ocrx_word' id='word_1_293' title='bbox 1603 3384 1762 3439; x_wconf 86' lang='lat' dir='ltr'><strong>opera</strong></span> <span class='ocrx_word' id='word_1_294' title='bbox 1783 3412 1797 3437; x_wconf 96' lang='lat'><strong>,</strong></span> <span class='ocrx_word' id='word_1_295' title='bbox 1825 3379 1881 3425; x_wconf 90' lang='lat' dir='ltr'><strong>et</strong></span> 
     </span>
    </p>
   </div>
   <div class='ocr_carea' id='block_1_35' title="bbox 297 3456 1874 3529">
    <p class='ocr_par' dir='ltr' id='par_1_35' title="bbox 297 3456 1874 3529">
     <span class='ocr_line' id='line_1_35' title="bbox 297 3456 1874 3529; baseline 0.006 -19"><span class='ocrx_word' id='word_1_296' title='bbox 297 3456 518 3527; x_wconf 77' lang='lat' dir='ltr'><strong>disputa.</strong></span> <span class='ocrx_word' id='word_1_297' title='bbox 567 3477 587 3510; x_wconf 75' lang='grc' dir='ltr'><strong><em>ι</em></strong></span> <span class='ocrx_word' id='word_1_298' title='bbox 631 3459 940 3526; x_wconf 84' lang='lat' dir='ltr'><strong>Lavamini,</strong></span> <span class='ocrx_word' id='word_1_299' title='bbox 981 3460 1161 3515; x_wconf 90' lang='lat' dir='ltr'><strong>mundi</strong></span> <span class='ocrx_word' id='word_1_300' title='bbox 1203 3471 1406 3525; x_wconf 87' lang='lat' dir='ltr'><strong>estote,</strong></span> <span class='ocrx_word' id='word_1_301' title='bbox 1451 3482 1469 3514; x_wconf 75' lang='grc' dir='ltr'><strong><em>ι</em></strong></span> <span class='ocrx_word' id='word_1_302' title='bbox 1515 3463 1676 3518; x_wconf 85' lang='lat' dir='ltr'><strong>Isaias</strong></span> <span class='ocrx_word' id='word_1_303' title='bbox 1713 3464 1874 3529; x_wconf 89' lang='lat' dir='ltr'><strong>dicit,</strong></span> 
     </span>
    </p>
   </div>
   <div class='ocr_carea' id='block_1_36' title="bbox 301 3549 1876 3625">
    <p class='ocr_par' dir='ltr' id='par_1_36' title="bbox 301 3549 1876 3625">
     <span class='ocr_line' id='line_1_36' title="bbox 301 3549 1876 3625; baseline 0.008 -27"><span class='ocrx_word' id='word_1_304' title='bbox 301 3565 321 3598; x_wconf 75' lang='grc' dir='ltr'>ι</span> <span class='ocrx_word' id='word_1_305' title='bbox 375 3549 579 3604; x_wconf 90' lang='lat' dir='ltr'><strong>auferte</strong></span> <span class='ocrx_word' id='word_1_306' title='bbox 625 3550 889 3620; x_wconf 88' lang='lat' dir='ltr'><strong>nequitias</strong></span> <span class='ocrx_word' id='word_1_307' title='bbox 933 3551 1000 3606; x_wconf 86' lang='lat' dir='ltr'><strong>ab</strong></span> <span class='ocrx_word' id='word_1_308' title='bbox 1043 3553 1231 3606; x_wconf 92' lang='lat' dir='ltr'><strong>animis</strong></span> <span class='ocrx_word' id='word_1_309' title='bbox 1270 3554 1488 3620; x_wconf 88' lang='lat' dir='ltr'><strong>vestris,</strong></span> <span class='ocrx_word' id='word_1_310' title='bbox 1527 3569 1556 3608; x_wconf 91' lang='lat' dir='ltr'><strong>a</strong></span> <span class='ocrx_word' id='word_1_311' title='bbox 1593 3565 1876 3625; x_wconf 88' lang='lat' dir='ltr'><strong>conspectu</strong></span> 
     </span>
    </p>
   </div>
   <div class='ocr_carea' id='block_1_37' title="bbox 296 3640 1876 3716">
    <p class='ocr_par' dir='ltr' id='par_1_37' title="bbox 296 3640 1876 3716">
     <span class='ocr_line' id='line_1_37' title="bbox 296 3640 1876 3716; baseline 0.006 -25"><span class='ocrx_word' id='word_1_312' title='bbox 296 3640 563 3693; x_wconf 89' lang='lat' dir='ltr'><strong>oculorum</strong></span> <span class='ocrx_word' id='word_1_313' title='bbox 603 3655 883 3707; x_wconf 89' lang='lat' dir='ltr'><strong>meorum;</strong></span> <span class='ocrx_word' id='word_1_314' title='bbox 924 3651 1128 3698; x_wconf 89' lang='lat' dir='ltr'><strong>cessate</strong></span> <span class='ocrx_word' id='word_1_315' title='bbox 1169 3659 1198 3697; x_wconf 92' lang='lat' dir='ltr'><strong>a</strong></span> <span class='ocrx_word' id='word_1_316' title='bbox 1242 3646 1488 3716; x_wconf 82' lang='lat' dir='ltr'><strong>nequitiis</strong></span> <span class='ocrx_word' id='word_1_317' title='bbox 1525 3646 1714 3703; x_wconf 82' lang='lat' dir='ltr'><strong>vestris</strong></span> <span class='ocrx_word' id='word_1_318' title='bbox 1741 3687 1756 3711; x_wconf 93' lang='lat'><strong>,</strong></span> <span class='ocrx_word' id='word_1_319' title='bbox 1796 3646 1876 3701; x_wconf 91' lang='lat' dir='ltr'><strong>di-</strong></span> 
     </span>
    </p>
   </div>
   <div class='ocr_carea' id='block_1_38' title="bbox 298 3730 1877 3807">
    <p class='ocr_par' dir='ltr' id='par_1_38' title="bbox 298 3730 1877 3807">
     <span class='ocr_line' id='line_1_38' title="bbox 298 3730 1877 3807; baseline 0.005 -22"><span class='ocrx_word' id='word_1_320' title='bbox 298 3730 421 3786; x_wconf 85' lang='lat' dir='ltr'><strong>scite</strong></span> <span class='ocrx_word' id='word_1_321' title='bbox 462 3732 816 3800; x_wconf 85' lang='lat' dir='ltr'><strong>benefacere,</strong></span> <span class='ocrx_word' id='word_1_322' title='bbox 857 3734 1088 3804; x_wconf 75' lang='lat' dir='ltr'><strong>judicate</strong></span> <span class='ocrx_word' id='word_1_323' title='bbox 1131 3737 1334 3806; x_wconf 85' lang='lat' dir='ltr'><strong>pupillo</strong></span> <span class='ocrx_word' id='word_1_324' title='bbox 1357 3779 1372 3800; x_wconf 90' lang='lat'><strong>,</strong></span> <span class='ocrx_word' id='word_1_325' title='bbox 1411 3747 1464 3793; x_wconf 87' lang='lat' dir='ltr'><strong>et</strong></span> <span class='ocrx_word' id='word_1_326' title='bbox 1490 3737 1773 3807; x_wconf 83' lang='lat' dir='ltr'><strong>justiﬁeate</strong></span> <span class='ocrx_word' id='word_1_327' title='bbox 1797 3739 1877 3793; x_wconf 90' lang='lat' dir='ltr'><strong>vi-</strong></span> 
     </span>
    </p>
   </div>
   <div class='ocr_carea' id='block_1_39' title="bbox 296 3823 1871 3896">
    <p class='ocr_par' dir='ltr' id='par_1_39' title="bbox 296 3823 1871 3896">
     <span class='ocr_line' id='line_1_39' title="bbox 296 3823 1871 3896; baseline 0.004 -20"><span class='ocrx_word' id='word_1_328' title='bbox 296 3823 468 3890; x_wconf 87' lang='lat' dir='ltr'><strong>duam,</strong></span> <span class='ocrx_word' id='word_1_329' title='bbox 518 3835 573 3880; x_wconf 85' lang='lat' dir='ltr'><strong>et</strong></span> <span class='ocrx_word' id='word_1_330' title='bbox 609 3825 808 3888; x_wconf 82' lang='lat' dir='ltr'><strong>venite,</strong></span> <span class='ocrx_word' id='word_1_331' title='bbox 847 3826 1197 3896; x_wconf 87' lang='lat' dir='ltr'><strong>disputemus,</strong></span> <span class='ocrx_word' id='word_1_332' title='bbox 1228 3828 1354 3883; x_wconf 91' lang='lat' dir='ltr'><strong>dicit</strong></span> <span class='ocrx_word' id='word_1_333' title='bbox 1382 3829 1634 3882; x_wconf 88' lang='lat' dir='ltr'><strong>Dominus</strong></span> <span class='ocrx_word' id='word_1_334' title='bbox 1666 3847 1685 3880; x_wconf 70' lang='grc' dir='ltr'><strong>ο</strong></span> <span class='ocrx_word' id='word_1_335' title='bbox 1719 3827 1871 3891; x_wconf 87' lang='lat' dir='ltr'><strong>(Isui.</strong></span> 
     </span>
    </p>
   </div>
   <div class='ocr_carea' id='block_1_40' title="bbox 292 3914 1872 3986">
    <p class='ocr_par' dir='ltr' id='par_1_40' title="bbox 292 3914 1872 3986">
     <span class='ocr_line' id='line_1_40' title="bbox 292 3914 1872 3986; baseline 0.008 -22"><span class='ocrx_word' id='word_1_336' title='bbox 292 3926 341 3976; x_wconf 89' lang='grc' dir='ltr'><strong>ι,</strong></span> <span class='ocrx_word' id='word_1_337' title='bbox 379 3914 578 3986; x_wconf 71' lang='lat' dir='ltr'><strong>lli-l8).</strong></span> <span class='ocrx_word' id='word_1_338' title='bbox 627 3915 760 3981; x_wconf 84' lang='lat' dir='ltr'><strong>Quid</strong></span> <span class='ocrx_word' id='word_1_339' title='bbox 787 3924 870 3969; x_wconf 83' lang='lat' dir='ltr'><strong>est</strong></span> <span class='ocrx_word' id='word_1_340' title='bbox 893 3916 1162 3984; x_wconf 87' lang='lat' dir='ltr'><strong>disputare</strong></span> <span class='ocrx_word' id='word_1_341' title='bbox 1185 3933 1305 3972; x_wconf 90' lang='lat' dir='ltr'><strong>cum</strong></span> <span class='ocrx_word' id='word_1_342' title='bbox 1332 3918 1477 3972; x_wconf 84' lang='lat' dir='ltr'><strong>Deo?</strong></span> <span class='ocrx_word' id='word_1_343' title='bbox 1503 3918 1576 3974; x_wconf 89' lang='lat' dir='ltr'><strong>Te</strong></span> <span class='ocrx_word' id='word_1_344' title='bbox 1600 3918 1674 3972; x_wconf 90' lang='lat' dir='ltr'><strong>illi</strong></span> <span class='ocrx_word' id='word_1_345' title='bbox 1700 3919 1872 3976; x_wconf 92' lang='lat' dir='ltr'><strong>indica</strong></span> 
     </span>
    </p>
   </div>
   <div class='ocr_carea' id='block_1_41' title="bbox 292 4005 1875 4082">
    <p class='ocr_par' dir='ltr' id='par_1_41' title="bbox 292 4005 1875 4082">
     <span class='ocr_line' id='line_1_41' title="bbox 292 4005 1875 4082; baseline 0.006 -25"><span class='ocrx_word' id='word_1_346' title='bbox 292 4005 505 4070; x_wconf 86' lang='lat' dir='ltr'><strong>scienti,</strong></span> <span class='ocrx_word' id='word_1_347' title='bbox 539 4013 596 4059; x_wconf 93' lang='lat' dir='ltr'><strong>ut</strong></span> <span class='ocrx_word' id='word_1_348' title='bbox 625 4005 820 4061; x_wconf 91' lang='lat' dir='ltr'><strong>indicet</strong></span> <span class='ocrx_word' id='word_1_349' title='bbox 845 4022 903 4063; x_wconf 89' lang='lat' dir='ltr'><strong>se</strong></span> <span class='ocrx_word' id='word_1_350' title='bbox 928 4009 1020 4062; x_wconf 88' lang='lat' dir='ltr'><strong>tibi</strong></span> <span class='ocrx_word' id='word_1_351' title='bbox 1042 4009 1317 4062; x_wconf 86' lang='lat' dir='ltr'><strong>nescienti.</strong></span> <span class='ocrx_word' id='word_1_352' title='bbox 1345 4007 1525 4063; x_wconf 87' lang='lat' dir='ltr'><strong>Suavis</strong></span> <span class='ocrx_word' id='word_1_353' title='bbox 1545 4010 1610 4064; x_wconf 81' lang='lat' dir='ltr'><strong>sit</strong></span> <span class='ocrx_word' id='word_1_354' title='bbox 1635 4010 1680 4064; x_wconf 90' lang='lat' dir='ltr'><strong>ei</strong></span> <span class='ocrx_word' id='word_1_355' title='bbox 1699 4011 1875 4082; x_wconf 85' lang='lat' dir='ltr'><strong>dispu-</strong></span> 
     </span>
    </p>
   </div>
   <div class='ocr_carea' id='block_1_42' title="bbox 293 4095 1872 4172">
    <p class='ocr_par' dir='ltr' id='par_1_42' title="bbox 293 4095 1872 4172">
     <span class='ocr_line' id='line_1_42' title="bbox 293 4095 1872 4172; baseline 0.009 -30"><span class='ocrx_word' id='word_1_356' title='bbox 293 4095 409 4154; x_wconf 78' lang='lat' dir='ltr'><strong>tatio</strong></span> <span class='ocrx_word' id='word_1_357' title='bbox 454 4111 585 4148; x_wconf 88' lang='lat' dir='ltr'><strong>mea.</strong></span> <span class='ocrx_word' id='word_1_358' title='bbox 634 4095 769 4149; x_wconf 85' lang='lat' dir='ltr'><strong>Ecce</strong></span> <span class='ocrx_word' id='word_1_359' title='bbox 814 4096 914 4152; x_wconf 88' lang='lat' dir='ltr'><strong>hoc</strong></span> <span class='ocrx_word' id='word_1_360' title='bbox 952 4107 1034 4152; x_wconf 89' lang='lat' dir='ltr'><strong>est</strong></span> <span class='ocrx_word' id='word_1_361' title='bbox 1075 4098 1298 4152; x_wconf 89' lang='lat' dir='ltr'><strong>Domino</strong></span> <span class='ocrx_word' id='word_1_362' title='bbox 1341 4114 1543 4166; x_wconf 80' lang='lat' dir='ltr'><strong>suave,</strong></span> <span class='ocrx_word' id='word_1_363' title='bbox 1585 4101 1872 4172; x_wconf 88' lang='lat' dir='ltr'><strong>disputatio</strong></span> 
     </span>
    </p>
   </div>
   <div class='ocr_carea' id='block_1_43' title="bbox 292 4184 1870 4252">
    <p class='ocr_par' dir='ltr' id='par_1_43' title="bbox 292 4184 1870 4252">
     <span class='ocr_line' id='line_1_43' title="bbox 292 4184 1870 4252; baseline 0.011 -19"><span class='ocrx_word' id='word_1_364' title='bbox 292 4189 374 4235; x_wconf 88' lang='lat' dir='ltr'><strong>tua</strong></span> <span class='ocrx_word' id='word_1_365' title='bbox 399 4200 414 4247; x_wconf 91' lang='lat'><strong>;</strong></span> <span class='ocrx_word' id='word_1_366' title='bbox 452 4184 766 4239; x_wconf 88' lang='lat' dir='ltr'><strong>sacriﬁcium</strong></span> <span class='ocrx_word' id='word_1_367' title='bbox 797 4186 1104 4242; x_wconf 84' lang='lat' dir='ltr'><strong>humilitatis</strong></span> <span class='ocrx_word' id='word_1_368' title='bbox 1130 4196 1232 4243; x_wconf 80' lang='lat' dir='ltr'><strong>tute</strong></span> <span class='ocrx_word' id='word_1_369' title='bbox 1251 4229 1265 4252; x_wconf 89' lang='lat'><strong>,</strong></span> <span class='ocrx_word' id='word_1_370' title='bbox 1294 4189 1666 4247; x_wconf 89' lang='lat' dir='ltr'><strong>contribulatio</strong></span> <span class='ocrx_word' id='word_1_371' title='bbox 1693 4193 1870 4250; x_wconf 86' lang='lat' dir='ltr'><strong>cordis</strong></span> 
     </span>
    </p>
   </div>
   <div class='ocr_carea' id='block_1_44' title="bbox 292 4275 1869 4348">
    <p class='ocr_par' dir='ltr' id='par_1_44' title="bbox 292 4275 1869 4348">
     <span class='ocr_line' id='line_1_44' title="bbox 292 4275 1869 4348; baseline 0.01 -22"><span class='ocrx_word' id='word_1_372' title='bbox 292 4276 361 4327; x_wconf 90' lang='lat' dir='ltr'><strong>lui</strong></span> <span class='ocrx_word' id='word_1_373' title='bbox 382 4316 396 4338; x_wconf 93' lang='lat'><strong>,</strong></span> <span class='ocrx_word' id='word_1_374' title='bbox 443 4275 806 4332; x_wconf 86' lang='lat' dir='ltr'><strong>holocaustum</strong></span> <span class='ocrx_word' id='word_1_375' title='bbox 848 4280 967 4334; x_wconf 55' lang='lat' dir='ltr'><strong>vitae</strong></span> <span class='ocrx_word' id='word_1_376' title='bbox 1007 4289 1108 4336; x_wconf 72' lang='lat' dir='ltr'><strong>tute</strong></span> <span class='ocrx_word' id='word_1_377' title='bbox 1132 4323 1146 4348; x_wconf 93' lang='lat'><strong>,</strong></span> <span class='ocrx_word' id='word_1_378' title='bbox 1175 4281 1276 4336; x_wconf 88' lang='lat' dir='ltr'><strong>hoc</strong></span> <span class='ocrx_word' id='word_1_379' title='bbox 1301 4291 1383 4337; x_wconf 89' lang='lat' dir='ltr'><strong>est</strong></span> <span class='ocrx_word' id='word_1_380' title='bbox 1411 4297 1572 4339; x_wconf 84' lang='lat' dir='ltr'><strong>suave</strong></span> <span class='ocrx_word' id='word_1_381' title='bbox 1596 4284 1723 4340; x_wconf 90' lang='lat' dir='ltr'><strong>Deo.</strong></span> <span class='ocrx_word' id='word_1_382' title='bbox 1751 4284 1869 4341; x_wconf 88' lang='lat' dir='ltr'><strong>Tibi</strong></span> 
     </span>
    </p>
   </div>
   <div class='ocr_carea' id='block_1_45' title="bbox 291 4371 1869 4448">
    <p class='ocr_par' dir='ltr' id='par_1_45' title="bbox 291 4371 1869 4448">
     <span class='ocr_line' id='line_1_45' title="bbox 291 4371 1869 4448; baseline 0.009 -29"><span class='ocrx_word' id='word_1_383' title='bbox 291 4372 464 4421; x_wconf 79' lang='lat' dir='ltr'><strong>autem</strong></span> <span class='ocrx_word' id='word_1_384' title='bbox 501 4371 625 4439; x_wconf 89' lang='lat' dir='ltr'><strong>quid</strong></span> <span class='ocrx_word' id='word_1_385' title='bbox 669 4380 755 4426; x_wconf 87' lang='lat' dir='ltr'><strong>est</strong></span> <span class='ocrx_word' id='word_1_386' title='bbox 782 4372 985 4427; x_wconf 83' lang='lat' dir='ltr'><strong>suave?</strong></span> <span class='ocrx_word' id='word_1_387' title='bbox 1015 4372 1126 4444; x_wconf 86' lang='lat' dir='ltr'><strong>Ego</strong></span> <span class='ocrx_word' id='word_1_388' title='bbox 1152 4385 1317 4428; x_wconf 82' lang='lat' dir='ltr'><strong>autem</strong></span> <span class='ocrx_word' id='word_1_389' title='bbox 1336 4377 1657 4448; x_wconf 84' lang='lat' dir='ltr'><strong>jucundubor</strong></span> <span class='ocrx_word' id='word_1_390' title='bbox 1682 4379 1734 4431; x_wconf 86' lang='lat' dir='ltr'><strong>in</strong></span> <span class='ocrx_word' id='word_1_391' title='bbox 1762 4377 1869 4433; x_wconf 86' lang='lat' dir='ltr'><strong>Do-</strong></span> 
     </span>
    </p>
   </div>
   <div class='ocr_carea' id='block_1_46' title="bbox 287 4459 1868 4536">
    <p class='ocr_par' dir='ltr' id='par_1_46' title="bbox 287 4459 1868 4536">
     <span class='ocr_line' id='line_1_46' title="bbox 287 4459 1868 4536; baseline 0.008 -27"><span class='ocrx_word' id='word_1_392' title='bbox 287 4459 440 4511; x_wconf 80' lang='lat' dir='ltr'><strong>mino.</strong></span> <span class='ocrx_word' id='word_1_393' title='bbox 486 4460 601 4529; x_wconf 86' lang='lat' dir='ltr'><strong>Ipsa</strong></span> <span class='ocrx_word' id='word_1_394' title='bbox 631 4473 711 4526; x_wconf 82' lang='lat' dir='ltr'><strong>est</strong></span> <span class='ocrx_word' id='word_1_395' title='bbox 738 4473 916 4518; x_wconf 89' lang='lat' dir='ltr'><strong>mutua</strong></span> <span class='ocrx_word' id='word_1_396' title='bbox 950 4464 1232 4535; x_wconf 85' lang='lat' dir='ltr'><strong>disputatio</strong></span> <span class='ocrx_word' id='word_1_397' title='bbox 1257 4483 1412 4536; x_wconf 87' lang='lat' dir='ltr'><strong>quam</strong></span> <span class='ocrx_word' id='word_1_398' title='bbox 1438 4467 1544 4522; x_wconf 81' lang='lat' dir='ltr'><strong>dixi</strong></span> <span class='ocrx_word' id='word_1_399' title='bbox 1572 4486 1585 4522; x_wconf 90' lang='lat'><strong>:</strong></span> <span class='ocrx_word' id='word_1_400' title='bbox 1615 4469 1784 4525; x_wconf 88' lang='lat' dir='ltr'><strong>indica</strong></span> <span class='ocrx_word' id='word_1_401' title='bbox 1813 4477 1868 4524; x_wconf 91' lang='lat' dir='ltr'><strong>te</strong></span> 
     </span>
    </p>
   </div>
   <div class='ocr_carea' id='block_1_47' title="bbox 285 4549 1865 4615">
    <p class='ocr_par' dir='ltr' id='par_1_47' title="bbox 285 4549 1865 4615">
     <span class='ocr_line' id='line_1_47' title="bbox 285 4549 1865 4615; baseline 0.007 -11"><span class='ocrx_word' id='word_1_402' title='bbox 285 4549 334 4604; x_wconf 87' lang='lat' dir='ltr'><strong>ei</strong></span> <span class='ocrx_word' id='word_1_403' title='bbox 381 4551 602 4615; x_wconf 87' lang='lat' dir='ltr'><strong>scienti,</strong></span> <span class='ocrx_word' id='word_1_404' title='bbox 648 4561 702 4606; x_wconf 89' lang='lat' dir='ltr'><strong>et</strong></span> <span class='ocrx_word' id='word_1_405' title='bbox 749 4553 920 4609; x_wconf 91' lang='lat' dir='ltr'><strong>indica</strong></span> <span class='ocrx_word' id='word_1_406' title='bbox 963 4569 1022 4610; x_wconf 89' lang='lat' dir='ltr'><strong>se</strong></span> <span class='ocrx_word' id='word_1_407' title='bbox 1063 4556 1154 4611; x_wconf 91' lang='lat' dir='ltr'><strong>tibi</strong></span> <span class='ocrx_word' id='word_1_408' title='bbox 1193 4557 1466 4612; x_wconf 88' lang='lat' dir='ltr'><strong>nescienti.</strong></span> <span class='ocrx_word' id='word_1_409' title='bbox 1495 4557 1682 4612; x_wconf 88' lang='lat' dir='ltr'><strong>Suavis</strong></span> <span class='ocrx_word' id='word_1_410' title='bbox 1708 4568 1790 4613; x_wconf 91' lang='lat' dir='ltr'><strong>est</strong></span> <span class='ocrx_word' id='word_1_411' title='bbox 1817 4560 1865 4615; x_wconf 90' lang='lat' dir='ltr'><strong>ei</strong></span> 
     </span>
    </p>
   </div>
   <div class='ocr_carea' id='block_1_48' title="bbox 283 4643 1864 4720">
    <p class='ocr_par' dir='ltr' id='par_1_48' title="bbox 283 4643 1864 4720">
     <span class='ocr_line' id='line_1_48' title="bbox 283 4643 1864 4720; baseline 0.009 -24"><span class='ocrx_word' id='word_1_412' title='bbox 283 4643 546 4698; x_wconf 74' lang='lat' dir='ltr'><strong>confessio</strong></span> <span class='ocrx_word' id='word_1_413' title='bbox 592 4653 677 4699; x_wconf 92' lang='lat' dir='ltr'><strong>tua</strong></span> <span class='ocrx_word' id='word_1_414' title='bbox 703 4687 718 4709; x_wconf 90' lang='lat'><strong>,</strong></span> <span class='ocrx_word' id='word_1_415' title='bbox 764 4645 941 4701; x_wconf 73' lang='lat' dir='ltr'><strong>Suavis</strong></span> <span class='ocrx_word' id='word_1_416' title='bbox 982 4657 1064 4702; x_wconf 90' lang='lat' dir='ltr'><strong>est</strong></span> <span class='ocrx_word' id='word_1_417' title='bbox 1103 4649 1194 4703; x_wconf 90' lang='lat' dir='ltr'><strong>tibi</strong></span> <span class='ocrx_word' id='word_1_418' title='bbox 1234 4651 1399 4719; x_wconf 78' lang='lat' dir='ltr'><strong>gratia</strong></span> <span class='ocrx_word' id='word_1_419' title='bbox 1429 4652 1611 4720; x_wconf 89' lang='lat' dir='ltr'><strong>ipsius.</strong></span> <span class='ocrx_word' id='word_1_420' title='bbox 1642 4653 1779 4708; x_wconf 80' lang='lat' dir='ltr'><strong>Dixit</strong></span> <span class='ocrx_word' id='word_1_421' title='bbox 1804 4671 1864 4710; x_wconf 90' lang='lat' dir='ltr'><strong>se</strong></span> 
     </span>
    </p>
   </div>
   <div class='ocr_carea' id='block_1_49' title="bbox 283 4735 1862 4811">
    <p class='ocr_par' dir='ltr' id='par_1_49' title="bbox 283 4735 1862 4811">
     <span class='ocr_line' id='line_1_49' title="bbox 283 4735 1862 4811; baseline 0.01 -24"><span class='ocrx_word' id='word_1_422' title='bbox 283 4735 390 4788; x_wconf 90' lang='lat' dir='ltr'><strong>tibi.</strong></span> <span class='ocrx_word' id='word_1_423' title='bbox 422 4735 572 4792; x_wconf 86' lang='lat' dir='ltr'><strong>Unde</strong></span> <span class='ocrx_word' id='word_1_424' title='bbox 602 4753 660 4791; x_wconf 82' lang='lat' dir='ltr'><strong>se</strong></span> <span class='ocrx_word' id='word_1_425' title='bbox 690 4738 776 4792; x_wconf 90' lang='lat' dir='ltr'><strong>tibi</strong></span> <span class='ocrx_word' id='word_1_426' title='bbox 807 4739 979 4794; x_wconf 84' lang='lat' dir='ltr'><strong>dixit?</strong></span> <span class='ocrx_word' id='word_1_427' title='bbox 1010 4739 1108 4794; x_wconf 91' lang='lat' dir='ltr'><strong>Per</strong></span> <span class='ocrx_word' id='word_1_428' title='bbox 1133 4740 1381 4797; x_wconf 83' lang='lat' dir='ltr'><strong>Verbum.</strong></span> <span class='ocrx_word' id='word_1_429' title='bbox 1413 4743 1562 4811; x_wconf 89' lang='lat' dir='ltr'><strong>Quod</strong></span> <span class='ocrx_word' id='word_1_430' title='bbox 1590 4745 1862 4803; x_wconf 84' lang='lat' dir='ltr'><strong>Verbum?</strong></span> 
     </span>
    </p>
   </div>
   <div class='ocr_carea' id='block_1_50' title="bbox 280 4825 1862 4905">
    <p class='ocr_par' dir='ltr' id='par_1_50' title="bbox 280 4825 1862 4905">
     <span class='ocr_line' id='line_1_50' title="bbox 280 4825 1862 4905; baseline 0.011 -27"><span class='ocrx_word' id='word_1_431' title='bbox 280 4825 566 4882; x_wconf 86' lang='lat' dir='ltr'><strong>Christum.</strong></span> <span class='ocrx_word' id='word_1_432' title='bbox 617 4829 688 4884; x_wconf 88' lang='lat' dir='ltr'><strong>Et</strong></span> <span class='ocrx_word' id='word_1_433' title='bbox 725 4830 814 4884; x_wconf 89' lang='lat' dir='ltr'><strong>tibi</strong></span> <span class='ocrx_word' id='word_1_434' title='bbox 855 4832 1016 4895; x_wconf 82' lang='lat' dir='ltr'><strong>dixit,</strong></span> <span class='ocrx_word' id='word_1_435' title='bbox 1045 4843 1098 4887; x_wconf 88' lang='lat' dir='ltr'><strong>et</strong></span> <span class='ocrx_word' id='word_1_436' title='bbox 1123 4849 1180 4888; x_wconf 85' lang='lat' dir='ltr'><strong>se</strong></span> <span class='ocrx_word' id='word_1_437' title='bbox 1205 4834 1353 4891; x_wconf 78' lang='lat' dir='ltr'><strong>dixit.</strong></span> <span class='ocrx_word' id='word_1_438' title='bbox 1384 4837 1513 4905; x_wconf 85' lang='lat' dir='ltr'><strong>Quia</strong></span> <span class='ocrx_word' id='word_1_439' title='bbox 1547 4840 1690 4894; x_wconf 88' lang='lat' dir='ltr'><strong>misit</strong></span> <span class='ocrx_word' id='word_1_440' title='bbox 1711 4839 1862 4896; x_wconf 80' lang='lat' dir='ltr'><strong>Citri-</strong></span> 
     </span>
    </p>
   </div>
   <div class='ocr_carea' id='block_1_51' title="bbox 279 4921 1858 5001">
    <p class='ocr_par' dir='ltr' id='par_1_51' title="bbox 279 4921 1858 5001">
     <span class='ocr_line' id='line_1_51' title="bbox 279 4921 1858 5001; baseline 0.013 -33"><span class='ocrx_word' id='word_1_441' title='bbox 279 4928 464 4983; x_wconf 82' lang='lat' dir='ltr'><strong>stum,</strong></span> <span class='ocrx_word' id='word_1_442' title='bbox 514 4921 750 4989; x_wconf 88' lang='lat' dir='ltr'><strong>seipsum</strong></span> <span class='ocrx_word' id='word_1_443' title='bbox 799 4923 952 4976; x_wconf 81' lang='lat' dir='ltr'><strong>dixit.</strong></span> <span class='ocrx_word' id='word_1_444' title='bbox 1004 4924 1077 4978; x_wconf 90' lang='lat' dir='ltr'><strong>Ita</strong></span> <span class='ocrx_word' id='word_1_445' title='bbox 1123 4925 1318 4994; x_wconf 86' lang='lat' dir='ltr'><strong>plane,</strong></span> <span class='ocrx_word' id='word_1_446' title='bbox 1373 4929 1647 4985; x_wconf 88' lang='lat' dir='ltr'><strong>audiamus</strong></span> <span class='ocrx_word' id='word_1_447' title='bbox 1686 4932 1858 5001; x_wconf 91' lang='lat' dir='ltr'><strong>ipsum</strong></span> 
     </span>
    </p>
   </div>
   <div class='ocr_carea' id='block_1_52' title="bbox 279 5007 1851 5095">
    <p class='ocr_par' dir='ltr' id='par_1_52' title="bbox 279 5007 1851 5095">
     <span class='ocr_line' id='line_1_52' title="bbox 279 5007 1851 5095; baseline 0.011 -34"><span class='ocrx_word' id='word_1_448' title='bbox 279 5007 504 5064; x_wconf 70' lang='lat' dir='ltr'><strong>Verbum</strong></span> <span class='ocrx_word' id='word_1_449' title='bbox 540 5031 552 5065; x_wconf 91' lang='lat'><strong>:</strong></span> <span class='ocrx_word' id='word_1_450' title='bbox 590 5012 690 5078; x_wconf 83' lang='lat' dir='ltr'><strong>Qui</strong></span> <span class='ocrx_word' id='word_1_451' title='bbox 716 5007 793 5067; x_wconf 79' lang='lat' dir='ltr'><strong>me</strong></span> <span class='ocrx_word' id='word_1_452' title='bbox 816 5015 976 5080; x_wconf 85' lang='lat' dir='ltr'><strong>vidit,</strong></span> <span class='ocrx_word' id='word_1_453' title='bbox 1008 5016 1130 5069; x_wconf 87' lang='lat' dir='ltr'><strong>vidit</strong></span> <span class='ocrx_word' id='word_1_454' title='bbox 1150 5027 1195 5070; x_wconf 90' lang='lat' dir='ltr'><strong>et</strong></span> <span class='ocrx_word' id='word_1_455' title='bbox 1216 5016 1421 5073; x_wconf 83' lang='lat' dir='ltr'><strong>Patrem</strong></span> <span class='ocrx_word' id='word_1_456' title='bbox 1442 5019 1620 5090; x_wconf 83' lang='lat' dir='ltr'><strong>(Joan.</strong></span> <span class='ocrx_word' id='word_1_457' title='bbox 1646 5039 1756 5092; x_wconf 70' lang='lat' dir='ltr'><strong>xxv,</strong></span> <span class='ocrx_word' id='word_1_458' title='bbox 1775 5025 1851 5095; x_wconf 86' lang='lat'><strong>9).</strong></span> 
     </span>
    </p>
   </div>
   <div class='ocr_carea' id='block_1_53' title="bbox 278 5098 1258 5174">
    <p class='ocr_par' dir='ltr' id='par_1_53' title="bbox 278 5098 1258 5174">
     <span class='ocr_line' id='line_1_53' title="bbox 278 5098 1258 5174; baseline 0.012 -22"><span class='ocrx_word' id='word_1_459' title='bbox 278 5098 386 5168; x_wconf 84' lang='lat' dir='ltr'><strong>Ego</strong></span> <span class='ocrx_word' id='word_1_460' title='bbox 408 5114 575 5155; x_wconf 87' lang='lat' dir='ltr'><strong>autem</strong></span> <span class='ocrx_word' id='word_1_461' title='bbox 593 5105 920 5174; x_wconf 84' lang='lat' dir='ltr'><strong>jucundabor</strong></span> <span class='ocrx_word' id='word_1_462' title='bbox 941 5108 996 5161; x_wconf 88' lang='lat' dir='ltr'><strong>in</strong></span> <span class='ocrx_word' id='word_1_463' title='bbox 1019 5107 1258 5164; x_wconf 87' lang='lat' dir='ltr'><strong>Domino.</strong></span> 
     </span>
    </p>
   </div>
   <div class='ocr_carea' id='block_1_54' title="bbox 348 5191 1853 5270">
    <p class='ocr_par' dir='ltr' id='par_1_54' title="bbox 348 5191 1853 5270">
     <span class='ocr_line' id='line_1_54' title="bbox 348 5191 1853 5270; baseline 0.013 -26"><span class='ocrx_word' id='word_1_464' title='bbox 348 5191 430 5245; x_wconf 71' lang='lat'><strong>19.</strong></span> <span class='ocrx_word' id='word_1_465' title='bbox 483 5191 633 5265; x_wconf 82' lang='lat' dir='ltr'><strong>[vers.</strong></span> <span class='ocrx_word' id='word_1_466' title='bbox 673 5193 786 5267; x_wconf 80' lang='lat'><strong>&#39;55.]</strong></span> <span class='ocrx_word' id='word_1_467' title='bbox 831 5196 1085 5266; x_wconf 86' lang='lat' dir='ltr'><strong>Deﬁciunt</strong></span> <span class='ocrx_word' id='word_1_468' title='bbox 1113 5209 1393 5270; x_wconf 80' lang='lat' dir='ltr'><strong>peccatores</strong></span> <span class='ocrx_word' id='word_1_469' title='bbox 1417 5219 1449 5257; x_wconf 91' lang='lat' dir='ltr'><strong>a</strong></span> <span class='ocrx_word' id='word_1_470' title='bbox 1474 5213 1626 5259; x_wconf 84' lang='lat' dir='ltr'><strong>terra.</strong></span> <span class='ocrx_word' id='word_1_471' title='bbox 1655 5205 1853 5263; x_wconf 68' lang='lat' dir='ltr'><strong>Saevire</strong></span> 
     </span>
    </p>
   </div>
   <div class='ocr_carea' id='block_1_55' title="bbox 275 5282 1848 5368">
    <p class='ocr_par' dir='ltr' id='par_1_55' title="bbox 275 5282 1848 5368">
     <span class='ocr_line' id='line_1_55' title="bbox 275 5282 1848 5368; baseline 0.016 -38"><span class='ocrx_word' id='word_1_472' title='bbox 275 5282 496 5337; x_wconf 84' lang='lat' dir='ltr'><strong>videtur.</strong></span> <span class='ocrx_word' id='word_1_473' title='bbox 541 5285 585 5338; x_wconf 90' lang='grc'><strong>0</strong></span> <span class='ocrx_word' id='word_1_474' title='bbox 632 5297 813 5342; x_wconf 90' lang='lat' dir='ltr'><strong>sancta</strong></span> <span class='ocrx_word' id='word_1_475' title='bbox 861 5289 1071 5358; x_wconf 86' lang='lat' dir='ltr'><strong>anima,</strong></span> <span class='ocrx_word' id='word_1_476' title='bbox 1115 5306 1233 5361; x_wconf 70' lang='lat' dir='ltr'><strong>qua:</strong></span> <span class='ocrx_word' id='word_1_477' title='bbox 1263 5293 1350 5348; x_wconf 90' lang='lat' dir='ltr'><strong>hic</strong></span> <span class='ocrx_word' id='word_1_478' title='bbox 1371 5304 1547 5350; x_wconf 87' lang='lat' dir='ltr'><strong>cantat</strong></span> <span class='ocrx_word' id='word_1_479' title='bbox 1571 5299 1848 5368; x_wconf 77' lang='lat' dir='ltr'><strong>etgemit!</strong></span> 
     </span>
    </p>
   </div>
   <div class='ocr_carea' id='block_1_56' title="bbox 276 5367 1849 5446">
    <p class='ocr_par' dir='ltr' id='par_1_56' title="bbox 276 5367 1849 5446">
     <span class='ocr_line' id='line_1_56' title="bbox 276 5367 1849 5446; baseline 0.015 -24"><span class='ocrx_word' id='word_1_480' title='bbox 276 5367 482 5426; x_wconf 84' lang='lat' dir='ltr'><strong>Utinam</strong></span> <span class='ocrx_word' id='word_1_481' title='bbox 511 5389 630 5428; x_wconf 93' lang='lat' dir='ltr'><strong>cum</strong></span> <span class='ocrx_word' id='word_1_482' title='bbox 660 5376 775 5446; x_wconf 82' lang='lat' dir='ltr'><strong>ipsa</strong></span> <span class='ocrx_word' id='word_1_483' title='bbox 795 5378 970 5433; x_wconf 88' lang='lat' dir='ltr'><strong>anima</strong></span> <span class='ocrx_word' id='word_1_484' title='bbox 993 5380 1061 5433; x_wconf 91' lang='lat' dir='ltr'><strong>sit</strong></span> <span class='ocrx_word' id='word_1_485' title='bbox 1085 5381 1261 5436; x_wconf 86' lang='lat' dir='ltr'><strong>anima</strong></span> <span class='ocrx_word' id='word_1_486' title='bbox 1284 5392 1464 5438; x_wconf 89' lang='lat' dir='ltr'><strong>nostra</strong></span> <span class='ocrx_word' id='word_1_487' title='bbox 1488 5386 1502 5440; x_wconf 88' lang='lat' dir='ltr'><strong>l</strong></span> <span class='ocrx_word' id='word_1_488' title='bbox 1530 5367 1729 5444; x_wconf 78' lang='lat' dir='ltr'><strong>utinam</strong></span> <span class='ocrx_word' id='word_1_489' title='bbox 1755 5403 1849 5444; x_wconf 87' lang='lat' dir='ltr'><strong>co-</strong></span> 
     </span>
    </p>
   </div>
   <div class='ocr_carea' id='block_1_57' title="bbox 275 5464 1849 5547">
    <p class='ocr_par' dir='ltr' id='par_1_57' title="bbox 275 5464 1849 5547">
     <span class='ocr_line' id='line_1_57' title="bbox 275 5464 1849 5547; baseline 0.016 -36"><span class='ocrx_word' id='word_1_490' title='bbox 275 5464 479 5528; x_wconf 84' lang='lat' dir='ltr'><strong>puletur</strong></span> <span class='ocrx_word' id='word_1_491' title='bbox 520 5466 568 5522; x_wconf 86' lang='lat' dir='ltr'><strong>ei</strong></span> <span class='ocrx_word' id='word_1_492' title='bbox 593 5508 606 5528; x_wconf 88' lang='lat'><strong>,</strong></span> <span class='ocrx_word' id='word_1_493' title='bbox 649 5477 703 5522; x_wconf 92' lang='lat' dir='ltr'><strong>et</strong></span> <span class='ocrx_word' id='word_1_494' title='bbox 740 5470 1008 5538; x_wconf 87' lang='lat' dir='ltr'><strong>societur,</strong></span> <span class='ocrx_word' id='word_1_495' title='bbox 1049 5481 1104 5527; x_wconf 90' lang='lat' dir='ltr'><strong>et</strong></span> <span class='ocrx_word' id='word_1_496' title='bbox 1139 5475 1489 5547; x_wconf 82' lang='lat' dir='ltr'><strong>conjungatur</strong></span> <span class='ocrx_word' id='word_1_497' title='bbox 1530 5480 1612 5534; x_wconf 85' lang='lat' dir='ltr'><strong>ei!</strong></span> <span class='ocrx_word' id='word_1_498' title='bbox 1653 5481 1849 5538; x_wconf 88' lang='lat' dir='ltr'><strong>videbit</strong></span> 
     </span>
    </p>
   </div>
   <div class='ocr_carea' id='block_1_58' title="bbox 273 5553 1842 5640">
    <p class='ocr_par' dir='ltr' id='par_1_58' title="bbox 273 5553 1842 5640">
     <span class='ocr_line' id='line_1_58' title="bbox 273 5553 1842 5640; baseline 0.015 -36"><span class='ocrx_word' id='word_1_499' title='bbox 273 5553 425 5608; x_wconf 85' lang='lat' dir='ltr'><strong>etiam</strong></span> <span class='ocrx_word' id='word_1_500' title='bbox 452 5556 866 5613; x_wconf 85' lang='lat' dir='ltr'><strong>misericordiam</strong></span> <span class='ocrx_word' id='word_1_501' title='bbox 897 5563 1181 5618; x_wconf 62' lang='lat' dir='ltr'><strong>saevientis.</strong></span> <span class='ocrx_word' id='word_1_502' title='bbox 1212 5564 1339 5634; x_wconf 89' lang='lat' dir='ltr'><strong>Quis</strong></span> <span class='ocrx_word' id='word_1_503' title='bbox 1367 5569 1510 5622; x_wconf 90' lang='lat' dir='ltr'><strong>enim</strong></span> <span class='ocrx_word' id='word_1_504' title='bbox 1537 5572 1675 5640; x_wconf 87' lang='lat' dir='ltr'><strong>capit</strong></span> <span class='ocrx_word' id='word_1_505' title='bbox 1705 5574 1805 5628; x_wconf 84' lang='lat' dir='ltr'><strong>hoc</strong></span> <span class='ocrx_word' id='word_1_506' title='bbox 1827 5615 1842 5639; x_wconf 96' lang='lat'><strong>,</strong></span> 
     </span>
    </p>
   </div>
   <div class='ocr_carea' id='block_1_59' title="bbox 275 5644 1846 5732">
    <p class='ocr_par' dir='ltr' id='par_1_59' title="bbox 275 5644 1846 5732">
     <span class='ocr_line' id='line_1_59' title="bbox 275 5644 1846 5732; baseline 0.015 -35"><span class='ocrx_word' id='word_1_507' title='bbox 275 5644 368 5698; x_wconf 89' lang='lat' dir='ltr'><strong>nisi</strong></span> <span class='ocrx_word' id='word_1_508' title='bbox 397 5647 486 5714; x_wconf 87' lang='lat' dir='ltr'><strong>qui</strong></span> <span class='ocrx_word' id='word_1_509' title='bbox 515 5647 759 5716; x_wconf 89' lang='lat' dir='ltr'><strong>impletus</strong></span> <span class='ocrx_word' id='word_1_510' title='bbox 787 5649 945 5706; x_wconf 82' lang='lat' dir='ltr'><strong>fuerit</strong></span> <span class='ocrx_word' id='word_1_511' title='bbox 971 5653 1226 5710; x_wconf 88' lang='lat' dir='ltr'><strong>charitate</strong></span> <span class='ocrx_word' id='word_1_512' title='bbox 1246 5657 1269 5711; x_wconf 87' lang='lat'><strong>?</strong></span> <span class='ocrx_word' id='word_1_513' title='bbox 1293 5657 1544 5728; x_wconf 85' lang='lat' dir='ltr'><strong>Deﬁciunt</strong></span> <span class='ocrx_word' id='word_1_514' title='bbox 1565 5673 1846 5732; x_wconf 81' lang='lat' dir='ltr'><strong>peccatores</strong></span> 
     </span>
    </p>
   </div>
   <div class='ocr_carea' id='block_1_60' title="bbox 341 5761 1744 5834">
    <p class='ocr_par' dir='ltr' id='par_1_60' title="bbox 341 5761 1744 5834">
     <span class='ocr_line' id='line_1_60' title="bbox 341 5761 1744 5834; baseline 0.017 -28"><span class='ocrx_word' id='word_1_515' title='bbox 341 5761 356 5792; x_wconf 73' lang='grc' dir='ltr'><strong><em>ι</em></strong></span> <span class='ocrx_word' id='word_1_516' title='bbox 386 5765 488 5808; x_wconf 60' lang='grc' dir='ltr'><strong>διεδ.</strong></span> <span class='ocrx_word' id='word_1_517' title='bbox 516 5761 758 5823; x_wconf 86' lang='lat' dir='ltr'><strong>omittunt,</strong></span> <span class='ocrx_word' id='word_1_518' title='bbox 781 5770 873 5827; x_wconf 80' lang='lat' dir='ltr'><strong>est;</strong></span> <span class='ocrx_word' id='word_1_519' title='bbox 895 5767 1036 5828; x_wconf 85' lang='lat' dir='ltr'><strong>cujus</strong></span> <span class='ocrx_word' id='word_1_520' title='bbox 1055 5766 1156 5820; x_wconf 88' lang='lat' dir='ltr'><strong>loco</strong></span> <span class='ocrx_word' id='word_1_521' title='bbox 1176 5769 1304 5821; x_wconf 82' lang='lat' dir='ltr'><strong>coll).</strong></span> <span class='ocrx_word' id='word_1_522' title='bbox 1333 5779 1411 5822; x_wconf 79' lang='lat' dir='ltr'><strong>Ms.</strong></span> <span class='ocrx_word' id='word_1_523' title='bbox 1437 5775 1600 5834; x_wconf 82' lang='lat' dir='ltr'><strong>habet,</strong></span> <span class='ocrx_word' id='word_1_524' title='bbox 1621 5778 1744 5832; x_wconf 85' lang='lat' dir='ltr'><strong>vivit.</strong></span> 
     </span>
    </p>
   </div>
   <div class='ocr_carea' id='block_1_61' title="bbox 1466 307 2596 394">
    <p class='ocr_par' dir='ltr' id='par_1_61' title="bbox 1466 307 2596 394">
     <span class='ocr_line' id='line_1_61' title="bbox 1466 307 2596 394; baseline 0.031 -40"><span class='ocrx_word' id='word_1_525' title='bbox 1466 307 1857 366; x_wconf 45' lang='lat' dir='ltr'><strong>manuario</strong></span> <span class='ocrx_word' id='word_1_526' title='bbox 1897 307 1960 360; x_wconf 78' lang='lat' dir='ltr'><strong>lN</strong></span> <span class='ocrx_word' id='word_1_527' title='bbox 2001 310 2322 376; x_wconf 65' lang='lat' dir='ltr'><strong>PSALMUM</strong></span> <span class='ocrx_word' id='word_1_528' title='bbox 2361 324 2492 379; x_wconf 84' lang='lat' dir='ltr'><strong>CIV.</strong></span> <span class='ocrx_word' id='word_1_529' title='bbox 2587 383 2596 394; x_wconf 87' lang='grc'><em>,</em></span> 
     </span>
    </p>
   </div>
   <div class='ocr_carea' id='block_1_62' title="bbox 3444 356 3579 414">
    <p class='ocr_par' dir='ltr' id='par_1_62' title="bbox 3444 356 3579 414">
     <span class='ocr_line' id='line_1_62' title="bbox 3444 356 3579 414; baseline 0.03 -4"><span class='ocrx_word' id='word_1_530' title='bbox 3444 356 3579 414; x_wconf 73' lang='lat' dir='ltr'><strong>i596</strong></span> 
     </span>
    </p>
   </div>
   <div class='ocr_carea' id='block_1_63' title="bbox 2011 434 3579 531">
    <p class='ocr_par' dir='ltr' id='par_1_63' title="bbox 2011 434 3579 531">
     <span class='ocr_line' id='line_1_63' title="bbox 2011 434 3579 531; baseline 0.029 -53"><span class='ocrx_word' id='word_1_531' title='bbox 2011 438 2216 531; x_wconf 57' lang='lat' dir='ltr'><strong>eterra.</strong></span> <span class='ocrx_word' id='word_1_532' title='bbox 2245 434 2635 509; x_wconf 89' lang='lat' dir='ltr'><strong>Contremiscis,</strong></span> <span class='ocrx_word' id='word_1_533' title='bbox 2666 446 2786 516; x_wconf 88' lang='lat' dir='ltr'><strong>quia</strong></span> <span class='ocrx_word' id='word_1_534' title='bbox 2813 450 3097 510; x_wconf 89' lang='lat' dir='ltr'><strong>maledicit.</strong></span> <span class='ocrx_word' id='word_1_535' title='bbox 3120 457 3188 516; x_wconf 87' lang='lat' dir='ltr'><strong>Et</strong></span> <span class='ocrx_word' id='word_1_536' title='bbox 3213 461 3330 531; x_wconf 90' lang='lat' dir='ltr'><strong>quis</strong></span> <span class='ocrx_word' id='word_1_537' title='bbox 3358 467 3579 522; x_wconf 84' lang='lat' dir='ltr'><strong>maledi-</strong></span> 
     </span>
    </p>
   </div>
   <div class='ocr_carea' id='block_1_64' title="bbox 2009 519 3581 617">
    <p class='ocr_par' dir='ltr' id='par_1_64' title="bbox 2009 519 3581 617">
     <span class='ocr_line' id='line_1_64' title="bbox 2009 519 3581 617; baseline 0.029 -46"><span class='ocrx_word' id='word_1_538' title='bbox 2009 519 2120 573; x_wconf 87' lang='lat' dir='ltr'><strong>cit?</strong></span> <span class='ocrx_word' id='word_1_539' title='bbox 2156 519 2401 610; x_wconf 84' lang='lat' dir='ltr'><strong>Sauctus.</strong></span> <span class='ocrx_word' id='word_1_540' title='bbox 2442 528 2567 588; x_wconf 89' lang='lat' dir='ltr'><strong>Sine</strong></span> <span class='ocrx_word' id='word_1_541' title='bbox 2608 535 2767 593; x_wconf 91' lang='lat' dir='ltr'><strong>dubio</strong></span> <span class='ocrx_word' id='word_1_542' title='bbox 2803 543 3099 602; x_wconf 82' lang='lat' dir='ltr'><strong>exauditur.</strong></span> <span class='ocrx_word' id='word_1_543' title='bbox 3273 519 3581 617; x_wconf 43' lang='lat' dir='ltr'><strong>dictum—est</strong></span> 
     </span>
    </p>
   </div>
   <div class='ocr_carea' id='block_1_65' title="bbox 2007 615 3575 724">
    <p class='ocr_par' dir='ltr' id='par_1_65' title="bbox 2007 615 3575 724">
     <span class='ocr_line' id='line_1_65' title="bbox 2007 615 3575 724; baseline 0.027 -61"><span class='ocrx_word' id='word_1_544' title='bbox 2007 615 2204 724; x_wconf 63' lang='lat' dir='ltr'><strong>sanctis</strong></span> <span class='ocrx_word' id='word_1_545' title='bbox 2229 617 2558 689; x_wconf 85' lang='lat' dir='ltr'><strong>:Benedicile,</strong></span> <span class='ocrx_word' id='word_1_546' title='bbox 2583 637 2630 680; x_wconf 87' lang='lat' dir='ltr'><strong>et</strong></span> <span class='ocrx_word' id='word_1_547' title='bbox 2649 630 2799 684; x_wconf 84' lang='lat' dir='ltr'><strong>nolite</strong></span> <span class='ocrx_word' id='word_1_548' title='bbox 2817 635 3109 692; x_wconf 83' lang='lat' dir='ltr'><strong>maledicere</strong></span> <span class='ocrx_word' id='word_1_549' title='bbox 3134 639 3307 714; x_wconf 87' lang='lat' dir='ltr'><strong>(Rom.</strong></span> <span class='ocrx_word' id='word_1_550' title='bbox 3333 663 3431 714; x_wconf 76' lang='lat' dir='ltr'><strong>xu,</strong></span> <span class='ocrx_word' id='word_1_551' title='bbox 3461 615 3575 724; x_wconf 70' lang='lat' dir='ltr'><strong>Li).</strong></span> 
     </span>
    </p>
   </div>
   <div class='ocr_carea' id='block_1_66' title="bbox 2006 703 3575 808">
    <p class='ocr_par' dir='ltr' id='par_1_66' title="bbox 2006 703 3575 808">
     <span class='ocr_line' id='line_1_66' title="bbox 2006 703 3575 808; baseline 0.025 -51"><span class='ocrx_word' id='word_1_552' title='bbox 2006 703 2142 770; x_wconf 89' lang='lat' dir='ltr'><strong>Quid</strong></span> <span class='ocrx_word' id='word_1_553' title='bbox 2163 720 2243 772; x_wconf 86' lang='lat' dir='ltr'><strong>est</strong></span> <span class='ocrx_word' id='word_1_554' title='bbox 2271 726 2397 781; x_wconf 84' lang='lat' dir='ltr'><strong>ergo</strong></span> <span class='ocrx_word' id='word_1_555' title='bbox 2423 716 2564 784; x_wconf 91' lang='lat' dir='ltr'><strong>quod</strong></span> <span class='ocrx_word' id='word_1_556' title='bbox 2590 717 2733 786; x_wconf 91' lang='lat' dir='ltr'><strong>dicit,</strong></span> <span class='ocrx_word' id='word_1_557' title='bbox 2767 722 3016 793; x_wconf 84' lang='lat' dir='ltr'><strong>Deﬁciunt</strong></span> <span class='ocrx_word' id='word_1_558' title='bbox 3044 703 3326 800; x_wconf 68' lang='lat' dir='ltr'><strong>peceatores</strong></span> <span class='ocrx_word' id='word_1_559' title='bbox 3345 755 3377 791; x_wconf 85' lang='grc' dir='ltr'><em>α</em></span> <span class='ocrx_word' id='word_1_560' title='bbox 3396 703 3575 808; x_wconf 64' lang='grc' dir='ltr'><strong>τίςπῶ</strong></span> 
     </span>
    </p>
   </div>
   <div class='ocr_carea' id='block_1_67' title="bbox 2005 797 3576 894">
    <p class='ocr_par' dir='ltr' id='par_1_67' title="bbox 2005 797 3576 894">
     <span class='ocr_line' id='line_1_67' title="bbox 2005 797 3576 894; baseline 0.025 -44"><span class='ocrx_word' id='word_1_561' title='bbox 2005 797 2168 854; x_wconf 86' lang='lat' dir='ltr'><strong>Plane</strong></span> <span class='ocrx_word' id='word_1_562' title='bbox 2197 801 2478 872; x_wconf 88' lang='lat' dir='ltr'><strong>deﬁciant;</strong></span> <span class='ocrx_word' id='word_1_563' title='bbox 2519 809 2790 867; x_wconf 86' lang='lat' dir='ltr'><strong>auferatur</strong></span> <span class='ocrx_word' id='word_1_564' title='bbox 2836 797 3053 886; x_wconf 83' lang='lat' dir='ltr'><strong>spiritus</strong></span> <span class='ocrx_word' id='word_1_565' title='bbox 3097 837 3305 894; x_wconf 88' lang='lat' dir='ltr'><strong>eorum,</strong></span> <span class='ocrx_word' id='word_1_566' title='bbox 3337 839 3394 884; x_wconf 90' lang='lat' dir='ltr'><strong>et</strong></span> <span class='ocrx_word' id='word_1_567' title='bbox 3440 800 3576 887; x_wconf 77' lang='lat' dir='ltr'><strong>deﬁ-</strong></span> 
     </span>
    </p>
   </div>
   <div class='ocr_carea' id='block_1_68' title="bbox 2004 889 3576 992">
    <p class='ocr_par' dir='ltr' id='par_1_68' title="bbox 2004 889 3576 992">
     <span class='ocr_line' id='line_1_68' title="bbox 2004 889 3576 992; baseline 0.025 -52"><span class='ocrx_word' id='word_1_568' title='bbox 2004 889 2166 956; x_wconf 87' lang='lat' dir='ltr'><strong>ciant,</strong></span> <span class='ocrx_word' id='word_1_569' title='bbox 2199 901 2255 946; x_wconf 90' lang='lat' dir='ltr'><strong>ut</strong></span> <span class='ocrx_word' id='word_1_570' title='bbox 2279 895 2484 950; x_wconf 87' lang='lat' dir='ltr'><strong>emittat</strong></span> <span class='ocrx_word' id='word_1_571' title='bbox 2509 900 2751 968; x_wconf 90' lang='lat' dir='ltr'><strong>spiritum</strong></span> <span class='ocrx_word' id='word_1_572' title='bbox 2776 921 2952 977; x_wconf 89' lang='lat' dir='ltr'><strong>suum,</strong></span> <span class='ocrx_word' id='word_1_573' title='bbox 2981 920 3036 965; x_wconf 89' lang='lat' dir='ltr'><strong>et</strong></span> <span class='ocrx_word' id='word_1_574' title='bbox 3062 889 3390 973; x_wconf 80' lang='lat' dir='ltr'><strong>recreentur.</strong></span> <span class='ocrx_word' id='word_1_575' title='bbox 3432 921 3576 992; x_wconf 83' lang='lat' dir='ltr'><strong>Deﬁ-</strong></span> 
     </span>
    </p>
   </div>
   <div class='ocr_carea' id='block_1_69' title="bbox 2004 983 3574 1084">
    <p class='ocr_par' dir='ltr' id='par_1_69' title="bbox 2004 983 3574 1084">
     <span class='ocr_line' id='line_1_69' title="bbox 2004 983 3574 1084; baseline 0.023 -50"><span class='ocrx_word' id='word_1_576' title='bbox 2004 983 2138 1037; x_wconf 85' lang='lat' dir='ltr'><strong>ciunt</strong></span> <span class='ocrx_word' id='word_1_577' title='bbox 2163 997 2445 1056; x_wconf 87' lang='lat' dir='ltr'><strong>peccatores</strong></span> <span class='ocrx_word' id='word_1_578' title='bbox 2471 1009 2502 1045; x_wconf 89' lang='lat' dir='ltr'><strong>a</strong></span> <span class='ocrx_word' id='word_1_579' title='bbox 2527 1002 2682 1060; x_wconf 83' lang='lat' dir='ltr'><strong>terra,</strong></span> <span class='ocrx_word' id='word_1_580' title='bbox 2715 1007 2759 1052; x_wconf 91' lang='lat' dir='ltr'><strong>et</strong></span> <span class='ocrx_word' id='word_1_581' title='bbox 2786 1000 2962 1072; x_wconf 85' lang='lat' dir='ltr'><strong>iniqui,</strong></span> <span class='ocrx_word' id='word_1_582' title='bbox 2995 1006 3064 1058; x_wconf 89' lang='lat' dir='ltr'><strong>ita</strong></span> <span class='ocrx_word' id='word_1_583' title='bbox 3093 1017 3147 1061; x_wconf 87' lang='lat' dir='ltr'><strong>ut</strong></span> <span class='ocrx_word' id='word_1_584' title='bbox 3173 1026 3273 1064; x_wconf 86' lang='lat' dir='ltr'><strong>non</strong></span> <span class='ocrx_word' id='word_1_585' title='bbox 3297 1003 3414 1066; x_wconf 85' lang='lat' dir='ltr'><strong>sint.</strong></span> <span class='ocrx_word' id='word_1_586' title='bbox 3436 1014 3574 1084; x_wconf 88' lang='lat' dir='ltr'><strong>Quid</strong></span> 
     </span>
    </p>
   </div>
   <div class='ocr_carea' id='block_1_70' title="bbox 2004 1077 3572 1169">
    <p class='ocr_par' dir='ltr' id='par_1_70' title="bbox 2004 1077 3572 1169">
     <span class='ocr_line' id='line_1_70' title="bbox 2004 1077 3572 1169; baseline 0.022 -43"><span class='ocrx_word' id='word_1_587' title='bbox 2004 1088 2109 1128; x_wconf 91' lang='lat' dir='ltr'><strong>non</strong></span> <span class='ocrx_word' id='word_1_588' title='bbox 2151 1077 2276 1169; x_wconf 70' lang='lat' dir='ltr'><strong>sint,</strong></span> <span class='ocrx_word' id='word_1_589' title='bbox 2340 1082 2441 1136; x_wconf 91' lang='lat' dir='ltr'><strong>nisi</strong></span> <span class='ocrx_word' id='word_1_590' title='bbox 2489 1083 2692 1156; x_wconf 88' lang='lat' dir='ltr'><strong>iniqui?</strong></span> <span class='ocrx_word' id='word_1_591' title='bbox 2739 1089 2882 1161; x_wconf 81' lang='lat' dir='ltr'><strong>Ergo</strong></span> <span class='ocrx_word' id='word_1_592' title='bbox 2929 1091 3304 1169; x_wconf 88' lang='lat' dir='ltr'><strong>justiﬁcentur,</strong></span> <span class='ocrx_word' id='word_1_593' title='bbox 3357 1112 3414 1158; x_wconf 94' lang='lat' dir='ltr'><strong>ut</strong></span> <span class='ocrx_word' id='word_1_594' title='bbox 3465 1120 3572 1159; x_wconf 92' lang='lat' dir='ltr'><strong>non</strong></span> 
     </span>
    </p>
   </div>
   <div class='ocr_carea' id='block_1_71' title="bbox 2002 1161 3576 1260">
    <p class='ocr_par' dir='ltr' id='par_1_71' title="bbox 2002 1161 3576 1260">
     <span class='ocr_line' id='line_1_71' title="bbox 2002 1161 3576 1260; baseline 0.022 -43"><span class='ocrx_word' id='word_1_595' title='bbox 2002 1167 2110 1220; x_wconf 89' lang='lat' dir='ltr'><strong>sint</strong></span> <span class='ocrx_word' id='word_1_596' title='bbox 2141 1161 2325 1239; x_wconf 86' lang='lat' dir='ltr'><strong>iniqui.</strong></span> <span class='ocrx_word' id='word_1_597' title='bbox 2360 1171 2496 1228; x_wconf 89' lang='lat' dir='ltr'><strong>Vidit</strong></span> <span class='ocrx_word' id='word_1_598' title='bbox 2524 1175 2643 1242; x_wconf 87' lang='lat' dir='ltr'><strong>hoc,</strong></span> <span class='ocrx_word' id='word_1_599' title='bbox 2673 1190 2726 1234; x_wconf 89' lang='lat' dir='ltr'><strong>et</strong></span> <span class='ocrx_word' id='word_1_600' title='bbox 2767 1161 3016 1251; x_wconf 83' lang='lat' dir='ltr'><strong>impletus</strong></span> <span class='ocrx_word' id='word_1_601' title='bbox 3043 1197 3126 1242; x_wconf 88' lang='lat' dir='ltr'><strong>est</strong></span> <span class='ocrx_word' id='word_1_602' title='bbox 3166 1161 3378 1260; x_wconf 77' lang='lat' dir='ltr'><strong>gaudio,</strong></span> <span class='ocrx_word' id='word_1_603' title='bbox 3411 1204 3464 1248; x_wconf 91' lang='lat' dir='ltr'><strong>et</strong></span> <span class='ocrx_word' id='word_1_604' title='bbox 3486 1212 3576 1250; x_wconf 81' lang='lat' dir='ltr'><strong>re-</strong></span> 
     </span>
    </p>
   </div>
   <div class='ocr_carea' id='block_1_72' title="bbox 2002 1268 3573 1356">
    <p class='ocr_par' dir='ltr' id='par_1_72' title="bbox 2002 1268 3573 1356">
     <span class='ocr_line' id='line_1_72' title="bbox 2002 1268 3573 1356; baseline 0.021 -46"><span class='ocrx_word' id='word_1_605' title='bbox 2002 1269 2157 1314; x_wconf 90' lang='lat' dir='ltr'><strong>vocat</strong></span> <span class='ocrx_word' id='word_1_606' title='bbox 2185 1277 2394 1318; x_wconf 90' lang='lat' dir='ltr'><strong>versum</strong></span> <span class='ocrx_word' id='word_1_607' title='bbox 2434 1268 2662 1336; x_wconf 90' lang='lat' dir='ltr'><strong>primum</strong></span> <span class='ocrx_word' id='word_1_608' title='bbox 2706 1276 2891 1342; x_wconf 86' lang='lat' dir='ltr'><strong>psalmi</strong></span> <span class='ocrx_word' id='word_1_609' title='bbox 2919 1294 2934 1330; x_wconf 95' lang='lat'><strong>:</strong></span> <span class='ocrx_word' id='word_1_610' title='bbox 2965 1276 3200 1348; x_wconf 81' lang='lat' dir='ltr'><strong>Benedic,</strong></span> <span class='ocrx_word' id='word_1_611' title='bbox 3233 1285 3402 1339; x_wconf 88' lang='lat' dir='ltr'><strong>anima</strong></span> <span class='ocrx_word' id='word_1_612' title='bbox 3440 1306 3573 1356; x_wconf 85' lang='lat' dir='ltr'><strong>mea,</strong></span> 
     </span>
    </p>
   </div>
   <div class='ocr_carea' id='block_1_73' title="bbox 1999 1346 3570 1450">
    <p class='ocr_par' dir='ltr' id='par_1_73' title="bbox 1999 1346 3570 1450">
     <span class='ocr_line' id='line_1_73' title="bbox 1999 1346 3570 1450; baseline 0.023 -51"><span class='ocrx_word' id='word_1_613' title='bbox 1999 1346 2294 1405; x_wconf 86' lang='lat' dir='ltr'><strong>Dominum.</strong></span> <span class='ocrx_word' id='word_1_614' title='bbox 2322 1354 2607 1414; x_wconf 89' lang='lat' dir='ltr'><strong>Benedicat</strong></span> <span class='ocrx_word' id='word_1_615' title='bbox 2633 1363 2808 1418; x_wconf 89' lang='lat' dir='ltr'><strong>anima</strong></span> <span class='ocrx_word' id='word_1_616' title='bbox 2837 1377 3016 1423; x_wconf 90' lang='lat' dir='ltr'><strong>nostra</strong></span> <span class='ocrx_word' id='word_1_617' title='bbox 3042 1371 3340 1443; x_wconf 90' lang='lat' dir='ltr'><strong>Dominum,</strong></span> <span class='ocrx_word' id='word_1_618' title='bbox 3361 1377 3570 1450; x_wconf 85' lang='lat' dir='ltr'><strong>fratres,</strong></span> 
     </span>
    </p>
   </div>
   <div class='ocr_carea' id='block_1_74' title="bbox 1989 1440 3573 1527">
    <p class='ocr_par' dir='ltr' id='par_1_74' title="bbox 1989 1440 3573 1527">
     <span class='ocr_line' id='line_1_74' title="bbox 1989 1440 3573 1527; baseline 0.024 -37"><span class='ocrx_word' id='word_1_619' title='bbox 1989 1440 2120 1508; x_wconf 80' lang='lat' dir='ltr'><strong>quia</strong></span> <span class='ocrx_word' id='word_1_620' title='bbox 2151 1441 2280 1499; x_wconf 88' lang='lat' dir='ltr'><strong>dare</strong></span> <span class='ocrx_word' id='word_1_621' title='bbox 2324 1446 2570 1518; x_wconf 79' lang='lat' dir='ltr'><strong>dignatus</strong></span> <span class='ocrx_word' id='word_1_622' title='bbox 2613 1463 2694 1507; x_wconf 90' lang='lat' dir='ltr'><strong>est</strong></span> <span class='ocrx_word' id='word_1_623' title='bbox 2738 1465 2791 1508; x_wconf 89' lang='lat' dir='ltr'><strong>et</strong></span> <span class='ocrx_word' id='word_1_624' title='bbox 2833 1456 3136 1517; x_wconf 88' lang='lat' dir='ltr'><strong>facultatem</strong></span> <span class='ocrx_word' id='word_1_625' title='bbox 3177 1474 3232 1519; x_wconf 90' lang='lat' dir='ltr'><strong>et</strong></span> <span class='ocrx_word' id='word_1_626' title='bbox 3272 1440 3573 1527; x_wconf 77' lang='lat' dir='ltr'><strong>sermonem</strong></span> 
     </span>
    </p>
   </div>
   <div class='ocr_carea' id='block_1_75' title="bbox 2002 1533 3632 1634">
    <p class='ocr_par' dir='ltr' id='par_1_75' title="bbox 2002 1533 3632 1634">
     <span class='ocr_line' id='line_1_75' title="bbox 2002 1533 3632 1634; baseline 0.024 -50"><span class='ocrx_word' id='word_1_627' title='bbox 2002 1533 2178 1601; x_wconf 89' lang='lat' dir='ltr'><strong>nobis,</strong></span> <span class='ocrx_word' id='word_1_628' title='bbox 2199 1547 2253 1591; x_wconf 92' lang='lat' dir='ltr'><strong>et</strong></span> <span class='ocrx_word' id='word_1_629' title='bbox 2283 1540 2433 1596; x_wconf 85' lang='lat' dir='ltr'><strong>vobis</strong></span> <span class='ocrx_word' id='word_1_630' title='bbox 2461 1542 2809 1602; x_wconf 88' lang='lat' dir='ltr'><strong>intentionem</strong></span> <span class='ocrx_word' id='word_1_631' title='bbox 2836 1560 2891 1605; x_wconf 92' lang='lat' dir='ltr'><strong>et</strong></span> <span class='ocrx_word' id='word_1_632' title='bbox 2917 1553 3171 1610; x_wconf 91' lang='lat' dir='ltr'><strong>studium.</strong></span> <span class='ocrx_word' id='word_1_633' title='bbox 3207 1558 3575 1634; x_wconf 86' lang='lat' dir='ltr'><strong>Unusquisque</strong></span> <span class='ocrx_word' id='word_1_634' title='bbox 3621 1610 3632 1622; x_wconf 90' lang='lat'><strong>.</strong></span> 
     </span>
    </p>
   </div>
   <div class='ocr_carea' id='block_1_76' title="bbox 2002 1630 3571 1710">
    <p class='ocr_par' dir='ltr' id='par_1_76' title="bbox 2002 1630 3571 1710">
     <span class='ocr_line' id='line_1_76' title="bbox 2002 1630 3571 1710; baseline 0.023 -35"><span class='ocrx_word' id='word_1_635' title='bbox 2002 1630 2058 1676; x_wconf 91' lang='lat' dir='ltr'><strong>ut</strong></span> <span class='ocrx_word' id='word_1_636' title='bbox 2085 1636 2257 1692; x_wconf 88' lang='lat' dir='ltr'><strong>potest</strong></span> <span class='ocrx_word' id='word_1_637' title='bbox 2286 1632 2597 1689; x_wconf 88' lang='lat' dir='ltr'><strong>recordetur</strong></span> <span class='ocrx_word' id='word_1_638' title='bbox 2621 1638 2761 1706; x_wconf 91' lang='lat' dir='ltr'><strong>quod</strong></span> <span class='ocrx_word' id='word_1_639' title='bbox 2787 1641 3018 1709; x_wconf 90' lang='lat' dir='ltr'><strong>audivit;</strong></span> <span class='ocrx_word' id='word_1_640' title='bbox 3050 1630 3403 1708; x_wconf 79' lang='lat' dir='ltr'><strong>collocutione</strong></span> <span class='ocrx_word' id='word_1_641' title='bbox 3435 1630 3571 1710; x_wconf 81' lang='lat' dir='ltr'><strong>invi-</strong></span> 
     </span>
    </p>
   </div>
   <div class='ocr_carea' id='block_1_77' title="bbox 1998 1725 3574 1811">
    <p class='ocr_par' dir='ltr' id='par_1_77' title="bbox 1998 1725 3574 1811">
     <span class='ocr_line' id='line_1_77' title="bbox 1998 1725 3574 1811; baseline 0.024 -46"><span class='ocrx_word' id='word_1_642' title='bbox 1998 1726 2117 1768; x_wconf 89' lang='lat' dir='ltr'><strong>cem</strong></span> <span class='ocrx_word' id='word_1_643' title='bbox 2157 1726 2360 1774; x_wconf 89' lang='lat' dir='ltr'><strong>ructate</strong></span> <span class='ocrx_word' id='word_1_644' title='bbox 2402 1725 2637 1792; x_wconf 80' lang='lat' dir='ltr'><strong>saginam</strong></span> <span class='ocrx_word' id='word_1_645' title='bbox 2679 1738 2932 1797; x_wconf 85' lang='lat' dir='ltr'><strong>vestram,</strong></span> <span class='ocrx_word' id='word_1_646' title='bbox 2961 1738 3225 1795; x_wconf 89' lang='lat' dir='ltr'><strong>ruminate</strong></span> <span class='ocrx_word' id='word_1_647' title='bbox 3251 1743 3391 1811; x_wconf 89' lang='lat' dir='ltr'><strong>quod</strong></span> <span class='ocrx_word' id='word_1_648' title='bbox 3418 1761 3574 1802; x_wconf 89' lang='lat' dir='ltr'><strong>acce-</strong></span> 
     </span>
    </p>
   </div>
   <div class='ocr_carea' id='block_1_78' title="bbox 1999 1804 3578 1895">
    <p class='ocr_par' dir='ltr' id='par_1_78' title="bbox 1999 1804 3578 1895">
     <span class='ocr_line' id='line_1_78' title="bbox 1999 1804 3578 1895; baseline 0.025 -38"><span class='ocrx_word' id='word_1_649' title='bbox 1999 1804 2170 1873; x_wconf 92' lang='lat' dir='ltr'><strong>pistis,</strong></span> <span class='ocrx_word' id='word_1_650' title='bbox 2199 1824 2304 1864; x_wconf 90' lang='lat' dir='ltr'><strong>non</strong></span> <span class='ocrx_word' id='word_1_651' title='bbox 2330 1823 2417 1867; x_wconf 89' lang='lat' dir='ltr'><strong>eat</strong></span> <span class='ocrx_word' id='word_1_652' title='bbox 2447 1816 2498 1869; x_wconf 90' lang='lat' dir='ltr'><strong>in</strong></span> <span class='ocrx_word' id='word_1_653' title='bbox 2537 1817 2739 1875; x_wconf 85' lang='lat' dir='ltr'><strong>viscera</strong></span> <span class='ocrx_word' id='word_1_654' title='bbox 2769 1823 3053 1883; x_wconf 87' lang='lat' dir='ltr'><strong>oblivionis</strong></span> <span class='ocrx_word' id='word_1_655' title='bbox 3095 1841 3304 1888; x_wconf 70' lang='lat' dir='ltr'><strong>vestrae.</strong></span> <span class='ocrx_word' id='word_1_656' title='bbox 3339 1836 3578 1895; x_wconf 89' lang='lat' dir='ltr'><strong>Thesau-</strong></span> 
     </span>
    </p>
   </div>
   <div class='ocr_carea' id='block_1_79' title="bbox 1997 1898 3570 2000">
    <p class='ocr_par' dir='ltr' id='par_1_79' title="bbox 1997 1898 3570 2000">
     <span class='ocr_line' id='line_1_79' title="bbox 1997 1898 3570 2000; baseline 0.025 -51"><span class='ocrx_word' id='word_1_657' title='bbox 1997 1911 2089 1950; x_wconf 89' lang='lat' dir='ltr'><strong>rus</strong></span> <span class='ocrx_word' id='word_1_658' title='bbox 2112 1898 2477 1961; x_wconf 89' lang='lat' dir='ltr'><strong>desiderabilis</strong></span> <span class='ocrx_word' id='word_1_659' title='bbox 2522 1913 2816 1981; x_wconf 86' lang='lat' dir='ltr'><strong>requiescat</strong></span> <span class='ocrx_word' id='word_1_660' title='bbox 2845 1916 2898 1971; x_wconf 92' lang='lat' dir='ltr'><strong>in</strong></span> <span class='ocrx_word' id='word_1_661' title='bbox 2919 1933 3012 1975; x_wconf 93' lang='lat' dir='ltr'><strong>ore</strong></span> <span class='ocrx_word' id='word_1_662' title='bbox 3035 1931 3214 1979; x_wconf 89' lang='lat' dir='ltr'><strong>vestro</strong></span> <span class='ocrx_word' id='word_1_663' title='bbox 3240 1925 3419 2000; x_wconf 88' lang='lat' dir='ltr'><strong>(Prov.</strong></span> <span class='ocrx_word' id='word_1_664' title='bbox 3451 1948 3570 1999; x_wconf 73' lang='lat' dir='ltr'><strong>XXI,</strong></span> 
     </span>
    </p>
   </div>
   <div class='ocr_carea' id='block_1_80' title="bbox 1993 1984 3573 2096">
    <p class='ocr_par' dir='ltr' id='par_1_80' title="bbox 1993 1984 3573 2096">
     <span class='ocr_line' id='line_1_80' title="bbox 1993 1984 3573 2096; baseline 0.024 -55"><span class='ocrx_word' id='word_1_665' title='bbox 1993 1984 2113 2060; x_wconf 74' lang='lat'><strong>20).</strong></span> <span class='ocrx_word' id='word_1_666' title='bbox 2161 1991 2349 2065; x_wconf 83' lang='lat' dir='ltr'><strong>Magno</strong></span> <span class='ocrx_word' id='word_1_667' title='bbox 2398 1997 2580 2057; x_wconf 89' lang='lat' dir='ltr'><strong>labore</strong></span> <span class='ocrx_word' id='word_1_668' title='bbox 2607 2007 2828 2074; x_wconf 70' lang='lat' dir='ltr'><strong>quaesita</strong></span> <span class='ocrx_word' id='word_1_669' title='bbox 2857 2017 2912 2064; x_wconf 87' lang='lat' dir='ltr'><strong>et</strong></span> <span class='ocrx_word' id='word_1_670' title='bbox 2940 2011 3152 2069; x_wconf 84' lang='lat' dir='ltr'><strong>inventa</strong></span> <span class='ocrx_word' id='word_1_671' title='bbox 3193 1984 3336 2084; x_wconf 73' lang='lat' dir='ltr'><strong>sunt,</strong></span> <span class='ocrx_word' id='word_1_672' title='bbox 3380 1984 3573 2096; x_wconf 57' lang='lat' dir='ltr'><strong>magno</strong></span> 
     </span>
    </p>
   </div>
   <div class='ocr_carea' id='block_1_81' title="bbox 1981 2079 3573 2171">
    <p class='ocr_par' dir='ltr' id='par_1_81' title="bbox 1981 2079 3573 2171">
     <span class='ocr_line' id='line_1_81' title="bbox 1981 2079 3573 2171; baseline 0.025 -39"><span class='ocrx_word' id='word_1_673' title='bbox 1981 2079 2176 2144; x_wconf 2' lang='lat' dir='ltr'><strong>(labore</strong></span> <span class='ocrx_word' id='word_1_674' title='bbox 2213 2089 2452 2146; x_wconf 88' lang='lat' dir='ltr'><strong>nuntiata</strong></span> <span class='ocrx_word' id='word_1_675' title='bbox 2491 2103 2542 2147; x_wconf 92' lang='lat' dir='ltr'><strong>et</strong></span> <span class='ocrx_word' id='word_1_676' title='bbox 2567 2094 2829 2166; x_wconf 88' lang='lat' dir='ltr'><strong>disputata</strong></span> <span class='ocrx_word' id='word_1_677' title='bbox 2878 2112 3038 2170; x_wconf 90' lang='lat' dir='ltr'><strong>sunt;</strong></span> <span class='ocrx_word' id='word_1_678' title='bbox 3093 2107 3162 2162; x_wconf 91' lang='lat' dir='ltr'><strong>sit</strong></span> <span class='ocrx_word' id='word_1_679' title='bbox 3188 2079 3341 2166; x_wconf 83' lang='lat' dir='ltr'><strong>labor</strong></span> <span class='ocrx_word' id='word_1_680' title='bbox 3389 2079 3573 2171; x_wconf 56' lang='lat' dir='ltr'><strong>noster</strong></span> 
     </span>
    </p>
   </div>
   <div class='ocr_carea' id='block_1_82' title="bbox 1995 2168 3572 2262">
    <p class='ocr_par' dir='ltr' id='par_1_82' title="bbox 1995 2168 3572 2262">
     <span class='ocr_line' id='line_1_82' title="bbox 1995 2168 3572 2262; baseline 0.025 -38"><span class='ocrx_word' id='word_1_681' title='bbox 1995 2168 2296 2232; x_wconf 89' lang='lat' dir='ltr'><strong>fructuosus</strong></span> <span class='ocrx_word' id='word_1_682' title='bbox 2343 2181 2516 2250; x_wconf 88' lang='lat' dir='ltr'><strong>vobis,</strong></span> <span class='ocrx_word' id='word_1_683' title='bbox 2565 2195 2621 2239; x_wconf 90' lang='lat' dir='ltr'><strong>et</strong></span> <span class='ocrx_word' id='word_1_684' title='bbox 2670 2188 2953 2248; x_wconf 85' lang='lat' dir='ltr'><strong>benedicat</strong></span> <span class='ocrx_word' id='word_1_685' title='bbox 2995 2168 3174 2254; x_wconf 87' lang='lat' dir='ltr'><strong>anima</strong></span> <span class='ocrx_word' id='word_1_686' title='bbox 3229 2213 3412 2259; x_wconf 90' lang='lat' dir='ltr'><strong>nostra</strong></span> <span class='ocrx_word' id='word_1_687' title='bbox 3461 2207 3572 2262; x_wconf 91' lang='lat' dir='ltr'><strong>Do-</strong></span> 
     </span>
    </p>
   </div>
   <div class='ocr_carea' id='block_1_83' title="bbox 1993 2277 2220 2322">
    <p class='ocr_par' dir='ltr' id='par_1_83' title="bbox 1993 2277 2220 2322">
     <span class='ocr_line' id='line_1_83' title="bbox 1993 2277 2220 2322; baseline 0.035 -8"><span class='ocrx_word' id='word_1_688' title='bbox 1993 2277 2220 2322; x_wconf 67' lang='grc' dir='ltr'><strong>ΙΙῘΙΙΙῑιΙῐΙ.</strong></span> 
     </span>
    </p>
   </div>
   <div class='ocr_carea' id='block_1_84' title="bbox 2434 2485 3186 2559">
    <p class='ocr_par' dir='ltr' id='par_1_84' title="bbox 2434 2485 3186 2559">
     <span class='ocr_line' id='line_1_84' title="bbox 2434 2485 3186 2559; baseline 0.021 -13"><span class='ocrx_word' id='word_1_689' title='bbox 2434 2485 2515 2546; x_wconf 85' lang='grc' dir='ltr'><strong>ΙΝ</strong></span> <span class='ocrx_word' id='word_1_690' title='bbox 2555 2487 2933 2556; x_wconf 86' lang='lat' dir='ltr'><strong>PSALMUM</strong></span> <span class='ocrx_word' id='word_1_691' title='bbox 2972 2495 3103 2559; x_wconf 86' lang='lat' dir='ltr'><strong>CIV</strong></span> <span class='ocrx_word' id='word_1_692' title='bbox 3182 2495 3186 2502; x_wconf 79' lang='grc'><strong>’</strong></span> 
     </span>
    </p>
   </div>
   <div class='ocr_carea' id='block_1_85' title="bbox 2555 2612 2977 2677">
    <p class='ocr_par' dir='ltr' id='par_1_85' title="bbox 2555 2612 2977 2677">
     <span class='ocr_line' id='line_1_85' title="bbox 2555 2612 2977 2677; baseline 0.019 -10"><span class='ocrx_word' id='word_1_693' title='bbox 2555 2612 2977 2677; x_wconf 72' lang='grc' dir='ltr'><strong>ΕΝΑΒΒΑΤΙΟ..</strong></span> 
     </span>
    </p>
   </div>
   <div class='ocr_carea' id='block_1_86' title="bbox 2060 2723 3563 2809">
    <p class='ocr_par' dir='ltr' id='par_1_86' title="bbox 2060 2723 3563 2809">
     <span class='ocr_line' id='line_1_86' title="bbox 2060 2723 3563 2809; baseline 0.013 -32"><span class='ocrx_word' id='word_1_694' title='bbox 2060 2725 2110 2777; x_wconf 83' lang='lat' dir='ltr'><strong>l.</strong></span> <span class='ocrx_word' id='word_1_695' title='bbox 2153 2723 2312 2795; x_wconf 85' lang='lat' dir='ltr'><strong>[vers.</strong></span> <span class='ocrx_word' id='word_1_696' title='bbox 2344 2725 2420 2798; x_wconf 81' lang='grc'><strong>1.]</strong></span> <span class='ocrx_word' id='word_1_697' title='bbox 2464 2726 2701 2785; x_wconf 89' lang='lat' dir='ltr'><strong>Psalmus</strong></span> <span class='ocrx_word' id='word_1_698' title='bbox 2739 2735 3060 2790; x_wconf 85' lang='lat' dir='ltr'><strong>centesimus</strong></span> <span class='ocrx_word' id='word_1_699' title='bbox 3089 2746 3330 2807; x_wconf 90' lang='lat' dir='ltr'><strong>quartus,</strong></span> <span class='ocrx_word' id='word_1_700' title='bbox 3361 2741 3563 2809; x_wconf 88' lang='lat' dir='ltr'><strong>primus</strong></span> 
     </span>
    </p>
   </div>
   <div class='ocr_carea' id='block_1_87' title="bbox 1986 2813 3562 2897">
    <p class='ocr_par' dir='ltr' id='par_1_87' title="bbox 1986 2813 3562 2897">
     <span class='ocr_line' id='line_1_87' title="bbox 1986 2813 3562 2897; baseline 0.015 -33"><span class='ocrx_word' id='word_1_701' title='bbox 1986 2821 2068 2865; x_wconf 92' lang='lat' dir='ltr'><strong>est</strong></span> <span class='ocrx_word' id='word_1_702' title='bbox 2091 2813 2144 2866; x_wconf 91' lang='lat' dir='ltr'><strong>in</strong></span> <span class='ocrx_word' id='word_1_703' title='bbox 2169 2815 2246 2869; x_wconf 92' lang='lat' dir='ltr'><strong>eis</strong></span> <span class='ocrx_word' id='word_1_704' title='bbox 2266 2816 2458 2884; x_wconf 89' lang='lat' dir='ltr'><strong>quibus</strong></span> <span class='ocrx_word' id='word_1_705' title='bbox 2488 2831 2811 2888; x_wconf 81' lang='lat' dir='ltr'><strong>pr:cnotatur</strong></span> <span class='ocrx_word' id='word_1_706' title='bbox 2833 2823 3072 2879; x_wconf 77' lang='lat' dir='ltr'><strong>Alleluia.</strong></span> <span class='ocrx_word' id='word_1_707' title='bbox 3103 2823 3262 2897; x_wconf 84' lang='lat' dir='ltr'><strong>Cujus</strong></span> <span class='ocrx_word' id='word_1_708' title='bbox 3291 2829 3458 2896; x_wconf 91' lang='lat' dir='ltr'><strong>verbi,</strong></span> <span class='ocrx_word' id='word_1_709' title='bbox 3477 2833 3562 2887; x_wconf 89' lang='lat' dir='ltr'><strong>vel</strong></span> 
     </span>
    </p>
   </div>
   <div class='ocr_carea' id='block_1_88' title="bbox 1985 2903 3554 2984">
    <p class='ocr_par' dir='ltr' id='par_1_88' title="bbox 1985 2903 3554 2984">
     <span class='ocr_line' id='line_1_88' title="bbox 1985 2903 3554 2984; baseline 0.013 -28"><span class='ocrx_word' id='word_1_710' title='bbox 1985 2903 2160 2973; x_wconf 86' lang='lat' dir='ltr'><strong>potius</strong></span> <span class='ocrx_word' id='word_1_711' title='bbox 2191 2905 2412 2961; x_wconf 91' lang='lat' dir='ltr'><strong>duorum</strong></span> <span class='ocrx_word' id='word_1_712' title='bbox 2449 2911 2752 2981; x_wconf 85' lang='lat' dir='ltr'><strong>verborum,</strong></span> <span class='ocrx_word' id='word_1_713' title='bbox 2785 2914 3150 2984; x_wconf 89' lang='lat' dir='ltr'><strong>interpretatio</strong></span> <span class='ocrx_word' id='word_1_714' title='bbox 3185 2929 3286 2984; x_wconf 90' lang='lat' dir='ltr'><strong>est,</strong></span> <span class='ocrx_word' id='word_1_715' title='bbox 3318 2920 3554 2977; x_wconf 88' lang='lat' dir='ltr'><strong>Laudate</strong></span> 
     </span>
    </p>
   </div>
   <div class='ocr_carea' id='block_1_89' title="bbox 1984 2995 3554 3080">
    <p class='ocr_par' dir='ltr' id='par_1_89' title="bbox 1984 2995 3554 3080">
     <span class='ocr_line' id='line_1_89' title="bbox 1984 2995 3554 3080; baseline 0.013 -32"><span class='ocrx_word' id='word_1_716' title='bbox 1984 2995 2172 3050; x_wconf 86' lang='lat' dir='ltr'><strong>Deum.</strong></span> <span class='ocrx_word' id='word_1_717' title='bbox 2220 2998 2286 3052; x_wconf 88' lang='lat' dir='ltr'><strong>Et</strong></span> <span class='ocrx_word' id='word_1_718' title='bbox 2328 2999 2447 3055; x_wconf 88' lang='lat' dir='ltr'><strong>ideo</strong></span> <span class='ocrx_word' id='word_1_719' title='bbox 2491 3002 2612 3057; x_wconf 88' lang='lat' dir='ltr'><strong>inde</strong></span> <span class='ocrx_word' id='word_1_720' title='bbox 2639 3005 2836 3074; x_wconf 64' lang='lat' dir='ltr'><strong>coepit:</strong></span> <span class='ocrx_word' id='word_1_721' title='bbox 2871 3006 3190 3077; x_wconf 85' lang='lat' dir='ltr'><strong>Conﬁlemini</strong></span> <span class='ocrx_word' id='word_1_722' title='bbox 3224 3011 3466 3080; x_wconf 87' lang='lat' dir='ltr'><strong>Domino,</strong></span> <span class='ocrx_word' id='word_1_723' title='bbox 3505 3023 3554 3068; x_wconf 86' lang='lat' dir='ltr'><strong>et</strong></span> 
     </span>
    </p>
   </div>
   <div class='ocr_carea' id='block_1_90' title="bbox 1982 3086 3552 3173">
    <p class='ocr_par' dir='ltr' id='par_1_90' title="bbox 1982 3086 3552 3173">
     <span class='ocr_line' id='line_1_90' title="bbox 1982 3086 3552 3173; baseline 0.013 -34"><span class='ocrx_word' id='word_1_724' title='bbox 1982 3086 2203 3143; x_wconf 75' lang='lat' dir='ltr'><strong>invocata</strong></span> <span class='ocrx_word' id='word_1_725' title='bbox 2227 3105 2406 3144; x_wconf 87' lang='lat' dir='ltr'><strong>nomen</strong></span> <span class='ocrx_word' id='word_1_726' title='bbox 2448 3094 2573 3163; x_wconf 86' lang='lat' dir='ltr'><strong>ejus.</strong></span> <span class='ocrx_word' id='word_1_727' title='bbox 2624 3094 2677 3147; x_wconf 90' lang='lat' dir='ltr'><strong>In</strong></span> <span class='ocrx_word' id='word_1_728' title='bbox 2709 3096 2864 3151; x_wconf 90' lang='lat' dir='ltr'><strong>laude</strong></span> <span class='ocrx_word' id='word_1_729' title='bbox 2902 3100 3042 3154; x_wconf 91' lang='lat' dir='ltr'><strong>enim</strong></span> <span class='ocrx_word' id='word_1_730' title='bbox 3089 3101 3424 3173; x_wconf 83' lang='lat' dir='ltr'><strong>intelligenda</strong></span> <span class='ocrx_word' id='word_1_731' title='bbox 3467 3116 3552 3160; x_wconf 92' lang='lat' dir='ltr'><strong>est</strong></span> 
     </span>
    </p>
   </div>
   <div class='ocr_carea' id='block_1_91' title="bbox 1982 3177 3549 3260">
    <p class='ocr_par' dir='ltr' id='par_1_91' title="bbox 1982 3177 3549 3260">
     <span class='ocr_line' id='line_1_91' title="bbox 1982 3177 3549 3260; baseline 0.015 -29"><span class='ocrx_word' id='word_1_732' title='bbox 1982 3177 2082 3232; x_wconf 82' lang='lat' dir='ltr'><strong>ista</strong></span> <span class='ocrx_word' id='word_1_733' title='bbox 2110 3180 2395 3248; x_wconf 86' lang='lat' dir='ltr'><strong>confessio,</strong></span> <span class='ocrx_word' id='word_1_734' title='bbox 2424 3183 2559 3238; x_wconf 88' lang='lat' dir='ltr'><strong>sicut</strong></span> <span class='ocrx_word' id='word_1_735' title='bbox 2586 3194 2684 3250; x_wconf 81' lang='lat' dir='ltr'><strong>est,</strong></span> <span class='ocrx_word' id='word_1_736' title='bbox 2719 3186 2971 3258; x_wconf 85' lang='lat' dir='ltr'><strong>Conﬁteor</strong></span> <span class='ocrx_word' id='word_1_737' title='bbox 2996 3192 3102 3258; x_wconf 90' lang='lat' dir='ltr'><strong>tibi,</strong></span> <span class='ocrx_word' id='word_1_738' title='bbox 3132 3191 3310 3260; x_wconf 86' lang='lat' dir='ltr'><strong>Pater,</strong></span> <span class='ocrx_word' id='word_1_739' title='bbox 3335 3195 3549 3254; x_wconf 80' lang='lat' dir='ltr'><strong>Domine</strong></span> 
     </span>
    </p>
   </div>
   <div class='ocr_carea' id='block_1_92' title="bbox 1982 3270 3554 3360">
    <p class='ocr_par' dir='ltr' id='par_1_92' title="bbox 1982 3270 3554 3360">
     <span class='ocr_line' id='line_1_92' title="bbox 1982 3270 3554 3360; baseline 0.018 -38"><span class='ocrx_word' id='word_1_740' title='bbox 1982 3270 2092 3324; x_wconf 83' lang='lat' dir='ltr'><strong>caeli</strong></span> <span class='ocrx_word' id='word_1_741' title='bbox 2120 3279 2167 3324; x_wconf 89' lang='lat' dir='ltr'><strong>et</strong></span> <span class='ocrx_word' id='word_1_742' title='bbox 2209 3281 2354 3327; x_wconf 69' lang='lat' dir='ltr'><strong>terrae</strong></span> <span class='ocrx_word' id='word_1_743' title='bbox 2397 3271 2607 3346; x_wconf 73' lang='lat' dir='ltr'><strong>(Matth.</strong></span> <span class='ocrx_word' id='word_1_744' title='bbox 2639 3294 2711 3343; x_wconf 68' lang='grc' dir='ltr'><strong>χι,</strong></span> <span class='ocrx_word' id='word_1_745' title='bbox 2734 3278 2847 3350; x_wconf 75' lang='lat'><strong>25).</strong></span> <span class='ocrx_word' id='word_1_746' title='bbox 2877 3282 3155 3340; x_wconf 63' lang='lat' dir='ltr'><strong>Prtemissa</strong></span> <span class='ocrx_word' id='word_1_747' title='bbox 3200 3289 3342 3344; x_wconf 90' lang='lat' dir='ltr'><strong>enim</strong></span> <span class='ocrx_word' id='word_1_748' title='bbox 3373 3282 3554 3360; x_wconf 79' lang='lat' dir='ltr'><strong>laude,</strong></span> 
     </span>
    </p>
   </div>
   <div class='ocr_carea' id='block_1_93' title="bbox 1983 3362 3552 3456">
    <p class='ocr_par' dir='ltr' id='par_1_93' title="bbox 1983 3362 3552 3456">
     <span class='ocr_line' id='line_1_93' title="bbox 1983 3362 3552 3456; baseline 0.018 -41"><span class='ocrx_word' id='word_1_749' title='bbox 1983 3362 2244 3419; x_wconf 89' lang='lat' dir='ltr'><strong>invocatio</strong></span> <span class='ocrx_word' id='word_1_750' title='bbox 2275 3368 2422 3436; x_wconf 87' lang='lat' dir='ltr'><strong>sequi</strong></span> <span class='ocrx_word' id='word_1_751' title='bbox 2448 3370 2606 3436; x_wconf 89' lang='lat' dir='ltr'><strong>solet,</strong></span> <span class='ocrx_word' id='word_1_752' title='bbox 2637 3371 2723 3426; x_wconf 90' lang='lat' dir='ltr'><strong>ubi</strong></span> <span class='ocrx_word' id='word_1_753' title='bbox 2745 3373 3007 3431; x_wconf 90' lang='lat' dir='ltr'><strong>desideria</strong></span> <span class='ocrx_word' id='word_1_754' title='bbox 3030 3392 3277 3448; x_wconf 87' lang='lat' dir='ltr'><strong>precator</strong></span> <span class='ocrx_word' id='word_1_755' title='bbox 3301 3384 3511 3456; x_wconf 71' lang='lat' dir='ltr'><strong>alligat’</strong></span> <span class='ocrx_word' id='word_1_756' title='bbox 3537 3407 3552 3443; x_wconf 94' lang='lat'><strong>:</strong></span> 
     </span>
    </p>
   </div>
   <div class='ocr_carea' id='block_1_94' title="bbox 1981 3457 3554 3545">
    <p class='ocr_par' dir='ltr' id='par_1_94' title="bbox 1981 3457 3554 3545">
     <span class='ocr_line' id='line_1_94' title="bbox 1981 3457 3554 3545; baseline 0.017 -35"><span class='ocrx_word' id='word_1_757' title='bbox 1981 3457 2118 3516; x_wconf 89' lang='lat' dir='ltr'><strong>unde</strong></span> <span class='ocrx_word' id='word_1_758' title='bbox 2145 3468 2199 3512; x_wconf 91' lang='lat' dir='ltr'><strong>et</strong></span> <span class='ocrx_word' id='word_1_759' title='bbox 2243 3459 2356 3530; x_wconf 88' lang='lat' dir='ltr'><strong>ipsa</strong></span> <span class='ocrx_word' id='word_1_760' title='bbox 2387 3463 2556 3516; x_wconf 85' lang='lat' dir='ltr'><strong>oratio</strong></span> <span class='ocrx_word' id='word_1_761' title='bbox 2599 3463 2861 3522; x_wconf 84' lang='lat' dir='ltr'><strong>dominica</strong></span> <span class='ocrx_word' id='word_1_762' title='bbox 2893 3469 3053 3526; x_wconf 88' lang='lat' dir='ltr'><strong>habet</strong></span> <span class='ocrx_word' id='word_1_763' title='bbox 3076 3488 3107 3527; x_wconf 94' lang='lat' dir='ltr'><strong>a</strong></span> <span class='ocrx_word' id='word_1_764' title='bbox 3133 3477 3305 3545; x_wconf 87' lang='lat' dir='ltr'><strong>capite</strong></span> <span class='ocrx_word' id='word_1_765' title='bbox 3346 3479 3554 3542; x_wconf 87' lang='lat' dir='ltr'><strong>brevis-</strong></span> 
     </span>
    </p>
   </div>
   <div class='ocr_carea' id='block_1_95' title="bbox 1977 3547 3551 3636">
    <p class='ocr_par' dir='ltr' id='par_1_95' title="bbox 1977 3547 3551 3636">
     <span class='ocr_line' id='line_1_95' title="bbox 1977 3547 3551 3636; baseline 0.018 -37"><span class='ocrx_word' id='word_1_766' title='bbox 1977 3547 2166 3602; x_wconf 89' lang='lat' dir='ltr'><strong>simam</strong></span> <span class='ocrx_word' id='word_1_767' title='bbox 2193 3549 2422 3615; x_wconf 91' lang='lat' dir='ltr'><strong>laudem,</strong></span> <span class='ocrx_word' id='word_1_768' title='bbox 2449 3555 2590 3622; x_wconf 91' lang='lat' dir='ltr'><strong>quod</strong></span> <span class='ocrx_word' id='word_1_769' title='bbox 2622 3567 2720 3624; x_wconf 89' lang='lat' dir='ltr'><strong>est,</strong></span> <span class='ocrx_word' id='word_1_770' title='bbox 2759 3557 2910 3614; x_wconf 89' lang='lat' dir='ltr'><strong>Pater</strong></span> <span class='ocrx_word' id='word_1_771' title='bbox 2939 3573 3107 3618; x_wconf 83' lang='lat' dir='ltr'><strong>noster</strong></span> <span class='ocrx_word' id='word_1_772' title='bbox 3135 3569 3220 3636; x_wconf 85' lang='lat' dir='ltr'><strong>qui</strong></span> <span class='ocrx_word' id='word_1_773' title='bbox 3247 3585 3299 3622; x_wconf 87' lang='lat' dir='ltr'><strong>es</strong></span> <span class='ocrx_word' id='word_1_774' title='bbox 3337 3571 3391 3625; x_wconf 89' lang='lat' dir='ltr'><strong>in</strong></span> <span class='ocrx_word' id='word_1_775' title='bbox 3414 3573 3551 3628; x_wconf 74' lang='lat' dir='ltr'><strong>cuzlis</strong></span> 
     </span>
    </p>
   </div>
   <div class='ocr_carea' id='block_1_96' title="bbox 1979 3636 3551 3728">
    <p class='ocr_par' dir='ltr' id='par_1_96' title="bbox 1979 3636 3551 3728">
     <span class='ocr_line' id='line_1_96' title="bbox 1979 3636 3551 3728; baseline 0.019 -38"><span class='ocrx_word' id='word_1_776' title='bbox 1979 3636 2091 3704; x_wconf 84' lang='lat' dir='ltr'><strong>(1d.</strong></span> <span class='ocrx_word' id='word_1_777' title='bbox 2121 3655 2192 3702; x_wconf 83' lang='lat' dir='ltr'><strong>v1,</strong></span> <span class='ocrx_word' id='word_1_778' title='bbox 2239 3640 2318 3710; x_wconf 88' lang='lat'><strong>9).</strong></span> <span class='ocrx_word' id='word_1_779' title='bbox 2367 3643 2516 3699; x_wconf 91' lang='lat' dir='ltr'><strong>Tunc</strong></span> <span class='ocrx_word' id='word_1_780' title='bbox 2559 3663 2677 3715; x_wconf 85' lang='lat' dir='ltr'><strong>quae</strong></span> <span class='ocrx_word' id='word_1_781' title='bbox 2717 3659 3000 3718; x_wconf 83' lang='lat' dir='ltr'><strong>petuntur,</strong></span> <span class='ocrx_word' id='word_1_782' title='bbox 3051 3654 3302 3728; x_wconf 86' lang='lat' dir='ltr'><strong>deinceps</strong></span> <span class='ocrx_word' id='word_1_783' title='bbox 3357 3677 3551 3720; x_wconf 85' lang='lat' dir='ltr'><strong>conse-</strong></span> 
     </span>
    </p>
   </div>
   <div class='ocr_carea' id='block_1_97' title="bbox 1919 3733 3549 3821">
    <p class='ocr_par' dir='ltr' id='par_1_97' title="bbox 1919 3733 3549 3821">
     <span class='ocr_line' id='line_1_97' title="bbox 1919 3733 3549 3821; baseline 0.017 -39"><span class='ocrx_word' id='word_1_784' title='bbox 1919 3743 1926 3749; x_wconf 78' lang='lat'><strong>&#39;</strong></span> <span class='ocrx_word' id='word_1_785' title='bbox 1976 3740 2227 3800; x_wconf 89' lang='lat' dir='ltr'><strong>quuntur.</strong></span> <span class='ocrx_word' id='word_1_786' title='bbox 2257 3733 2408 3789; x_wconf 91' lang='lat' dir='ltr'><strong>Uudc</strong></span> <span class='ocrx_word' id='word_1_787' title='bbox 2434 3744 2486 3790; x_wconf 90' lang='lat' dir='ltr'><strong>et</strong></span> <span class='ocrx_word' id='word_1_788' title='bbox 2511 3737 2637 3791; x_wconf 89' lang='lat' dir='ltr'><strong>alibi</strong></span> <span class='ocrx_word' id='word_1_789' title='bbox 2675 3739 2728 3792; x_wconf 91' lang='lat' dir='ltr'><strong>in</strong></span> <span class='ocrx_word' id='word_1_790' title='bbox 2776 3743 2981 3810; x_wconf 90' lang='lat' dir='ltr'><strong>psalmo</strong></span> <span class='ocrx_word' id='word_1_791' title='bbox 3005 3746 3239 3802; x_wconf 90' lang='lat' dir='ltr'><strong>dicitur:</strong></span> <span class='ocrx_word' id='word_1_792' title='bbox 3276 3751 3549 3821; x_wconf 79' lang='lat' dir='ltr'><strong>Conﬁtebi-</strong></span> 
     </span>
    </p>
   </div>
   <div class='ocr_carea' id='block_1_98' title="bbox 1976 3821 3550 3902">
    <p class='ocr_par' dir='ltr' id='par_1_98' title="bbox 1976 3821 3550 3902">
     <span class='ocr_line' id='line_1_98' title="bbox 1976 3821 3550 3902; baseline 0.018 -29"><span class='ocrx_word' id='word_1_793' title='bbox 1976 3836 2090 3875; x_wconf 87' lang='lat' dir='ltr'><strong>mur</strong></span> <span class='ocrx_word' id='word_1_794' title='bbox 2129 3821 2236 3888; x_wconf 88' lang='lat' dir='ltr'><strong>tibi,</strong></span> <span class='ocrx_word' id='word_1_795' title='bbox 2279 3822 2434 3891; x_wconf 83' lang='lat' dir='ltr'><strong>Deus,</strong></span> <span class='ocrx_word' id='word_1_796' title='bbox 2486 3828 2852 3896; x_wconf 79' lang='lat' dir='ltr'><strong>conﬁtebimur,</strong></span> <span class='ocrx_word' id='word_1_797' title='bbox 2897 3843 2946 3888; x_wconf 90' lang='lat' dir='ltr'><strong>et</strong></span> <span class='ocrx_word' id='word_1_798' title='bbox 2991 3836 3324 3896; x_wconf 87' lang='lat' dir='ltr'><strong>invocabimus</strong></span> <span class='ocrx_word' id='word_1_799' title='bbox 3367 3861 3550 3902; x_wconf 84' lang='lat' dir='ltr'><strong>nomen</strong></span> 
     </span>
    </p>
   </div>
   <div class='ocr_carea' id='block_1_99' title="bbox 1974 3912 3546 3997">
    <p class='ocr_par' dir='ltr' id='par_1_99' title="bbox 1974 3912 3546 3997">
     <span class='ocr_line' id='line_1_99' title="bbox 1974 3912 3546 3997; baseline 0.017 -34"><span class='ocrx_word' id='word_1_800' title='bbox 1974 3923 2113 3966; x_wconf 88' lang='lat' dir='ltr'><strong>tuum</strong></span> <span class='ocrx_word' id='word_1_801' title='bbox 2136 3912 2305 3984; x_wconf 90' lang='lat' dir='ltr'><strong>(Psal.</strong></span> <span class='ocrx_word' id='word_1_802' title='bbox 2339 3931 2522 3982; x_wconf 79' lang='lat' dir='ltr'><strong>Lxxw,</strong></span> <span class='ocrx_word' id='word_1_803' title='bbox 2545 3918 2622 3990; x_wconf 73' lang='grc'><strong>2).</strong></span> <span class='ocrx_word' id='word_1_804' title='bbox 2649 3920 2801 3986; x_wconf 85' lang='lat' dir='ltr'><strong>Quod</strong></span> <span class='ocrx_word' id='word_1_805' title='bbox 2833 3923 2958 3978; x_wconf 88' lang='lat' dir='ltr'><strong>alibi</strong></span> <span class='ocrx_word' id='word_1_806' title='bbox 2999 3935 3080 3981; x_wconf 90' lang='lat' dir='ltr'><strong>est</strong></span> <span class='ocrx_word' id='word_1_807' title='bbox 3127 3930 3362 3997; x_wconf 89' lang='lat' dir='ltr'><strong>planius:</strong></span> <span class='ocrx_word' id='word_1_808' title='bbox 3402 3934 3546 3990; x_wconf 84' lang='lat' dir='ltr'><strong>Lau-</strong></span> 
     </span>
    </p>
   </div>
   <div class='ocr_carea' id='block_1_100' title="bbox 1973 4002 3553 4079">
    <p class='ocr_par' dir='ltr' id='par_1_100' title="bbox 1973 4002 3553 4079">
     <span class='ocr_line' id='line_1_100' title="bbox 1973 4002 3553 4079; baseline 0.015 -25"><span class='ocrx_word' id='word_1_809' title='bbox 1973 4002 2100 4057; x_wconf 84' lang='lat' dir='ltr'><strong>dans</strong></span> <span class='ocrx_word' id='word_1_810' title='bbox 2127 4004 2364 4058; x_wconf 86' lang='lat' dir='ltr'><strong>invocabo</strong></span> <span class='ocrx_word' id='word_1_811' title='bbox 2399 4005 2692 4074; x_wconf 88' lang='lat' dir='ltr'><strong>Dominum,</strong></span> <span class='ocrx_word' id='word_1_812' title='bbox 2742 4021 2789 4064; x_wconf 90' lang='lat' dir='ltr'><strong>et</strong></span> <span class='ocrx_word' id='word_1_813' title='bbox 2846 4013 2908 4066; x_wconf 83' lang='lat' dir='ltr'><strong>ab</strong></span> <span class='ocrx_word' id='word_1_814' title='bbox 2956 4014 3170 4070; x_wconf 88' lang='lat' dir='ltr'><strong>inimicis</strong></span> <span class='ocrx_word' id='word_1_815' title='bbox 3210 4009 3331 4074; x_wconf 77' lang='lat' dir='ltr'><strong>meis</strong></span> <span class='ocrx_word' id='word_1_816' title='bbox 3378 4024 3553 4079; x_wconf 77' lang='lat' dir='ltr'><strong>salvus</strong></span> 
     </span>
    </p>
   </div>
   <div class='ocr_carea' id='block_1_101' title="bbox 1973 4094 3542 4184">
    <p class='ocr_par' dir='ltr' id='par_1_101' title="bbox 1973 4094 3542 4184">
     <span class='ocr_line' id='line_1_101' title="bbox 1973 4094 3542 4184; baseline 0.013 -37"><span class='ocrx_word' id='word_1_817' title='bbox 1973 4110 2056 4147; x_wconf 90' lang='lat' dir='ltr'><strong>ero</strong></span> <span class='ocrx_word' id='word_1_818' title='bbox 2093 4094 2260 4164; x_wconf 89' lang='lat' dir='ltr'><strong>(Psal.</strong></span> <span class='ocrx_word' id='word_1_819' title='bbox 2317 4113 2447 4159; x_wconf 77' lang='lat' dir='ltr'><strong>xvn,</strong></span> <span class='ocrx_word' id='word_1_820' title='bbox 2475 4098 2529 4168; x_wconf 76' lang='grc'><strong>4)</strong></span> <span class='ocrx_word' id='word_1_821' title='bbox 2561 4115 2574 4152; x_wconf 92' lang='lat'><strong>:</strong></span> <span class='ocrx_word' id='word_1_822' title='bbox 2605 4101 2677 4153; x_wconf 88' lang='lat' dir='ltr'><strong>ita</strong></span> <span class='ocrx_word' id='word_1_823' title='bbox 2721 4112 2776 4156; x_wconf 90' lang='lat' dir='ltr'><strong>et</strong></span> <span class='ocrx_word' id='word_1_824' title='bbox 2814 4101 2920 4168; x_wconf 85' lang='lat' dir='ltr'><strong>hic,</strong></span> <span class='ocrx_word' id='word_1_825' title='bbox 2959 4105 3302 4184; x_wconf 72' lang='lat' dir='ltr'><strong>confitemini,</strong></span> <span class='ocrx_word' id='word_1_826' title='bbox 3350 4111 3542 4184; x_wconf 89' lang='lat' dir='ltr'><strong>inquit,</strong></span> 
     </span>
    </p>
   </div>
   <div class='ocr_carea' id='block_1_102' title="bbox 1972 4181 3544 4267">
    <p class='ocr_par' dir='ltr' id='par_1_102' title="bbox 1972 4181 3544 4267">
     <span class='ocr_line' id='line_1_102' title="bbox 1972 4181 3544 4267; baseline 0.014 -29"><span class='ocrx_word' id='word_1_827' title='bbox 1972 4183 2211 4252; x_wconf 86' lang='lat' dir='ltr'><strong>Domino,</strong></span> <span class='ocrx_word' id='word_1_828' title='bbox 2246 4197 2293 4241; x_wconf 88' lang='lat' dir='ltr'><strong>et</strong></span> <span class='ocrx_word' id='word_1_829' title='bbox 2319 4189 2544 4243; x_wconf 85' lang='lat' dir='ltr'><strong>invocate</strong></span> <span class='ocrx_word' id='word_1_830' title='bbox 2568 4207 2748 4246; x_wconf 84' lang='lat' dir='ltr'><strong>nomen</strong></span> <span class='ocrx_word' id='word_1_831' title='bbox 2786 4195 2931 4264; x_wconf 84' lang='lat' dir='ltr'><strong>ejus;</strong></span> <span class='ocrx_word' id='word_1_832' title='bbox 2978 4181 3119 4265; x_wconf 86' lang='lat' dir='ltr'><strong>quod</strong></span> <span class='ocrx_word' id='word_1_833' title='bbox 3151 4199 3251 4253; x_wconf 90' lang='lat' dir='ltr'><strong>tale</strong></span> <span class='ocrx_word' id='word_1_834' title='bbox 3280 4208 3381 4267; x_wconf 88' lang='lat' dir='ltr'><strong>est,</strong></span> <span class='ocrx_word' id='word_1_835' title='bbox 3409 4220 3472 4257; x_wconf 87' lang='lat' dir='ltr'><strong>ac</strong></span> <span class='ocrx_word' id='word_1_836' title='bbox 3498 4206 3544 4260; x_wconf 92' lang='lat' dir='ltr'><strong>si</strong></span> 
     </span>
    </p>
   </div>
   <div class='ocr_carea' id='block_1_103' title="bbox 1971 4274 3540 4364">
    <p class='ocr_par' dir='ltr' id='par_1_103' title="bbox 1971 4274 3540 4364">
     <span class='ocr_line' id='line_1_103' title="bbox 1971 4274 3540 4364; baseline 0.013 -34"><span class='ocrx_word' id='word_1_837' title='bbox 1971 4274 2192 4341; x_wconf 88' lang='lat' dir='ltr'><strong>diceret,</strong></span> <span class='ocrx_word' id='word_1_838' title='bbox 2219 4278 2454 4334; x_wconf 87' lang='lat' dir='ltr'><strong>Laudato</strong></span> <span class='ocrx_word' id='word_1_839' title='bbox 2497 4281 2801 4350; x_wconf 92' lang='lat' dir='ltr'><strong>Dominum,</strong></span> <span class='ocrx_word' id='word_1_840' title='bbox 2831 4294 2884 4338; x_wconf 88' lang='lat' dir='ltr'><strong>et</strong></span> <span class='ocrx_word' id='word_1_841' title='bbox 2912 4285 3155 4344; x_wconf 88' lang='lat' dir='ltr'><strong>invocate</strong></span> <span class='ocrx_word' id='word_1_842' title='bbox 3184 4305 3376 4348; x_wconf 88' lang='lat' dir='ltr'><strong>nomen</strong></span> <span class='ocrx_word' id='word_1_843' title='bbox 3403 4296 3540 4364; x_wconf 84' lang='lat' dir='ltr'><strong>ejus.</strong></span> 
     </span>
    </p>
   </div>
   <div class='ocr_carea' id='block_1_104' title="bbox 1970 4365 3538 4450">
    <p class='ocr_par' dir='ltr' id='par_1_104' title="bbox 1970 4365 3538 4450">
     <span class='ocr_line' id='line_1_104' title="bbox 1970 4365 3538 4450; baseline 0.015 -29"><span class='ocrx_word' id='word_1_844' title='bbox 1970 4365 2199 4423; x_wconf 87' lang='lat' dir='ltr'><strong>Exaudit</strong></span> <span class='ocrx_word' id='word_1_845' title='bbox 2224 4372 2417 4440; x_wconf 86' lang='lat' dir='ltr'><strong>quippe</strong></span> <span class='ocrx_word' id='word_1_846' title='bbox 2444 4371 2799 4441; x_wconf 88' lang='lat' dir='ltr'><strong>invocantem,</strong></span> <span class='ocrx_word' id='word_1_847' title='bbox 2841 4394 2999 4450; x_wconf 90' lang='lat' dir='ltr'><strong>quem</strong></span> <span class='ocrx_word' id='word_1_848' title='bbox 3025 4380 3329 4446; x_wconf 87' lang='lat' dir='ltr'><strong>laudantem</strong></span> <span class='ocrx_word' id='word_1_849' title='bbox 3359 4387 3538 4445; x_wconf 91' lang='lat' dir='ltr'><strong>videt:</strong></span> 
     </span>
    </p>
   </div>
   <div class='ocr_carea' id='block_1_105' title="bbox 1969 4455 3542 4552">
    <p class='ocr_par' dir='ltr' id='par_1_105' title="bbox 1969 4455 3542 4552">
     <span class='ocr_line' id='line_1_105' title="bbox 1969 4455 3542 4552; baseline 0.018 -43"><span class='ocrx_word' id='word_1_850' title='bbox 1969 4455 2269 4514; x_wconf 91' lang='lat' dir='ltr'><strong>laudantem</strong></span> <span class='ocrx_word' id='word_1_851' title='bbox 2297 4461 2460 4529; x_wconf 89' lang='lat' dir='ltr'><strong>videt,</strong></span> <span class='ocrx_word' id='word_1_852' title='bbox 2491 4481 2648 4535; x_wconf 91' lang='lat' dir='ltr'><strong>quem</strong></span> <span class='ocrx_word' id='word_1_853' title='bbox 2680 4469 2868 4536; x_wconf 91' lang='lat' dir='ltr'><strong>probat</strong></span> <span class='ocrx_word' id='word_1_854' title='bbox 2911 4483 3195 4528; x_wconf 88' lang='lat' dir='ltr'><strong>amantem.</strong></span> <span class='ocrx_word' id='word_1_855' title='bbox 3241 4477 3308 4531; x_wconf 86' lang='lat' dir='ltr'><strong>Et</strong></span> <span class='ocrx_word' id='word_1_856' title='bbox 3355 4478 3408 4534; x_wconf 79' lang='lat' dir='ltr'><strong>in</strong></span> <span class='ocrx_word' id='word_1_857' title='bbox 3435 4498 3542 4552; x_wconf 84' lang='lat' dir='ltr'><strong>quo</strong></span> 
     </span>
    </p>
   </div>
   <div class='ocr_carea' id='block_1_106' title="bbox 1969 4549 3536 4626">
    <p class='ocr_par' dir='ltr' id='par_1_106' title="bbox 1969 4549 3536 4626">
     <span class='ocr_line' id='line_1_106' title="bbox 1969 4549 3536 4626; baseline 0.015 -23"><span class='ocrx_word' id='word_1_858' title='bbox 1969 4549 2132 4604; x_wconf 89' lang='lat' dir='ltr'><strong>voluit</strong></span> <span class='ocrx_word' id='word_1_859' title='bbox 2167 4550 2421 4606; x_wconf 90' lang='lat' dir='ltr'><strong>Dominus</strong></span> <span class='ocrx_word' id='word_1_860' title='bbox 2449 4553 2573 4609; x_wconf 89' lang='lat' dir='ltr'><strong>boui</strong></span> <span class='ocrx_word' id='word_1_861' title='bbox 2614 4557 2751 4612; x_wconf 89' lang='lat' dir='ltr'><strong>servi</strong></span> <span class='ocrx_word' id='word_1_862' title='bbox 2779 4574 3013 4614; x_wconf 86' lang='lat' dir='ltr'><strong>amorem</strong></span> <span class='ocrx_word' id='word_1_863' title='bbox 3057 4563 3194 4618; x_wconf 87' lang='lat' dir='ltr'><strong>circa</strong></span> <span class='ocrx_word' id='word_1_864' title='bbox 3224 4580 3283 4621; x_wconf 88' lang='lat' dir='ltr'><strong>se</strong></span> <span class='ocrx_word' id='word_1_865' title='bbox 3331 4549 3536 4626; x_wconf 79' lang='lat' dir='ltr'><strong>ostendi</strong></span> 
     </span>
    </p>
   </div>
   <div class='ocr_carea' id='block_1_107' title="bbox 1967 4641 3538 4717">
    <p class='ocr_par' dir='ltr' id='par_1_107' title="bbox 1967 4641 3538 4717">
     <span class='ocr_line' id='line_1_107' title="bbox 1967 4641 3538 4717; baseline 0.015 -24"><span class='ocrx_word' id='word_1_866' title='bbox 1967 4641 2212 4706; x_wconf 82' lang='lat' dir='ltr'><strong>maxime,</strong></span> <span class='ocrx_word' id='word_1_867' title='bbox 2245 4643 2345 4698; x_wconf 90' lang='lat' dir='ltr'><strong>nisi</strong></span> <span class='ocrx_word' id='word_1_868' title='bbox 2391 4645 2441 4698; x_wconf 93' lang='lat' dir='ltr'><strong>in</strong></span> <span class='ocrx_word' id='word_1_869' title='bbox 2487 4660 2552 4699; x_wconf 83' lang='lat' dir='ltr'><strong>eo</strong></span> <span class='ocrx_word' id='word_1_870' title='bbox 2599 4648 2738 4716; x_wconf 90' lang='lat' dir='ltr'><strong>quod</strong></span> <span class='ocrx_word' id='word_1_871' title='bbox 2785 4648 2858 4702; x_wconf 91' lang='lat' dir='ltr'><strong>illi</strong></span> <span class='ocrx_word' id='word_1_872' title='bbox 2900 4651 2993 4717; x_wconf 89' lang='lat' dir='ltr'><strong>ait,</strong></span> <span class='ocrx_word' id='word_1_873' title='bbox 3034 4653 3199 4709; x_wconf 86' lang='lat' dir='ltr'><strong>Pasce</strong></span> <span class='ocrx_word' id='word_1_874' title='bbox 3245 4673 3358 4713; x_wconf 87' lang='lat' dir='ltr'><strong>oves</strong></span> <span class='ocrx_word' id='word_1_875' title='bbox 3403 4679 3538 4715; x_wconf 80' lang='lat' dir='ltr'><strong>meas</strong></span> 
     </span>
    </p>
   </div>
   <div class='ocr_carea' id='block_1_108' title="bbox 1964 4731 3537 4812">
    <p class='ocr_par' dir='ltr' id='par_1_108' title="bbox 1964 4731 3537 4812">
     <span class='ocr_line' id='line_1_108' title="bbox 1964 4731 3537 4812; baseline 0.013 -28"><span class='ocrx_word' id='word_1_876' title='bbox 1964 4731 2141 4801; x_wconf 78' lang='lat' dir='ltr'><strong>(Joan.</strong></span> <span class='ocrx_word' id='word_1_877' title='bbox 2186 4749 2296 4800; x_wconf 61' lang='grc' dir='ltr'>χχι,</span> <span class='ocrx_word' id='word_1_878' title='bbox 2340 4735 2470 4806; x_wconf 76' lang='lat' dir='ltr'><strong>l7)?</strong></span> <span class='ocrx_word' id='word_1_879' title='bbox 2508 4735 2659 4792; x_wconf 90' lang='lat' dir='ltr'><strong>Unde</strong></span> <span class='ocrx_word' id='word_1_880' title='bbox 2698 4746 2751 4792; x_wconf 91' lang='lat' dir='ltr'><strong>et</strong></span> <span class='ocrx_word' id='word_1_881' title='bbox 2803 4740 2886 4792; x_wconf 89' lang='lat' dir='ltr'><strong>hic</strong></span> <span class='ocrx_word' id='word_1_882' title='bbox 2933 4743 3186 4812; x_wconf 87' lang='lat' dir='ltr'><strong>sequitur,</strong></span> <span class='ocrx_word' id='word_1_883' title='bbox 3228 4748 3537 4805; x_wconf 78' lang='lat' dir='ltr'><strong>Annuntiate</strong></span> 
     </span>
    </p>
   </div>
   <div class='ocr_carea' id='block_1_109' title="bbox 1962 4820 3533 4909">
    <p class='ocr_par' dir='ltr' id='par_1_109' title="bbox 1962 4820 3533 4909">
     <span class='ocr_line' id='line_1_109' title="bbox 1962 4820 3533 4909; baseline 0.015 -36"><span class='ocrx_word' id='word_1_884' title='bbox 1962 4820 2090 4876; x_wconf 84' lang='lat' dir='ltr'><strong>inter</strong></span> <span class='ocrx_word' id='word_1_885' title='bbox 2125 4834 2296 4894; x_wconf 80' lang='lat' dir='ltr'><strong>gentes</strong></span> <span class='ocrx_word' id='word_1_886' title='bbox 2329 4840 2483 4892; x_wconf 87' lang='lat' dir='ltr'><strong>opera</strong></span> <span class='ocrx_word' id='word_1_887' title='bbox 2522 4826 2671 4894; x_wconf 82' lang='lat' dir='ltr'><strong>ejus;</strong></span> <span class='ocrx_word' id='word_1_888' title='bbox 2713 4827 2796 4882; x_wconf 91' lang='lat' dir='ltr'><strong>vel</strong></span> <span class='ocrx_word' id='word_1_889' title='bbox 2848 4833 3043 4899; x_wconf 74' lang='lat' dir='ltr'><strong>pullus,</strong></span> <span class='ocrx_word' id='word_1_890' title='bbox 3078 4843 3136 4889; x_wconf 92' lang='lat' dir='ltr'><strong>ut</strong></span> <span class='ocrx_word' id='word_1_891' title='bbox 3164 4837 3245 4892; x_wconf 85' lang='lat' dir='ltr'><strong>de‘</strong></span> <span class='ocrx_word' id='word_1_892' title='bbox 3268 4855 3444 4909; x_wconf 62' lang='lat' dir='ltr'><strong>graeco</strong></span> <span class='ocrx_word' id='word_1_893' title='bbox 3469 4846 3533 4897; x_wconf 82' lang='lat' dir='ltr'><strong>:ul</strong></span> 
     </span>
    </p>
   </div>
   <div class='ocr_carea' id='block_1_110' title="bbox 1960 4913 3532 4992">
    <p class='ocr_par' dir='ltr' id='par_1_110' title="bbox 1960 4913 3532 4992">
     <span class='ocr_line' id='line_1_110' title="bbox 1960 4913 3532 4992; baseline 0.017 -26"><span class='ocrx_word' id='word_1_894' title='bbox 1960 4913 2180 4970; x_wconf 88' lang='lat' dir='ltr'><strong>verbum</strong></span> <span class='ocrx_word' id='word_1_895' title='bbox 2213 4917 2562 4987; x_wconf 82' lang='lat' dir='ltr'><strong>exprimatur,</strong></span> <span class='ocrx_word' id='word_1_896' title='bbox 2585 4919 2726 4988; x_wconf 93' lang='lat' dir='ltr'><strong>quod</strong></span> <span class='ocrx_word' id='word_1_897' title='bbox 2756 4930 2811 4975; x_wconf 92' lang='lat' dir='ltr'><strong>ct</strong></span> <span class='ocrx_word' id='word_1_898' title='bbox 2856 4923 2944 4978; x_wconf 89' lang='lat' dir='ltr'><strong>alii</strong></span> <span class='ocrx_word' id='word_1_899' title='bbox 2992 4925 3139 4982; x_wconf 91' lang='lat' dir='ltr'><strong>latini</strong></span> <span class='ocrx_word' id='word_1_900' title='bbox 3186 4933 3394 4990; x_wconf 91' lang='lat' dir='ltr'><strong>codices</strong></span> <span class='ocrx_word' id='word_1_901' title='bbox 3434 4936 3532 4992; x_wconf 39' lang='lat' dir='ltr'><strong>has</strong></span> 
     </span>
    </p>
   </div>
   <div class='ocr_carea' id='block_1_111' title="bbox 1959 5004 3532 5094">
    <p class='ocr_par' dir='ltr' id='par_1_111' title="bbox 1959 5004 3532 5094">
     <span class='ocr_line' id='line_1_111' title="bbox 1959 5004 3532 5094; baseline 0.015 -33"><span class='ocrx_word' id='word_1_902' title='bbox 1959 5004 2106 5073; x_wconf 85' lang='lat' dir='ltr'><strong>bent,</strong></span> <span class='ocrx_word' id='word_1_903' title='bbox 2129 5007 2512 5080; x_wconf 75' lang='lat' dir='ltr'><strong>Evangelizute&#39;</strong></span> <span class='ocrx_word' id='word_1_904' title='bbox 2542 5011 2594 5066; x_wconf 89' lang='lat' dir='ltr'><strong>in</strong></span> <span class='ocrx_word' id='word_1_905' title='bbox 2621 5014 2848 5084; x_wconf 79' lang='lat' dir='ltr'><strong>gentibus</strong></span> <span class='ocrx_word' id='word_1_906' title='bbox 2871 5032 3023 5088; x_wconf 77' lang='lat' dir='ltr'><strong>Opera</strong></span> <span class='ocrx_word' id='word_1_907' title='bbox 3045 5021 3181 5092; x_wconf 86' lang='lat' dir='ltr'><strong>ejus.</strong></span> <span class='ocrx_word' id='word_1_908' title='bbox 3204 5023 3404 5094; x_wconf 88' lang='lat' dir='ltr'><strong>Quibus</strong></span> <span class='ocrx_word' id='word_1_909' title='bbox 3430 5027 3532 5083; x_wconf 90' lang='lat' dir='ltr'><strong>hoc</strong></span> 
     </span>
    </p>
   </div>
   <div class='ocr_carea' id='block_1_112' title="bbox 1958 5097 3119 5178">
    <p class='ocr_par' dir='ltr' id='par_1_112' title="bbox 1958 5097 3119 5178">
     <span class='ocr_line' id='line_1_112' title="bbox 1958 5097 3119 5178; baseline 0.014 -28"><span class='ocrx_word' id='word_1_910' title='bbox 1958 5097 2167 5176; x_wconf 82' lang='lat' dir='ltr'><strong>dicitur,</strong></span> <span class='ocrx_word' id='word_1_911' title='bbox 2200 5101 2299 5154; x_wconf 79' lang='lat' dir='ltr'><strong>nisi</strong></span> <span class='ocrx_word' id='word_1_912' title='bbox 2332 5102 2682 5172; x_wconf 83' lang='lat' dir='ltr'><strong>Evangelistis</strong></span> <span class='ocrx_word' id='word_1_913' title='bbox 2711 5104 2763 5159; x_wconf 92' lang='lat' dir='ltr'><strong>in</strong></span> <span class='ocrx_word' id='word_1_914' title='bbox 2797 5107 3119 5178; x_wconf 88' lang='lat' dir='ltr'><strong>prophetia?</strong></span> 
     </span>
    </p>
   </div>
   <div class='ocr_carea' id='block_1_113' title="bbox 2024 5172 3526 5272">
    <p class='ocr_par' dir='ltr' id='par_1_113' title="bbox 2024 5172 3526 5272">
     <span class='ocr_line' id='line_1_113' title="bbox 2024 5172 3526 5272; baseline 0.017 -31"><span class='ocrx_word' id='word_1_915' title='bbox 2024 5172 2078 5242; x_wconf 70' lang='lat'><strong>2.</strong></span> <span class='ocrx_word' id='word_1_916' title='bbox 2120 5188 2279 5261; x_wconf 86' lang='lat' dir='ltr'><strong>[vers.</strong></span> <span class='ocrx_word' id='word_1_917' title='bbox 2307 5192 2361 5256; x_wconf 75' lang='lat'><strong>2,</strong></span> <span class='ocrx_word' id='word_1_918' title='bbox 2390 5193 2470 5266; x_wconf 81' lang='lat'><strong>5.]</strong></span> <span class='ocrx_word' id='word_1_919' title='bbox 2510 5194 2719 5252; x_wconf 86' lang='lat' dir='ltr'><strong>Cantate</strong></span> <span class='ocrx_word' id='word_1_920' title='bbox 2755 5172 2823 5268; x_wconf 80' lang='lat' dir='ltr'><strong>ei,</strong></span> <span class='ocrx_word' id='word_1_921' title='bbox 2855 5172 2913 5254; x_wconf 66' lang='lat' dir='ltr'><strong>et</strong></span> <span class='ocrx_word' id='word_1_922' title='bbox 2945 5204 3145 5272; x_wconf 83' lang='lat' dir='ltr'><strong>psallite</strong></span> <span class='ocrx_word' id='word_1_923' title='bbox 3171 5206 3236 5260; x_wconf 87' lang='lat' dir='ltr'><strong>ei.</strong></span> <span class='ocrx_word' id='word_1_924' title='bbox 3271 5206 3447 5263; x_wconf 83' lang='lat' dir='ltr'><strong>Verbo</strong></span> <span class='ocrx_word' id='word_1_925' title='bbox 3473 5225 3526 5266; x_wconf 84' lang='lat' dir='ltr'><strong>et</strong></span> 
     </span>
    </p>
   </div>
   <div class='ocr_carea' id='block_1_114' title="bbox 1954 5281 3521 5368">
    <p class='ocr_par' dir='ltr' id='par_1_114' title="bbox 1954 5281 3521 5368">
     <span class='ocr_line' id='line_1_114' title="bbox 1954 5281 3521 5368; baseline 0.015 -34"><span class='ocrx_word' id='word_1_926' title='bbox 1954 5295 2115 5350; x_wconf 89' lang='lat' dir='ltr'><strong>opere</strong></span> <span class='ocrx_word' id='word_1_927' title='bbox 2143 5281 2386 5338; x_wconf 89' lang='lat' dir='ltr'><strong>laudate:</strong></span> <span class='ocrx_word' id='word_1_928' title='bbox 2417 5300 2510 5341; x_wconf 91' lang='lat' dir='ltr'><strong>ore</strong></span> <span class='ocrx_word' id='word_1_929' title='bbox 2534 5288 2729 5359; x_wconf 89' lang='lat' dir='ltr'><strong>quippe</strong></span> <span class='ocrx_word' id='word_1_930' title='bbox 2750 5301 3020 5361; x_wconf 90' lang='lat' dir='ltr'><strong>cantatur;</strong></span> <span class='ocrx_word' id='word_1_931' title='bbox 3050 5297 3300 5366; x_wconf 88' lang='lat' dir='ltr'><strong>psalterio</strong></span> <span class='ocrx_word' id='word_1_932' title='bbox 3321 5313 3521 5368; x_wconf 74' lang='lat' dir='ltr'><strong>autem,</strong></span> 
     </span>
    </p>
   </div>
   <div class='ocr_carea' id='block_1_115' title="bbox 1952 5373 3525 5450">
    <p class='ocr_par' dir='ltr' id='par_1_115' title="bbox 1952 5373 3525 5450">
     <span class='ocr_line' id='line_1_115' title="bbox 1952 5373 3525 5450; baseline 0.013 -22"><span class='ocrx_word' id='word_1_933' title='bbox 1952 5373 2055 5428; x_wconf 85' lang='lat' dir='ltr'><strong>hoc</strong></span> <span class='ocrx_word' id='word_1_934' title='bbox 2095 5383 2178 5430; x_wconf 89' lang='lat' dir='ltr'><strong>est</strong></span> <span class='ocrx_word' id='word_1_935' title='bbox 2201 5376 2467 5442; x_wconf 88' lang='lat' dir='ltr'><strong>manibus,</strong></span> <span class='ocrx_word' id='word_1_936' title='bbox 2495 5380 2756 5450; x_wconf 88' lang='lat' dir='ltr'><strong>psallitur.</strong></span> <span class='ocrx_word' id='word_1_937' title='bbox 2799 5382 3025 5442; x_wconf 85' lang='lat' dir='ltr'><strong>Narrate</strong></span> <span class='ocrx_word' id='word_1_938' title='bbox 3069 5389 3239 5443; x_wconf 89' lang='lat' dir='ltr'><strong>omnia</strong></span> <span class='ocrx_word' id='word_1_939' title='bbox 3275 5394 3525 5448; x_wconf 69' lang='lat' dir='ltr'><strong>mirabilia</strong></span> 
     </span>
    </p>
   </div>
   <div class='ocr_carea' id='block_1_116' title="bbox 1950 5466 3522 5546">
    <p class='ocr_par' dir='ltr' id='par_1_116' title="bbox 1950 5466 3522 5546">
     <span class='ocr_line' id='line_1_116' title="bbox 1950 5466 3522 5546; baseline 0.015 -29"><span class='ocrx_word' id='word_1_940' title='bbox 1950 5466 2060 5537; x_wconf 81' lang='lat' dir='ltr'><strong>ejus</strong></span> <span class='ocrx_word' id='word_1_941' title='bbox 2077 5483 2096 5520; x_wconf 91' lang='lat'><strong>:</strong></span> <span class='ocrx_word' id='word_1_942' title='bbox 2121 5467 2401 5522; x_wconf 86' lang='lat' dir='ltr'><strong>laudumini</strong></span> <span class='ocrx_word' id='word_1_943' title='bbox 2428 5470 2481 5524; x_wconf 83' lang='lat' dir='ltr'><strong>in</strong></span> <span class='ocrx_word' id='word_1_944' title='bbox 2515 5473 2717 5527; x_wconf 88' lang='lat' dir='ltr'><strong>nomine</strong></span> <span class='ocrx_word' id='word_1_945' title='bbox 2738 5485 2911 5530; x_wconf 82' lang='lat' dir='ltr'><strong>sancto</strong></span> <span class='ocrx_word' id='word_1_946' title='bbox 2931 5477 3057 5546; x_wconf 84' lang='lat' dir='ltr'><strong>ejus.</strong></span> <span class='ocrx_word' id='word_1_947' title='bbox 3082 5477 3309 5540; x_wconf 88' lang='lat' dir='ltr'><strong>Possunt</strong></span> <span class='ocrx_word' id='word_1_948' title='bbox 3341 5484 3391 5538; x_wconf 91' lang='lat' dir='ltr'><strong>hi</strong></span> <span class='ocrx_word' id='word_1_949' title='bbox 3415 5486 3522 5540; x_wconf 86' lang='lat' dir='ltr'><strong>duo</strong></span> 
     </span>
    </p>
   </div>
   <div class='ocr_carea' id='block_1_117' title="bbox 1950 5560 3521 5646">
    <p class='ocr_par' dir='ltr' id='par_1_117' title="bbox 1950 5560 3521 5646">
     <span class='ocr_line' id='line_1_117' title="bbox 1950 5560 3521 5646; baseline 0.013 -33"><span class='ocrx_word' id='word_1_950' title='bbox 1950 5572 2136 5615; x_wconf 85' lang='lat' dir='ltr'><strong>versus</strong></span> <span class='ocrx_word' id='word_1_951' title='bbox 2159 5576 2225 5616; x_wconf 81' lang='lat' dir='ltr'><strong>ex</strong></span> <span class='ocrx_word' id='word_1_952' title='bbox 2261 5560 2469 5618; x_wconf 89' lang='lat' dir='ltr'><strong>duobus</strong></span> <span class='ocrx_word' id='word_1_953' title='bbox 2495 5564 2671 5620; x_wconf 88' lang='lat' dir='ltr'><strong>verbis</strong></span> <span class='ocrx_word' id='word_1_954' title='bbox 2714 5567 3074 5637; x_wconf 89' lang='lat' dir='ltr'><strong>superioribus</strong></span> <span class='ocrx_word' id='word_1_955' title='bbox 3099 5571 3228 5629; x_wconf 89' lang='lat' dir='ltr'><strong>dicti</strong></span> <span class='ocrx_word' id='word_1_956' title='bbox 3271 5591 3376 5646; x_wconf 72' lang='lat' dir='ltr'><strong>non</strong></span> <span class='ocrx_word' id='word_1_957' title='bbox 3428 5583 3521 5634; x_wconf 76' lang='lat' dir='ltr'><strong>ab-</strong></span> 
     </span>
    </p>
   </div>
   <div class='ocr_carea' id='block_1_118' title="bbox 2014 5720 3209 5794">
    <p class='ocr_par' dir='ltr' id='par_1_118' title="bbox 2014 5720 3209 5794">
     <span class='ocr_line' id='line_1_118' title="bbox 2014 5720 3209 5794; baseline 0.013 -27"><span class='ocrx_word' id='word_1_958' title='bbox 2014 5720 2030 5794; x_wconf 66' lang='grc' dir='ltr'><strong>ξ</strong></span> <span class='ocrx_word' id='word_1_959' title='bbox 2056 5725 2128 5768; x_wconf 82' lang='lat' dir='ltr'><strong>Fr.</strong></span> <span class='ocrx_word' id='word_1_960' title='bbox 2153 5728 2349 5794; x_wconf 68' lang='lat' dir='ltr'><strong>vemet</strong></span> <span class='ocrx_word' id='word_1_961' title='bbox 2369 5727 2496 5782; x_wconf 84' lang='lat' dir='ltr'><strong>Lov.,</strong></span> <span class='ocrx_word' id='word_1_962' title='bbox 2520 5728 2812 5794; x_wconf 65' lang='lat' dir='ltr'><strong>peccatorem</strong></span> <span class='ocrx_word' id='word_1_963' title='bbox 2844 5722 3055 5792; x_wconf 82' lang='lat' dir='ltr'><strong>alligant.</strong></span> <span class='ocrx_word' id='word_1_964' title='bbox 3152 5737 3209 5783; x_wconf 80' lang='lat' dir='ltr'><strong>lt.</strong></span> 
     </span>
    </p>
   </div>
   <div class='ocr_carea' id='block_1_119' title="bbox 2011 5785 2702 5845">
    <p class='ocr_par' dir='ltr' id='par_1_119' title="bbox 2011 5785 2702 5845">
     <span class='ocr_line' id='line_1_119' title="bbox 2011 5785 2702 5845; baseline 0.012 -16"><span class='ocrx_word' id='word_1_965' title='bbox 2011 5785 2031 5815; x_wconf 77' lang='grc'>¹</span> <span class='ocrx_word' id='word_1_966' title='bbox 2055 5795 2229 5836; x_wconf 78' lang='lat' dir='ltr'><strong>omnes</strong></span> <span class='ocrx_word' id='word_1_967' title='bbox 2252 5792 2377 5845; x_wconf 58' lang='lat' dir='ltr'><strong>tm.,</strong></span> <span class='ocrx_word' id='word_1_968' title='bbox 2406 5785 2702 5837; x_wconf 57' lang='lat' dir='ltr'><strong>annuntiate.</strong></span> 
     </span>
    </p>
   </div>
  </div>
