4026 6202
460 322 495 376 -ε
507 322 600 378 591

469 440 630 496 surde
657 439 820 494 videri
853 457 864 492 :
899 445 952 490 ιιι
987 434 1125 505 quod
1169 434 1278 487 ait:
1317 431 1536 486 Narrate
1579 429 1746 483 omnia
1775 425 2035 480 mirabilia

470 538 598 606 ejus,
639 536 898 590 referatur
929 532 994 585 ad
1039 531 1088 584 id
1133 530 1274 601 quod
1316 529 1513 584 dictum
1556 536 1657 590 est,
1704 525 1913 581 Caritate
1955 526 2034 590 ei;

469 627 611 695 quod
645 641 770 679 vero
794 624 1047 693 sequitur,
1074 622 1380 675 Laudantint'
1404 621 1457 673 in
1482 620 1681 673 nomine
1708 627 1881 672 sancto
1901 619 2030 688 ejus,

470 718 566 770 rel.
587 726 729 770 ratur
749 715 814 769 ad
846 714 895 767 id
924 714 1062 784 quod
1089 714 1287 767 dietutn
1327 720 1427 778 est,
1456 709 1525 763 Et
1556 709 1754 780 psallite
1791 709 1837 763 ei
1862 724 1878 761 :
1907 707 2033 761 illud

463 809 667 861 scilicet
694 806 760 860 ad
789 806 1006 861 verbum
1055 804 1269 867 bonum,
1311 817 1416 872 quo
1442 810 1682 856 cantatur
1711 800 1779 866 ei,
1821 807 1875 853 et
1911 814 2034 852 nar-

464 910 649 955 rantur
690 899 865 954 omnia
913 897 1174 954 mirabilia
1204 897 1354 967 ejus;
1405 893 1532 949 illud
1563 903 1738 948 autem
1781 891 1846 946 ad
1895 904 2028 960 opus

459 992 680 1056 bonum,
711 1006 815 1061 quo
859 991 1102 1060 psallitur
1145 989 1214 1053 ei,
1244 1004 1312 1043 ne
1345 987 1470 1042 velit
1507 989 1729 1057 quisque
1757 983 1823 1039 de
1867 977 2028 1052 opere

460 1081 602 1136 bono
629 1091 877 1152 tanquam
907 1081 957 1134 in
987 1096 1078 1133 sua
1105 1081 1299 1134 virtute
1323 1078 1544 1133 laudari.
1577 1077 1698 1131 Ideo
1719 1091 1838 1130 cum
1867 1075 2029 1128 dixis-

459 1182 562 1236 set,
607 1172 936 1234 Laudamini,
969 1171 1106 1241 quod
1138 1170 1316 1239 utique
1353 1171 1487 1224 bene
1527 1176 1808 1237 operantcs
1839 1165 2029 1220 merito

460 1273 715 1332 possunt;
759 1263 978 1323 addidit,
1019 1263 1072 1314 in
1101 1262 1300 1314 nomine
1323 1269 1496 1326 sancto
1533 1261 1640 1328 ejus
1663 1274 1681 1311 :
1710 1270 1766 1311 ut
1791 1257 1878 1326 qui
1905 1257 2025 1326 glo-

450 1355 643 1416 Tintur,
676 1354 724 1405 in
776 1353 996 1406 Domino
1035 1343 1288 1420 glorietur
1327 1350 1379 1419 (l
1410 1348 1526 1402 Cor.
1550 1365 1585 1414 ι,
1628 1347 1742 1418 5i).
1772 1346 1871 1414 Qui
1900 1361 2027 1414 ergo

461 1460 566 1497 non
592 1443 713 1510 sibi,
741 1442 835 1497 sed
862 1443 910 1497 ei
937 1442 1117 1496 volunt
1153 1441 1398 1512 psallere,
1429 1449 1649 1496 caveant
1676 1439 1849 1495 lacere
1873 1439 2028 1509 justi-

447 1538 581 1588 tiam
624 1550 772 1589 suam
804 1550 983 1588 coram
1026 1533 1351 1599 hominibus,
1399 1543 1456 1586 ut
1499 1531 1773 1586 videantur
1819 1531 1885 1584 ab
1913 1530 2022 1594 eis;

454 1627 683 1696 alioquin
726 1626 1022 1680 mercedem
1069 1641 1174 1680 non
1202 1625 1471 1680 habebunt
1511 1624 1646 1694 apud
1678 1623 1907 1688 Patrem,
1937 1623 2025 1692 qui

452 1721 506 1773 in
534 1719 686 1774 caelis
712 1727 794 1774 est
818 1718 1029 1788 (Matth.
1060 1734 1132 1784 vt,
1164 1716 1256 1788 l):
1293 1717 1384 1771 sed
1420 1717 1630 1771 luceant
1654 1729 1813 1784 Opera
1840 1729 2023 1768 eorum

452 1823 635 1863 coram
667 1808 989 1872 hominibus,
1021 1823 1126 1862 non
1167 1823 1232 1863 eo
1279 1807 1385 1861 ﬁne
1415 1817 1472 1860 ut
1515 1806 1614 1877 ipsi
1663 1805 1933 1859 videantur
1958 1804 2024 1859 ab

436 1901 548 1965 ~eis,
576 1897 668 1954 sed
697 1907 754 1952 ut
782 1897 998 1952 videant
1025 1897 1165 1952 bona
1207 1912 1364 1966 opera
1395 1911 1600 1958 eorum,
1631 1904 1686 1950 et
1727 1895 2024 1964 glorificent

453 1992 664 2046 Patrem
704 2006 908 2058 eorum,
941 1991 1029 2061 qui
1075 1990 1124 2044 in
1152 1989 1303 2044 caelis
1331 1997 1414 2043 est
1443 1988 1552 2059 (Id.
1580 2005 1633 2054 v,
1665 1988 1772 2057 16).
1805 1987 1914 2041 lloc
1941 1995 2024 2041 est

442 2082 654 2136 ’laudari
678 2082 731 2135 in
758 2082 970 2134 nomine
997 2088 1183 2134 sancto
1207 2080 1340 2148 ejus.
1365 2077 1517 2133 Unde
1536 2087 1590 2132 et
1615 2080 1664 2132 in
1693 2077 1798 2132 alio
1820 2077 2022 2146 psalmo

443 2171 639 2239 legitur
671 2188 684 2225 :
717 2169 780 2225 In
823 2169 1041 2224 Domino
1084 2169 1377 2223 laudabitur
1420 2169 1588 2221 anima
1626 2185 1773 2233 mea;
1812 2167 2021 2221 audiant

461 2263 624 2326 mites,
670 2272 716 2316 et
733 2262 1082 2332 jucundentur
1111 2260 1280 2332 (Psal.
1305 2276 1489 2325 χχχιιι,
1511 2260 1566 2327 2,
1591 2260 1665 2330 5).
1689 2259 1839 2326 Quod
1861 2268 1916 2314 et
1935 2259 2020 2314 hic

447 2353 838 2422 quodammodo
866 2354 1118 2423 sequitur,
1149 2352 1366 2406 Lcetetur
1407 2368 1494 2405 cor
1536 2351 1862 2420 quwrantium
1907 2348 2017 2404 Do-

446 2446 640 2498 minum
677 2461 695 2499 :
727 2445 802 2501 sic
841 2447 982 2500 enim
1011 2445 1164 2500 mites
1187 2445 1562 2514 jucundantur,
1586 2445 1672 2514 qui
1705 2460 1810 2498 non
1839 2458 2019 2498 amaro

447 2536 567 2590 zelo
594 2550 687 2590 eos
709 2536 818 2605 jam
849 2537 985 2591 bene
1009 2546 1290 2606 operantes
1317 2536 1650 2590 :rmulantur.

519 2629 573 2681 5.
603 2626 749 2700 [vers.
778 2627 855 2700 4.]
886 2627 1106 2692 Quwrt'te
1130 2626 1422 2692 Dominum,
1444 2637 1488 2681 et
1513 2627 1886 2697 confortamini.
1908 2627 2019 2683 Hoc

427 2752 436 2766 ι.
449 2718 592 2772 enim
617 2717 684 2771 dc
708 2733 880 2788 grmco
923 2719 1228 2788 expressius
1268 2719 1667 2788 interpretatum
1695 2727 1796 2780 est,
1828 2734 2013 2788 quam~

448 2809 528 2861 vis
553 2808 767 2862 verbum
799 2809 971 2863 minus
1016 2809 1232 2863 latinum
1261 2808 1501 2864 videatur
1525 2827 1537 2861 :
1568 2809 1706 2863 unde
1735 2818 1788 2865 et
1813 2810 1902 2864 alii
1926 2826 2018 2865 co-

441 2900 594 2955 edices
645 2901 872 2966 habent,
920 2902 1320 2970 conﬁrmantini;
1364 2902 1484 2968 alii,
1518 2903 1920 2957 corroborantini.
1951 2904 2018 2959 Et

445 2992 638 3061 quippe
683 2992 910 3062 dicitur,
958 2991 1227 3047 Fortitudo
1272 3010 1380 3047 mea
1411 2991 1579 3064 (Psal.
1620 3010 1770 3059 xvn,
1798 2994 1878 3065 2);
1923 3006 2013 3059 et,

443 3079 818 3136 Fortitudinem
847 3099 1008 3136 nteant
1036 3086 1103 3136 ad
1133 3093 1178 3137 te
1197 3083 1474 3136 custodiam
1506 3082 1671 3154 (Psal.
1697 3101 1817 3138 Lvm
1837 3127 1852 3151 ,
1886 3085 1970 3154 l0)
2000 3104 2012 3138 :

435 3184 504 3227 ut
548 3188 668 3230 eum
697 3175 984 3245 qumrendo
1026 3185 1183 3245 atque
1204 3176 1269 3229 ad
1301 3192 1421 3231 eum
1452 3174 1788 3242 accedendo,
1821 3187 1872 3231 et
1899 3178 2018 3231 illu-

446 3267 712 3320 mincmnr
737 3276 791 3320 et
814 3267 1195 3331 conlortemur;
1213 3283 1280 3322 ne
1305 3269 1540 3322 caecitate
1565 3269 1689 3338 quid
1719 3268 2014 3324 faciendum

449 3356 520 3408 sit
543 3370 646 3409 non
673 3356 965 3421 videamus,
995 3365 1086 3410 aut
1122 3357 1423 3413 inﬁrmitate
1451 3373 1556 3432 non
1579 3359 1829 3414 faciamus
1858 3362 2015 3415 etiam

437 3443 585 3513 quod
614 3444 874 3499 videmus.
904 3445 1054 3512 Quod
1082 3462 1209 3516 ergo
1229 3457 1311 3501 est
1339 3447 1404 3502 ad
1445 3448 1727 3503 videndum
1749 3492 1763 3516 ,
1786 3450 2017 3504 Accedite

445 3536 516 3588 ad
541 3551 673 3600 eum,
702 3546 748 3590 et
781 3537 1136 3591 illuntinann'ni
1166 3537 1333 3608 (l’sal.
1366 3555 1535 3594 xxxm
1555 3583 1569 3606 ,
1593 3541 1646 3612 5)
1672 3558 1685 3608 ;
1717 3541 1814 3596 hoc
1843 3553 1925 3597 est
1949 3545 2014 3598 ad

439 3629 759 3696 faciendum,
796 3630 1011 3695 Quwrite
1038 3629 1331 3700 Dominum,
1359 3641 1402 3686 et
1426 3633 1830 3689 corroboramini.
1863 3636 2014 3701 Qua:-

436 3721 551 3786 rite,
576 3720 763 3790 inquit,
789 3722 968 3790 faciem
991 3723 1098 3792 ejus
1123 3739 1336 3790 semper.
1359 3724 1488 3791 Quae
1504 3737 1586 3780 est
1606 3725 1764 3781 facies
1784 3727 2011 3793 Domini,

445 3812 544 3866 nisi
576 3813 856 3882 praesentia
889 3813 1016 3881 Dei?
1036 3813 1184 3868 Sicut
1213 3813 1372 3870 facies
1393 3817 1563 3884 venti,
1586 3829 1637 3873 et
1661 3817 1818 3874 facies
1835 3819 1967 3891 ignis
1997 3840 2010 3880 :

433 3905 634 3957 dictum
679 3913 760 3958 est
805 3903 984 3971 enim,
1014 3904 1157 3960 Sicut
1196 3907 1435 3974 stipulam
1479 3916 1594 3962 ante
1647 3911 1828 3979 facient
1880 3912 2013 3965 venti

439 3993 606 4064 (l’sal.
639 4011 848 4059 Lxxxn,
881 3995 1121 4065 M);et,
1154 3995 1297 4050 Sicut
1324 3998 1438 4066 ﬂuit
1481 4015 1594 4052 cera
1637 4017 1669 4052 a
1713 4001 1844 4071 facie
1884 4003 2012 4073 ignis

440 4084 610 4151 (Psal.
645 4101 820 4151 van,
851 4087 923 4156 5).
974 4087 1041 4140 Et
1068 4088 1232 4143 multa
1265 4089 1387 4144 talia
1436 4091 1584 4160 ponit
1611 4092 1898 4163 Scriptura,
1928 4096 2011 4149 ni-

441 4178 510 4228 liii
538 4179 678 4232 aliud
708 4194 862 4248 quam
903 4194 1084 4232 earum
1138 4195 1312 4234 rerum
1345 4185 1681 4251 praesentiam
1712 4187 1896 4241 volens
1927 4189 2009 4242 in-

437 4266 600 4335 telligi
624 4307 638 4331 ,
671 4282 894 4336 quantm
924 4270 1160 4323 nominat
1189 4269 1400 4325 faciem.
1428 4273 1538 4328 Sed
1565 4276 1690 4345 quid
1712 4286 1794 4332 est
1813 4318 1827 4343 ,
1861 4278 2011 4343 Quiv-

435 4359 534 4410 rite
557 4358 737 4434 [aciem
759 4361 866 4429 ejus
889 4361 1108 4429 semper?
1137 4361 1260 4416 Scio
1287 4363 1499 4434 quidem
1528 4369 1648 4436 quia
1675 4370 1803 4424 mihi
1827 4371 2009 4425 adhin-

373 4445 382 4449 ’
440 4463 558 4505 rere
584 4449 691 4504 Deo
730 4437 922 4505 bonum
963 4461 1043 4506 est
1072 4451 1242 4522 (Psal.
1278 4467 1416 4509 nxxn
1437 4497 1452 4522 ,
1479 4456 1594 4526 28);
1620 4461 1712 4515 sed
1735 4463 1777 4517 si
1801 4478 2012 4533 semper

444 4541 718 4611 quazritur,
745 4544 956 4613 quando
985 4545 1276 4600 invenitur?
1301 4549 1380 4601 An
1404 4565 1596 4618 semper
1621 4551 1788 4618 dixit,
1823 4555 1874 4608 in
1903 4565 2009 4609 tota

437 4635 543 4688 vita
569 4635 670 4688 ista
693 4651 794 4704 qua
826 4635 910 4690 hic
931 4636 1147 4703 vivitur,
1177 4655 1244 4693 ex
1278 4655 1380 4709 quo
1404 4639 1455 4694 id
1484 4656 1579 4695 nos
1610 4640 1782 4698 facere
1816 4645 2012 4702 debere

430 4727 801 4796 cognovimus,
824 4728 1032 4798 quando
1058 4740 1110 4786 et
1131 4732 1378 4787 inventus
1419 4734 1734 4804 quaerendus
1761 4739 1864 4791 est?
1889 4739 2007 4794 Jam

441 4815 635 4888 quippe
664 4815 810 4872 illum
863 4818 1062 4874 invenit
1092 4820 1223 4876 ﬁdes
1253 4863 1267 4886 ,
1316 4823 1410 4877 sed
1451 4823 1626 4880 adhuc
1671 4841 1791 4881 eum
1823 4830 2011 4898 qum-rit

440 4923 584 4979 spes.
609 4904 852 4963 Charitas
889 4919 1062 4968 autem
1090 4920 1144 4966 et
1195 4913 1394 4968 invenit
1434 4930 1553 4969 cum
1605 4931 1696 4984 per
1739 4917 1927 4984 ﬁdem,
1957 4931 2010 4975 et

440 5019 560 5056 cum
589 5003 778 5073 qumrit
821 5001 1016 5057 habere
1043 5019 1138 5074 per
1177 5010 1406 5076 speciem
1438 5026 1453 5065 :
1481 5009 1570 5064 ubi
1599 5019 1720 5066 tunc
1764 5013 1840 5066 sic
1867 5014 2011 5068 inve-

442 5093 652 5160 nietur,
687 5104 744 5147 ut
769 5092 997 5148 sufﬁciat
1027 5095 1204 5161 nobis,
1251 5107 1305 5152 et
1333 5100 1551 5154 ulterius
1589 5117 1694 5156 non
1721 5113 2005 5172 qumratur.

437 5184 547 5240 Nisi
573 5187 713 5242 enim
741 5201 861 5242 eum
899 5187 952 5240 in
984 5186 1081 5241 ista
1109 5187 1212 5242 vita
1251 5191 1511 5248 inveniret
1540 5193 1670 5249 ﬁdes
1689 5238 1701 5259 ,
1737 5211 1840 5251 non
1866 5197 2009 5254 dice-

434 5289 586 5333 retur
608 5320 622 5344 ,
656 5279 877 5346 Quen-ite
926 5278 1238 5347 Dominum;
1259 5293 1310 5338 et
1356 5300 1476 5340 cum
1509 5287 1814 5345 inveneritis
1840 5306 1960 5346 eum
1990 5335 2004 5358 ,

438 5369 761 5442 Derelinquat
783 5373 964 5442 impius
986 5375 1090 5426 vias
1119 5391 1236 5428 suas
1254 5417 1266 5439 ,
1293 5387 1338 5429 et
1363 5378 1439 5430 vir
1464 5379 1662 5448 iniquus
1683 5383 2007 5454 cogitationes

434 5476 553 5514 suas
583 5460 732 5530 (lsai.
763 5480 847 5529 LV,
881 5463 932 5528 6,
964 5465 1040 5533 7).
1074 5463 1200 5519 Item
1233 5466 1275 5519 si
1325 5467 1427 5522 ﬁde
1471 5468 1714 5526 inventus
1739 5515 1753 5539 ,
1784 5490 1887 5528 non
1916 5476 2008 5528 atl-

435 5547 538 5601 huc
573 5561 714 5605 esset
757 5555 1176 5621 perquirendus,
1218 5570 1324 5610 non
1372 5557 1655 5625 diceretur,
1706 5581 1723 5612 ι
1761 5563 1816 5618 Si
1865 5567 2005 5620 enim

435 5639 577 5706 quod
606 5655 711 5692 non
736 5641 996 5706 videmus,
1024 5661 1322 5713 speramus,
1358 5663 1451 5717 per
1477 5650 1784 5718 patientiam
1816 5671 2002 5725 exspe-

432 5739 640 5783 ctamus
675 5747 692 5780 ι
721 5729 895 5799 (Rom.
925 5748 1037 5802 vin,
1061 5736 1154 5806 2-5)
1191 5748 1288 5794 :et
1306 5743 1446 5808 quod
1468 5743 1700 5803 Joannes
1729 5749 1820 5814 ait,
1847 5768 1864 5801 ι
1894 5749 2004 5807 Sci-

1719 308 1772 363 S.
1815 300 2177 363 AUGUSTINI
2219 306 2518 364 EPISCOPI

3580 320 3719 374 1392

2149 440 2268 479 mus
2297 428 2416 496 quia
2460 443 2580 483 eum
2637 432 2967 501 apparuerit,
2996 432 3194 488 similes
3232 434 3281 488 ei
3319 435 3550 500 erimus;
3580 451 3711 506 quo-

2146 519 2285 573 niam
2301 521 2592 599 videbimus
2605 539 2723 578 eum
2747 526 2900 578 sicuti
2923 535 3001 579 est
3015 525 3084 595 »(1
3100 526 3254 581 Joan.
3278 542 3355 592 ιιι,
3374 528 3453 599 2).
3473 531 3552 584 An
3579 529 3718 585 forte

2145 610 2302 665 etiam
2338 627 2458 667 eum
2484 613 2618 669 facie
2644 616 2710 669 ad
2742 615 2928 671 faciem
2957 617 3243 672 viderimus
3264 634 3384 674 eum
3412 621 3567 675 sicuti
3591 632 3672 676 est
3698 661 3718 688 ,

2142 699 2313 756 adhuc
2333 705 2713 774 perquirendus
2740 708 2859 771 erit,
2883 717 2938 763 et
2958 711 3072 764 sine
3101 711 3202 764 ﬁne
3221 711 3555 781 quzerendus,
3591 715 3714 782 quia

2141 791 2256 846 sine
2303 792 2407 847 ﬁne
2452 796 2745 851 amandus?
2784 798 3016 853 Dicimus
3068 800 3210 854 enim
3252 803 3412 856 etiam
3461 807 3715 872 praesenti

2140 883 2294 938 alicui
2318 926 2333 949 ,
2362 885 2475 940 Non
2505 895 2555 942 te
2602 903 2783 958 quaero
2805 906 2818 955 ;
2844 890 2895 944 id
2925 901 3001 944 est
3025 932 3040 958 ,
3075 907 3178 946 non
3207 901 3258 947 te
3301 893 3482 963 diligo.
3513 894 3592 948 Ac
3617 910 3714 964 per

2140 972 2242 1027 boc
2266 976 2354 1045 qui
2383 976 2634 1047 diligitur,
2667 979 2827 1034 etiam
2873 996 3106 1050 praesens
3132 983 3406 1052 qumritur,
3428 984 3557 1039 dum
3581 986 3717 1040 eba-

2138 1064 2292 1120 ritate
2319 1077 2592 1137 perpetua,
2621 1086 2686 1125 ne
2709 1071 2798 1125 ﬁat
2815 1072 3025 1138 absens,
3051 1074 3224 1144 agitur
3242 1077 3278 1128 ³.
3305 1075 3532 1132 Proinde
3553 1094 3712 1148 quem

2136 1158 2357 1229 quisque
2381 1159 2585 1230 diligit,
2618 1164 2776 1217 etiam
2825 1179 2944 1218 cum
2987 1180 3108 1220 eum
3140 1166 3319 1234 videt,
3347 1168 3461 1222 sine
3498 1167 3714 1224 fastidio

2135 1265 2344 1320 semper
2381 1252 2492 1306 vult
2519 1268 2639 1308 esse
2679 1265 3015 1324 prmsentem,
3045 1255 3144 1310 hoc
3191 1265 3295 1324 est,
3324 1271 3535 1328 semper
3562 1276 3713 1330 qua:-

2135 1343 2204 1395 rit
2255 1357 2374 1398 esse
2415 1356 2750 1415 prarsentem.
2806 1347 2875 1401 Et
2918 1348 3164 1403 nimirum
3201 1348 3302 1403 hoc
3339 1359 3458 1415 est,
3491 1349 3715 1418 Quwrite

2134 1431 2311 1501 facient
2329 1434 2437 1508 ejus
2457 1451 2670 1504 semper,
2701 1447 2756 1490 ut
2782 1452 2885 1491 non
2909 1437 3030 1493 huic
3053 1438 3396 1509 inquisitioni,
3423 1456 3523 1510 qua
3549 1441 3714 1511 signi-

2135 1525 2324 1577 licatur
2361 1539 2534 1590 amor,
2593 1527 2752 1582 tinem
2802 1536 3019 1598 praestet
3059 1529 3330 1596 inventio,
3379 1530 3475 1585 sed
3527 1546 3714 1586 amore

2131 1624 2404 1671 crescente
2430 1617 2698 1686 inquisitio
2726 1630 2927 1673 crescat
2950 1620 3168 1674 inventi.

2200 1706 2252 1759 4.
2273 1703 2420 1779 [vers.
2439 1705 2516 1778 5.]
2534 1705 2649 1761 Jam
2676 1707 2927 1778 deinceps
2958 1718 3217 1780 temperat
3249 1725 3308 1766 se
3335 1711 3580 1766 laudator
3605 1712 3709 1766 iste

2129 1796 2357 1863 ardens,
2405 1805 2460 1852 et
2505 1797 2572 1852 ad
2599 1801 2808 1869 capacia
2856 1801 3015 1855 verba
3067 1801 3378 1866 descendit;
3430 1804 3699 1859 inﬁrmum

2128 1905 2362 1945 amorem
2418 1899 2577 1962 atque
2622 1893 2902 1948 lactentem
2949 1896 3327 1965 temporalibus
3364 1897 3458 1951 Dei
3486 1898 3700 1953 mirabi-

2127 1980 2264 2035 libus
2305 1981 2563 2036 nutriens.
2627 1981 2960 2048 Mementote,
3004 1987 3210 2055 inquit,
3243 1988 3548 2041 ntirabiliunt
3596 1991 3710 2060 ejus

2126 2091 2239 2145 qua:
2269 2076 2415 2146 fecit,
2464 2077 2694 2146 prodigia
2716 2079 2825 2143 eius
2848 2088 2896 2131 et
2911 2079 3114 2148 judicia
3134 2080 3236 2136 oris
3273 2081 3401 2150 ejus.
3431 2080 3532 2146 Qui
3560 2081 3711 2136 locus

2125 2167 2314 2222 similis
2340 2167 2546 2222 videtur
2575 2169 2645 2222 illi
2705 2169 2821 2223 loco
2841 2211 2854 2235 ,
2886 2169 2977 2223 ubi
3006 2169 3070 2223 ad
3116 2169 3330 2240 Moysen
3377 2182 3707 2241 qumrentem

2124 2259 2242 2327 quis
2262 2267 2422 2324 esset,
2455 2274 2575 2313 cum
2606 2259 2831 2314 dixisset
2857 2301 2870 2324 ,
2903 2259 3010 2330 Ego
3039 2277 3150 2314 sum
3173 2261 3256 2329 qui
3283 2277 3392 2315 sum
3413 2304 3438 2327 ,.
3458 2271 3529 2328 et,
3555 2262 3708 2318 Dices

2126 2349 2245 2417 ﬁliis
2274 2349 2455 2414 Israel,
2491 2351 2592 2418 Qui
2619 2361 2692 2404 est
2718 2394 2732 2415 ,
2761 2352 2892 2406 misit
2919 2368 2996 2406 me
3037 2353 3105 2405 ad
3125 2369 3245 2407 vos:
3274 2353 3413 2423 quod
3440 2370 3502 2408 ex
3531 2371 3708 2424 quan-

2124 2441 2458 2511 tulacumque
2502 2443 2756 2511 particula
2812 2459 2929 2497 rara
2994 2459 3146 2498 mens
3195 2446 3336 2515 capit
3390 2463 3402 2498 :
3449 2445 3707 2518 deinceps
3783 2467 3786 2469 λ

2125 2548 2315 2588 nomen
2343 2549 2496 2588 suum
2536 2549 2960 2590 commemorans
2983 2577 2998 2602 ,
3037 2551 3159 2606 erga
3191 2537 3431 2594 homines
3475 2542 3703 2609 gratiam

2124 2639 2270 2678 suam
2319 2624 2732 2680 misericorditer
2781 2630 3127 2695 temperavit,
3181 2628 3397 2693 dicens,
3436 2629 3544 2701 Ego
3588 2650 3704 2686 sum

2122 2713 2260 2770 Deus
2286 2716 2558 2784 Abraham,
2585 2727 2632 2771 et
2660 2716 2798 2772 Deus
2825 2717 2971 2773 Isaac
2992 2761 3004 2779 ,
3027 2731 3072 2773 et
3095 2719 3234 2776 Deus
3253 2721 3434 2787 Jacob;
3461 2724 3556 2778 hoc
3575 2727 3706 2780 mihi

2123 2823 2300 2860 nomen
2315 2816 2386 2860 est
2406 2809 2457 2860 in
2483 2819 2719 2862 (sternunt
2739 2807 2933 2878 (Exod.
2966 2827 3056 2876 ιιι,
3088 2812 3152 2865 M
3175 2854 3188 2877 ,
3218 2814 3326 2882 15).
3357 2813 3456 2869 Ubi
3479 2816 3702 2888 intelligi

2125 2897 2309 2963 voluit,
2335 2909 2388 2952 et
2417 2899 2533 2953 illos
2559 2914 2780 2968 quorum
2808 2915 2865 2954 se
2893 2900 3056 2954 Deum
3104 2901 3273 2968 dixit,
3307 2903 3488 2960 vivere
3517 2922 3701 2960 secum

2122 2989 2173 3041 in
2202 2999 2456 3042 :nternum
2479 3030 2492 3050 ,
2517 2989 2691 3043 ethoc
2717 2990 2848 3043 dixit
2873 2991 3008 3060 quod
3049 2993 3163 3060 capi
3199 2994 3356 3047 etiam
3405 3011 3435 3048 a
3467 2999 3703 3064 parvulis

2121 3087 2300 3147 posset
2323 3096 2334 3129 :
2361 3088 2434 3145 ut,
2471 3077 2578 3148 Ego
2602 3081 2816 3149 suntqui
2842 3098 2952 3133 sunt
2981 3123 2994 3144 ,
3028 3082 3100 3135 illi
3122 3098 3220 3152 pro
3242 3093 3396 3153 captu
3441 3087 3703 3158 intellige-

2121 3176 2258 3232 rent,
2286 3168 2372 3238 qui
2393 3168 2677 3237 grandibus
2700 3170 2896 3224 viribus
2921 3171 3193 3226 ebaritatis
3213 3185 3430 3230 nossent
3456 3193 3704 3246 quan-ere

2123 3257 2309 3312 faciem
2355 3261 2470 3328 ejus
2497 3275 2727 3328 semper.
2752 3260 2809 3314 Si
2855 3276 2981 3331 ergo
3007 3263 3146 3331 quod
3185 3273 3265 3317 est
3295 3266 3406 3334 ipse
3426 3307 3440 3331 ,
3472 3267 3700 3321 multum

2122 3359 2203 3404 cst
2226 3350 2294 3404 ad
2320 3366 2415 3405 vos
2442 3352 2524 3407 vel
2551 3353 2730 3407 videre
2760 3354 2838 3408 vel
2869 3371 3134 3422 qttterere.
3169 3356 3466 3412 Mementote
3491 3360 3702 3414 mirabi-

2122 3443 2246 3494 lium
2301 3443 2409 3513 ejus
2451 3459 2565 3514 quae
2613 3445 2764 3514 fecit,
2812 3446 3043 3516 prodigia
3094 3449 3201 3518 ejus
3253 3460 3301 3502 et
3348 3451 3547 3518 judicia
3596 3454 3703 3507 oris

2119 3535 2246 3605 ejus.
3714 3602 3729 3619 .

2190 3627 2242 3681 5.
2273 3625 2420 3698 [vers.
2451 3627 2482 3682 6
2503 3670 2516 3693 ,
2551 3627 2626 3700 7.]
2655 3629 2721 3683 Et
2761 3629 2951 3700 quibus
2975 3631 3207 3686 dicitur?
3238 3634 3420 3688 Semen
3439 3636 3699 3692 Abraham

2118 3720 2243 3772 servi
2263 3721 2388 3790 ejus,
2415 3721 2509 3789 ﬁlii
2527 3720 2685 3776 Jacob
2713 3723 2852 3776 electi
2880 3724 3009 3792 ejus.
3043 3724 3145 3780 Vos
3176 3740 3357 3782 semen
3382 3728 3656 3786 Abraham
3679 3776 3696 3796 ,

2119 3825 2212 3865 vos
2251 3812 2342 3865 ﬁlii
2371 3811 2536 3867 Jacob
2555 3856 2568 3877 ,
2598 3825 2886 3868 mementote
2912 3816 3217 3870 mirabilium
3245 3819 3352 3888 ejus
3381 3837 3496 3889 qua:
3536 3825 3654 3892 fecit
3680 3868 3694 3887 ,

2117 3903 2346 3973 prodigia
2376 3906 2483 3974 ejus
2509 3915 2554 3957 et
2591 3907 2791 3975 judicia
2836 3909 2936 3961 oris
2979 3910 3108 3978 ejus.
3135 3909 3210 3964 Ne
3248 3913 3365 3981 quis
3395 3925 3572 3970 autem
3606 3921 3696 3972 uni

2115 3995 2258 4062 genti
2286 3995 2385 4050 hoc
2431 3997 2683 4052 tribueret
2724 3998 3074 4054 lsraelitarum
3107 4004 3396 4059 secundum
3438 4021 3654 4062 carnem
3679 4053 3693 4073 ,

2115 4095 2170 4138 et
2211 4101 2314 4139 non
2347 4087 2660 4158 intelligeret
2700 4091 2864 4160 magis
2905 4106 3024 4146 esse
3070 4107 3250 4148 semen
3283 4097 3509 4152 Abrabze
3537 4100 3698 4172 ﬁlios

2117 4180 2480 4248 promissionis
2505 4197 2660 4250 quam
2693 4182 2827 4238 ﬁlios
2848 4185 3051 4250 carnis,
3081 4186 3273 4262 quibus
3297 4188 3580 4259 Apostolus
3606 4193 3696 4248 di-

2116 4269 2208 4335 cit,
2241 4285 2359 4324 cum
2377 4270 2636 4326 Gentibus
2655 4272 2976 4343 loqueretur,
3011 4294 3028 4326 ι
3065 4276 3171 4330 Vos
3201 4293 3328 4348 ergo
3349 4281 3578 4336 Abralne
3602 4299 3694 4339 se-

2115 4375 2237 4414 men
2263 4362 2410 4428 estis,
2429 4362 2716 4418 secundum
2735 4366 3138 4434 promissionem
3167 4367 3406 4426 hzeredes
3435 4390 3453 4423 ι
3488 4371 3690 4442 (Colat.

2113 4461 2188 4518 ιιι,
2213 4451 2326 4525 29);
2355 4456 2592 4525 sequitur
2616 4464 2671 4510 et
2696 4456 2838 4522 dicit,
2855 4477 2872 4510 ι
2895 4459 3011 4530 Ipse
3037 4461 3288 4517 Dominus
3315 4464 3449 4518 Deus
3476 4476 3688 4529 noster;

2116 4545 2167 4598 in
2203 4546 2345 4599 omni
2375 4554 2513 4602 terra
2540 4547 2736 4615 judicia
2779 4550 2914 4620 ejus.
2958 4571 2976 4602 ι
3009 4552 3119 4606 lloc
3157 4553 3346 4609 dicitur
3372 4571 3468 4626 per
3499 4556 3689 4613 Isaiam

2115 4635 2179 4690 ad
2201 4635 2493 4693 Jerusalem
2525 4639 2743 4693 liberam
2765 4683 2780 4707 ,
2807 4652 3029 4698 matrem
3055 4654 3288 4700 nostram
3319 4665 3330 4700 :
3356 4647 3425 4700 Et
3450 4650 3536 4718 qui
3559 4653 3692 4704 eruit

2116 4737 2180 4790 te,
2212 4729 2318 4798 ipse
2341 4728 2481 4784 Deus
2511 4741 2644 4796 tuus,
2674 4734 2918 4788 universa!
2941 4745 3087 4789 terra:
3117 4737 3368 4792 vocabitur
3395 4738 3548 4811 (lsai.
3580 4758 3684 4808 uv,

2115 4817 2194 4887 5).
2223 4819 2303 4872 An
2329 4819 2629 4874 Judteorum
2657 4821 2795 4878 Deus
2827 4825 3066 4878 tantum?
3095 4826 3246 4880 Absit
3265 4827 3436 4898 (Rom.
3460 4845 3536 4896 ιιι,
3567 4830 3689 4902 29).

2115 4909 2237 4980 Ipse
2266 4909 2515 4966 Dominus
2539 4912 2678 4968 Deus
2704 4924 2888 4980 noster;
2913 4916 2966 4969 in
2991 4918 3126 4971 omni
3147 4927 3280 4971 terra
3295 4921 3496 4989 judicia
3535 4923 3648 4995 ejus
3671 4941 3688 4979 :

2114 5002 2234 5070 quia
2262 5002 2314 5056 in
2335 5003 2476 5058 omni
2505 5012 2646 5059 terra
2675 5006 2906 5061 Ecclesia
2942 5008 3087 5075 ejus,
3113 5009 3202 5064 ubi
3225 5011 3582 5080 praedicantur
3600 5015 3692 5085 ju-

2113 5094 2248 5150 dicia
2275 5095 2408 5164 ejus.
2431 5096 2565 5164 Quid
2592 5113 2717 5168 ergo
2745 5100 2817 5154 ait
2841 5099 2892 5154 in
2917 5101 3020 5156 alio
3046 5103 3280 5171 psalmo:
3305 5123 3323 5156 ι
3349 5104 3445 5174 Qui
3477 5122 3693 5164 annun-

2059 5213 2065 5222 —
2114 5187 2210 5240 tiat
2261 5187 2478 5243 verbum
2529 5203 2679 5244 suum
2732 5190 2933 5258 Jacob,
2973 5194 3203 5263 justitias
3247 5207 3300 5250 et
3341 5197 3537 5266 judicia
3589 5215 3687 5254 sua

2113 5278 2306 5344 Israel;
2337 5296 2441 5336 non
2467 5280 2591 5336 fecit
2617 5284 2693 5338 sic
2718 5283 2878 5338 omni.
2910 5287 3086 5355 genti,
3119 5298 3172 5340 et
3196 5287 3390 5356 judicia
3437 5305 3532 5344 sua
3575 5309 3684 5347 non

2113 5371 2464 5426 manilestavit
2511 5375 2588 5428 eis
2619 5391 2641 5427 ι
2688 5374 2706 5442 (
2735 5373 2874 5429 Psal.
2928 5391 3137 5441 CXLVII,
3174 5377 3239 5432 19
3262 5419 3276 5442 ,
3296 5369 3422 5449 '20).
3453 5379 3578 5435 Ideo
3605 5382 3692 5436 di-

2112 5475 2253 5518 ctum
2301 5473 2422 5529 est,
2458 5466 2577 5533 quia
2623 5480 2780 5520 unam
2821 5477 3029 5536 gentem
3060 5467 3224 5523 voluit
3253 5468 3472 5540 intelligi
3513 5475 3685 5541 perti-

2113 5563 2324 5609 nentem
2353 5553 2419 5609 ad
2449 5571 2628 5611 semen
2651 5557 2897 5623 Abraltar;
2925 5575 3041 5628 quas
3071 5572 3252 5614 vocata
3272 5571 3354 5616 est
3377 5564 3592 5632 quidem
3618 5582 3687 5622 ex

2111 5643 2355 5701 omnibus
2379 5644 2641 5716 gentibus,
2666 5655 2720 5701 et
2741 5647 2818 5730 sic
2839 5646 2891 5704 in
2911 5665 2971 5706 ea
2991 5647 3237 5708 dicuntur
3261 5666 3446 5710 omnes
3470 5666 3682 5726 gentes,

2177 5763 2193 5793 ³
2218 5762 2289 5810 Sic
2309 5761 2417 5810 uss.
2448 5769 2496 5812 ,ιι
2513 5761 2643 5824 ιλιι,
2664 5768 2867 5823 aptatur.
