3984 6204
275 393 408 449 ιδθδ
1357 427 1376 469 η

275 524 332 566 ιιι
358 527 455 565 una
498 511 568 565 sit
604 525 734 580 gens
763 509 812 563 in
844 506 1182 576 adoptionem
1229 508 1434 555 vocata.
1488 497 1651 551 Extra
1691 494 1844 547 istam

277 604 404 658 nulli
434 601 574 672 genti
602 597 956 654 ma'nifestavit
973 596 1166 665 judicia
1195 608 1290 648 sua
1321 611 1335 646 :
1377 589 1625 660 quoniam
1659 585 1746 656 qui
1785 598 1846 637 ea

278 713 380 750 non
398 691 757 754 crediderunt,
781 688 984 744 etiamsi
1002 685 1307 740 annuntiata
1337 688 1481 746 sunt,
1509 677 1842 733 manifestata

277 788 356 841 cis
386 786 564 839 utiuue
595 798 698 836 non
727 789 880 844 sunt;
908 780 1029 850 quia
1069 778 1168 832 nisi
1200 775 1420 832 credant
1445 815 1458 840 ,
1501 785 1604 826 non
1651 767 1846 824 intelli-

278 887 419 948 gent.
1327 933 1331 944 ι

346 967 398 1022 6.
439 965 461 1040 [
486 983 612 1020 vers.
644 959 838 1036 8-11.]
870 962 1064 1017 Memor
1089 961 1183 1032 fuit
1209 961 1262 1015 in‘
1293 957 1533 1013 sterulum
1572 954 1850 1010 testamenti

279 1053 378 1115 ἐπὶ.
404 1059 506 1114 Alii
535 1057 745 1114 codices
766 1056 980 1121 habent,
1003 1057 1053 1108 in
1074 1063 1336 1116 aeternum;
1353 1050 1491 1122 quod
1518 1065 1583 1105 ex
1603 1048 1851 1117 ambiguo

280 1166 453 1222 εγωεο
472 1150 665 1205 factum
689 1157 789 1203 est.
815 1147 918 1203 Sed
940 1148 982 1202 si
1001 1147 1052 1201 in
1075 1147 1176 1200 hoc
1191 1145 1439 1200 szeculum
1455 1139 1850 1211 intelligendum

281 1255 381 1309 est,
410 1257 515 1296 non
545 1243 596 1296 in
622 1251 900 1304 aeternum;
920 1238 1185 1310 quomodo
1212 1251 1482 1306 exponens
1506 1235 1656 1303 cujus
1684 1241 1847 1288 testa-

284 1333 443 1389 menti
488 1347 694 1387 memor
725 1330 920 1393 fuerit,
951 1329 1186 1398 adiungit
1235 1338 1286 1382 et
1329 1327 1455 1381 dicit
1488 1343 1501 1378 :
1533 1323 1681 1378 Verbi
1721 1322 1854 1393 quod

284 1425 538 1478 numdavit
574 1424 626 1476 in
664 1422 803 1477 mille
827 1420 1211 1492 generationes?
1235 1418 1382 1487 Quod
1408 1418 1579 1472 adhuc
1608 1409 1853 1470 cum'ali-

284 1533 389 1586 quo
415 1515 520 1570 ﬁne
551 1521 728 1584 potest
769 1513 1020 1583 intelligi;
1066 1512 1159 1566 sed
1206 1509 1398 1565 deinde
1439 1509 1565 1564 dicit
1599 1526 1610 1560 :
1647 1527 1664 1558 ‹
1703 1505 1855 1573 Quod

285 1607 547 1678 disposuit
576 1605 642 1660 ad
670 1604 976 1669 Abraham,
1004 1613 1058 1658 et
1097 1601 1384 1672 juramenti
1432 1601 1511 1655 sui
1561 1599 1626 1653 ad
1674 1597 1854 1663 Isaac;

287 1709 342 1754 et
387 1699 571 1752 statuit
597 1696 721 1751 illud
751 1695 915 1751 Jacob
941 1696 992 1749 in
1038 1704 1359 1764 pneccptum
1385 1736 1400 1759 ,
1433 1703 1485 1748 et
1514 1691 1670 1746 Israel
1701 1690 1751 1744 iu
1783 1698 1859 1744 te-

290 1799 612 1844 stamentum
667 1798 943 1842 internum.
985 1805 1002 1836 ι
1037 1785 1134 1840 Ubi
1172 1785 1346 1839 nullus
1383 1792 1464 1838 est
1505 1779 1859 1851 ambiguitatis

292 1884 439 1938 locus
469 1890 692 1935 :at‘ta'ruov
719 1882 914 1950 quippe
956 1877 1117 1932 habet
1145 1891 1380 1948 grzecus,
1413 1874 1552 1944 quod
1601 1886 1858 1942 nusquam

291 1975 459 2030 nostri
489 1973 588 2028 nisi
614 1981 869 2026 :elernum
896 1967 1223 2039 interpretati
1249 1975 1407 2029 sunt;
1439 1966 1523 2019 vix
1564 1973 1739 2034 autem
1769 1962 1866 2016 ali-

291 2069 384 2138 qui
411 2066 602 2121 alicubi
641 2074 827 2118 αἱώνιον
851 2061 1097 2117 :eternale
1139 2059 1404 2114 dixerunt.
1439 2057 1544 2111 Nisi
1579 2056 1711 2109 forte
1740 2052 1862 2124 quia

293 2171 445 2213 «tam
465 2157 767 2212 familiarius
797 2156 1203 2224 interpretantur
1233 2151 1480 2206 saeculum
1503 2190 1515 2211 ,
1544 2156 1728 2201 αιώνιον
1757 2161 1862 2199 ιιοιι

294 2264 584 2314 aeternum,
609 2249 701 2303 sed
722 2247 976 2302 saecularc
1014 2243 1347 2314 interpretari
1373 2242 1565 2304 velint;
1598 2237 1735 2308 quod
1765 2252 1861 2292 ne-

295 2343 494 2397 minem
523 2355 705 2394 ausum
751 2338 911 2392 fuisse
935 2335 1292 2390 commemini.
1320 2333 1374 2388 Si
1418 2340 1594 2386 autem
1623 2330 1724 2384 hoc
1748 2329 1868 2383 loco

296 2437 696 2490 Testamentum
733 2432 891 2485 Vetus
937 2427 1329 2498 intelligendum
1360 2434 1473 2488 est,
1503 2433 1716 2494 propter
1764 2432 1872 2476 ter-

297 2544 413 2581 ram
433 2526 704 2586 Chanaan;
733 2523 810 2577 sic
831 2522 968 2577 enim
997 2536 1172 2574 sermo
1193 2518 1508 2583 contexitur,
1547 2535 1564 2566 ‹
1600 2516 1664 2568 Ει
1687 2512 1870 2568 statuit

298 2617 428 2672 illud
456 2636 475 2668 ι
503 2617 604 2686 ipsi
627 2636 645 2667 ι
677 2615 839 2671 Jacob
870 2615 918 2667 in
943 2621 1284 2683 praeceptum,
1316 2619 1371 2664 et
1407 2630 1424 2661 ι
1448 2609 1544 2678 ipsi
1565 2627 1583 2660 ‹
1622 2606 1866 2662 15ιηο1.ἰιι

300 2715 674 2764 testamentum
697 2701 973 2768 :eternum,’
993 2703 1193 2765 dicens,
1215 2700 1330 2756 Tibi
1353 2699 1490 2753 dabo
1513 2707 1705 2752 terram
1731 2695 1871 2751 Cha-

299 2818 438 2856 naan
471 2802 524 2867 ¹,
567 2798 853 2854 funiculum
896 2795 1219 2851 hatreditazis
1269 2803 1458 2848 vestrze
1490 2811 1501 2845 :
1541 2811 1560 2842 ι
1600 2788 1868 2860 quomodo

299 2893 703 2963 intelligendum
732 2901 812 2946 est
835 2900 1077 2944 internum
1097 2931 1109 2950 ,
1140 2904 1258 2941 cum
1291 2897 1498 2940 terrena
1526 2885 1610 2939 illa
1641 2881 1869 2939 lnercdi-

299 2997 384 3038 tas
408 2994 606 3038 aeterna
635 2997 752 3036 esse
774 2997 880 3035 non
908 2980 1108 3049 possit?
1135 2979 1201 3032 Et
1234 2977 1352 3032 ideo
1381 2977 1545 3031 Vetus
1571 2974 1873 3029 Testamcno

301 3075 413 3130 tnui
454 3083 694 3141 vocatur,
749 3075 867 3144 quia
898 3089 993 3144 per
1018 3071 1221 3126 Novum
1273 3070 1534 3124 aboletur.
1574 3067 1721 3121 Mille
1747 3082 1872 3122 vero
1910 3135 1916 3146 ι

299 3169 664 3238 generationes,
694 3180 790 3220 nec
839 3173 1092 3218 aiternum
1138 3163 1380 3216 videntur
1431 3160 1626 3230 aliquid
1669 3159 1872 3229 signiﬁ-

299 3276 446 3323 care;
472 3258 592 3328 quia
621 3257 800 3327 utique
831 3256 985 3309 linem
1016 3255 1228 3321 habent,
1256 3262 1310 3308 et
1328 3251 1394 3306 ad
1422 3253 1533 3321 ipsa
1563 3249 1873 3320 temporalia

302 3351 463 3405 nimis
509 3348 688 3403 multae
730 3357 874 3402 sunt.
914 3345 1208 3413 Quamlibet
1243 3345 1383 3398 enim
1408 3342 1588 3414 paucis
1614 3345 1767 3396 annis
1790 3357 1876 3412 ge-

299 3441 508 3495 neratio
555 3439 958 3503 determinetur,
1009 3451 1167 3506 quam
1219 3435 1389 3490 Graeci
1443 3441 1596 3501 γενεάν
1646 3434 1869 3497 dicunt;

299 3549 459 3603 quam
499 3532 770 3588 minimam
809 3529 1021 3600 quidam
1045 3526 1341 3598 quindecim
1372 3527 1523 3580 annis
1563 3526 1876 3580 terminave-

298 3634 426 3679 runt
445 3665 462 3691 ,
488 3639 557 3678 ex
579 3638 678 3693 qua
707 3622 864 3676 homo
890 3620 1073 3690 incipit
1100 3633 1257 3688 posse
1293 3633 1578 3687 generare;
1609 3631 1726 3685 qua:
1754 3623 1877 3670 sunt

302 3716 416 3770 ista:
445 3714 595 3769 mille
621 3711 1014 3784 generationes,
1048 3725 1150 3764 non
1186 3709 1356 3763 salum
1387 3725 1414 3760 a
1441 3716 1679 3776 tempore
1709 3708 1876 3760 Abra-

303 3807 422 3859 ham
451 3847 464 3869 ,
487 3804 700 3875 quando
748 3804 794 3857 ei
825 3802 956 3856 facta
1001 3811 1082 3856 est
1126 3801 1223 3854 ista
1254 3799 1536 3869 promissio
1559 3840 1574 3864 ,
1603 3812 1767 3866 usque
1807 3797 1874 3851 ad

302 3906 513 3968 tempus
545 3894 675 3949 Novi
707 3893 1054 3959 Tcstamcnti,
1088 3891 1180 3946 sed
1209 3891 1275 3944 ab
1324 3891 1437 3958 ipso
1479 3888 1647 3943 Adam
1667 3928 1682 3953 ,
1708 3902 1876 3957 usque

302 3988 368 4041 ad
421 3987 706 4042 terminum
759 3984 979 4039 saeculi?
1023 3983 1153 4049 Quis
1223 3980 1364 4034 enim
1434 3979 1624 4034 audeat
1694 3979 1875 4033 dicere

301 4077 606 4146 quindecim
645 4090 899 4129 annorum
944 4073 1175 4128 millibus
1207 4071 1305 4125 hoc
1333 4070 1582 4124 surculum
1619 4069 1876 4126 extendi?

254 4224 266 4235 ,
351 4172 407 4226 7.
433 4168 669 4226 Proinde
685 4168 811 4222 mihi
836 4168 1044 4221 videtur
1060 4182 1162 4220 non
1181 4165 1266 4220 hic
1293 4164 1455 4220 Vetus
1473 4165 1870 4219 Tesmmentum

304 4261 723 4334 intelligendum,
745 4260 882 4331 quod
915 4259 1059 4314 Novo
1097 4274 1214 4313 esse
1241 4258 1530 4313 tollendum
1557 4259 1751 4312 dicitur
1779 4274 1872 4328 per

304 4355 641 4425 prophetam,
670 4372 687 4403 ς
719 4353 853 4407 Ecce
897 4351 1011 4406 dies
1052 4352 1299 4416 veniunt,
1323 4349 1453 4404 dicit
1497 4350 1750 4413 Dominus
1774 4391 1790 4417 ,
1819 4359 1877 4408 et

306 4445 632 4501 conﬁrmabo
657 4444 834 4500 domui
871 4442 1035 4497 Jacob
1064 4443 1461 4496 TeStmncntum
1488 4441 1698 4495 Novum
1724 4458 1737 4507 ;
1766 4456 1871 4498 non

310 4535 598 4594 secundum
630 4535 1027 4590 Testamentum
1051 4532 1188 4602 quod
1216 4532 1463 4586 constitui
1514 4532 1752 4601 patrihus
1779 4547 1876 4586 eo-

309 4646 427 4685 rum
449 4672 462 4695 ,
491 4644 612 4684 cum
652 4628 952 4683 eduxissem
982 4641 1075 4681 eos
1101 4625 1167 4679 de
1199 4633 1334 4679 terra
1365 4624 1578 4695 Egypti
1619 4643 1638 4677 ι
1665 4623 1873 4691 (Jercm.

312 4737 454 4788 nsi,
506 4722 594 4783 51,
626 4720 718 4790 52)
752 4739 766 4774 :
800 4720 892 4774 sed
922 4727 1294 4774 testamentum
1327 4718 1445 4772 ﬁdei
1471 4759 1484 4782 ,
1516 4717 1656 4786 quod
1703 4718 1881 4772 laudat

311 4815 615 4884 Apostolus,
643 4829 765 4869 cum
791 4812 1055 4868 Abraham
1082 4811 1235 4866 nobis
1265 4811 1512 4880 proponit
1543 4810 1878 4876 imitandum,

310 4905 450 4960 etde
474 4905 626 4975 Legis
647 4904 895 4973 operibus
933 4904 1222 4974 gloriantes
1253 4902 1374 4956 inde
1405 4902 1671 4956 convincit
1696 4942 1709 4964 ,
1739 4901 1879 4971 quod

308 4997 579 5052 Abraham
620 4998 778 5052 etiam
803 5008 926 5051 ante
968 4995 1422 5051 circnmcisionem
1464 4993 1690 5049 credidit
1729 4994 1881 5062 Deo,

307 5099 368 5144 et
400 5099 690 5161 reputatum
719 5099 800 5144 est
829 5090 900 5143 illi
932 5088 998 5143 ad
1035 5089 1291 5158 justitiam
1334 5086 1532 5158 (Galat.
1564 5103 1650 5150 ιιι,
1680 5087 1713 5141 5
1733 5125 1747 5151 ,
1780 5085 1834 5154 6)
1865 5104 1878 5140 :

306 5182 548 5251 Denique
590 5197 712 5236 cum
759 5181 1012 5244 dixisset,
1049 5179 1242 5234 Memor
1262 5179 1356 5248 fuit
1388 5181 1439 5232 in
1465 5179 1704 5232 steculum
1729 5187 1882 5232 testa-

308 5273 467 5325 menti
508 5273 621 5335 sui;
649 5271 790 5341 quod
831 5271 884 5324 in
936 5279 1192 5324 :eternum
1250 5267 1548 5338 intelligere
1595 5267 1880 5332 debemus,

305 5365 614 5419 testamenti
645 5363 849 5418 scilicet
873 5361 1265 5431 justiﬁeationis
1286 5370 1340 5414 et
1370 5359 1694 5415 hmreditatis
1731 5369 1885 5412 arter-

305 5471 401 5511 na:
423 5499 437 5520 ,
479 5473 635 5526 quam
685 5456 804 5510 ﬁdei
852 5455 1089 5526 promisit
1115 5455 1250 5507 Deus
1284 5471 1296 5505 :
1337 5451 1504 5519 Verbi,
1535 5452 1722 5522 inquit,
1752 5449 1886 5522 quod

305 5550 565 5603 mandavit
607 5550 658 5602 in
686 5548 824 5601 mille
863 5546 1220 5618 generationes.
1261 5544 1396 5613 Quid
1437 5553 1518 5598 cst
1542 5585 1556 5608 ,
1588 5543 1888 5597 mandavit?

302 5641 466 5706 Quod
489 5642 627 5696 enim
658 5641 765 5704 ait,
800 5639 914 5692 Tibi
938 5638 1068 5691 dabo
1095 5648 1281 5690 terram
1306 5636 1570 5703 Chanaan,
1601 5652 1705 5689 non
1734 5651 1884 5689 mau-

300 5737 496 5788 datum
546 5733 777 5800 cst,sed
827 5733 1185 5802 promissum:
1233 5729 1536 5785 mandatum
1587 5739 1666 5784 cst
1712 5738 1883 5785 autem

388 5846 402 5876 ‘
430 5853 476 5894 In
495 5845 843 5911 antiquioribus
865 5851 969 5894 Mss.
991 5849 1267 5894 constanter
1293 5850 1384 5904 est,
1410 5842 1619 5892 Chanan.

1357 427 1362 431 .
1406 327 1796 428 minume
1835 363 1900 419 IN
1941 364 2254 422 rsamwu
2293 367 2416 427 Civ.

3391 385 3411 436 ί
3421 384 3540 436 35,31;-

1956 486 2096 553 quod
2147 487 2320 543 lacere
2363 489 2651 558 debemus,
2713 499 3026 565 promissum
3074 502 3219 572 quod
3262 505 3523 575 accipere.

1957 575 2256 631 Mandatum
2307 595 2434 649 ergo
2485 582 2616 638 lides
2671 598 2788 651 est,
2845 590 3098 658 utjustus
3146 608 3210 646 ex
3256 594 3359 648 ﬁde
3388 597 3528 650 vii-at

1959 669 2195 760 (limini,
2218 670 2328 743 l7);
2361 680 2415 726 et
2441 671 2560 728 huic
2589 675 2705 730 ﬁdei
2737 677 3014 736 [hereditas
3041 693 3236 738 aeterna
3266 689 3529 760 promitti-

1962 768 2066 813 tur.
2094 759 2240 816 Mille
2286 778 2410 833 ergo
2448 767 2791 835 generationes
2818 811 2832 833 ,
2863 783 3076 841 propter
3104 777 3307 830 numeri
3357 759 3530 848 perfo-

1959 851 2227 919 ctionem,
2260 870 2353 924 pro
2403 859 2647 913 onmibus
2694 861 3050 934 intelligenda:
3099 877 3253 934 sunt;
3311 871 3361 924 id
3413 884 3528 939 est,

1961 945 2210 1012 quamdiu
2253 950 2524 1016 generatio
2567 955 2892 1022 generatioui
2941 960 3212 1028 sequendo
3259 965 3530 1026 succedit,

1963 1037 2162 1092 tamdiu
2213 1039 2516 1094 mandatum
2550 1053 2632 1110 est
2659 1045 2938 1100 vivendum
2988 1065 3050 1104 ex
3081 1051 3200 1104 ﬁde.
3249 1053 3398 1120 Quod
3438 1057 3533 1110 ob-

1965 1139 2140 1184 servat
2190 1133 2409 1201 populus
2441 1134 2570 1199 Dei,
2602 1137 2694 1190 lilii
2733 1140 3100 1207 promissionis
3143 1146 3406 1199 nascendo
3447 1163 3536 1202 ve-

1964 1221 2200 1284 nientes,
2230 1232 2283 1277 et
2309 1225 2582 1282 moriendo
2611 1229 2866 1285 abeuntes
2889 1274 2902 1297 ,
2934 1233 3102 1288 donec
3152 1237 3324 1290 omnis
3375 1254 3536 1308 gene-

1966 1315 2100 1368 ratio
2139 1316 2370 1383 ﬁniatur;
2403 1320 2543 1388 quod
2594 1321 2891 1379 millenario
2921 1343 3142 1383 numero
3187 1331 3534 1400 signiﬁcatum

1968 1414 2048 1459 est
2069 1448 2083 1473 ,
2117 1409 2236 1477 quia
2263 1409 2468 1464 denarii
2516 1415 2720 1468 numeri
2735 1415 2971 1471 ‘solidum
3001 1421 3313 1488 quadratum
3351 1425 3535 1480 decem

1969 1498 2168 1566 decies,
2192 1511 2244 1555 et
2287 1501 2390 1558 hoc
2431 1503 2636 1570 decies,
2662 1506 2726 1560 ad
2772 1509 2917 1564 mille
2958 1514 3216 1579 pervenit.
3250 1516 3396 1581 Quod
3437 1517 3540 1569 dis-

1956 1593 2155 1668 posuit,
2186 1593 2376 1663 inquit,
2410 1597 2477 1647 ad
2507 1595 2779 1663 Abraham,
2809 1610 2854 1652 et
2887 1603 3164 1672 juramenti
3179 1606 3257 1658 sui
3278 1607 3344 1659 ad
3367 1605 3538 1665 Isaac.

1972 1685 2039 1739 Et
2060 1689 2233 1741 statuit
2260 1690 2390 1743 illud
2410 1690 2587 1756 Iacob,
2619 1693 2666 1746 id
2690 1703 2771 1748 est
2800 1695 2898 1764 ipsi
2928 1695 3109 1758 Jacob,
3135 1698 3186 1750 in
3213 1711 3538 1770 pra'ceptnm.

1971 1776 2072 1845 Ipsi
2104 1788 2226 1833 sunt
2274 1789 2380 1835 tres
2407 1783 2719 1851 patriarcha:
2759 1801 2979 1855 quorum
3005 1790 3303 1856 specialiter
3332 1807 3390 1846 se
3415 1791 3542 1846 dicit

1974 1869 2159 1934 Deum,
2176 1886 2311 1940 quos
2338 1883 2392 1926 et
2418 1874 2670 1929 Dominus
2689 1877 2926 1932 nominat
2953 1879 3002 1932 in
3023 1880 3542 1949 TestamentoNovo,

1974 1961 2063 2015 ubi
2092 1961 2220 2015 dicit
2252 1981 2265 2016 :
2293 1962 2447 2016 Multi
2465 1967 2526 2018 ab
2572 1969 2758 2021 oriente
2792 1977 2837 2021 et
2879 1971 3128 2024 occidente
3164 1974 3374 2040 venient,
3406 1985 3451 2028 et
3471 1992 3544 2028 rc-

1976 2053 2205 2106 cumbent
2234 2070 2347 2108 cum
2375 2057 2646 2123 Abraham,
2677 2069 2723 2113 et
2752 2059 2923 2127 Isaac,
2949 2073 2993 2115 et
3012 2063 3171 2117 Jacob
3193 2061 3412 2135 in'regno
3445 2084 3543 2120 ca:-

1979 2142 2141 2197 lorum
2178 2145 2389 2212 (Matth.
2419 2164 2531 2214 vm,
2566 2148 2674 2220 11).
2720 2149 2823 2205 Ista
2873 2163 2955 2207 est
2998 2155 3282 2210 haereditas
3324 2168 3540 2212 interna.

1976 2234 2106 2289 Nam
2133 2245 2185 2290 et
2211 2237 2316 2304 hic,
2350 2239 2434 2292 ubi
2464 2241 2536 2292 ait
2557 2281 2571 2305 ,
2601 2241 2790 2296 Statuit
2812 2244 2942 2297 illud
2963 2245 3122 2299 Jacob
3143 2248 3193 2300 in
3221 2260 3546 2320 prtereptnm;

1979 2330 2282 2386 manifestat
2315 2343 2635 2403 praeceptum
2667 2351 2785 2392 esse
2834 2338 2954 2392 ﬁdei
2989 2357 3001 2391 :
3028 2356 3130 2393 non
3157 2342 3296 2395 cnim
3321 2344 3545 2412 promis-

1981 2436 2096 2474 sum
2118 2424 2408 2492 appellaret
2436 2436 2777 2496 praeceptum.
2805 2429 2859 2483 Si
2897 2429 3036 2484 enim
3063 2446 3196 2501 Opus
3224 2442 3302 2487 est
3334 2435 3384 2487 in
3412 2449 3546 2503 pne»

1981 2522 2156 2583 cepto,
2189 2531 2392 2571 merces
2417 2518 2475 2571 in
2513 2521 2774 2587 promisso
2799 2538 2811 2573 :
2850 2519 2959 2574 Hoc
2975 2532 3046 2575 est
3059 2539 3193 2593 .Opns
3218 2522 3343 2588 Dei,
3371 2526 3548 2579 Domi-

1982 2621 2081 2660 nus
2110 2606 2214 2671 ait,
2243 2617 2296 2661 ut
2322 2610 2537 2663 credatis
2578 2612 2630 2664 in
2668 2629 2782 2664 eum
2807 2629 2948 2682 quem
2976 2615 3061 2667 ille
3093 2616 3226 2668 misit
3251 2616 3422 2688 (Joan.
3455 2633 3505 2672 Vl
3528 2659 3553 2684 ,

1981 2695 2094 2768 29).
2143 2698 2254 2754 Hoc
2301 2715 2428 2770 ergo
2469 2702 2686 2756 verbum
2735 2705 2874 2774 quod
2918 2706 3216 2770 mandavit,
3266 2725 3451 2763 memor
3496 2711 3551 2764 in

1983 2797 2224 2842 teternmn
2274 2793 2550 2847 testamenti
2594 2795 2690 2858 sui,
2721 2794 2822 2849 hoc
2855 2805 2936 2850 est
2959 2839 2973 2862 ,
2996 2797 3215 2851 verbum
3261 2798 3379 2854 ﬁdei
3409 2801 3552 2870 quod

1985 2879 2333 2949 praedicamus
2376 2883 2546 2952 (Rom.
2596 2902 2658 2952 ι,
2692 2888 2777 2957 8),
2809 2891 2980 2942 statuit
3005 2890 3134 2943 illud
3181 2893 3275 2960 ipsi
3298 2891 3458 2947 Jacob
3498 2895 3551 2947 in

1985 2979 2318 3039 praeceptum;
2352 2982 2396 3025 et
2422 2973 2520 3042 ipsi
2558 2973 2720 3029 Israel
2747 2977 2799 3029 in
2827 2987 3169 3032 testamentum
3194 2991 3431 3035 aeternum
3450 3025 3464 3047 ,
3498 2984 3548 3036 id

1983 3067 2084 3124 est,
2115 3060 2253 3130 quod
2284 3078 2350 3116 ex
2372 3063 2486 3132 ipso
2510 3066 2673 3120 verbo
2705 3076 2757 3121 et
2800 3079 3062 3138 prtecepto
3092 3071 3306 3140 impleto
3334 3073 3553 3127 daturus

1984 3161 2126 3204 esset
2152 3151 2349 3220 aliquid
2375 3162 2652 3208 :eternum.
2687 3157 2886 3224 Diccns,
2928 3159 3034 3213 Tibi
3057 3161 3186 3216 dabo
3212 3173 3392 3217 terram
3416 3164 3552 3218 Cha-

1984 3258 2136 3305 naan,
2166 3243 2445 3312 funiculum
2467 3231 2770 3304 hazreditatis
2800 3260 2990 3306 vestrm.
3023 3254 3299 3320 Quomodo
3324 3272 3451 3326 ergo
3473 3267 3554 3311 est

1985 3333 2085 3386 hoc
2115 3343 2371 3390 aeternum
2394 3378 2407 3401 ,
2438 3338 2537 3392 nisi
2584 3339 2782 3410 aliquid
2833 3353 3086 3399 artcrnum
3117 3346 3412 3416 signiﬁcet?
3439 3350 3553 3419 Ipsa

1986 3423 2125 3476 enim
2149 3423 2287 3479 dicta
2313 3436 2395 3481 est
2430 3437 2567 3483 terra
2597 3433 2963 3500 promissionis
2987 3477 3002 3503 ,
3035 3445 3170 3491 terra
3205 3438 3374 3494 ﬁucns
3401 3441 3480 3495 Iac
3503 3451 3556 3494 et

1986 3517 2089 3569 mel
2115 3514 2307 3586 (Exod.
2331 3535 2408 3585 ιιι,
2436 3520 2486 3586 8,
2511 3521 2621 3590 17).
2655 3522 2806 3589 Quod
2830 3533 2995 3580 totum
3021 3528 3282 3596 signiﬁcat
3310 3533 3552 3599 gratiam,

1986 3607 2038 3661 in
2083 3624 2183 3678 qua
2234 3619 2474 3680 gustatur
2526 3629 2684 3682 quam
2728 3617 2905 3672 suavis
2951 3628 3032 3673 est
3077 3621 3329 3675 Dominus
3384 3621 3554 3692 (Psal.

1986 3716 2170 3767 xxxm,
2202 3702 2258 3772 8)
2284 3719 2298 3766 ;
2329 3704 2395 3757 ad
2419 3721 2574 3772 quam
2603 3723 2707 3760 non
2751 3723 2937 3762 omnes
2967 3710 3210 3767 homines
3241 3715 3506 3782 pertinent
3539 3733 3552 3769 :

1988 3808 2091 3846 non
2117 3794 2256 3847 enim
2282 3795 2514 3850 omnium
2541 3806 2623 3851 est
2645 3797 2776 3852 ﬁdes
2807 3798 2871 3868 (ll
2893 3800 3070 3854 Thess.
3094 3819 3170 3866 ιιι,
3203 3803 3278 3872 2).
3315 3802 3436 3859 ideo
3461 3805 3553 3860 ad-

1987 3888 2153 3956 didit,
2195 3890 2505 3946 Funiculum
2552 3893 2855 3948 htcreditatis
2900 3905 3090 3950 vestrm.
3153 3898 3302 3953 Unde
3349 3900 3402 3953 in
3449 3901 3555 3954 alio

1989 3982 2212 4050 psalmo,
2236 3984 2401 4049 semel
2429 3984 2688 4051 Abrahae,
2721 3986 2859 4055 quod
2904 3997 2985 4041 est
3010 3988 3276 4056 Christus,
3309 3991 3558 4059 intelligi-

1991 4081 2075 4125 tur
2103 4073 2282 4143 loqui,
2317 4073 2403 4128 ubi
2429 4075 2556 4129 dicit
2585 4095 2599 4128 :
2628 4075 2799 4130 Funes
2842 4078 3124 4133 ceciderunt
3169 4081 3292 4133 mihi
3331 4081 3383 4134 in
3422 4099 3559 4149 prte-

1989 4163 2173 4227 claris;
2204 4166 2379 4218 etenim
2411 4167 2672 4222 hazreditas
2700 4185 2807 4220 mea
2835 4170 3079 4237 pt'arclara
3126 4182 3198 4224 est
3227 4173 3348 4226 mihi
3386 4172 3555 4245 (Psal‘.

1991 4271 2082 4322 xv,
2113 4256 2189 4326 6).
2221 4257 2328 4311 Cur
2347 4267 2521 4312 autem
2552 4259 2689 4313 dicta
2730 4261 2800 4312 sit
2839 4269 2976 4314 terra
3002 4261 3272 4328 Chanaan,
3298 4264 3560 4334 interpre-

1991 4350 2118 4400 tatio
2147 4348 2304 4418 hujus
2333 4350 2559 4404 nominis
2581 4352 2776 4420 aperit;
2807 4350 3068 4407 Chanaan.
3085 4354 3278 4424 quippe
3305 4355 3559 4426 interpre-

1991 4449 2132 4493 tatur
2158 4440 2401 4496 Humilis.
2425 4442 2575 4510 Quod
2607 4445 2651 4498 si
2679 4445 2743 4497 ad
2776 4445 2916 4499 illam
2958 4447 3214 4501 referatur
3240 4449 3560 4503 sententiam

1989 4531 2156 4584 sancti
2185 4531 2314 4598 No'e,
2340 4549 2440 4602 qua
2471 4534 2713 4588 eumdem
2741 4534 2988 4590 Chanaan
3029 4537 3162 4591 dixit
3189 4537 3421 4593 futurum
3451 4555 3561 4594 ser-

1991 4638 2112 4676 vum
2167 4623 2381 4678 fratrum
2428 4641 2644 4679 suorum
2695 4626 2928 4696 (Gem-ix
2955 4669 2970 4695 ,
2991 4627 3115 4700 9.5),
3144 4629 3267 4684 hinc
3292 4640 3371 4685 est
3401 4632 3559 4685 etiam

1991 4715 2199 4769 servilis
2247 4716 2424 4770 timor.
2475 4716 2662 4770 Servus
2687 4727 2855 4770 autent
2899 4735 2999 4773 non
3029 4729 3196 4773 manet
3239 4721 3290 4774 in
3331 4721 3562 4775 domoin

1991 4817 2264 4873 teternum;
2300 4808 2439 4876 ﬁlius
2476 4818 2640 4863 manet
2677 4810 2729 4862 in
2778 4819 3018 4864 internum
3045 4810 3218 4880 (Joau.
3265 4829 3353 4866 vni
3375 4856 3389 4880 ,
3445 4814 3556 4882 55),

1992 4902 2116 4956 ldeo
2140 4903 2357 4957 excluso
2392 4901 2711 4964 Chananmo,
2743 4903 2900 4957 datur
2929 4913 3064 4957 terra
3086 4906 3452 4973 promissionis
3478 4921 3564 4960 sc-

1993 4994 2120 5048 mini
2148 4993 2392 5047 Abrahae.
2425 4993 2802 5047 Consummata
2831 4993 2973 5048 enim
3009 4994 3239 5049 Charitas
3270 4994 3410 5048 l'oras
3437 4996 3559 5048 mit-

1994 5087 2056 5140 tit
2077 5086 2316 5139 timorcm
2342 5087 2359 5155 (
2383 5084 2572 5138 lJoan.
2596 5101 2668 5149 tv,
2702 5085 2814 5153 l8),
2833 5094 2888 5140 ut
2916 5087 3052 5140 ﬁlius
3079 5097 3286 5141 maneat
3324 5088 3376 5141 in
3403 5089 3564 5140 domo

1993 5180 2045 5234 in
2073 5187 2350 5232 ειτιετιιιιιιι.
2370 5178 2520 5234 Unde
2543 5179 2742 5234 dictum
2771 5191 2852 5234 cst
2875 5223 2888 5248 ,
2921 5180 2986 5234 Et
3013 5181 3108 5250 ipsi
3133 5178 3294 5234 Israel
3323 5181 3373 5233 in
3411 5190 3564 5234 testa-

1993 5282 2212 5325 mentum
2238 5283 2498 5326 tvternum.

2063 5363 2116 5418 8.
2149 5362 2296 5435 [vers
2344 5362 2453 5436 12.]
2485 5365 2741 5434 Deinceps
2769 5364 3070 5434 exsequitur
3096 5363 3366 5417 historiam
3391 5363 3440 5417 in
3471 5363 3563 5418 Li-

1991 5458 2206 5512 brorum
2245 5466 2548 5510 sanctorum
2592 5459 2811 5511 veritate
2859 5456 3204 5509 notissimam.
3234 5454 3359 5510 Cum
3406 5465 3562 5510 essent

1993 5565 2197 5602 numero
2218 5548 2368 5613 brevi,
2393 5549 2678 5619 paucissimi
2698 5557 2741 5600 et
2765 5547 2943 5599 incola:
2963 5546 3013 5598 in
3031 5563 3122 5598 ea:
3147 5546 3196 5600 id
3221 5557 3324 5613 est,
3350 5550 3400 5601 in
3427 5556 3560 5600 terra

1993 5641 2265 5696 Chanaan.
2290 5640 2509 5708 Quando
2548 5641 2616 5694 ibi
2646 5647 2822 5709 patres
2843 5637 3216 5692 habitaverunt
3254 5639 3559 5697 Abraham,

1995 5735 2139 5789 lsaac
2160 5743 2212 5788 ct
2227 5733 2409 5800 Jacob,
2429 5744 2708 5802 antequam
2725 5746 2840 5785 eam
2857 5730 3161 5799 acciperent
3179 5729 3564 5789 hmredttatem,

2000 5829 2051 5885 in
2080 5826 2281 5885 semine
2311 5841 2406 5883 suo
2435 5823 2734 5897 paucissimi
2760 5832 2929 5893 erant,
2951 5822 3203 5879 etiutolze
3228 5821 3280 5878 in
3313 5835 3392 5876 ea.
3421 5817 3563 5872 Non-
