3984 6204
403 485 419 489 _.
451 433 589 492 1395

446 549 578 607 nulli
605 555 780 602 autem
809 535 1018 595 codices
1034 498 1248 590 habent:
1262 538 1392 590 non,
1413 516 1699 592 paucissimi
1727 522 1772 568 et
1798 507 2015 571 incolat;

447 645 540 699 sed
559 684 576 708 ,
606 637 930 710 paucissimos
969 635 1013 681 et
1036 620 1249 678 incolas.
1277 617 1378 674 Ubi
1406 619 1628 684 apparet
1668 622 1761 664 eos
1789 603 1879 676 qui
1919 602 2019 656 ista

449 740 518 788 ita
549 700 871 797 inierpretati
900 727 1042 782 sunt,
1073 726 1299 784 graecam
1326 706 1488 762 fuisse
1517 700 1838 757 locutionem
1863 707 2022 748 secu-

450 837 529 878 tos
556 863 570 884 ,
604 832 721 889 qua:
759 808 1033 869 transferri
1073 820 1176 859 non
1207 806 1379 873 potest
1407 798 1457 851 in
1483 784 1742 893 latinum‘,
1771 787 1869 842 nisi
1897 799 2020 840 eum

447 933 509 969 ea
539 875 882 968 absurditate,
909 915 1027 972 quat
1057 896 1183 952 ferri
1211 892 1425 948 omnino
1451 903 1556 941 non
1587 875 1774 954 poss‘tt.
1797 878 1852 934 Si
1877 875 2032 930 enim‘

451 1014 614 1059 totam
641 1001 808 1070 ipsam
835 993 1151 1050 locutionem
1186 981 1473 1039 transferre
1513 987 1767 1031 conemur
1790 1011 1805 1036 ,
1827 963 2023 1022 dicturi

451 1107 667 1153 sumus,
690 1087 753 1142 In
779 1103 835 1142 eo
859 1099 963 1140 esse
1007 1080 1122 1134 illos
1157 1088 1361 1130 numero
1409 1067 1539 1124 brevi
1563 1107 1577 1132 ,
1607 1061 1932 1136 paucissimos
1975 1061 2026 1108 et

452 1185 644 1239 incolas
671 1181 724 1235 in
752 1195 809 1250 eq
836 1175 930 1247 (a).
954 1169 1104 1240 Quod
1129 1176 1303 1223 autem
1329 1162 1401 1216 ait
1424 1170 1647 1233 graecus,
1666 1153 1733 1207 In
1750 1168 1808 1206 eo
1834 1165 1937 1204 esse
1954 1145 2023 1201 il-

456 1286 551 1342 los,
574 1275 677 1329 hoc
703 1279 783 1326 est
798 1247 988 1326 latine,
1015 1261 1139 1314 Cum
1165 1263 1324 1313 essent
1349 1268 1367 1308 :
1396 1249 1537 1322 quod
1563 1247 1780 1302 verbum
1802 1257 1905 1296 non
1927 1253 2027 1308 po-

459 1375 560 1421 test
587 1377 743 1420 casus
785 1353 1111 1413 accusativus
1154 1345 1343 1418 sequi,
1377 1341 1473 1397 sed
1501 1335 1872 1394 nominativus.
1897 1327 2027 1398 Quis

459 1458 601 1516 enim
626 1453 785 1515 dicat,
805 1449 934 1505 Cum
961 1451 1138 1501 essent
1158 1435 1501 1511 paucissimos
1519 1432 1542 1485 ?
1563 1427 1677 1492 sed,
1698 1425 1831 1481 Cum
1852 1427 2031 1477 essent

463 1542 782 1618 paucissimi.
1982 1517 1985 1520 ’

535 1637 587 1694 9.
616 1635 782 1708 [vers
823 1625 1048 1700 l5cl5.]
1081 1643 1099 1676 ι
1135 1621 1265 1676 Cum
1303 1637 1322 1669 ι
1356 1629 1481 1684 ergo
1519 1631 1538 1664 ι
1586 1615 1766 1666 essent
1809 1615 2032 1659 numero

466 1730 653 1785 breves
675 1767 691 1793 ,
723 1745 743 1778 ι
775 1723 900 1789 vel,
933 1739 954 1773 ι
985 1729 1208 1774 numero
1227 1709 1374 1768 brevi
1400 1749 1415 1774 ,
1441 1702 1741 1776 paucissimi
1768 1708 1822 1753 et
1847 1694 2035 1751 incolae

465 1825 519 1878 in
549 1836 632 1884 ea,
666 1787 989 1874 transierunt
1015 1810 1081 1866 de
1106 1813 1263 1876 gente
1289 1804 1341 1857 in
1369 1807 1598 1871 gentem,
1621 1803 1674 1849 et
1695 1792 1761 1846 de
1791 1804 1954 1859 regno
1983 1787 2036 1840 in

467 1881 716 1984 populum
746 1907 985 1961 alterum.
1032 1920 1050 1953 ι
1076 1895 1340 1967 Repetitio
1374 1899 1454 1946 est
1474 1889 1589 1957 ejus
1617 1882 1759 1955 quod
1790 1881 1996 1934 dixerat
2019 1917 2035 1942 ,

474 2026 494 2058 ι
521 2005 588 2061 de
612 2011 770 2074 gente
808 2000 861 2054 in
896 2005 1130 2068 gentem.
1158 1989 1272 2044 Non
1303 1981 1504 2040 dimisit
1531 1976 1798 2032 hominem
1845 1983 2038 2024 nocere

468 2098 547 2153 eis
575 2114 590 2150 :
629 2114 648 2148 ›
682 2093 735 2148 id
759 2099 860 2156 est,
884 2103 989 2142 non
1017 2079 1279 2154 permisit.
1308 2074 1491 2131 Graeca
1516 2079 1691 2124 autem
1717 2060 1912 2118 locutio
1937 2067 2037 2120 est,

375 2167 383 2178 l
468 2202 646 2244 nocere
666 2183 780 2238 illos
800 2196 820 2245 ;
841 2178 1002 2234 latina
1041 2187 1167 2229 vero
1190 2211 1206 2238 ,
1232 2181 1407 2222 nocere
1434 2162 1556 2217 illis.
1591 2155 1655 2212 Et
1677 2151 1920 2221 corripuit
1949 2165 2040 2219 pro

470 2284 540 2336 eis
570 2293 726 2350 reges.
758 2272 931 2328 Nolite
959 2311 974 2335 ,
1003 2266 1198 2338 inquit,
1231 2259 1432 2331 tangere
1468 2253 1679 2309 christos
1699 2264 1834 2303 meos
1861 2287 1877 2311 ,
1901 2254 1948 2300 et
1988 2245 2044 2297 in

472 2335 725 2442 prop/{etis
750 2364 872 2418 meis
896 2359 1050 2415 nolite
1075 2335 1362 2425 malignari.
1390 2346 1563 2403 Verba
1593 2341 1726 2398 dixit
1751 2339 1841 2393 Dei
1870 2335 2043 2391 corri-

470 2432 662 2530 pientis
686 2453 770 2509 vel
792 2449 1059 2522 arguentis
1087 2458 1258 2514 reges,
1286 2454 1353 2494 ne
1379 2435 1636 2491 lzederent
1662 2432 1678 2462 ί
1706 2435 1919 2484 sanctos
1948 2438 2044 2494 pa-

472 2562 601 2615 tres,
634 2561 758 2602 cum
783 2549 962 2600 essent
991 2550 1211 2592 numero
1237 2533 1446 2593 breves,
1477 2537 1531 2581 et
1559 2519 1860 2594 paucissimi
1886 2527 2046 2585 atque

399 2707 404 2711 _
474 2638 656 2695 incolat
674 2637 727 2691 in
749 2644 888 2690 terra
911 2629 1182 2686 Chanaan.
1204 2623 1332 2690 Qua:
1358 2617 1519 2674 verba
1538 2616 1662 2669 licet
1684 2612 1736 2665 in
1762 2608 1910 2663 libris
1935 2607 2050 2674 ejus

476 2727 709 2784 historiae
723 2739 827 2779 non
843 2722 1102 2790 legantur,
1116 2725 1288 2770 tamen
1301 2704 1635 2777 intelligenda
1649 2710 1771 2757 sunt
1785 2699 1868 2755 vel
1884 2698 2054 2786 laten-

477 2833 556 2876 ter
578 2819 737 2882 dicta,
761 2815 898 2868 sicut
923 2811 1061 2865 Deus
1077 2807 1131 2861 in
1161 2803 1428 2858 hominum
1447 2796 1694 2853 cordibus
1714 2790 1945 2862 loquitur
1963 2803 2053 2842 oc-

476 2911 632 2968 eultis
642 2918 696 2965 et
707 2905 979 2963 veracibus
990 2897 1222 2964 visis,vel
1236 2894 1392 2950 etiam
1407 2907 1499 2962 per
1509 2887 1766 2959 Angelum
1780 2895 2050 2954 expressa.

477 3004 608 3058 Nam
625 3011 678 3056 et
690 3013 784 3054 rex
801 2996 1052 3052 Gerarum
1069 2999 1122 3045 et
1138 3002 1230 3042 rex
1243 2984 1610 3056 Egyptiornm
1623 2972 2058 3032 divinitusadmo-

481 3093 576 3148 niti
603 3099 725 3146 sunt
753 3103 820 3143 ne
846 3090 1098 3140 nocerent
1123 3076 1347 3135 Abrahae
1376 3073 1526 3148 (Gen.
1553 3086 1647 3136 xu,
1679 3066 1854 3131 l7-20;
1886 3073 1932 3118 et
1957 3078 2048 3128 xx,

479 3182 557 3254 5),
574 3191 628 3236 et
646 3196 739 3236 rex
768 3178 900 3232 alius
925 3190 992 3230 ne
1009 3179 1224 3228 noceret
1245 3167 1389 3222 lsaae
1407 3162 1514 3235 (Id.
1534 3156 1877 3228 xxvr,8-ll),
1895 3152 2052 3211 etalii

482 3293 550 3332 ne
575 3280 830 3330 nocerent
852 3268 1017 3327 Jaeob
1046 3263 1155 3339 (Id.
1185 3255 1544 3327 xxxr-xxxm);
1575 3267 1696 3308 cum
1721 3258 1901 3306 essent
1920 3261 2054 3316 pau-

481 3367 680 3424 υἰςείιιιί
709 3376 762 3421 et
788 3361 1290 3427 incolac,anteqnam
1316 3351 1380 3406 ad
1405 3345 1732 3404 incolendam
1761 3340 2050 3411 Egyptum

483 3476 605 3516 cum
626 3459 748 3513 filiis
773 3455 883 3511 suis
903 3451 1151 3508 transiret
1178 3445 1343 3503 Jacob
1367 3463 1381 3497 :
1407 3441 1547 3512 quod
1575 3436 1881 3506 intelligitur
1911 3434 1964 3488 in
1987 3446 2052 3488 eo

484 3553 954 3605 commemoratum
985 3582 1002 3610 ,
1028 3538 1167 3611 quod
1196 3537 1271 3591 ait
1292 3577 1308 3602 ,
1345 3530 1674 3588 Transierunt
1721 3526 1784 3580 de
1826 3533 1969 3596 gente
2004 3523 2060 3575 in

484 3651 700 3712 gentem,
721 3638 785 3691 de
809 3650 960 3707 regno
987 3633 1039 3686 in
1060 3629 1302 3702 populum
1327 3623 1562 3679 alterum.
1589 3619 1694 3676 Sed
1724 3618 1842 3687 quia
1869 3629 2058 3670 occur-

486 3707 635 3788 rebat
679 3741 920 3800 quaerere
946 3767 961 3792 ,
994 3731 1276 3792 antequam
1320 3714 1604 3772 transirent
1649 3718 1703 3766 et
1741 3709 1797 3764 in
1827 3707 2059 3777 Egypto

488 3821 982 3892 multiplicarentur,
1001 3811 1267 3886 quomodo
1283 3822 1504 3864 numero
1520 3805 1728 3868 breves,
1753 3796 2059 3870 paucissimi

489 3925 543 3971 et
567 3913 753 3968 incola:
774 3912 825 3965 in
852 3909 1022 3963 aliena
1044 3915 1183 3960 terra
1207 3901 1494 3973 perdurare
1516 3898 1816 3966 potuerunt,
1847 3896 2064 3944 secutus

494 4005 755 4077 adjunxit,
777 4001 899 4057 Non
928 3998 1151 4071 permisit
1171 3994 1418 4049 hominem
1445 4005 1620 4043 nocere
1644 3986 1732 4053 eis,
1756 3993 1800 4038 et
1823 3981 2066 4050 corripuit

492 4073 584 4165 pro
608 4096 677 4150 eis
700 4110 860 4164 reges.
897 4089 1071 4144 Nolite
1111 4099 1314 4157 tangere
1358 4081 1569 4135 christos
1597 4091 1731 4130 meos
1758 4117 1772 4142 ,
1799 4083 1843 4127 et
1866 4073 1920 4126 in
1948 4087 2067 4142 pro-

495 4189 657 4259 phetis
682 4186 803 4239 meis
829 4182 982 4237 nolite
1005 4176 1294 4248 malignari.

566 4279 654 4334 10.
687 4277 868 4332 Potest
895 4282 1070 4326 autem
1101 4267 1292 4323 merito
1320 4275 1534 4317 movere
1561 4254 1827 4330 quomodo
1869 4251 2068 4306 fuerint

494 4367 682 4425 christi
711 4363 981 4436 appellati,
1007 4367 1290 4429 antequam
1320 4361 1462 4407 esset
1489 4339 1668 4404 unctio
1689 4388 1703 4411 ,
1733 4361 1804 4401 ex
1837 4359 1938 4414 qua
1966 4341 2068 4395 hoc

495 4473 694 4514 nomen
719 4432 1022 4524 impositum
1068 4457 1150 4502 est
1174 4444 1387 4516 regibus
1417 4461 1428 4494 :
1462 4439 1602 4510 quod
1628 4455 1657 4492 a
1685 4435 1845 4494 Saule
1869 4432 2030 4502 cmpit
2052 4473 2068 4498 ,

497 4551 582 4604 cui
608 4545 773 4603 David
798 4542 1053 4599 successit
1071 4539 1127 4593 in
1148 4549 1334 4607 regno;
1366 4543 1525 4601 atque
1553 4529 1675 4584 inde
1701 4526 1881 4583 caeteri
1905 4533 1959 4580 et
1978 4537 2068 4578 re-

498 4656 593 4712 ges
615 4639 766 4695 Judaa
797 4645 853 4692 et
889 4648 1044 4704 reges
1084 4628 1246 4685 Israel
1271 4623 1671 4681 continuatione
1695 4625 1916 4674 sacratae
1940 4628 2071 4668 con-

501 4706 796 4789 suetudinis
816 4725 1182 4799 unguebantur
1212 4737 1226 4774 :
1258 4719 1310 4773 in
1342 4731 1445 4787 qua
1473 4713 1721 4768 unctione
1754 4706 2077 4778 figurabatur

503 4839 640 4878 unus
665 4836 822 4876 verus
841 4794 1114 4878 Christus,
1146 4811 1232 4868 cui
1255 4809 1454 4864 dictum
1485 4811 1585 4869 est,
1612 4798 1769 4856 [luxit
1793 4807 1841 4850 te
1901 4794 2074 4858 Deus,

506 4915 643 4969 Deus
664 4922 778 4966 tuus
797 4907 909 4962 oleo
931 4901 1276 4961 exsultationis
1303 4913 1409 4969 pra:
1428 4890 1755 4966 participibus
1783 4887 1881 4941 tuis
1902 4884 2075 4956 (Psal.

505 5021 659 5072 xuv,
691 5002 771 5073 8).
793 4998 948 5056 Unde
985 5011 1112 5066 ergo
1131 4994 1205 5049 illi
1227 4993 1337 5063 jam
1377 4998 1504 5043 tunc
1528 4981 1711 5040 christi
1739 4977 2078 5050 appellaban-

507 5109 593 5151 tur
610 5066 794 5150 ?'Na'm
823 5087 1106 5159 prophetas
1125 5096 1218 5138 eos
1241 5081 1419 5146 fuisse,
1442 5075 1666 5146 legimus
1695 5071 1762 5126 de
1786 5066 2078 5131 Abraham;

508 5198 562 5241 et
591 5186 804 5254 utique,
825 5158 973 5251 quod
1001 5175 1070 5231 de
1096 5174 1188 5228 illo
1213 5171 1493 5226 manifeste
1523 5166 1722 5220 dictum
1751 5169 1866 5226 est,
1897 5158 2001 5213 hoc
2027 5165 2083 5212 et

507 5280 573 5331 de
641 5250 746 5330 illis
797 5250 1187 5342 intelligendum
1239 5272 1340 5317 est.
1385 5262 1466 5313 An
1519 5257 1640 5311 ideo
1693 5250 1912 5318 christi,
1959 5250 2083 5319 quia

509 5367 715 5423 etiamsi
743 5366 984 5426 latenter,
1001 5359 1109 5429 jam
1137 5367 1312 5410 tamen
1339 5348 1612 5406 christiani
1632 5347 1656 5400 ?
1676 5343 1919 5416 quamvis
1943 5341 2084 5396 enim

511 5474 633 5515 eam
658 5454 854 5512 Christi
874 5468 943 5510 ex
955 5450 1104 5517 illis,
1127 5457 1306 5502 tamen
1329 5441 1571 5498 Christus
1598 5445 1722 5492 ante
1750 5435 1869 5489 illos
1899 5449 1913 5485 :
1941 5429 2084 5502 quod

513 5560 567 5602 et
590 5548 787 5602 ludatis
809 5540 1104 5614 respondit,
1125 5537 1328 5600 dicens,
1351 5532 1630 5602 Antequam
1655 5525 1909 5582 Abraham
1925 5523 2084 5591 ﬁeret,

551 5702 821 5810 ἰὶἶιῖιιι.
843 5705 918 5748 Er.
944 5705 998 5750 et
1019 5695 1184 5760 plures
1205 5701 1313 5744 Mss.
1347 5692 1431 5741 Alii
1470 5701 1589 5739 vero
1609 5699 1718 5737 eum
1741 5691 1871 5742 Lov.,
1909 5694 1966 5730 ne
2004 5692 2086 5729 nc-

587 5791 595 5805 ι
632 5776 694 5809 ,Γπ
751 5793 767 5806 .

790 5819 837 5869 to
866 5817 991 5893 cingi
1024 5825 1190 5868 manus
1227 5812 1431 5866 arithmé
1469 5809 1700 5870 brachcis,
1741 5806 1988 5869 oligostous
2012 5795 2090 5852 hui

519 5878 771 5952 pai‘oiltous
792 5894 852 5933 en
873 5878 997 5930 aute.

1645 396 1708 454 S.
1745 384 2110 448 AUGUSTIM
2151 383 2450 440 El‘lSCOi‘l

3556 380 3691 435 1596

2127 519 2215 576 ego
2240 519 2371 557 sum.
2397 501 2671 569 Quomodo
2695 511 2870 557 autem
2907 501 3048 556 hunc
3068 499 3143 554 illi
3171 500 3493 570 ignorarent,
3519 507 3606 550 aut
3637 498 3696 550 in

2120 609 2241 650 eum
2276 609 2379 648 non
2410 593 2689 649 crederent
2717 609 2732 656 ;
2763 607 2881 646 cum
2911 600 3188 662 propterea
3235 585 3505 658 propheta:
3543 587 3697 642 dice-

2119 696 2305 743 rentur
2333 687 2452 758 quia
2477 687 2599 742 licet
2623 685 2900 751 occultius,
2931 693 3105 738 tamen
3136 681 3413 736 Dominum
3443 696 3703 751 praenun-

2124 781 2357 836 tiabant?
2387 779 2538 836 Unde
2572 787 2752 848 aperte
2782 779 2894 848 ipse
2921 776 3082 830 dicit:
3111 773 3367 828 Abraham
3412 772 3703 841 concupivit

2091 894 2096 898 ·
2123 873 2288 928 videre
2315 872 2650 936 diem-meum,
2671 879 2715 923 et
2734 869 2874 934 vidit,
2892 878 2939 921 et
2959 867 3159 936 gavisus
3178 874 3249 919 est
3275 863 3452 934 (Joan.
3476 878 3590 928 vm,
3611 862 3707 927 58,

2121 964 2238 1033 56).
2270 962 2383 1017 Non
2410 963 2550 1016 enim
2575 961 2852 1032 quisquam
2875 967 3066 1028 praeter
3101 956 3255 1011 istam
3285 953 3442 1009 ﬁdem
3471 969 3593 1024 qua:
3621 961 3712 1007 est

2124 1058 2181 1114 in
2215 1055 2426 1110 Christo
2462 1053 2588 1136 J’esu
2613 1094 2627 1115 ,
2657 1053 2768 1106 sive
2809 1058 2930 1104 ante
2954 1048 3068 1116 ejus
3096 1045 3514 1102 incarnationem
3539 1085 3554 1110 ,
3586 1044 3711 1098 sive

2125 1156 2306 1218 postea
2331 1187 2347 1211 ,
2379 1144 2747 1200 reconciliatus
2789 1149 2870 1196 est
2918 1140 3056 1205 Deo,
3086 1153 3208 1194 cum
3245 1137 3315 1191 sit
3345 1136 3412 1191 ab
3451 1136 3716 1204 Apostoio

2127 1237 2467 1293 veracissime
2495 1234 2770 1289 deﬁnitum
2795 1251 2810 1286 :
2847 1230 2988 1286 Unus
3012 1230 3144 1284 enim
3171 1228 3340 1293 Deus,
3365 1235 3412 1282 et
3441 1243 3572 1280 unus
3601 1242 3718 1278 me-

2129 1333 2295 1385 diator
2336 1328 2431 1383 Dei
2461 1338 2508 1384 et
2550 1327 2808 1382 hominum
2832 1367 2846 1393 ,
2871 1325 3018 1378 homo
3047 1322 3274 1378 Christus
3301 1319 3452 1376 Iesus
3483 1319 3503 1391 (
3527 1317 3547 1372 1
3570 1317 3716 1372 Tim.

2123 1440 2186 1487 ιι,
2223 1424 2301 1502 s).

2133 1563 2136 1566 .
2204 1516 2287 1569 11.
2319 1511 2467 1585 [vers.
2514 1510 2626 1584 16.]
2650 1509 2852 1566 Deinde
2875 1510 2983 1580 jam
3006 1521 3224 1563 narrare
3244 1505 3426 1576 incipit
3444 1502 3723 1576 quomodo

2133 1609 2327 1661 factum
2379 1606 2448 1660 sit
2491 1615 2550 1658 nt
2598 1602 2884 1657 transirent
2911 1599 2979 1656 de
3018 1609 3178 1670 gente
3201 1597 3253 1651 in
3283 1606 3494 1668 gentem
3524 1637 3538 1661 ,
3565 1603 3620 1649 et
3647 1593 3722 1648 de

2137 1715 2304 1772 regno
2348 1702 2403 1756 in
2452 1698 2702 1769 populum
2744 1696 2989 1750 alterum.
3024 1711 3042 1743 ι
3078 1693 3144 1746 Et
3167 1691 3414 1753 vocavit,
3450 1709 3468 1741 ι
3505 1689 3683 1758 inquit
3705 1728 3722 1753 ,

2143 1812 2162 1844 ι
2198 1793 2388 1848 famem
2429 1805 2588 1860 super
2641 1800 2833 1843 terram
2859 1783 2879 1851 ;’
2914 1800 3074 1839 omne
3125 1783 3513 1838 firmamentum
3566 1780 3727 1849 panis

2137 1885 2404 1941 contrivit.
2437 1883 2577 1936 Misit
2613 1889 2735 1934 ante
2761 1896 2854 1933 eos
2885 1878 3086 1943 virum;
3117 1877 3172 1930 in
3199 1889 3411 1930 servum
3437 1872 3727 1927 venunda-

2141 1987 2226 2032 tus
2251 1984 2336 2033 est
2357 1973 2576 2043 Ioseph.
2615 1991 2633 2024 ι
2663 1972 2762 2026 Per
2794 1970 2894 2024 hoc
2923 1968 3116 2022 factum
3151 1975 3233 2022 est
3259 1975 3316 2020 ut
3343 1963 3631 2018 transirent
3659 1962 3732 2016 de

2139 2082 2296 2140 gente
2326 2068 2377 2122 in
2405 2076 2615 2138 gentem
2642 2107 2655 2128 ,
2688 2064 2753 2118 de
2785 2076 2951 2132 regno
2978 2061 3029 2114 in
3063 2059 3310 2130 populum
3337 2057 3586 2111 alterum.
3613 2053 3729 2110 Sed

2143 2176 2250 2214 non
2278 2167 2400 2214 sunt
2424 2157 2748 2226 negligenter
2780 2149 3159 2223 praetereunda:
3182 2149 3577 2218 Scripturarum
3597 2159 3730 2199 san-

2145 2260 2350 2306 ctarnm
2379 2248 2692 2303 locutiones.
2730 2233 2964 2308 Vocavit,
2995 2241 3196 2311 inquit,
3230 2240 3414 2310 [antem
3438 2254 3592 2306 super
3617 2245 3734 2289 ter-

2145 2359 2255 2397 ram
2280 2341 2464 2411 :quasi
2492 2337 2660 2393 fames
2684 2336 2857 2405 aliqua
2889 2340 3112 2403 persona
3135 2333 3224 2397 sit,
3255 2327 3580 2396 velaliquod
3609 2326 3736 2380 ani-

2148 2442 2346 2488 matum
2376 2445 2588 2499 corpus,
2615 2427 2698 2482 vel
2725 2426 2915 2495 aliquis
2939 2424 3154 2495 spiritus
3182 2420 3272 2491 qui
3291 2419 3511 2475 obedire
3540 2426 3735 2489 posset

2149 2524 2378 2589 vocanti;
2410 2537 2526 2577 cum
2555 2520 2624 2574 sit
2651 2519 2816 2573 fames
2844 2532 2912 2572 ex
2941 2515 3114 2570 inedia
3139 2521 3409 2569 contracta
3439 2510 3734 2581 pernicies,

2150 2629 2308 2689 atque
2333 2618 2402 2671 ita
2429 2615 2498 2669 sit
2524 2614 2576 2667 in
2607 2613 2684 2667 eis
2708 2611 2795 2682 qui
2820 2625 2938 2665 eam
2967 2607 3254 2677 patiuntur,
3281 2614 3337 2659 ut
3363 2603 3554 2673 aliquis
3580 2619 3734 2656 mur-

2154 2711 2269 2765 bus.
2289 2707 2438 2763 Sicut
2459 2705 2599 2761 enim
2631 2702 2848 2758 morbus
2876 2709 2932 2754 ut
2948 2713 3068 2754 esse
3091 2697 3319 2758 desinat,
3345 2695 3402 2748 fit
3419 2694 3738 2764 plerumque

2155 2817 2249 2872 per
2277 2798 2739 2859 medicamentum,
2756 2793 2834 2847 sic
2849 2800 2903 2845 et
2917 2789 3084 2844 fames
3111 2795 3325 2842 sanatur
3339 2783 3739 2855 quodammodo

2157 2908 2252 2962 per
2290 2891 2618 2945 alimentum.
2648 2885 2783 2953 Quid
2831 2889 2913 2937 est
2953 2893 3116 2951 ergo,
3158 2876 3361 2932 Vocavit
3403 2875 3626 2946 famem?
3651 2875 3737 2928 An

2157 2984 2290 3039 forte
2320 2983 2417 3037 ista
2443 2979 2577 3034 mala
2606 2992 2724 3049 qua:
2749 2975 3016 3045 patiuntur
3044 2970 3316 3032 homines,
3353 2967 3546 3022 habent
3574 2981 3740 3036 quos-

2156 3075 2277 3130 dam
2319 3070 2633 3143 praepositos
2676 3082 2802 3122 suos
2850 3067 3065 3137 angelos
3095 3062 3261 3116 malos
3292 3057 3434 3131 (nam
3465 3068 3519 3113 et
3546 3057 3602 3112 in
3628 3056 3736 3110 alio

2158 3165 2362 3238 psalmo
2390 3161 2519 3216 dicit
2545 3158 2870 3214 immissione
2897 3171 2991 3226 per
3019 3153 3232 3223 angelos
3254 3151 3419 3204 malos
3446 3149 3616 3203 Deum
3643 3146 3742 3202 ho-

2157 3236 2330 3313 mines
2356 3250 2795 3325 alllixisse[Psal.
2819 3263 3021 3310 Lxxvlt,
3044 3243 3157 3317 49],
3185 3259 3289 3298 non
3317 3243 3496 3312 utique
3523 3236 3742 3296 errante

2153 3347 2414 3420 judicio),
2443 3353 2498 3400 et
2522 3344 2622 3398 hoc
2646 3350 2727 3397 est
2751 3338 2909 3405 forte,
2941 3336 3142 3391 Vocavit
3172 3336 3375 3403 famem,
3405 3332 3455 3387 id
3477 3341 3559 3386 est
3581 3347 3744 3401 ange-

2159 3441 2266 3495 lum
2297 3437 2624 3510 propositum
2667 3433 2850 3495 famis,
2884 3439 2937 3484 et
2965 3428 3079 3497 ejus
3103 3426 3180 3481 rei
3221 3425 3436 3478 nomine
3477 3422 3630 3492 cujus
3659 3431 3744 3477 est

2161 3530 2492 3603 praepositus,
2512 3522 2872 3596 appellatum?
2902 3521 2974 3574 Ex
3002 3533 3102 3589 qua
3126 3517 3375 3587 opinione
3393 3512 3620 3585 Romani
3648 3529 3741 3567 ve-

2163 3632 2301 3677 teres
2331 3619 2585 3690 quosdam
2617 3616 2746 3671 deos
2789 3612 2922 3666 tales
2963 3616 3381 3670 consecrarunt,
3409 3607 3544 3661 sicut
3585 3607 3742 3660 deam

2161 3713 2408 3774 Febrem,
2437 3709 2701 3776 deumque
2729 3703 3010 3759 Pallorem.
3037 3703 3118 3755 An
3139 3699 3278 3770 quod
3305 3707 3385 3753 est
3412 3695 3743 3764 credibilius,

2173 3803 2378 3859 Vocavit
2399 3805 2604 3872 famem,
2638 3793 3034 3866 intelligendum
3064 3800 3145 3847 est
3167 3831 3182 3856 ,
3212 3790 3350 3844 Dixit
3375 3799 3431 3842 ut
3459 3786 3627 3841 fames
3653 3801 3743 3841 es-

2170 3905 2284 3960 set;
2315 3903 2373 3948 ut
2397 3892 2498 3946 hoc
2521 3891 2590 3944 sit
2615 3901 2827 3953 vocare,
2857 3885 2996 3954 quod
3026 3881 3322 3952 appellare;
3353 3880 3455 3934 hoc
3473 3878 3746 3949 appellare

2167 3988 2307 4061 quod
2333 3987 2542 4050 dicere;
2572 3984 2672 4037 hoc
2701 3981 2914 4044 dicere,
2945 3976 3086 4048 quod
3109 3974 3332 4046 jubere?
3360 3972 3493 4028 Nam
3525 3973 3615 4028 ille
3648 3986 3745 4025 vo-

2166 4079 2306 4136 cavit
2333 4077 2547 4140 famem,
2578 4073 2667 4143 qui
2690 4079 2830 4125 vocat
2853 4085 2911 4123 ea
2935 4083 3048 4138 qua:
3073 4083 3174 4121 non
3198 4075 3335 4130 sunt,
3368 4074 3607 4135 tanquam
3632 4077 3749 4134 qua!

2169 4179 2285 4226 sunt
2312 4170 2350 4221 ¹.
2378 4168 2487 4222 Nec
2514 4165 2583 4220 ibi
2611 4161 2898 4234 Apostolus
2928 4160 3096 4224 dixit,
3131 4158 3228 4224 Qui
3252 4167 3394 4211 vocat
3423 4174 3480 4211 ea
3504 4172 3616 4227 qua
3643 4172 3750 4208 non

2169 4275 2325 4331 sunt,
2353 4271 2411 4316 ut
2435 4261 2577 4323 sint;
2608 4257 2722 4322 sed,
2753 4269 2988 4325 tanquam
3013 4254 3112 4306 sint
3143 4253 3315 4322 (llam.
3344 4266 3418 4316 tv,
3451 4252 3561 4320 17).
3592 4247 3750 4318 Apud

2171 4358 2338 4411 Deum
2363 4353 2558 4424 quippe
2580 4351 2688 4421 jam
2732 4347 2928 4402 factum
2967 4353 3050 4400 est
3090 4342 3231 4414 quod
3257 4343 3371 4412 ejus
3398 4340 3749 4410 dispositione

2172 4449 2404 4503 futurum
2445 4453 2562 4510 est;
2589 4443 2710 4514 quia
2753 4441 2820 4495 'de
2850 4440 2941 4494 illo
2967 4437 3092 4493 alibi
3115 4437 3339 4500 dicitur,
3376 4434 3473 4501 Qui
3499 4433 3618 4504 fecit
3641 4446 3751 4500 qua

2173 4547 2345 4615 futura
2367 4548 2481 4595 sunt
2509 4537 2658 4610 (Isai.
2681 4551 2781 4590 xnv
2801 4575 2816 4600 ,
2843 4534 2903 4588 11
2933 4574 2949 4600 ,
2980 4548 3080 4586 sec.
3109 4527 3297 4599 LXX).
3325 4527 3393 4582 Et
3421 4526 3506 4580 hic
3541 4523 3754 4596 quando

2175 4636 2340 4689 fames
2364 4633 2496 4688 facta
2527 4638 2628 4696 est,
2658 4637 2784 4696 tunc
2808 4624 2946 4680 dicta
2975 4631 3058 4678 est
3077 4628 3282 4686 vocata,
3310 4619 3362 4674 id
3387 4627 3487 4683 est,
3515 4627 3576 4671 ut
3604 4616 3756 4671 ades-

2176 4737 2258 4782 set
2276 4741 2394 4796 quze
2413 4725 2520 4794 jam
2542 4721 2714 4776 fuerat
2733 4721 2786 4772 in
2806 4717 2920 4787 ejus
2946 4715 3148 4770 occulta
3171 4710 3551 4782 gubernatione
3578 4708 3760 4776 dispo-

2177 4821 2298 4875 sita.
2325 4817 2558 4886 Denique
2579 4810 2847 4885 quomodo
2867 4807 3133 4864 vocaverit
3153 4805 3366 4869 famem,
3385 4801 3562 4856 statim
3586 4815 3758 4869 expo-

2178 4912 2302 4974 SUit,
2331 4910 2531 4973 dicens,
2558 4903 2718 4959 Omne
2734 4903 3106 4970 ﬁrmamentum
3127 4896 3274 4967 panis
3290 4893 3536 4948 contrivit.
3556 4891 3624 4945 Et
3644 4891 3762 4945 haec

2180 5001 2425 5056 inusitata
2452 4995 2648 5052 locutio
2671 5001 2755 5050 est
2779 5009 2794 5047 :
2823 4990 3050 5045 contrivit
3069 4987 3211 5043 enim
3234 4985 3386 5052 dixit,
3416 4998 3513 5054 pro
3534 4997 3600 5038 eo
3618 4980 3762 5052 quod

2182 5103 2283 5160 est,
2324 5089 2668 5159 consumpsit.

2256 5183 2341 5240 i2.
2382 5181 2531 5254 [vers.
2559 5175 2672 5250 17.]
2703 5174 2844 5229 Misit
2879 5181 2997 5226 ante
3029 5187 3113 5226 eos
3137 5170 3320 5223 uirum.
3348 5166 3516 5235 Quem
3541 5161 3764 5219 virum?

2147 5275 2401 5345 .Josepb.
2453 5269 2730 5340 Quomodo
2781 5264 2960 5320 misit?
2986 5262 3053 5316 In
3099 5276 3296 5316 servum
3338 5256 3644 5314 venundatus
3690 5262 3766 5309 est

2185 5367 2398 5438 Ioseph.
2443 5363 2646 5432 Nempe
2686 5357 2899 5430 quando
2939 5356 3133 5418 factum
3183 5361 3303 5419 est,
3329 5358 3598 5422 peccatum
3646 5356 3768 5401 erat

2189 5460 2410 5515 fratrum
2434 5495 2449 5521 ,
2478 5463 2533 5510 et
2573 5461 2748 5506 tamen
2787 5449 2927 5503 Deus
2969 5447 3112 5501 misit
3133 5443 3332 5514 Ioseph
3372 5443 3427 5497 in
3451 5439 3757 5512 Egyptum.

2190 5546 2444 5604 lntucnda
2499 5552 2582 5600 est
2645 5555 2772 5612 ergo
2818 5554 2907 5594 res
2955 5551 3142 5607 magna
3204 5544 3258 5590 et
3323 5530 3718 5605 pernecessaria
3744 5564 3760 5590 ,

2191 5637 2457 5711 quomodo
2501 5635 2640 5690 Deus
2681 5633 2818 5687 bene
2876 5639 3052 5683 utatur
3100 5625 3254 5682 malis
3303 5624 3552 5695 operibus
3593 5619 3769 5676 homi-

2258 5863 2272 5892 ί
2303 5864 2376 5908 Er.
2401 5864 2518 5905 ven.
2548 5860 2598 5904 et
2618 5857 2750 5908 ιον..
2784 5855 3004 5910 tanquam
3029 5847 3137 5896 sim.
3202 5852 3252 5892 at.
