4026 6202
262 349 398 406 15θῖ

269 483 423 528 num,
456 462 594 521 sicut
631 463 703 521 illi
739 470 924 523 contra
964 461 1103 518 male
1142 445 1360 516 utuntur
1398 460 1551 515 bonis
1591 455 1838 529 0pcribttS

255 555 385 613 .Dei.

329 649 421 704 15.
468 647 620 720 [rem
649 648 716 721 l8
740 689 755 714 ,
787 647 902 722 19.]
926 647 1172 706 Contexit
1198 648 1390 705 deinde
1438 651 1792 705 narrationem
1816 689 1834 715 ,

259 758 692 799 commemorans
739 761 856 813 qnze
904 744 1177 814 pertulerit
1221 745 1419 816 Joseph
1462 746 1513 799 in
1546 746 1839 809 humilitate

256 852 356 892 sua
380 877 395 899 ,
427 845 480 891 et
518 836 786 906 quomodo
817 836 973 892 fuerit
997 838 1326 895 sublimatus.
1356 837 1756 913 Humiliaverunt
1784 839 1837 892 in

255 929 582 999 compedibus
605 930 754 999 pedes
780 930 925 1000 ejus;
945 932 1135 1000 ferrum
1162 931 1446 1001 pertransiit
1464 927 1684 984 animam
1705 930 1834 997 eius,

256 1021 418 1074 donec
446 1022 631 1074 veniret
650 1020 853 1075 verbum
872 1022 999 1091 ejus.
1020 1019 1314 1091 Compedes
1333 1020 1545 1091 quidem
1569 1021 1837 1091 accepisse

256 1113 481 1182 Ioseph,
509 1130 613 1167 non
639 1114 881 1181 legimus;
911 1112 1007 1168 sed
1039 1114 1229 1168 factum
1259 1128 1399 1178 esse,
1430 1112 1645 1171 minime
1678 1113 1835 1168 dubi-

257 1208 477 1262 tandum
507 1218 609 1262 est.
640 1208 829 1275 Aliqua
853 1207 993 1262 enim
1015 1207 1340 1275 prmtermitti
1360 1216 1643 1276 potuerunt
1671 1207 1722 1262 in
1750 1206 1836 1279 illa

257 1298 479 1354 historia
507 1341 521 1361 ,
553 1315 670 1367 quae
702 1308 873 1353 tamen
898 1297 1151 1367 Spiritum
1176 1310 1414 1354 sanetum
1447 1314 1551 1353 non
1587 1299 1832 1364 laterent,

254 1391 344 1462 qui
374 1392 428 1444 in
461 1391 544 1445 his
571 1391 801 1460 loquitur
827 1391 1069 1447 Psalmis.
1103 1392 1321 1446 Ferrum
1347 1400 1520 1447 autem
1551 1391 1689 1460 quod
1711 1391 1836 1449 dicit

258 1484 612 1553 pertransisse
638 1484 867 1538 animam
897 1483 1031 1553 ejus,
1058 1482 1443 1539 tribulationem
1476 1482 1621 1539 dura:
1644 1498 1835 1539 neces-

257 1575 426 1629 sitatis
466 1576 756 1644 accipimus
798 1593 810 1629 :
852 1590 955 1629 non
1012 1575 1153 1629 cnim
1204 1590 1399 1644 corpus
1427 1617 1441 1640 ,
1474 1574 1567 1629 sed
1615 1576 1834 1632 animam

257 1664 406 1720 dixit.
440 1665 587 1720 Talis
614 1668 755 1720 enim
788 1665 981 1720 locutio
1026 1674 1108 1719 est
1148 1665 1389 1734 qumdam
1428 1666 1479 1719 in
1510 1665 1830 1736 Evangelia,

258 1760 339 1815 ubi
372 1759 593 1815 Simeon
625 1761 753 1814 dixit
781 1759 845 1815 ad
873 1760 1087 1815 Mariam
1123 1778 1135 1812 :
1172 1778 1189 1810 ι
1228 1759 1367 1814 Ecce
1394 1759 1594 1829 positus
1630 1768 1711 1814 est
1748 1760 1834 1815 hic

257 1851 305 1905 in
336 1852 572 1917 ruinam,
604 1862 657 1905 ει
683 1854 734 1906 in
763 1851 1205 1911 resurrectionem
1236 1851 1521 1906 multorum
1550 1852 1601 1905 in
1631 1851 1788 1905 lsrael
1816 1892 1830 1917 ,

256 1951 304 1996 et
328 1942 618 2012 insignum
639 1943 720 1997 cui
745 1942 1154 2007 contradieetur;
1172 1950 1226 1997 et
1247 1951 1388 1997 tuam
1414 1942 1577 2013 ipsius
1603 1942 1831 1997 animam

256 2038 575 2106 pertransiet
600 2035 803 2107 gladius
822 2077 837 2102 ,
867 2045 927 2091 ut
955 2036 1255 2091 revelentur
1279 2051 1342 2093 ex
1375 2035 1553 2090 multis
1586 2034 1832 2095 cordibus

256 2128 603 2199 cogitationes
636 2130 653 2197 (
678 2127 800 2181 Luc.
825 2143 881 2191 ιι,
910 2125 999 2194 54,
1028 2127 1138 2198 '55).
1168 2126 1349 2181 Passio
1376 2128 1570 2197 quippe
1597 2126 1827 2196 Domini,

257 2237 367 2292 quae
411 2221 598 2275 multis
624 2224 772 2276 ruina
802 2220 898 2276 fuit
920 2262 935 2287 ,
962 2228 1014 2276 et
1055 2220 1106 2275 in
1138 2234 1238 2290 qua
1268 2221 1551 2274 multorum
1590 2218 1831 2275 cordlum

258 2313 459 2367 occulta
504 2320 821 2382 patuerunt,
846 2312 1095 2382 quoniam
1124 2326 1431 2380 expressum
1474 2318 1557 2366 est
1598 2310 1723 2381 quid
1763 2310 1830 2375 de

244 2403 481 2479 Domino
522 2404 858 2470 sentiebant,
888 2412 941 2459 et
968 2402 1134 2472 ipsam
1179 2404 1294 2471 ejus
1332 2409 1551 2459 matrem
1597 2402 1830 2471 graviter

258 2495 450 2550 carnali
497 2494 726 2549 orbitate
770 2507 1072 2564 percussam
1116 2494 1231 2548 sine
1272 2492 1432 2547 dubio
1477 2494 1824 2551 contristavit.

256 2588 306 2643 lu
349 2587 438 2643 illa
489 2603 619 2643 vero
657 2586 992 2643 tribulatione
1034 2586 1131 2641 fuit
1169 2584 1364 2656 Joseph
1395 2627 1409 2649 ,
1438 2586 1593 2639 donec
1642 2587 1827 2641 veniret

256 2680 450 2733 verbum
525 2681 672 2751 ejus,
746 2692 851 2749 quo
908 2677 1081 2732 fuerat
1135 2677 1504 2747 interpretatus
1571 2677 1827 2731 veraciter

257 2772 454 2827 somnia
490 2771 674 2825 :unde
698 2770 1101 2829 commendatus
1150 2778 1232 2825 est
1277 2768 1425 2839 regi,
1450 2778 1509 2822 ut
1549 2768 1707 2823 etiam
1748 2769 1825 2823 illi

255 2862 315 2916 de
334 2862 559 2917 somniis
580 2862 695 2932 ejus
719 2861 887 2916 futura
912 2861 1219 2930 praediceret
1242 2858 1392 2931 (Gen.
1410 2860 1538 2930 xu).
1566 2858 1669 2915 Sed
1691 2873 1824 2929 quo-

256 2960 387 3012 niam
419 2958 556 3012 dixit
574 3000 589 3021 ,
618 2958 773 3011 donec
808 2957 987 3010 veniret
1012 2956 1212 3010 verbum
1242 2956 1351 3025 ejus
1373 2995 1388 3020 ,
1409 2969 1474 3009 ne
1499 2955 1641 3008 omni
1667 2953 1825 3008 modo

255 3050 355 3116 ejus
418 3049 499 3102 sic
550 3048 999 3117 intelligeremus,
1039 3053 1098 3105 ut
1132 3046 1407 3116 quisquam
1458 3060 1570 3099 rem
1624 3052 1822 3101 tantam

256 3138 452 3193 homini
483 3139 817 3194 tribuendam
864 3147 1109 3208 putaret;
1138 3138 1388 3193 continuo
1412 3136 1668 3207 subjecit,
1698 3136 1823 3191 Elo-

255 3234 419 3302 quium
466 3231 676 3285 Domini
716 3232 1043 3302 inﬂammavit
1080 3247 1194 3285 eum
1222 3246 1239 3284 :
1267 3231 1371 3295 vel,
1398 3230 1537 3301 quod
1567 3231 1732 3300 magis
1757 3231 1823 3285 de

254 3342 421 3395 εγωεο
446 3340 759 3395 expressum
787 3324 876 3379 alii
904 3324 1114 3379 codices
1145 3322 1340 3378 habent
1370 3364 1385 3389 ,
1417 3321 1685 3392 Eloquium
1710 3321 1822 3375 Do-

255 3418 370 3471 mini
396 3418 576 3488 ignivit
605 3434 757 3483 eum;
786 3425 843 3471 ut
877 3417 1036 3471 etiam
1066 3416 1178 3485 ipse
1205 3416 1341 3470 inter
1370 3429 1462 3471 eos
1490 3423 1825 3483 computare-

256 3516 335 3562 tur
357 3551 370 3573 ,
396 3508 590 3577 quibus
632 3507 829 3563 dictum
859 3515 941 3563 est
966 3548 982 3574 ,
1010 3506 1309 3561 Laudamini
1336 3507 1390 3559 in
1416 3506 1613 3559 nomine
1649 3516 1823 3560 sancto

256 3602 375 3669 ejus.
422 3599 690 3669 Eloquium
737 3598 937 3653 Domini
981 3599 1150 3671 ignivit
1191 3615 1323 3654 eum.
1368 3598 1553 3653 Merito
1593 3598 1822 3667 Spiritus

256 3702 462 3746 sanctus
488 3690 700 3761 quando
726 3705 756 3745 a
798 3690 1020 3745 Domino
1043 3691 1237 3746 missus
1264 3698 1348 3745 est
1371 3730 1385 3754 ,
1416 3691 1544 3749 visae
1571 3698 1692 3744 sunt
1718 3689 1822 3744 illis

256 3782 439 3852 linguae
476 3782 661 3837 divisae
700 3782 844 3838 velut
886 3781 1019 3853 ignis
1045 3781 1178 3852 (Act.
1204 3796 1277 3845 ιι,
1304 3780 1360 3851 5)
1393 3797 1407 3833 :
1439 3789 1494 3835 et
1537 3780 1822 3850 Apostolus

257 3875 412 3940 dicit,
447 3875 647 3942 Spiritu
696 3878 939 3945 ferventes
974 3873 1146 3943 (Rom.
1174 3888 1277 3936 xu,
1314 3874 1422 3942 ll).
1456 3873 1501 3926 Α
1544 3888 1650 3941 quo
1703 3871 1822 3941 igne

256 3967 545 4031 discedunt,
574 3966 639 4022 de
664 3967 852 4038 quibus
878 3967 1069 4021 dicitur
1087 3985 1100 4021 :
1121 3965 1425 4037 Refrigescet
1445 3964 1666 4031 alacritas
1686 3964 1821 4018 mul-

256 4070 411 4116 torum
441 4060 655 4131 (Matth.
684 4076 809 4117 xxw
832 4102 847 4125 ,
877 4060 945 4115 12
1252 4133 1259 4140 ς
1560 4062 1563 4067 ⁷

323 4156 406 4210 14.
434 4155 599 4226 [νετε.
631 4152 848 4226 20-23.]
880 4154 1112 4224 Denique
1150 4153 1386 4223 sequitur
1410 4193 1424 4218 ,
1455 4150 1593 4207 Misit
1622 4168 1740 4217 rex,
1772 4162 1821 4207 et

256 4251 393 4305 solvit
422 4265 573 4312 eum;
614 4248 845 4318 princeps
886 4244 1202 4316 populorum,
1247 4255 1294 4300 et
1330 4245 1515 4301 dimisit
1538 4262 1670 4299 cum.
1702 4244 1820 4316 ipse

238 4367 319 4407 ,κ
367 4326 501 4407 'rex,
528 4341 615 4409 qui
646 4340 875 4409 princeps
902 4340 1199 4409 populorum
1228 4354 1245 4392 :
1269 4338 1412 4392 solvit
1440 4337 1815 4408 compeditum,

256 4433 440 4487 dimisit
469 4432 747 4487 inclusum.
781 4431 1043 4486 Constituit
1067 4447 1181 4485 eum
1205 4430 1462 4484 dominum
1487 4431 1663 4485 domus
1690 4446 1816 4497 suae,

253 4538 299 4581 et
326 4528 598 4598 principem
629 4526 785 4580 omnis
817 4524 1136 4594 possessionis
1162 4539 1287 4578 suat.
1336 4522 1405 4578 Ut
1431 4523 1648 4576 erudiret
1675 4522 1819 4592 prin-

255 4619 386 4688 cipes
429 4620 538 4690 ejus
582 4618 710 4671 sicut
751 4617 1099 4686 semetipsum,
1127 4624 1171 4669 et
1199 4631 1338 4669 senes
1367 4616 1475 4683 ejus
1502 4613 1819 4683 prudentiam

256 4709 464 4764 doceret.
508 4708 729 4765 Gnaeus
766 4706 955 4773 habet,
998 4705 1069 4759 Et
1114 4706 1329 4760 seniores
1371 4707 1478 4775 ejus
1522 4705 1818 4775 sapientiam

256 4801 464 4855 doceret.
510 4800 661 4868 Quod
693 4797 996 4853 omnimodo
1024 4797 1089 4851 ad
1115 4796 1331 4853 verbum
1362 4796 1432 4850 ita
1465 4795 1568 4851 dici
1598 4807 1774 4865 posset
1799 4812 1815 4850 :

257 4890 487 4947 Erudirct
524 4890 777 4961 principes
815 4870 924 4959 ejus
962 4889 1087 4943 sicut
1128 4887 1477 4956 semetipsum,
1508 4896 1554 4941 et
1600 4886 1819 4942 seniores

255 4984 356 5054 ejus
382 4985 633 5054 sapientes
661 4985 844 5052 faceret
879 4997 899 5035 :
936 4988 1259 5051 πρισθυτάρους
1287 4979 1426 5033 enim
1464 4977 1655 5045 habet,
1686 4992 1819 5049 quos

255 5078 426 5134 dicere
454 5078 691 5134 solemus
732 5075 966 5129 seniores
986 5115 1001 5141 ,
1028 5088 1133 5127 non
1161 5081 1370 5143 γέροντας
1390 5113 1406 5138 ,
1435 5071 1595 5127 id'est
1623 5085 1816 5137 senes;
1862 5104 1865 5109 -

255 5183 433 5243 captasti
458 5179 659 5233 autem,
683 5166 823 5239 quod
850 5181 954 5221 uno
976 5164 1136 5219 vcrbo
1164 5164 1325 5219 latine
1351 5164 1453 5220 dici
1483 5179 1587 5218 non
1619 5170 1815 5233 potest,

254 5278 283 5317 ι
308 5263 565 5333 sapientia
594 5262 792 5315 dictum
821 5268 938 5325 εει,
970 5273 1085 5327 qua:
1112 5268 1245 5328 σοφία
1272 5271 1443 5327 graece
1464 5255 1678 5319 dicitur,
1711 5270 1818 5337 non

255 5370 282 5409 a
310 5355 617 5424 prudentia,
659 5368 777 5423 qua:
812 5360 1020 5423 φρόνησις
1050 5349 1361 5418 appellatur.
1404 5348 1582 5419 Neque
1611 5347 1712 5402 hoc
1739 5355 1819 5401 ta-

254 5464 372 5504 men
418 5447 648 5519 legimus
690 5444 743 5499 in
790 5442 879 5498 illa
923 5441 1241 5497 sublimitate
1282 5440 1511 5511 Ioseph,
1545 5440 1683 5495 sicut
1722 5453 1843 5499 nec.

255 5539 538 5610 compedes
567 5539 619 5591 in
662 5536 778 5606 ejus
808 5534 1119 5619 humilitate.
1169 5533 1273 5589 Sed
1314 5533 1452 5587 unde
1489 5531 1602 5587 ﬁeri
1643 5539 1822 5602 posset

254 5639 311 5684 nt
332 5631 412 5685 vir
441 5637 638 5691 tantus,
670 5627 825 5681 unius
852 5626 963 5682 veri
993 5625 1085 5680 Dei
1113 5624 1303 5691 cultor,
1335 5624 1387 5678 in
1414 5623 1642 5695 rEgypto
1670 5625 1820 5679 alen-

255 5721 333 5775 dis
359 5716 729 5775 tantummodo
763 5716 1101 5788 corporibus,
1130 5725 1182 5770 et
1209 5715 1367 5770 rebus
1394 5723 1595 5771 tantum
1626 5730 1818 5785 corpo-

255 5811 449 5868 ralibus
477 5809 832 5883 guuernandis
858 5817 999 5866 esset
1027 5810 1277 5879 intentus,
1299 5818 1353 5866 et
1380 5824 1482 5881 quo
1511 5824 1604 5866 cos
1630 5808 1812 5864 melioo

1353 343 1740 419 ENARBATlO
1778 340 1842 397 lN
1883 302 2203 439 Pssuma
2242 352 2373 409 etv.

3386 387 3407 440 i
3420 388 3555 443 ὅθεν*

1946 474 2032 515 res
2060 462 2325 532 redderet,
2357 483 2539 527 curam
2559 488 2663 549 non
2692 488 2912 549 gereret
2931 484 3227 546 animorum
3254 492 3277 547 ?
3319 494 3422 553 Sed
3454 520 3519 557 ea

1945 557 2242 654 conscripta
2271 570 2392 616 sunt
2421 563 2471 617 in
2496 565 2579 619 illa
2610 568 2846 639 historia,
2871 560 2989 645 qua:
3016 584 3308 641 secundum
3345 590 3518 649 inten-

1948 650 2171 750 tionem-
2196 650 2519 733 scribentis,
2572 656 2622 711 in
2671 675 2775 733 quo
2834 676 2947 720 erat
2998 670 3225 739 Spiritus
3276 692 3511 750 sanctus,

1944 736 2105 830 rebus
2146 739 2333 797 futuris
2370 742 2466 817 illa
2514 752 2817 809 narratione
2866 736 3221 827 significandis
3269 736 3515 830 sufficere

1945 829 2173 898 iudicata
2201 843 2340 888 sunt.

2016 923 2101 1023 l5.
2132 922 2297 1023 [vers.
2325 928 2447 1003 23.]
2477 932 2544 986 Et
2589 935 2787 990 intravit
2829 939 2996 996 Israel
3036 946 3087 1000 in
3116 948 3399 1023 /Egyptum
3420 997 3435 1019 ,
3469 967 3514 1013 et
3548 977 3550 980 ν

1942 1011 2101 1085 loco!)
2127 1021 2297 1089 accola
2326 1024 2423 1110 [uit
2454 1026 2511 1079 in
2540 1037 2671 1095 terra
2698 1027 2875 1085 Citam.
2917 1034 3065 1107 Quod
3094 1050 3175 1094 est
3193 1011 3380 1111 israel,
3412 1011 3512 1105 hoc
3536 1078 3537 1081 η

1943 1120 2025 1181 εει
2047 1112 2244 1193 lacob;
2272 1125 2325 1170 et
2348 1118 2487 1186 quod
2515 1128 2598 1174 est
2621 1122 2900 1194 IEgyptus,
2930 1128 3029 1184 hoc
3054 1140 3132 1203 est
3157 1142 3292 1203 terra
3321 1138 3511 1194 Cham.

1943 1204 2039 1262 llic
2071 1207 2211 1261 enim
2252 1211 2582 1277 apertissime
2610 1213 3027 1278 demonstratum
3058 1200 3137 1278 est
3162 1200 3187 1290 ,t
3208 1202 3273 1282 de
3310 1232 3515 1286 semine

1942 1293 2107 1349 Citam
2140 1296 2234 1351 ﬁlii
2261 1299 2402 1366 Noe,
2428 1302 2576 1371 cujus
2608 1306 2902 1377 primitivus
2930 1308 3025 1364 fuit
3054 1310 3323 1382 Chanaan,
3354 1333 3511 1373 exor-

1940 1394 2048 1449 tam
2098 1387 2258 1444 fuisse
2305 1392 2460 1447 etiam
2507 1404 2716 1464 gentem
2764 1382 3153 1471 Egyptiorum.
3194 1384 3428 1462 [Proinde
3460 1410 3513 1466 in

1941 1479 2131 1549 quibus
2151 1482 2419 1538 codicibus
2448 1484 2548 1541 hoc
2578 1487 2695 1542 loco
2725 1489 2912 1560 legitur
2936 1492 3202 1563 Chanaan,
3225 1500 3513 1555 emendan-

1941 1571 2065 1635 dum
2092 1580 2190 1627 est.
2223 1574 2408 1631 Melius
2428 1588 2603 1633 autem
2636 1580 3037 1651 interpretatum
3066 1596 3167 1652 est,
3195 1590 3367 1643 accola
3392 1593 3523 1662 fuit,

1938 1681 2129 1736 quam,
2175 1667 2311 1723 sicut
2351 1670 2438 1723 alii
2482 1671 2689 1739 codices
2734 1672 2947 1749 habent,
2999 1677 3291 1737 inhabitabit
3320 1698 3337 1734 :
3367 1684 3531 1753 quod

1942 1758 2265 1814 tantumdem
2296 1769 2471 1826 esset,
2506 1763 2548 1816 si
2578 1772 2631 1818 et
2664 1764 2830 1818 incola
2862 1765 3164 1833 diceretur;
3208 1770 3335 1827 nihil
3367 1773 3531 1828 enim.

1936 1849 2078 1907 aliud
2106 1850 2385 1921 significat.
2429 1852 2559 1907 Nam
2600 1855 2826 1925 idipsum
2868 1868 2948 1913 est
2977 1860 3198 1915 verbum
3242 1864 3293 1916 in
3335 1844 3509 1934 grreco

1936 1943 2041 2001 isto
2066 1944 2202 2011 loco,
2233 1946 2374 2017 quod
2399 1955 2482 2001 est
2506 1955 2560 2002 et
2587 1951 2856 2018 superius,
2887 1951 2972 2005 ubi
3001 1951 3197 2007 dictum
3227 1962 3326 2021 est,
3354 1940 3506 2013 Ῥαα-

1936 2034 2123 2091 cissimi
2151 2046 2195 2091 et
2222 2038 2400 2091 inculte
2422 2041 2473 2091 in
2499 2054 2576 2101 ea.
2608 2038 2874 2105 lncolatus
2904 2057 3082 2111 porro,
3109 2045 3189 2099 vel
3216 2046 3506 2115 accolatus,

1935 2140 2040 2180 non
2068 2126 2365 2196 indigenam
2386 2168 2399 2194 ,
2434 2129 2527 2185 sed
2553 2130 2808 2185 advenam
2837 2133 3085 2203 ostendit.
3116 2134 3254 2191 Ecce
3279 2152 3503 2207 quomo-

1935 2216 2004 2273 do
2032 2219 2337 2273 transierunt
2366 2221 2428 2273 de
2454 2230 2597 2290 gente
2633 2223 2686 2275 in
2716 2233 2911 2293 gentem
2932 2263 2945 2287 ,
2974 2225 3035 2278 de
3077 2243 3229 2298 regno
3259 2228 3311 2280 in
3337 2245 3503 2299 popu-

1932 2308 2039 2362 lum
2064 2310 2295 2364 alterum.
2345 2310 2495 2378 Quod
2537 2312 2769 2371 breviter
2795 2317 3118 2385 propositum
3158 2318 3344 2385 fuerat,
3377 2322 3501 2378 bre-

1932 2399 2069 2457 viter
2112 2401 2374 2459 narrando
2417 2403 2733 2472 explicatum
2781 2414 2881 2460 est.
2931 2406 3033 2465 Sed
3078 2407 3145 2464 de
3186 2392 3290 2479 quo
3336 2426 3511 2480 regno

1931 2489 2251 2546 transierunt
2281 2490 2336 2545 in
2361 2492 2608 2561 populum
2630 2493 2876 2561 alterum,
2905 2497 3093 2550 merito
3118 2500 3281 2567 quaeri
3304 2508 3497 2568 potest.

1928 2583 2172 2645 Nondum
2200 2585 2339 2643 enim
2366 2585 2657 2657 regnabant
2682 2586 2735 2640 in
2767 2596 2904 2642 terra
2928 2588 3198 2663 Chanaan,
3221 2592 3341 2661 quia
3367 2608 3502 2649 non-

1929 2674 2054 2731 dum
2100 2675 2171 2729 ibi
2218 2674 2389 2732 fuerat
2429 2689 2672 2748 regnum'
2699 2679 3042 2747 constitutum
3090 2682 3267 2752 populi
3300 2666 3496 2751 ‘lsrael.

1927 2765 2204 2834 Quomodo
2242 2782 2367 2838 ergo
2413 2776 2586 2838 potest
2620 2769 2861 2842 intelligi,
2904 2770 3005 2824 nisi
3034 2769 3171 2829 forte
3208 2773 3496 2829 secundum

1926 2858 2375 2937 anticipationem,
2402 2860 2523 2931 quia
2543 2860 2615 2915 ibi
2635 2876 2855 2933 regnum
2882 2862 3115 2918 futurum
3142 2873 3255 2929 erat
3279 2865 3497 2920 seminis

1924 2962 2109 3005 eorum
2135 2949 2160 3004 ἲ
3586 2998 3589 2999 ν

1997 3040 2085 3095 16.
2119 3038 2278 3111 [vers.
2302 3041 2417 3115 24.]
2450 3041 2706 3112 Deinceps
2732 3052 3011 3115 narrantur
3038 3038 3155 3115 quae
3185 3046 3237 3099 in
3264 3045 3525 3118 Egypto‘

1923 3141 2070 3203 gesta
2097 3140 2239 3188 sunt.
2272 3132 2341 3191 Et
2368 3135 2540 3201 auxit,
2570 3135 2766 3205 inquit,
2798 3137 3041 3206 populum
3063 3153 3209 3193 suum
3238 3122 3498 3194 vehemen-

1926 3233 2031 3287 ter,
2063 3232 2109 3279 et
2153 3225 2370 3295 ﬁrmavit
2406 3241 2520 3279 eum
2563 3242 2713 3297 super
2752 3226 2979 3281 inimicos
3019 3228 3147 3297 ejus.
3194 3228 3365 3285 Etiam
3395 3212 3495 3285 hoc

1927 3324 2092 3370 totum
2140 3316 2370 3371 breviter
2417 3318 2744 3387 propositum
2790 3327 2906 3385 est,
2951 3327 3009 3374 ut
3051 3320 3495 3391 quemadmodum

1881 3424 1884 3428 λ
1923 3406 2119 3464 factum
2149 3408 2251 3476 sit,
2279 3409 2473 3465 deinde
2499 3418 2762 3473 narretur.
2790 3410 2905 3468 Non
2932 3411 3074 3481 enim
3106 3421 3230 3487 tunc
3256 3413 3495 3483 ﬁrmatus
3531 3406 3537 3412 ’

1925 3509 2008 3555 εει
2033 3501 2260 3571 populus
2284 3501 2373 3558 Dei
2401 3516 2561 3572 super
2580 3490 2861 3574 Ai'gyptios
2890 3504 3129 3575 inimicos
3157 3520 3303 3572 suos,
3332 3522 3497 3575 quan-

1924 3590 1994 3646 do
2022 3606 2207 3647 eorum
2236 3593 2511 3651 masculini
2547 3592 2686 3655 fetus
2715 3595 3069 3663 necabantur,
3098 3596 3180 3651 vel
3204 3582 3413 3673 quando
3440 3598 3495 3653 in

1922 3682 2177 3740 faciendis
2225 3686 2476 3747 lateribus
2525 3688 2981 3752 conterebantur;
3035 3688 3130 3744 sed
3181 3689 3391 3765 quando
3438 3691 3501 3747 ia

1923 3789 2084 3829 manu
2114 3777 2347 3844 potenti,
2381 3793 2473 3846 per
2501 3778 2649 3847 signa
2679 3786 2734 3833 et
2761 3786 3000 3849 portenta
3030 3777 3238 3849 Domini
3263 3779 3358 3834 Dei
3386 3781 3488 3847 sui,

1924 3867 2192 3922 metuendi
2220 3879 2274 3923 et
2312 3868 2603 3929 honorandi
2644 3868 2766 3923 facti
2805 3876 2965 3932 sunt,
2995 3868 3166 3927 donec
3205 3868 3322 3925 duri
3353 3872 3494 3940 regis

1923 3958 2192 4021 contentio
2220 3960 2538 4025 vinceretur,
2571 3970 2625 4015 et
2652 3975 2799 4015 mare
2827 3959 3065 4015 Rubrum
3095 3970 3490 4031 persecutorem

1923 4066 2042 4106 eum
2073 4052 2309 4107 exercitu
2335 4052 2449 4121 ejus
2484 4052 2750 4107 obrueret.

1995 4144 2083 4198 17.
2125 4141 2285 4215 [vers.
2315 4141 2430 4215 25.]
2468 4141 2620 4209 Quod
2666 4156 2792 4213 ergo
2840 4141 3071 4197 breviter
3114 4141 3343 4213 positum
3384 4150 3490 4209 est,

1924 4234 2170 4290 Firmavit
2210 4238 2453 4305 populum
2497 4250 2643 4293 suum
2687 4249 2839 4303 super
2884 4233 3110 4305 inimicos
3154 4233 3300 4304 ejus,
3350 4234 3495 4289 velut

1924 4342 2285 4399 quzereremus
2328 4327 2593 4397 quomodo
2644 4326 2839 4382 factum
2892 4327 3003 4393 sit,
3058 4326 3242 4398 incipit
3290 4326 3487 4391 dicere,

1922 4420 2096 4476 donec
2122 4419 2279 4475 etiam
2308 4418 2360 4474 id
2389 4418 2654 4475 narrando
2679 4420 3013 4475 determinet.
3047 4419 3113 4473 Et
3142 4421 3378 4474 convertit
3408 4437 3491 4474 cor

1922 4528 2125 4578 eorum,
2152 4521 2208 4566 ut
2235 4510 2429 4568 adirent
2467 4511 2707 4580 populum
2737 4512 2879 4581 ejus,
2913 4519 2959 4564 et
2987 4509 3158 4581 dolum
3195 4496 3412 4581 facerent
3440 4511 3494 4564 in

1921 4622 2087 4662 servos
2114 4606 2242 4677 ejus.
2276 4602 2664 4673 Numquidnam
2694 4601 3088 4673 intelligendum
3134 4612 3234 4668 est,
3267 4603 3347 4659 vel
3378 4618 3493 4658 cre-

1922 4698 2153 4754 dendum
2182 4694 2322 4767 quod
2356 4695 2493 4750 Deus
2529 4708 2622 4757 cor
2649 4693 2875 4759 hominis
2903 4692 2969 4748 ad
3007 4691 3241 4767 facienda
3277 4704 3490 4763 peccata

1921 4788 2235 4845 convertat?
2272 4801 2339 4841 an
2365 4793 2637 4855 peccatum
2665 4798 2769 4851 non
2799 4790 2914 4850 est,
2944 4783 3025 4838 vel
3055 4798 3273 4854 parvum
3303 4798 3490 4852 pecca-

1925 4890 2034 4935 tum
2059 4888 2159 4945 est,
2187 4877 2364 4933 odisse
2390 4875 2643 4945 populum
2669 4873 2784 4942 Dei,
2811 4883 2865 4930 et
2889 4872 3067 4929 dolum
3097 4874 3271 4930 facere
3298 4874 3350 4929 in
3376 4889 3489 4929 scre

1920 4988 2017 5030 vos
2044 4974 2199 5044 ejus?
2239 4971 2367 5038 Quis
2395 4969 2498 5025 h'oc
2525 4969 2756 5024 dixerit?
2799 4968 3063 5039 Numquid
3102 4985 3229 5040 ergo
3268 4970 3486 5024 istorum

1923 5076 2028 5121 tam
2055 5064 2290 5135 gravium
2314 5070 2648 5131 peccatorum
2673 5068 2859 5115 auctor
2882 5068 2964 5115 est
2989 5060 3148 5135 Deus,
3176 5060 3261 5133 qui
3282 5059 3490 5137 nullius
3572 5078 3577 5083 λ

1922 5157 2003 5212 vel
2034 5154 2285 5211 levissimi
2315 5152 2515 5223 peccati
2544 5160 2728 5209 auctor
2756 5150 3051 5219 credendus
3080 5153 3199 5215 est?
3241 5147 3368 5214 Quis
3395 5162 3509 5203 sar

1924 5249 2093 5319 piens,
2121 5254 2175 5302 et
2194 5245 2452 5315 intelliget
2481 5243 2595 5298 haec
2626 5242 2793 5315 (Psal.
2819 5258 2922 5311 ενι,
2947 5241 3084 5313 45)?
3109 5240 3240 5325 Nam
3267 5226 3379 5307 ipsa
3407 5247 3493 5293 est

1925 5342 2017 5397 illa
2043 5337 2298 5394 mirabilis
2322 5337 2415 5392 Dei
2443 5336 2672 5400 bonitas,
2703 5349 2804 5405 qua
2831 5332 2966 5390 bene
2998 5335 3161 5386 utitur
3185 5329 3341 5385 etiam
3368 5345 3483 5383 ma-

1924 5434 1992 5489 lis
2011 5473 2026 5499 ,
2054 5431 2135 5486 vel
2164 5428 2388 5499 angelis,
2419 5428 2505 5483 vel
2541 5427 2859 5489 hominibus.
2890 5424 3021 5477 Cum
3048 5421 3190 5477 enim
3233 5420 3333 5497 ipsi
3362 5422 3487 5475 vitio

1924 5538 2022 5580 suo
2051 5521 2174 5577 mali
2219 5519 2348 5585 sint,
2393 5517 2482 5573 ille
2509 5516 2576 5572 de
2614 5516 2754 5571 malo
2795 5527 2976 5569 eorum
3023 5512 3156 5565 bene
3198 5511 3337 5567 facit.
3369 5510 3513 5573 Non...

1922 5616 2064 5671 enim
2094 5621 2377 5683 antequam
2423 5609 2660 5665 odissent
2704 5605 2949 5678 populum
2992 5604 3106 5673 ejus
3137 5602 3260 5657 boni
3294 5612 3509 5669 erant;,

1922 5708 2019 5767 sed
2046 5705 2259 5777 maligni
2305 5712 2358 5759 et
2401 5701 2545 5771 impii
2575 5700 2705 5754 tales
2751 5707 2920 5764 crant,
2971 5696 3060 5767 qui
3106 5694 3256 5750 facile
3302 5695 3515 5773 incolis?

1927 5803 2041 5864 suis
2081 5799 2326 5860 felicibus
2345 5795 2680 5857 inviderent.
2731 5791 2784 5847 lu
2826 5807 2890 5853 eo
2918 5807 3043 5863 ergo
3070 5788 3210 5862 quod
3240 5784 3493 5865 populum
