3984 6204
486 485 636 523 tuum
671 461 1048 536 multiplicavit,
1081 459 1184 514 hoc
1211 456 1471 512 beneﬁcio
1499 469 1596 512 suo
1624 454 1792 510 malos
1820 455 1887 509 ad
1917 455 2050 510 invi-

478 561 712 616 dendum
739 551 1018 611 convertit.
1052 549 1251 604 lnvidia
1280 556 1362 603 est
1399 548 1541 603 enim
1571 545 1746 602 odium
1786 545 2070 600 felicitatis‘

475 652 683 706 alicam.
729 646 818 701 Sic
845 658 970 713 ergo
997 640 1264 698 convertit
1290 654 1384 694 cor
1411 653 1593 694 eorum
1619 677 1635 703 ,
1681 645 1740 691 ut
1768 650 1862 705 per
1907 635 2048 691 inri-

477 742 706 796 dentiam
735 735 974 791 odissent
1003 732 1255 804 populum
1286 730 1420 801 ejus,
1449 738 1501 783 et
1526 728 1706 782 dolum
1737 727 1971 782 facerent
1997 731 2048 780 in

473 845 657 888 servos
684 829 818 898 ejus.
848 825 965 881 Non
993 826 1168 896 itaque
1195 837 1288 878 cor
1317 822 1527 876 illorum
1555 822 1751 874 malum
1782 818 2045 896 faciendo,

393 950 406 960 -
474 923 568 978 scd
619 918 813 990 populo
861 931 960 972 suo
1007 913 1418 977 benefaciendo,
1468 927 1561 967 cor
1603 911 1816 966 illorum
1860 919 2047 980 sponte

453 1012 671 1067 malum
718 1008 980 1065 convertit
1021 1006 1088 1060 ad
1133 1005 1330 1061 odium.
1371 1003 1489 1058 Non
1537 1003 1680 1057 enim
1723 1009 1926 1056 rectum
1955 1015 2049 1055 cor

471 1104 751 1176 pervertit,
800 1100 895 1156 sed
941 1109 1130 1170 sponte
1174 1108 1480 1168 perversum
1521 1095 1588 1149 ad
1624 1094 1806 1149 odium
1844 1095 2044 1165 populi,

473 1196 564 1252 ubi
593 1210 661 1252 eo
687 1193 827 1249 malo
853 1193 990 1248 bene
1016 1197 1278 1254 uteretur,
1311 1187 1610 1250 convertit;
1656 1199 1760 1239 non
1787 1185 1909 1239 illos
1939 1199 2048 1238 ma-

477 1293 553 1346 los
595 1285 837 1342 faciendo
860 1325 876 1349 ,
920 1283 1015 1339 sed
1059 1283 1172 1336 istis
1201 1281 1335 1335 bona
1361 1320 1377 1343 ,
1414 1279 1603 1347 quibus
1649 1277 1771 1332 mali
1803 1276 2047 1331 facillime

475 1386 696 1450 possent
724 1375 962 1432 invidere
981 1416 996 1440 ,
1025 1371 1318 1443 largiendo.
1347 1371 1463 1438 Quo
1492 1370 1701 1424 illorum
1724 1367 1878 1433 odio,
1907 1375 1956 1421 et
1979 1365 2045 1420 ad

471 1470 909 1528 exercitationem
935 1466 1114 1538 populi
1141 1464 1244 1530 sui,
1272 1472 1325 1520 et
1349 1463 1413 1517 ad
1439 1461 1660 1532 gloriam
1688 1459 1917 1515 nominis
1941 1459 2041 1521 sui,

470 1579 588 1636 qua:
612 1561 767 1642 nobis
796 1569 876 1617 est
903 1559 1065 1624 utilis,
1094 1555 1360 1628 quomodo
1385 1558 1455 1609 sit
1483 1569 1629 1617 usus,
1660 1551 2042 1621 consequentia

469 1659 706 1713 docent:
748 1670 865 1726 quae
906 1655 960 1709 in
1005 1652 1120 1723 ejus
1169 1650 1319 1705 laude
1364 1653 1879 1711 commemorantur,
1923 1657 2045 1698 cum

469 1756 714 1804 cantatur
738 1745 981 1802 Alleluia.

540 1839 630 1895 18.
674 1837 840 1911 [vers.
870 1833 986 1906 26.]
1028 1832 1170 1887 Misit
1201 1829 1412 1902 Moysen
1439 1844 1630 1883 servum
1657 1843 1802 1881 suum
1823 1867 1837 1888 ,
1872 1825 2045 1878 Aaron

464 1947 611 2000 quem
633 1929 778 2000 elegit
805 1928 990 1997 ipsum.
1038 1923 1347 1987 Sufﬁceret,
1378 1936 1520 1989 quem
1547 1919 1691 1988 elegit
1716 1932 1735 1981 ;
1778 1915 1870 1970 sed
1911 1912 2044 1968 nihil

466 2023 520 2076 in
545 2035 610 2076 eo
638 2013 982 2090 Qumrendum
1010 2025 1110 2077 est,
1142 2013 1280 2083 quod
1308 2011 1542 2065 additum
1569 2017 1649 2063 est
1669 2049 1684 2072 ,
1713 2009 1897 2076 ipsum.
1933 2005 2039 2059 Lo-

465 2111 608 2166 cutio
631 2109 1020 2178 Scripturarum
1050 2113 1131 2158 est
1152 2146 1166 2170 ,
1196 2103 1349 2157 sicuti
1381 2111 1460 2156 est
1479 2143 1493 2166 ,
1520 2099 1586 2152 In
1623 2115 1722 2169 qua
1748 2097 2044 2152 habitabant

462 2205 518 2260 in
546 2221 605 2260 ea
647 2201 847 2276 (Num.
877 2217 993 2261 xm,
1019 2198 1088 2253 20
1112 2215 1126 2262 ;
1156 2207 1201 2250 et
1233 2195 1388 2250 Leuit.
1416 2210 1571 2259 xvm,
1598 2193 1651 2256 5,
1679 2207 1779 2245 sec.
1813 2189 1992 2258 LXX)
2024 2206 2036 2241 :

463 2310 569 2367 qua
597 2293 864 2350 locutione
887 2290 1081 2346 divinat
1111 2287 1316 2358 pagina:
1344 2287 1511 2355 plenas
1539 2292 1680 2338 sunt.

537 2387 625 2444 i9.
666 2385 812 2460 [vers.
840 2379 955 2454 27.]
998 2381 1176 2435 Posuit
1205 2381 1257 2433 in
1286 2380 1355 2433 eis
1381 2380 1526 2433 verba
1554 2378 1810 2447 signorum
1832 2391 2038 2430 suorum

462 2489 511 2534 et
539 2463 880 2552 prodigiorum
907 2477 960 2528 in
991 2484 1124 2528 terra
1152 2471 1328 2527 Citam.
1357 2470 1473 2524 Non
1503 2469 1574 2522 ita
1602 2468 1856 2524 debemus
1893 2467 2036 2520 acci~

462 2584 612 2641 pere,
656 2567 805 2621 verba
846 2565 1104 2635 signorum
1149 2571 1194 2615 et
1242 2559 1608 2630 prodigiorum,
1659 2557 1807 2626 quasi
1853 2555 2032 2619 verba,

462 2659 655 2731 quibus
677 2656 855 2712 verbis
895 2655 1081 2709 fierent
1107 2653 1253 2721 signa
1284 2642 1336 2705 et
1374 2649 1610 2719 prodigia
1631 2689 1646 2712 ,
1689 2647 1739 2702 id
1769 2655 1850 2701 εει
1871 2686 1887 2712 ,
1917 2661 2034 2717 qua:

461 2752 700 2808 dicerent
725 2757 780 2804 ut
808 2747 997 2803 tierent
1024 2745 1173 2815 signa
1199 2752 1252 2799 et
1275 2741 1530 2813 prodigia.
1558 2739 1715 2794 Multa
1746 2739 1886 2794 enim
1917 2737 2032 2792 sine

459 2842 638 2898 verbis
669 2839 804 2895 facta
842 2845 995 2902 sunt,
1025 2836 1106 2891 vel
1147 2837 1292 2904 virga
1317 2875 1332 2899 ,
1375 2833 1454 2887 vel
1485 2846 1644 2886 manu
1685 2838 1916 2894 extenta,
1945 2829 2030 2882 vel

459 2932 634 2990 favilla
667 2931 720 2986 in
750 2929 941 2986 catlnm
969 2928 1150 2982 missa.
1182 2924 1288 2980 Sed
1316 2924 1437 2994 quia
1475 2922 1561 2976 illa
1603 2921 1714 2991 ipsa
1743 2935 1861 2989 qua:
1890 2919 2028 2974 facta

457 3031 613 3088 sunt,
642 3035 750 3076 non
787 3026 938 3075 erant
966 3014 1188 3086 alicujus
1227 3011 1622 3084 significationis
1650 3011 1823 3064 inania
1845 3052 1860 3074 ,
1890 3009 2030 3064 sicut

459 3124 516 3171 et
533 3113 693 3170 verba
714 3127 832 3184 quae
857 3110 1149 3181 loquimur;
1178 3106 1298 3162 ideo
1324 3112 1377 3160 ct
1399 3106 1510 3173 ipsa
1535 3102 1672 3157 dicta
1699 3111 1822 3156 sunt
1843 3101 2022 3167 verba,

459 3223 567 3263 non
588 3220 776 3262 vocum
789 3212 843 3259 et
854 3216 1128 3267 sonorum,
1148 3199 1240 3254 sed
1267 3198 1538 3269 signorum
1561 3202 1614 3250 et
1638 3194 2019 3264 prodigiorum.

455 3297 636 3354 Posuit
659 3297 714 3350 in
739 3311 838 3361 ets,
870 3292 922 3348 id
951 3301 1052 3356 est,
1083 3290 1208 3346 fecit
1235 3303 1330 3359 per
1357 3301 1470 3342 eos.
1867 3289 1872 3296 ‘

523 3389 614 3444 20.
654 3385 821 3460 [vers.
848 3382 964 3456 28.]
1006 3381 1146 3436 Misit
1190 3379 1415 3435 tenebras
1435 3418 1448 3442 ,
1482 3387 1528 3432 et
1543 3377 1847 3432 'obscuravit.
1875 3376 2019 3431 Scri-

451 3489 601 3554 ptum
629 3486 712 3533 est
736 3485 791 3532 et
819 3478 919 3530 hoc
944 3475 1080 3529 inter
1105 3473 1285 3542 plagas
1311 3469 1501 3540 quibus
1523 3467 1754 3540 [Egyptii
1786 3468 2020 3536 percussi

450 3581 594 3630 sunt.
637 3555 790 3638 Quod
837 3576 1012 3623 autem
1057 3563 1332 3634 sequitur,
1384 3562 1436 3615 in
1487 3561 1708 3615 diversis
1752 3557 2022 3614 codicibus

449 3663 595 3718 varie
623 3660 834 3730 legitur.
873 3657 974 3712 Alii
1006 3668 1234 3725 namque
1260 3651 1488 3717 habent,
1515 3649 1584 3704 Et
1607 3650 2020 3704 exacerbaverunt

449 3772 698 3813 sermones
726 3755 875 3826 ejus;
913 3751 1002 3806 alii
1030 3765 1156 3806 vero
1178 3791 1192 3814 ,
1221 3747 1288 3802 Et
1331 3764 1431 3802 non
1459 3746 1870 3800 exacerbaverunt
1910 3759 2017 3798 ser-

448 3865 618 3904 mones
645 3847 794 3917 ejus:
825 3843 917 3900 sed
945 3841 1084 3913 quod
1115 3841 1258 3910 prius
1285 3839 1391 3895 dixi
1417 3881 1432 3906 ,
1465 3839 1516 3892 in
1548 3836 1784 3907 pluribus
1809 3836 2016 3891 inveni-

431 3957 605 4008 vmus;
650 3938 740 3994 ubi
769 3945 941 3993 autem
987 3934 1164 3989 addita
1191 3941 1274 3988 est
1319 3931 1557 4001 negativa
1601 3929 1854 4000 particula
1881 3970 1896 3994 ,
1930 3929 2016 3982 vix

447 4035 581 4090 duos
603 4031 813 4087 codices
851 4028 1118 4099 potuimus
1154 4025 1410 4094 reperire.
1457 4021 1560 4078 Sed
1589 4037 1657 4077 ne
1697 4020 1832 4076 forte
1860 4035 2014 4075 men-

446 4124 647 4179 dositas
673 4127 890 4192 propter
917 4132 1132 4173 sensum
1156 4113 1448 4169 faciliorem
1473 4111 1855 4189 abundaverit;
1884 4109 2012 4179 quid

407 4231 414 4236 '
446 4216 588 4270 enim
620 4211 826 4268 facilius
871 4208 1179 4278 intelligitur
1221 4221 1378 4276 quam
1423 4205 1474 4258 id
1509 4204 1650 4274 quod
1683 4203 1880 4258 dictum
1910 4211 2011 4268 est,

445 4307 515 4362 Et
540 4303 955 4361 exacerbaverunt
983 4315 1232 4354 sermones
1255 4299 1381 4368 ejus,
1411 4300 1592 4367 utique
1615 4296 2015 4352 contumacibus

443 4395 948 4457 contradictionibus
981 4393 1130 4447 suis?
1168 4391 1344 4446 conati
1374 4404 1556 4443 sumus
1581 4390 1871 4445 secundum
1891 4407 1894 4410 ’
1912 4389 2012 4442 ali-

443 4505 603 4564 quam
649 4496 850 4544 rectam
893 4484 1209 4540 sententiam
1249 4482 1406 4536 etiam
1448 4481 1576 4535 illud
1614 4497 1919 4552 exponere:
1960 4489 2016 4537 et

442 4583 546 4638 hoc
593 4579 802 4635 interim
845 4575 1097 4638 occurrit,
1147 4571 1267 4626 Non
1303 4572 1719 4625 exacerbaverunt
1763 4588 2013 4626 sermones

443 4679 573 4749 ejus,
616 4673 668 4728 id
698 4679 798 4736 est,
831 4671 882 4725 in
910 4669 1090 4740 Moyse
1114 4675 1169 4720 et
1197 4667 1407 4729 Aaron;
1451 4663 1570 4732 quia
1596 4676 1688 4720 eos
1725 4665 1886 4718 etiam
1912 4663 2013 4717 du.

442 4767 683 4824 rissimos
709 4760 1088 4834 patientissime
1113 4755 1462 4828 pertulerunt,
1495 4753 1666 4809 donec
1691 4754 1865 4807 omnia
1893 4769 2011 4823 quae

443 4858 583 4914 Deus
612 4855 666 4910 in
706 4855 786 4910 eis
828 4853 1002 4907 facere
1044 4850 1397 4920 disposuerat,
1441 4861 1506 4902 ex
1545 4846 1731 4900 ordine
1774 4846 2010 4917 comple-

441 4958 644 5010 tentur.
1515 4943 1518 4946 ’

511 5043 602 5097 21.
642 5037 810 5112 [vers.
835 5033 904 5090 29
924 5076 938 5101 ,
965 5031 1092 5105 30.]
1129 5030 1380 5087 Convertit
1407 5045 1563 5098 aquas
1591 5045 1764 5084 eorum
1804 5031 1858 5084 in
1893 5047 2011 5085 san-

439 5131 662 5204 guinem,
708 5138 756 5184 et
796 5126 978 5183 occidit
1020 5125 1178 5195 pisces
1218 5139 1410 5177 eorum.
1453 5120 1602 5175 Dedit
1631 5129 1812 5189 terram
1840 5138 2011 5177 eorum

438 5240 594 5279 ranas
611 5265 625 5289 ,
671 5223 727 5275 in
770 5216 1099 5290 penetralibus
1124 5229 1328 5284 regnum
1359 5214 1581 5281 ipsorum
1607 5228 1626 5265 :
1655 5220 1901 5283 tanquam
1925 5214 2008 5268 di-

441 5323 606 5381 ceret,
639 5311 860 5368 Terram
889 5322 1074 5364 eorum
1101 5305 1362 5360 convertit
1387 5305 1437 5358 in
1467 5319 1644 5359 ranas.
1676 5304 1843 5359 Tanta
1866 5305 2007 5360 enim

443 5418 693 5458 ranarum
737 5401 910 5457 fuerat
938 5396 1239 5464 multitudo,
1269 5404 1326 5451 ut
1348 5396 1448 5451 hoc
1473 5411 1568 5467 per
1604 5402 1855 5468 ὕπιρεολὴν
1877 5411 2006 5452 con-

445 5493 718 5548 venienter
752 5492 1042 5548 diceretur.

514 5581 605 5635 22.
647 5581 795 5653 [vers.
825 5580 938 5654 '51.]
978 5581 1148 5648 Dixit,
1177 5588 1222 5635 et
1249 5580 1378 5634 venit
1401 5580 1662 5650 cynomyia
1689 5587 1738 5632 et
1761 5580 2008 5655 sciniphes

447 5677 500 5730 in
526 5674 752 5728 omnibus
777 5674 956 5742 ﬁnibus
981 5689 1172 5727 eorum.
1205 5672 1260 5728 Si
1287 5673 1541 5744 quaeritur
1563 5671 1776 5742 quando
1794 5671 2004 5740 dixerit,

446 5768 501 5824 in
521 5761 684 5825 verbo
707 5761 821 5834 ejus
861 5773 976 5820 erat
1011 5772 1289 5834 antequam
1318 5763 1464 5820 ﬁeret
1492 5780 1506 5831 ;
1555 5772 1610 5819 et
1631 5763 1746 5821 sine
1774 5776 2009 5836 tempore

1704 342 1758 396 S.
1801 337 2160 396 AUGUSTINI
2200 335 2493 392 EPISCOI‘!

3588 347 3612 400 ί
3624 347 3720 403 ,ιιιο

2152 453 2224 508 ibi
2253 461 2400 519 erat,
2429 468 2534 523 quo
2568 463 2803 523 tempore
2831 455 2981 510 fieret
3006 473 3018 508 :
3054 471 3352 529 quanquam
3393 467 3448 515 et
3493 475 3589 531 per
3612 464 3722 518 An-

2153 544 2297 614 gelos
2322 585 2336 612 ,
2367 554 2421 600 et
2462 559 2558 615 per
2599 560 2782 600 servos
2822 561 2944 602 suos
2974 547 3185 618 Moysen
3232 559 3286 605 ct
3314 551 3492 607 Aaron
3513 595 3527 620 ,
3558 555 3720 610 etiam

2156 645 2280 689 tunc
2323 633 2712 704 quodammodo
2759 636 2896 690 dixit
2943 647 3000 692 ut
3049 638 3241 707 ﬁeret,
3291 642 3505 710 quando
3549 642 3720 700 fuerat

2153 728 2466 782 faciendum.
3115 785 3128 794 κ

2222 817 2312 872 25.
2355 811 2522 888 [vers.
2569 818 2700 890 32.]
2739 819 2920 876 Posuit
2955 822 3150 892 pluvias
3195 838 3367 877 eorum
3402 822 3718 895 grandinem.

2154 907 2353 964 Similis
2393 909 2588 964 locutio
2627 919 2710 965 est
2754 912 2826 966 illi
2871 912 2962 967 ubi
3006 913 3110 979 ait,
3144 913 3297 968 Dedit
3335 925 3520 970 terram
3547 935 3727 973 eorum

2152 1018 2344 1066 ranas;
2391 1003 2489 1056 nisi
2519 1004 2659 1074 quod
2703 1005 2776 1059 ibi
2818 1021 2924 1060 non
2962 1006 3144 1076 utique
3171 1007 3225 1060 in
3256 1023 3411 1063 ranas
3442 1018 3549 1065 tota
3581 1022 3724 1066 terra

2151 1106 2404 1147 conversa
2442 1103 2559 1159 est,
2606 1094 2776 1164 pluvia
2813 1110 2942 1150 vero
2980 1097 3032 1151 in
3073 1097 3383 1167 grandinem
3414 1100 3573 1155 etiam
3611 1110 3724 1157 tota

2151 1185 2340 1254 potuit.
2368 1184 2548 1255 Ignem
2573 1187 2932 1243 comburentem
2955 1189 3008 1242 in
3032 1198 3166 1244 terra
3189 1191 3416 1261 ipsorum
3439 1195 3728 1250 :subaudi-

2153 1285 2258 1342 tur,
2289 1278 2471 1344 posuit.

2220 1356 2310 1422 24.
2354 1367 2520 1439 [vers.
2547 1369 2662 1441 55.]
2700 1370 2766 1423 Et
2809 1373 3052 1441 percussit
3089 1374 3258 1429 vineas
3285 1391 3456 1429 eorum
3494 1387 3540 1430 et
3569 1377 3725 1445 [icul-

2151 1475 2269 1513 neas
2296 1475 2498 1526 eorum,
2543 1471 2591 1514 et
2634 1463 2866 1536 contrivit.
2903 1479 3048 1518 omne
3091 1465 3282 1535 lignum
3314 1467 3492 1534 ﬁnium
3520 1484 3722 1521 eorum.

2152 1549 2262 1603 Hoc
2291 1550 2339 1603 vi
2367 1551 2636 1618 grandinis
2661 1561 2715 1607 et
2753 1551 3059 1609 fulminibus
3096 1553 3293 1611 factum
3333 1565 3452 1623 est;
3501 1557 3644 1614 unde
3669 1570 3725 1624 et

2149 1639 2313 1707 ignem
2337 1640 2469 1694 dixit
2497 1640 2878 1697 comburentem.

2218 1729 2307 1783 25.
2349 1727 2516 1801 [vers.
2545 1729 2662 1804 54.]
2703 1731 2878 1797 Dixit,
2909 1744 2956 1787 et
2986 1734 3114 1788 venit
3156 1735 3346 1790 locusta
3388 1747 3434 1790 et
3479 1739 3721 1806 bruchus,

2149 1823 2294 1892 cujus
2339 1838 2438 1876 non
2483 1833 2589 1877 erat
2636 1840 2889 1880 numerus.
2937 1826 3050 1881 Una
3098 1828 3244 1898 plaga
3280 1840 3362 1884 est
3406 1830 3621 1884 locusta:
3664 1843 3721 1886 et

2149 1911 2371 1977 bruchi;
2417 1915 2664 1983 quoniam
2694 1915 2855 1970 altera
2897 1926 2980 1971 est
3019 1933 3230 1987 parens,
3261 1920 3423 1974 altera
3453 1929 3534 1976 est
3561 1921 3721 1976 fctus.

2217 2004 2303 2059 26.
2348 2003 2511 2077 [vers.
2556 2006 2680 2079 55.]
2721 2007 2787 2060 Et
2829 2011 3038 2063 comedit
3083 2027 3228 2066 omne
3269 2013 3440 2082 fenum
3485 2015 3538 2067 in
3585 2025 3724 2068 terra

2147 2111 2338 2160 eorum,
2387 2106 2433 2150 et
2477 2092 2686 2151 comedit
2729 2115 2922 2152 omnem
2965 2101 3183 2169 fructum
3225 2112 3371 2157 terra:
3412 2121 3602 2159 eorum.
3652 2106 3724 2162 Et

2145 2185 2323 2240 fenum
2369 2187 2568 2243 fructus
2609 2200 2724 2251 est.
2767 2191 2904 2245 sicut
2947 2192 3088 2262 loqui
3117 2194 3388 2264 Scriptura
3418 2199 3720 2263 consuevit,

2145 2293 2262 2348 quae
2302 2278 2478 2334 fenum
2524 2283 2750 2350 appellat
2793 2284 2955 2338 etiam
3002 2295 3208 2356 segetes
3251 2285 3494 2358 frugum,
3533 2291 3627 2346 sed
3659 2302 3720 2346 ut

2092 2402 2102 2414 ο
2143 2369 2248 2425 duo
2271 2371 2504 2438 diceret,
2536 2373 2739 2428 duobus
2784 2375 3010 2432 fortasse
3051 2393 3169 2447 quas
3213 2379 3450 2448 dixerat,
3493 2399 3722 2439 numero

2141 2460 2308 2515 voluit
2331 2476 2647 2529 consonare,
2685 2466 2736 2519 id
2766 2474 2868 2533 est,
2900 2467 3117 2523 locustae
3145 2451 3440 2527 et'brucbo.
3469 2473 3580 2530 Hoc
3610 2461 3744 2530 λιι-ι’

2139 2561 2246 2608 tem
2280 2563 2444 2609 totum
2473 2558 2700 2624 pertinet
2728 2559 2792 2612 ad
2821 2560 3135 2616 elocutionis
3156 2564 3463 2620 varietatem
3494 2567 3719 2623 meden-

2139 2653 2243 2699 tem
2273 2643 2480 2700 fastidio
2499 2688 2512 2710 ,
2547 2662 2650 2702 non
2677 2649 2742 2703 ad
2773 2648 3133 2708 diversitatem
3159 2657 3564 2714 sententiarum.

2205 2738 2293 2792 27.
2338 2738 2506 2811 [vers.
2539 2741 2652 2814 '56.]
2697 2741 2758 2795 Et
2789 2745 3030 2812 percussit
3070 2762 3216 2801 omne
3241 2748 3623 2823 primogenitum
3657 2754 3716 2807 in

2134 2839 2267 2884 terra
2290 2847 2479 2897 eorum,
2513 2833 2756 2899 primitias
2781 2836 2941 2887 omnis
2966 2835 3151 2890 laboris
3178 2854 3370 2891 eorum.
3404 2839 3527 2894 llaec
3553 2842 3714 2912 plaga

2133 2923 2419 2978 novissima
2445 2936 2546 2989 est,
2573 2935 2791 2995 excepta
2825 2935 2995 2981 morte
3021 2927 3074 2980 in
3114 2929 3245 2982 mari
3275 2929 3478 2986 Rubro.
3510 2931 3716 2986 Primi-

2132 3015 2233 3073 tias
2278 3031 2406 3071 vero
2448 3017 2686 3072 laborum
2712 3059 2727 3082 ,
2777 3028 2994 3088 propter
3039 3020 3383 3091 primogenita
3429 3039 3710 3094 pecorum,

2127 3106 2328 3162 dictum
2371 3107 2619 3162 arbitror.
2669 3107 2797 3176 Quae
2843 3109 3009 3180 plagae
3055 3125 3172 3165 cum
3218 3113 3325 3166 sint
3365 3113 3566 3182 decem,
3599 3132 3713 3171 nec

2129 3213 2314 3254 omnes
2357 3208 2783 3254 commemorata:
2826 3209 2968 3266 sunt,
3019 3216 3119 3256 nec
3155 3202 3341 3257 eodem
3382 3203 3566 3259 ordine
3591 3222 3711 3274 quo

2127 3289 2199 3344 ibi
2241 3287 2393 3344 factae
2432 3289 2696 3360 leguntur.
2742 3291 2930 3345 Libera
2973 3294 3114 3346 enim
3144 3304 3226 3348 est
3266 3294 3494 3351 laudatio
3521 3312 3551 3351 a
3581 3299 3711 3369 lege

2126 3379 2391 3434 narrantis
2436 3388 2491 3434 et
2538 3380 2764 3435 texentis
2825 3380 3117 3437 historiam.
3171 3383 3331 3454 Cujus
3385 3386 3710 3445 laudationis

2125 3483 2310 3530 auctor
2336 3483 2392 3530 et
2417 3475 2588 3530 dictor
2613 3491 2732 3531 cum
2760 3476 2829 3531 sit
2858 3493 2950 3546 per
2977 3478 3297 3549 Prophetam
3327 3480 3551 3550 Spiritus
3573 3497 3710 3538 san-

2123 3574 2282 3632 ctus;
2332 3566 2516 3622 eadem
2563 3567 2746 3637 utique
2790 3571 3104 3626 auctoritate
3144 3587 3246 3641 qua
3289 3588 3384 3643 per
3424 3589 3545 3629 eum
3587 3577 3709 3646 egit

2124 3656 2395 3712 hominem
2421 3647 2511 3728 qui
2542 3659 2683 3713 illam
2710 3660 2922 3729 scripsit
2960 3661 3252 3729 historiam,
3283 3673 3338 3719 et
3362 3679 3705 3722 commemo-

2123 3757 2208 3802 rat
2230 3747 2426 3818 aliquid
2465 3749 2656 3804 factum
2699 3749 2840 3819 quod
2880 3751 2954 3805 ibi
2991 3767 3096 3807 non
3134 3753 3349 3824 legitur,
3379 3757 3591 3827 etquod
3620 3759 3703 3814 ibi

2099 3839 2314 3910 'legitur
2337 3839 2589 3909 prtcterit.

2189 3930 2280 3986 28.
2321 3930 2469 4004 [vers.
2501 3931 2613 4004 57.]
2641 3933 2891 4004 Adjungit
2921 3943 3095 3990 autem
3124 3935 3283 3992 etiam
3308 3937 3409 3994 hoc
3441 3939 3705 3998 laudibus

2121 4023 2236 4091 Dei,
2267 4023 2408 4094 quod
2433 4034 2654 4095 argento
2682 4035 2736 4080 et
2762 4041 2893 4080 auro
2913 4025 3107 4082 ditatos
3128 4028 3394 4086 Israelitas
3419 4032 3595 4088 eduxit
3623 4050 3702 4090 ex

2119 4113 2383 4185 Egypto;
2413 4116 2534 4184 quia
2564 4124 2618 4170 et
2660 4108 2760 4185 ipsi
2805 4117 2934 4172 tales
2971 4127 3156 4186 erant,
3188 4121 3275 4190 qui
3301 4122 3528 4178 nondum
3556 4139 3698 4194 pos-

2118 4216 2237 4262 sent
2263 4216 2606 4263 contemnere
2642 4208 2880 4264 laborum
2918 4225 3136 4265 suorum
3163 4212 3288 4268 licet
3315 4217 3696 4286 temporalem,

2119 4306 2292 4353 tamen
2343 4297 2575 4354 debitam
2616 4300 2914 4370 justamque
2968 4303 3270 4360 mercedem
3311 4322 3323 4358 :
3369 4322 3467 4364 nec
3517 4309 3569 4362 in
3621 4326 3705 4366 eo

2118 4388 2256 4458 quod
2279 4387 2558 4460 [Egyptios
2583 4390 2924 4460 deceperunt,
2969 4408 2998 4446 a
3027 4395 3217 4465 quibus
3239 4397 3336 4452 sibi
3361 4407 3416 4452 ut
3447 4414 3702 4458 commo-

2117 4480 2332 4535 daretur
2357 4496 2546 4536 aurum
2571 4467 2950 4554 argentumque
2977 4487 3294 4555 petiverunt,
3319 4491 3579 4560 putandus
3604 4503 3705 4551 est

2118 4571 2259 4626 Deus
2297 4571 2596 4642 hujusmodi
2639 4573 2812 4643 dolos,
2844 4575 2922 4631 eis
2959 4577 3048 4647 qui
3093 4593 3300 4635 sursum
3349 4597 3442 4636 cor
3467 4583 3698 4651 habent,

2115 4663 2199 4718 vel
2219 4663 2438 4732 jubere,
2479 4666 2563 4720 vel
2584 4707 2598 4731 ,
2628 4667 2672 4719 si
2699 4665 2960 4733 fecerint,
2993 4670 3304 4740 approbare.
3336 4671 3497 4744 Magis
3539 4677 3700 4733 enim

2115 4769 2210 4824 per
2233 4755 2323 4809 illa
2353 4757 2447 4812 Dei
2475 4757 2656 4825 verba,
2683 4760 2865 4828 utique
2889 4760 2956 4814 ab
2984 4762 3072 4816 illo
3101 4764 3191 4832 qui
3221 4779 3312 4819 cor
3331 4781 3511 4821 eorum
3539 4768 3710 4828 vide-

2115 4847 2204 4902 bat
2245 4857 2300 4903 et
2341 4849 2652 4918 cupiditates
2681 4852 3046 4918 examinahat,
3075 4857 3317 4924 permissi
3358 4870 3480 4914 sunt
3507 4859 3702 4919 facere

2115 4940 2245 5005 ista,
2291 4955 2446 5010 quam
2483 4940 2616 5009 jussi
2661 4959 2806 4998 :non
2845 4953 3017 5000 tamen
3047 4947 3164 5001 sine
3203 4949 3379 5018 aliquo
3427 4965 3702 5021 provectu

2112 5035 2302 5088 animae
2339 5033 2585 5098 carnalis,
2630 5034 2771 5104 quod
2797 5044 2850 5090 et
2891 5036 2974 5090 his
3021 5037 3256 5093 fecerunt
3291 5041 3379 5111 qui
3421 5044 3538 5098 talia
3559 5045 3705 5113 jure

2114 5125 2252 5195 passi
2283 5132 2422 5188 sunt,
2452 5134 2507 5179 et
2525 5126 2763 5194 quamvis
2790 5141 2883 5195 per
2908 5125 3110 5193 dolum,
3141 5128 3210 5181 ab
3236 5130 3428 5200 iniquis
3450 5133 3703 5190 homini-

2113 5216 2213 5272 bus
2237 5225 2412 5270 tamen
2435 5215 2573 5285 quod
2603 5216 2700 5271 sibi
2743 5215 2892 5271 reddi
2924 5216 3126 5285 debuit,
3157 5219 3504 5277 abstulerunt.
3533 5224 3709 5286 Sicut

2114 5316 2289 5362 autem
2320 5305 2689 5377 Egyptiorum
2735 5307 3044 5378 iniquitate,
3071 5310 3148 5365 sic
3187 5311 3405 5366 istorum
3452 5314 3703 5373 inﬁrmi-

2114 5407 2252 5465 tate,
2279 5397 2356 5453 ad
2385 5399 2435 5452 id
2459 5398 2601 5468 quod
2627 5413 2760 5468 opus
2785 5407 2899 5454 erat
2941 5399 3045 5454 illis
3075 5399 3223 5457 factis
3265 5402 3587 5470 figurandum
3632 5419 3704 5466 ει

2113 5488 2567 5560 ιπιεηυηιὶυηόυιη
2619 5489 2794 5544 divine
2832 5505 2958 5544 usus
2982 5500 3063 5545 est
3091 5491 3248 5546 Deus.
3276 5492 3342 5546 Et
3388 5494 3558 5548 eduxit
3598 5515 3705 5556 eos

2113 5584 2167 5636 in
2193 5592 2398 5652 argento
2427 5591 2472 5636 et
2499 5598 2640 5636 auro.
2674 5582 2740 5636 Et
2766 5583 2864 5636 ista
2905 5583 3102 5638 locutio
3147 5584 3532 5656 Scripturarum
3572 5603 3704 5650 est.

2111 5671 2218 5726 Pro
2265 5685 2331 5726 eo
2370 5671 2564 5741 quippe
2591 5671 2788 5726 dictum
2818 5681 2920 5738 est,
2947 5673 3001 5726 in
3038 5684 3244 5742 argento
3278 5685 3324 5728 et
3358 5692 3513 5744 auro,
3543 5693 3611 5733 ac
3643 5683 3704 5738 si

2118 5761 2398 5834 diceretur,
2431 5777 2551 5820 cum
2573 5772 2790 5835 argento
2815 5771 2867 5819 ct
2895 5777 3049 5823 auro.
3079 5761 3147 5817 Et
3179 5781 3278 5819 non
3310 5775 3416 5822 erat
3445 5768 3496 5822 in
3525 5769 3707 5826 tribu-
