4026 6202
267 407 400 460 MOI

255 524 363 586 ,διεδ
387 535 561 574 eorum
588 513 819 586 inﬁrmus
850 529 866 566 :
894 511 987 567 sed
1016 521 1255 578 corpore,
1301 520 1404 560 non
1436 504 1630 558 animo.
1661 499 1836 554 Etiam

267 614 375 668 hoc
399 625 647 682 magnum
674 607 764 662 Dei
796 603 1108 659 beneﬁcium
1135 600 1229 653 fuit
1249 640 1263 664 ,
1300 608 1357 652 ut
1387 597 1438 651 in
1463 595 1551 650 illa
1598 591 1832 648 necessi-

264 717 379 761 tate
407 701 665 774 migrandi
692 701 866 754 nullus
886 704 1028 752 esset
1055 704 1302 766 aegrotus.
1656 693 1664 700 "

339 795 434 850 29.
463 793 614 865 [νοτε.
780 789 974 842 Ltetata
1021 795 1092 841 est
1140 785 1398 856 .Egyptus
1440 782 1495 836 in
1536 779 1842 852 profectione

255 905 461 952 eorum,
505 888 625 954 quia
652 883 872 939 incubuit
913 883 1058 935 timor
1099 894 1271 933 eorum
1317 884 1465 946 super
1507 891 1608 932 eos.
1658 869 1842 926 Timor

265 983 450 1051 utique
477 977 821 1033 liebrmorum
860 987 1019 1043 super
1046 971 1341 1041 Egyptios.
1364 966 1476 1021 Non
1507 966 1647 1020 enim
1691 964 1841 1016 timor

266 1089 460 1138 eorum,
506 1084 610 1140 quo
654 1067 912 1122 timebant
940 1063 1166 1126 Hebraei,
1206 1059 1296 1115 sed
1346 1073 1451 1129 quo
1500 1056 1836 1111 timebantur.

269 1165 415 1219 Dicet
442 1163 635 1231 aliquis
664 1180 677 1216 :
705 1158 981 1227 Quomodo
1005 1170 1131 1227 ergo
1153 1153 1398 1208 nolebant
1439 1165 1530 1204 eos
1573 1148 1839 1202 dimittere

269 1253 547 1326 Egyptii?
582 1251 848 1323 quomodo
891 1258 1137 1318 tanquam
1183 1244 1444 1300 redituros
1489 1235 1840 1294 dimiserunt?

270 1347 543 1419 quomodo
587 1354 833 1414 tanquam
881 1339 1128 1395 redituris
1155 1345 1208 1392 et
1247 1333 1530 1390 reddituris
1575 1344 1758 1383 aurum
1785 1335 1838 1381 et

270 1447 549 1508 argentum
591 1435 886 1506 petentibus
928 1427 1416 1488 commodaverunt,
1475 1422 1518 1476 si
1561 1421 1729 1474 ltetata
1767 1427 1839 1471 cst

271 1529 535 1600 Egyptus
583 1527 638 1580 in
684 1523 984 1595 profectione
1034 1519 1250 1574 eorum?
1301 1515 1404 1572 Sed
1443 1509 1836 1582 intelligendum

272 1632 366 1687 est,
418 1627 546 1692 post
590 1619 731 1672 illam
773 1616 1005 1670 ultimam
1057 1609 1423 1692 Egyptiorum
1471 1611 1734 1668 mortem,
1785 1608 1839 1654 et

273 1721 469 1768 tantam
519 1719 747 1780 stragem
796 1707 848 1761 in
899 1704 1028 1760 mari
1070 1685 1266 1756 Rubro'
1293 1709 1396 1753 tam
1430 1696 1603 1767 magni
1651 1708 1836 1764 perse-

272 1803 480 1874 quentis
512 1800 797 1862 exercitus,
819 1795 1092 1867 Egyptios
1115 1792 1351 1846 timuisse
1371 1789 1608 1844 residuos
1625 1802 1691 1840 ne
1720 1784 1838 1838 red-

275 1897 407 1950 irent
451 1893 684 1953 ﬂebrmi,
726 1898 782 1946 et
825 1903 1005 1943 eorum
1060 1884 1308 1952 reliquias
1351 1894 1536 1950 magna
1590 1877 1839 1933 facilitate

275 1993 632 2040 rontererent.
665 1981 813 2035 Tunc
842 1977 1113 2047 impletum
1145 1970 1224 2028 est
1243 1971 1382 2042 quod
1409 1969 1650 2040 superius
1670 2010 1686 2034 ,
1717 1982 1836 2022 cum

275 2077 517 2140 dixisset,
551 2074 616 2127 Et
643 2073 782 2125 auxit
804 2069 1046 2142 populum
1071 2083 1215 2120 suum
1244 2065 1566 2123 vehementer,
1594 2074 1714 2114 mox
1739 2058 1835 2112 ad-

275 2167 420 2234 didit,
449 2165 515 2219 Et
543 2163 756 2234 ﬁrmavit
777 2178 888 2215 eum
919 2175 1070 2228 super
1101 2155 1324 2210 inimicos
1356 2155 1482 2224 ejus.
1513 2151 1658 2205 Hanc
1697 2149 1838 2204 enim

277 2259 594 2314 sententiam
623 2269 728 2308 uno
769 2250 1030 2307 versiculo
1057 2247 1374 2319 propositam
1425 2252 1480 2298 ut
1509 2242 1832 2312 explicaret,

279 2349 540 2422 quomodo
566 2347 617 2401 id
641 2346 833 2400 factum
869 2343 958 2408 sit,
986 2340 1222 2410 adjunxit
1263 2345 1453 2391 caetera
1495 2349 1613 2403 qua:
1657 2331 1708 2386 in
1743 2334 1839 2386 hac

281 2442 427 2496 laude
454 2439 623 2494 cladis
649 2438 665 2468 ¹
697 2433 962 2498 narravit,
994 2448 1157 2501 usque
1201 2429 1267 2482 ad
1311 2429 1466 2482 istum
1511 2426 1684 2480 locum
1707 2466 1722 2490 ,
1751 2423 1839 2478 ubi

279 2534 364 2597 ait,
395 2533 566 2584 lwtata
593 2539 665 2582 est
693 2525 950 2596 Egyptus
970 2523 1020 2575 in
1044 2521 1348 2591 profectione
1384 2533 1554 2571 eorum
1573 2556 1588 2581 ,
1616 2516 1734 2586 quia
1757 2514 1839 2567 in-

259 2624 440 2677 .rubutt
474 2622 623 2675 timor
648 2634 818 2673 eorum
863 2631 1011 2686 super
1038 2628 1152 2676 eos;
1192 2611 1336 2665 velut
1378 2609 1653 2678 assignans
1700 2605 1838 2677 quod

269 2717 619 2810 msuerat
638 2751 654 2775 ,
701 2709 819 2780 quia
848 2704 1073 2760 ﬁrmavit
1100 2701 1346 2773 populum
1377 2709 1528 2754 suum
1556 2713 1713 2767 super
1736 2697 1839 2751 ini-

462 2821 600 2862 etus.

261 2823 600 2920 ἐξῇ-81118.
1067 2887 1079 2899 Ι
1253 2885 1263 2896 ⁹
1303 2885 1313 2896 ι

471 2895 625 2969 [υετε.
656 2891 766 2964 59.]
795 2889 1020 2946 Proinde
1061 2902 1169 2957 jam
1214 2884 1342 2938 dICli.
1382 2897 1499 2952 qua:
1546 2883 1646 2934 iter
1681 2893 1842 2964 agen-

521 3000 706 3042 eremo
734 2961 990 3039 beneﬁcia
1017 2979 1191 3032 divina
1221 2976 1408 3030 collata
1452 2980 1593 3027 sunt.
1627 2961 1840 3040 Expan-

263 3073 543 3142 I'dlt'ttﬂem
573 3078 624 3129 in
665 3074 1016 3144 protectionem
1055 3085 1223 3122 eorum
1247 3109 1260 3131 ,
1289 3076 1334 3120 et
1363 3067 1526 3134 ignem
1568 3072 1622 3115 ut
1657 3062 1840 3115 luceret

279 3151 350 3226 eis
389 3177 478 3242 per
545 3177 761 3222 noctem.
811 3164 942 3220 Tam
1011 3172 1135 3216 sunt
1191 3159 1305 3213 haec
1356 3155 1635 3212 manifesta
1684 3168 1840 3224 quam

337 3338 624 3425 Μίμας.
666 3349 780 3422 40.]
830 3347 1150 3411 Petierunt’,
1198 3355 1243 3398 et
1287 3344 1414 3397 venit
1447 3341 1694 3396 coturnix.
1726 3340 1840 3395 Non

283 3444 600 3500 coturnicem
631 3439 1078 3509 concupiverunt,
1113 3434 1206 3490 sed
1233 3448 1439 3488 carnes.
1463 3431 1595 3499 Quia
1632 3445 1761 3485 vero
1790 3440 1843 3484 et

282 3535 514 3590 coturnix
545 3548 675 3589 caro
701 3542 814 3596 est,
859 3531 987 3585 etin
1017 3529 1119 3582 isto
1153 3526 1353 3596 psalmo
1381 3540 1486 3578 non
1524 3517 1844 3593 loquitur’de

282 3626 654 3682 atnaricatione
678 3623 884 3677 illorum
922 3621 973 3674 in
1001 3618 1187 3689 quibus
1215 3632 1320 3671 non
1345 3625 1426 3670 est
1459 3613 1841 3684 beneplacitmn

286 3718 406 3784 Deo,
436 3717 530 3772 sed
578 3715 646 3770 de
673 3713 774 3768 ﬁde
815 3712 1101 3767 electorum
1121 3751 1134 3773 ,
1166 3707 1306 3778 quod
1335 3714 1417 3761 est
1451 3721 1634 3759 verum
1662 3718 1841 3757 semen

284 3810 535 3871 Abrahce;
563 3807 661 3877 ipsi
685 3803 1006 3873 intelligendi
1033 3809 1156 3856 sunt
1179 3800 1390 3868 petiisse
1405 3813 1463 3856 ut
1483 3797 1685 3851 veniret
1707 3793 1845 3848 unde

281 3899 678 3954 amaricantium
727 3911 966 3950 murmur
1008 3893 1413 3962 opprimeretur.
1464 3887 1579 3942 Jam
1611 3887 1662 3940 in
1690 3901 1846 3939 versu

284 3993 364 4060 qui
393 3991 656 4060 sequitur,
681 3987 748 4040 Et
777 4003 904 4056 pane
941 3984 1053 4038 caeli
1078 3981 1318 4035 saturavit
1347 3997 1428 4033 eos
1447 4019 1461 4043 ,
1492 3992 1681 4031 manna
1727 3976 1847 4045 qui-

286 4084 394 4136 dem
423 4099 527 4136 non
561 4078 868 4146 nominavit,
898 4076 990 4131 sed
1023 4074 1150 4128 nulli
1194 4073 1580 4126 obscurumcst
1603 4067 1691 4138 qui
1733 4067 1849 4122 illas

288 4173 478 4228 litteras
504 4172 650 4240 legit.

304 4257 310 4264 ’
353 4262 440 4318 52.
483 4265 632 4334 luem.
655 4259 768 4331 4L]
802 4257 1026 4328 Disrupit
1057 4265 1281 4326 petram,
1315 4259 1362 4305 et
1385 4252 1637 4320 ﬂuxerunt
1675 4249 1850 4317 aquae;

288 4357 506 4410 abierunt
529 4356 584 4409 in
622 4355 751 4407 sicco
781 4352 1014 4422 ﬂumina.
1039 4350 1104 4402 Et
1145 4347 1246 4400 hoc
1271 4344 1470 4399 factum
1512 4350 1617 4396 tam
1644 4341 1750 4396 cito
1773 4340 1846 4392 in-

289 4444 554 4517 telligitur,
577 4460 734 4515 quam
767 4443 974 4512 legitur.

354 4539 442 4595 53.
485 4537 656 4610 [rers.
710 4533 916 4606 ΛΜΗ
956 4531 1049 4586 liis
1089 4540 1264 4584 autem
1298 4525 1543 4582 omnibus
1585 4521 1855 4579 beneﬁciis

289 4631 414 4698 suis,
465 4631 610 4684 Deus
651 4625 988 4682 commendat
1043 4622 1094 4676 in
1121 4619 1388 4675 Abraham
1433 4616 1677 4670 meritum
1708 4613 1852 4668 ﬁdei.

288 4721 534 4792 Sequitur
559 4718 702 4774 enim
728 4725 781 4772 et
807 4716 936 4771 dicit
968 4732 982 4768 :
1019 4731 1038 4764 ι
1066 4711 1322 4776 Quoniam
1354 4721 1560 4763 memor
1589 4705 1686 4759 fuit
1711 4702 1856 4760 verbi

289 4812 447 4866 sancti
475 4811 558 4865 sui
583 4849 598 4875 ,
627 4807 766 4878 quod
796 4806 976 4862 habuit
1019 4803 1083 4858 ad
1110 4801 1372 4856 Abraham
1416 4812 1632 4869 puerum
1679 4811 1853 4850 suum.

290 4903 351 4957 Et
382 4902 568 4959 eduxit
594 4899 846 4970 populum
875 4911 1027 4952 suum
1066 4894 1117 4948 in
1158 4890 1537 4953 exsultatione,
1565 4896 1619 4942 et
1660 4887 1858 4941 electos

285 5010 405 5051 suos
430 4995 484 5049 in
517 4992 719 5048 laetitia.
757 5009 776 5042 ι
805 4987 953 5056 Quod
985 4980 1355 5055 :iit,‘populum
1380 4996 1553 5043 suum,
1581 4978 1681 5032 hoc
1702 4991 1859 5044 repe-

287 5089 432 5155 tivit,
482 5085 667 5140 electos
691 5099 806 5138 suos
836 5091 928 5136 :et
962 5078 1101 5149 quod
1127 5078 1220 5141 ait,
1261 5076 1314 5128 in
1354 5071 1716 5134 exsultatione,
1759 5069 1860 5122 hoc

287 5177 549 5246 repetivit,
594 5176 648 5228 in
677 5173 867 5228 ltetitia.
895 5169 962 5224 Et
987 5169 1122 5240 dedit
1150 5168 1252 5222 illis
1289 5165 1512 5235 regiones
1536 5162 1784 5232 gentium,
1816 5168 1860 5211 et

287 5267 479 5323 labores
524 5265 828 5336 populorum
877 5260 1216 5333 possederunt.
1259 5255 1410 5323 Quod
1450 5263 1604 5318 sunt,
1637 5251 1861 5320 regiones

285 5361 540 5435 gentium,
588 5357 690 5412 hoc
723 5363 880 5418 sunt,
913 5355 1105 5407 labores
1133 5350 1436 5421 populorum
1463 5362 1482 5400 :
1511 5355 1565 5400 et
1607 5343 1745 5413 quod
1775 5341 1860 5395 di-

287 5462 428 5506 ctum
472 5459 590 5516 est,
634 5448 770 5502 dedit
812 5447 943 5512 illis,
986 5447 1086 5501 hoc
1127 5442 1410 5513 repetitum
1459 5448 1575 5506 est,
1626 5436 1861 5508 possede-

288 5559 421 5598 runt.

359 5636 449 5689 51.
479 5631 644 5704 [νοτε.
667 5629 792 5703 45.]
830 5630 897 5684 Et
920 5636 1166 5699 tauquam
1201 5638 1557 5696 quaereremus
1602 5621 1685 5677 cui
1723 5621 1862 5676 bono

359 5789 374 5818 ι
404 5795 522 5846 vox,
553 5784 724 5845 cladis,
743 5785 882 5834 abest
896 5797 921 5832 a
940 5790 1046 5834 Mss.

360 5851 380 5882 ³
405 5841 536 5910 ωιξ,
569 5841 805 5899 Petierunt
825 5859 1008 5898 carnes.
1038 5853 1154 5906 Vox,
1178 5855 1361 5906 carnes,
1392 5841 1529 5891 abest
1553 5854 1580 5888 a
1602 5846 1706 5890 Mss.

1389 380 1776 441 ENARRATIO
1813 378 1877 434 ΙΝ
1917 377 2233 438 ΡΒΑΙΛΙΠΜ
2260 381 2389 438 CIV.

3373 392 3393 445 l
3416 389 3504 443 {tr}

1942 497 2038 550 ista
2063 497 2183 551 data
2210 506 2366 560 sunt,
2397 512 2462 551 ne
2489 497 2588 552 hoc
2614 499 2782 568 ipsum
2812 507 3082 569 putaretur
3109 516 3374 556 sumnmm
3405 505 3500 557 lm-

1939 605 2086 658 num,
2115 591 2252 661 quod
2291 592 2388 646 ista
2426 591 2647 646 felicitas
2673 609 2846 647 rerum
2892 596 3256 662 temporalium
3300 598 3494 666 populo

1940 683 2032 738 Dei
2061 683 2180 738 data
2211 695 2324 744 est;
2354 685 2604 738 continuo
2633 700 2748 739 eam
2770 684 2834 739 ad
2857 686 2994 739 aliud
3017 688 3210 752 retulit,
3237 688 3322 742 ubi
3350 705 3500 743 smu—

1939 793 2082 831 mum
2113 778 2308 832 bonum
2338 786 2545 846 oportet
2576 777 2767 846 inquiri
2802 797 2813 831 :
2848 779 2912 832 Ut
2952 781 3268 846 custodiant,
3297 781 3499 850 inquit.

1929 868 2316 936 justiﬁcationes
2335 868 2442 932 eius
2460 910 2473 931 ,
2501 878 2545 920 et
2573 869 2728 936 legem
2757 869 2864 938 ejus
2900 870 3169 938 requirant.
3209 869 3306 925 Ubi
3341 872 3505 926 intel-

1939 959 2204 1029 ligendum
2230 969 2310 1014 est
2336 960 2427 1014 Dei
2458 975 2637 1015 servos
2663 970 2716 1014 et
2743 961 2940 1018 electos
2967 963 3099 1016 ﬁlios
3116 965 3502 1032 promissionis,

1938 1066 2118 1106 verum
2140 1060 2194 1106 et
2219 1067 2525 1121 germanum
2554 1067 2735 1107 semen
2761 1053 2984 1108 Abralue
3009 1095 3023 1119 ,
3051 1055 3312 1110 imitantes
3343 1055 3500 1111 tidem

1937 1144 2183 1208 Abrahae,
2215 1153 2490 1213 propterea
2520 1145 2620 1198 ista
2660 1145 2798 1199 bona
2828 1155 3034 1200 terrena
3061 1162 3268 1201 sumere
3296 1163 3324 1200 a
3353 1149 3460 1202 Deo
3483 1190 3497 1210 ,

1939 1244 1997 1289 ut
2025 1250 2128 1289 non
2157 1235 2210 1288 in
2233 1235 2309 1289 eis
2346 1235 2468 1288 luxu
2506 1219 2780 1299 difﬂuant‘,
2813 1235 2924 1289 sive
2946 1224 3189 1304 perversa
3220 1239 3500 1293 securitate

1940 1333 2268 1395 torpescant;
2298 1325 2390 1378 sed
2419 1325 2536 1379 ideo
2557 1326 2784 1380 habeant
2811 1327 2985 1381 divina
3013 1328 3366 1382 misericordia
3390 1329 3503 1385 haec

1937 1418 2115 1472 omnia
2143 1428 2458 1487 przeparata,
2483 1418 2743 1487 inquibus
2767 1419 3065 1488 quaerendis
3088 1429 3303 1488 possent
3339 1435 3504 1490 nego-

1940 1511 2236 1565 tiosissimis
2266 1510 2532 1564 laboribus
2554 1510 2818 1580 occupari,
2850 1521 2905 1564 ut
2933 1511 2996 1566 ad
3025 1511 3125 1564 hoc
3145 1520 3332 1565 vacent
3358 1511 3496 1564 unde

1937 1604 2132 1658 bonum
2159 1613 2413 1657 aeternum
2440 1603 2604 1672 possit
2635 1604 2851 1673 acquiri,
2879 1602 2979 1657 hoc
2999 1614 3099 1668 est,
3127 1603 3192 1657 Ut
3219 1604 3502 1657 custodiant

1927 1696 2314 1764 justiﬁcationes
2354 1696 2482 1766 ejus,
2523 1705 2569 1749 et
2601 1696 2758 1766 legem
2787 1697 2903 1766 ejus.
2931 1689 3201 1766 requirant.
3233 1697 3466 1766 Denique
3486 1739 3502 1763 ,

1938 1786 2183 1854 quoniam
2211 1801 2389 1840 semen
2418 1787 2644 1840 Abrahae
2674 1787 2804 1841 tales
2832 1787 2916 1840 hic
2945 1787 3157 1856 intelligi
3187 1788 3381 1854 voluit,
3410 1789 3502 1858 qui

1935 1892 2062 1931 vere
2081 1887 2259 1931 essent
2284 1891 2464 1931 semen
2500 1877 2755 1940 Abralue,
2783 1878 2964 1946 quales
2992 1878 3167 1946 utique
3201 1893 3299 1931 nec
3330 1879 3380 1930 in
3414 1880 3506 1932 illo

1937 1969 2130 2038 populo
2154 1963 2436 2023 defuerunt
2469 1986 2482 2021 :
2510 1969 2650 2038 quod
2677 1969 2834 2023 etiam
2864 1968 3131 2037 apostolus
3158 1968 3349 2023 Paulus
3379 1970 3506 2022 satis

1937 2059 2194 2125 ostendit,
2215 2076 2333 2114 cum
2363 2060 2522 2124 dicit,
2555 2061 2659 2115 Sed
2683 2077 2782 2114 non
2810 2062 2860 2113 in
2892 2061 3116 2114 omnibus
3145 2062 3246 2115 illis
3276 2061 3506 2130 benepla—

1937 2152 2090 2228 citum
2136 2161 2210 2205 est
2253 2150 2361 2205 Deo
2401 2151 2440 2220 (Ι
2470 2151 2587 2206 Cor.
2615 2168 2670 2216 x,
2697 2151 2788 2220 5);
2817 2151 2860 2204 si
2890 2151 3028 2205 enim
3059 2167 3157 2203 non
3181 2152 3230 2203 in
3255 2151 3503 2214 omnibus,

1937 2240 2173 2310 profecto
2210 2239 2429 2294 fuerunt
2458 2241 2527 2295 ibi
2567 2241 2777 2310 quidam
2811 2242 2862 2294 in
2910 2241 3100 2310 quibus
3144 2241 3503 2311 beneplacitum

1937 2343 2008 2386 est
2039 2333 2142 2386 Deo
2165 2351 2186 2391 :
2219 2331 2341 2400 quia
2375 2347 2500 2400 ergo
2549 2331 2679 2384 tales
2727 2331 2962 2399 psalmus
3005 2331 3104 2384 istc
3145 2329 3500 2392 commendat,

1938 2425 2066 2479 nihil
2115 2424 2200 2480 hic
2222 2424 2354 2483 dixit
2397 2424 2465 2478 de
2512 2423 2872 2493 iniquitatibus
2923 2432 2974 2476 et
3021 2422 3402 2476 irritationibus
3451 2431 3506 2474 et

1937 2517 2310 2571 amaricatione
2352 2531 2532 2570 eorum
2575 2515 2628 2569 in
2653 2515 2839 2585 quibus
2867 2531 2969 2568 non
2997 2522 3079 2568 est
3120 2515 3501 2582 beneplacitum

1939 2609 2068 2664 Deo.
2090 2610 2192 2665 Sed
2213 2611 2334 2679 quia
2359 2618 2411 2663 et
2435 2609 2626 2678 iniquis
2645 2624 2749 2661 non
2768 2608 2877 2660 sola
2896 2606 3116 2675 justitia,
3137 2621 3315 2674 verum
3345 2606 3505 2659 etiam

1938 2700 2295 2754 misericordia
2329 2699 2420 2754 Dei
2450 2698 2826 2767 omnipotentis
2853 2705 2905 2751 et
2931 2697 3204 2751 clementis
3229 2697 3502 2765 apparuit,

1939 2789 2004 2843 de
2030 2790 2131 2843 illis
2173 2805 2398 2859 sequens
2440 2789 2674 2858 loquitur
2709 2789 2939 2857 psalmus
2965 2802 3084 2841 cum
3117 2785 3355 2840 laudibus
3387 2785 3503 2838 Dei.

1940 2883 2006 2936 Et
2036 2891 2210 2936 tamen
2253 2882 2463 2950 utrique
2509 2882 2561 2933 in
2606 2895 2711 2932 uno
2738 2879 2928 2947 populo
2971 2879 3208 2942 fuerunt,
3251 2891 3348 2931 nec
3379 2875 3508 2929 istos

1942 2973 2016 3026 illi
2051 2987 2264 3026 suarum
2303 2970 2633 3039 iniquitatum
2661 2970 2974 3036 contagione
3002 2967 3317 3037 polluerunt.
3351 2965 3512 3018 Novit

1941 3067 2080 3120 cnim
2108 3063 2353 3117 Dominus
2386 3063 2470 3132 qui
2497 3071 2610 3116 sunt
2637 3061 2746 3132 ejus
2771 3077 2788 3115 :
2818 3070 2870 3114 et
2898 3061 2940 3113 si
2970 3061 3020 3113 in
3051 3061 3148 3112 hoc
3181 3059 3374 3112 smculo
3402 3075 3505 3111 nun

1942 3164 2119 3226 potest
2143 3155 2208 3209 ab
2234 3154 2460 3222 injustis,
2483 3152 2679 3206 recedat
2704 3153 2766 3205 ab
2786 3151 3031 3221 injustitia
3057 3151 3217 3203 omnis
3241 3150 3324 3218 qui
3349 3150 3512 3202 nomi-

1940 3257 2026 3303 nat
2053 3264 2230 3302 nomen
2256 3245 2459 3299 Domini
2486 3243 2560 3314 (ῐΙ
2587 3244 2716 3297 Tim.
2746 3259 2803 3309 ιι,
2835 3240 2944 3314 19).

2012 3339 2099 3392 '55.
2129 3336 2198 3392 Ut
2219 3351 2344 3406 ergo
2372 3345 2618 3404 tanquam
2646 3335 2697 3387 in
2725 3348 2949 3402 corpore
2977 3331 3163 3400 psalmi
3194 3331 3354 3404 hujus
3369 3330 3512 3385 velut

1940 3431 2191 3485 latentem
2221 3425 2612 3498 quodammodo
2652 3425 2768 3494 ejus
2801 3425 3030 3477 animam
3055 3403 3509 3484 commendemus,

1943 3522 2044 3575 hoc
2069 3528 2168 3579 est.
2194 3519 2246 3572 in
2273 3518 2447 3572 verbis
2473 3517 2620 3587 quasi
2647 3515 2997 3570 exterioribus
3029 3513 3332 3568 interiorem
3359 3512 3512 3566 intel-

1943 3611 2167 3672 lectum,
2213 3609 2420 3663 videtur
2449 3608 2576 3662 mihi
2616 3606 2889 3660 admoneri
2928 3620 3110 3658 semen
3135 3603 3361 3657 Abraha:
3381 3643 3395 3667 ,
3424 3602 3510 3671 qui

1945 3708 2072 3756 sunt
2101 3715 2288 3754 omnes
2316 3699 2408 3752 lilii
2434 3696 2801 3767 promissionis
2827 3696 3146 3764 pertinentes
3170 3693 3234 3747 ad
3259 3701 3511 3750 :eternam

1945 3789 2304 3845 haereditatcm
2360 3787 2654 3842 testamenti
2704 3785 2924 3847 aeterni,
2959 3794 3015 3837 ut
3056 3792 3301 3852 tanquam
3346 3783 3511 3851 ipsam

1946 3879 2312 3934 bzereditatem
2341 3875 2438 3932 sibi
2465 3877 2660 3946 eligant
2686 3875 2874 3940 Deum,
2903 3881 2956 3927 et
2979 3889 3098 3926 eum
3125 3873 3288 3942 gratis
3314 3872 3510 3938 colant,

1948 3971 2000 4026 id
2027 3979 2139 4036 est,
2177 3978 2394 4041 propter
2435 3970 2643 4036 ipsum,
2676 3981 2778 4019 non
2825 3975 3040 4034 propter
3067 3963 3276 4032 aliquod
3305 3963 3514 4017 emolu-

1949 4071 2182 4118 mentum
2234 4059 2495 4115 mercedis
2527 4067 2674 4113 extra
2717 4057 2928 4126 ipsum;
2960 4064 3014 4108 ct
3039 4055 3138 4108 hoc
3169 4053 3370 4107 faciant
3398 4052 3514 4105 lau-

1950 4154 2136 4209 dantes
2157 4195 2170 4220 ,
2199 4153 2503 4206 invocantes
2521 4190 2537 4215 ,
2566 4149 2940 4202 annuutiautes
2960 4187 2975 4210 ,
3002 4159 3100 4200 nec
3124 4145 3174 4198 in
3206 4159 3354 4199 suam
3376 4185 3390 4210 ,
3423 4143 3514 4198 sed

1952 4247 2003 4298 in
2031 4244 2146 4313 ejus
2170 4242 2391 4312 gloriam
2423 4255 2516 4309 per
2559 4238 2713 4292 ﬁdem
2745 4237 2881 4292 bene
2921 4244 3201 4304 operautcs
3222 4273 3240 4300 ,
3271 4248 3363 4302 spe
3387 4247 3515 4303 gau-

1951 4333 2166 4397 dentes,
2200 4332 2457 4386 cbaritate
2498 4328 2768 4384 ferventes
2795 4326 2967 4396 (Rom.
2995 4341 3101 4389 xu,
3129 4325 3186 4378 11
3212 4364 3227 4388 ,
3257 4323 3373 4394 12).
3410 4323 3521 4378 lloc

1953 4431 2120 4476 totum
2147 4428 2301 4474 sonat
2341 4418 2421 4472 his
2445 4417 2686 4472 versibus
2710 4433 2722 4468 :
2765 4434 2784 4466 ι
2815 4412 3151 4469 Conﬁtemini
3181 4412 3403 4465 Domino
3424 4451 3438 4476 ,
3466 4418 3519 4464 ct

1953 4516 2195 4570 invocate
2230 4527 2420 4567 nomen
2467 4509 2583 4580 ejus
2605 4551 2621 4576 ,
2665 4507 2972 4562 annuntiate
2997 4505 3048 4558 in
3087 4503 3334 4574 gentibus
3361 4517 3520 4572 opera

1953 4611 2088 4677 ejus.
2119 4605 2339 4660 Cantate
2370 4603 2416 4658 ei
2437 4643 2449 4664 ,
2481 4611 2537 4657 et
2563 4601 2770 4671 psallite
2797 4599 2844 4653 ei
2867 4638 2882 4662 ,
2914 4605 3124 4650 narrate
3148 4597 3322 4647 omnia
3359 4593 3523 4646 mira-

1911 4728 1916 4734 -
1955 4701 2081 4756 bilia
2108 4699 2241 4768 ejus.
2276 4695 2588 4752 Laudamini
2614 4694 2668 4747 in
2694 4691 2908 4746 nomine
2930 4696 3114 4742 sancto
3142 4686 3291 4756 ejus;
3318 4686 3525 4739 laetetur

1957 4807 2050 4846 cor
2097 4790 2445 4862 quazrentium
2494 4785 2797 4840 Dominum.
2835 4769 3072 4846 Quaerite
3119 4776 3432 4842 Dominum,
3471 4783 3526 4829 ct

1957 4879 2341 4938 couﬁrmamini
2365 4895 2378 4941 ;
2420 4875 2640 4945 qurerile
2664 4873 2851 4927 faciem
2878 4871 2993 4939 ejus
3020 4856 3308 4937 semper.-.

2028 4972 2117 5026 56.
2167 4969 2364 5024 Deinde
2405 4967 2471 5020 ad
2516 4964 2854 5036 parvulorum
2904 4960 3064 5016 corda
3110 4958 3419 5022 nutrienda,
3468 4964 3528 5010 ut

1958 5063 2276 5118 roborentur
2303 5060 2351 5113 in
2383 5057 2504 5121 ﬁde,
2527 5056 2594 5110 de
2618 5051 2934 5109 Patriarchis
2959 5057 3324 5121 proponuntur
3348 5061 3528 5100 exem-

1959 5156 2044 5226 pla
2072 5165 2122 5209 et
2151 5154 2356 5208 illorum
2386 5149 2505 5204 fidei
2535 5156 2590 5204 et
2618 5144 2984 5217 promissionis
3010 5143 3100 5196 Dei
3123 5142 3163 5207 ί,
3191 5149 3247 5194 ιιι
3270 5137 3527 5192 imitando

1959 5256 2014 5301 et
2036 5244 2302 5314 sperando
2327 5242 2492 5298 simus
2517 5255 2696 5295 semen
2725 5239 2933 5292 illorum
2955 5277 2970 5302 ,
3001 5249 3106 5289 non
3137 5233 3204 5286 de
3233 5229 3343 5284 sola
3372 5236 3530 5296 gente
3623 5261 3636 5274 ο

1961 5338 2300 5393 Hebraeorum
2323 5375 2340 5398 ,
2371 5333 2464 5388 sed
2503 5340 2759 5402 quotquot
2800 5330 2952 5383 istam
2983 5325 3200 5396 gratiam
3239 5321 3533 5391 suscipiunt

1963 5432 2014 5486 in
2043 5430 2184 5484 omni
2217 5437 2380 5482 terra.
2426 5401 2576 5492 Quod
2607 5433 2770 5478 totum
2802 5421 2884 5476 his
2911 5417 3152 5474 versibus
3179 5401 3482 5469 continetur
3513 5427 3529 5466 :

1972 5521 2342 5584 «Mementote
2387 5515 2703 5571 mirabilium
2754 5513 2868 5581 ejus
2913 5524 3032 5580 quae
3080 5506 3236 5570 fecit,
3294 5505 3527 5574 prodigia

1964 5611 2077 5681 ejus
2101 5621 2156 5666 et
2177 5608 2368 5679 judicia
2395 5607 2504 5662 oris
2529 5605 2661 5674 ejus.
2704 5603 2896 5657 Semen
2927 5597 3194 5654 Abraham
3223 5596 3363 5651 servi
3392 5595 3526 5665 ejus,

2030 5768 2290 5880 *rlepique
2315 5772 2439 5825 Mss,
2467 5764 2785 5828 praponuntur
2805 5761 2849 5808 ct
2870 5754 3064 5808 illorum
3097 5750 3219 5818 ﬁdes
3250 5755 3296 5802 et
3332 5744 3532 5813 promis-

2030 5845 2117 5880 Incs
2165 5840 2250 5880 )ct.

1967 5845 2117 5884 8101103
2146 5840 2250 5880 θοι.
