4026 6202
496 318 633 376 MU?)

491 445 582 499 ﬁlii
613 442 776 499 Jacob
801 438 954 499 electi
991 437 1128 508 ejus.
1163 432 1275 506 Ipse
1301 431 1556 488 Dominus
1582 431 1720 490 Deus
1752 439 1936 503 noster
1959 469 1974 497 ,
2006 430 2057 486 in

490 537 636 590 omni
659 545 797 590 terra
819 531 1012 602 judicia
1033 528 1166 597 ejus.
1195 525 1396 581 Memor
1419 524 1516 580 fuit
1542 524 1596 577 in
1624 523 1872 577 sacculum
1902 533 2060 578 testa-

494 629 656 683 tuenti
700 626 816 688 sui,
849 622 991 676 verbi
1032 619 1172 684 quod
1201 617 1469 674 mandavit
1498 617 1549 671 iu
1593 617 1734 670 mille
1761 616 2060 686 generatio-

493 736 606 773 nes.
653 714 804 782 Quod
847 712 1105 780 disposuit
1147 709 1213 764 ad
1238 696 1540 769 Abraham,
1583 717 1636 762 et
1667 707 1950 778 juramcnti
1977 708 2056 762 sui

494 813 557 863 ad
591 811 750 863 Isaac.
798 806 865 860 Et
897 804 1078 858 statuit
1123 801 1248 858 illttd
1278 801 1374 872 ipsi
1417 800 1578 854 .lamb
1616 800 1667 854 in
1700 812 2054 869 przeceptum;
2101 856 2103 860 ,

492 911 543 953 ιιι
572 899 666 966 ipsi
698 897 857 952 Israel
885 896 936 950 in
964 901 1338 950 testamentum
1364 901 1621 946 aeternum
1644 931 1657 955 ,
1697 890 1880 945 dicens
1899 932 1914 958 ,
1940 890 2057 946 Tibi

492 995 625 1046 tabo
650 1003 842 1045 terram
857 987 1148 1052 Chanaan),
1168 985 1455 1040 funiculum
1478 983 1798 1038 hzereditatis
1813 992 2018 1048 vestrm.
2033 1001 2050 1032 ο

492 1093 616 1145 vitta:
646 1082 822 1136 nll'lltia
845 1122 857 1142 ,
890 1095 985 1150 pro
1023 1077 1234 1132 modulo
1263 1089 1382 1130 meo
1404 1117 1418 1143 ,
1445 1072 1886 1146 quemadmodum
1913 1074 2056 1128 acci-

492 1175 678 1245 pienda
711 1182 918 1237 essent,
946 1169 1186 1240 exposui.

561 1267 648 1321 '57.
689 1264 784 1318 ilic
811 1263 1122 1318 occurrebat
1148 1260 1324 1314 animo
1352 1257 1581 1328 parvulae
1623 1256 1740 1312 ﬁdei
1778 1274 1792 1311 :
1837 1255 1893 1314 Si
1932 1273 2058 1328 ergo

492 1358 628 1411 υνυς
649 1356 811 1426 gratis
835 1363 917 1410 est
940 1352 1190 1408 colendus
1211 1394 1224 1418 ,
1252 1360 1306 1406 et
1344 1353 1640 1406 testamenti
1667 1349 1850 1404 aeterni
1891 1349 2058 1404 haere-

490 1449 629 1502 ditas
679 1449 792 1516 ipse
834 1461 862 1500 a
909 1445 1084 1514 seipso
1134 1441 1529 1513 requirendus;
1580 1441 1853 1496 mortalem
1904 1443 2056 1495 istam

491 1540 652 1594 vitam
681 1538 1030 1608 qurerentium
1057 1550 1176 1589 eum
1198 1573 1214 1600 ,
1255 1542 1308 1587 et
1346 1531 1663 1602 temporales
1690 1530 2054 1596 necessitates,

491 1646 558 1685 an
602 1634 668 1684 et
699 1629 813 1698 ipsa
855 1642 965 1681 sum
1007 1623 1383 1680 misericordize
1418 1624 1432 1654 ¹
1479 1621 1911 1691 multiplicatione
1953 1637 2058 1676 non

491 1721 735 1776 deserit?
763 1719 894 1774 Nam
923 1719 1125 1773 intente
1148 1718 1327 1772 audite
1351 1716 1476 1786 quid
1502 1704 1802 1786 praestiterit
1825 1714 2059 1784 patribus

488 1814 723 1877 nostris,
751 1812 835 1867 vel
879 1812 929 1865 iu
975 1811 1164 1881 quibus
1203 1809 1325 1864 ﬁdei
1366 1808 1608 1877 exempla
1655 1807 1947 1874 constituit,
1977 1807 2058 1861 vel
2109 1858 2115 1863 .

489 1907 578 1976 qui
606 1921 670 1960 ex
701 1905 910 1958 illorum
955 1917 1116 1956 carne
1159 1900 1426 1971 propagati
1467 1899 1623 1954 etiam
1674 1898 1827 1952 ﬁdem
1871 1898 2059 1952 imitati

489 2006 634 2051 sunt.
666 1994 791 2050 Cum
823 2004 980 2047 essent
1011 1993 1106 2061 ipsi
1137 2008 1342 2045 numero
1382 1991 1541 2056 brevi,
1575 1989 1862 2059 paucissimi
1889 1998 1937 2043 et
1974 1990 2056 2043 in-

488 2087 614 2141 cola:
631 2087 683 2140 in
706 2103 766 2140 ea
789 2101 806 2138 :
833 2084 881 2138 id
909 2095 1009 2148 est,
1040 2085 1088 2137 in
1113 2093 1248 2138 terra
1272 2083 1544 2136 Chanaan.
1579 2080 1640 2134 Et
1665 2081 2059 2162 pertransierunt

488 2179 550 2232 de
574 2186 715 2247 gente
744 2177 797 2230 in
833 2185 1056 2246 gentem,
1087 2184 1134 2229 et
1172 2174 1234 2229 de
1262 2189 1414 2243 regno
1455 2173 1509 2226 in
1545 2172 1786 2243 papulum
1823 2171 2056 2226 alterum.

487 2270 610 2324 Non
654 2269 852 2338 reliquit
899 2268 1149 2321 hominem
1189 2281 1363 2319 nocere
1404 2265 1507 2331 eis,
1553 2273 1599 2319 et
1639 2264 1807 2334 arguit
1852 2280 1943 2334 pro
1988 2266 2059 2318 eis

485 2377 647 2433 reges.
695 2359 870 2415 Nolite
916 2369 1117 2428 tangere
1161 2357 1372 2411 cltristos
1419 2372 1572 2424 meos,
1620 2365 1666 2409 et
1707 2356 1760 2410 in
1807 2357 2058 2430 prOpItetis

487 2453 608 2506 meis
637 2449 790 2505 nolite
819 2449 1108 2520 ntalignari.

555 2544 643 2597 38.
685 2541 738 2598 Si
784 2550 962 2595 autem
1006 2539 1240 2610 quaeritis
1283 2539 1549 2608 quomodo
1579 2559 1598 2591 ι
1633 2540 1956 2596 transierunt
1990 2538 2058 2596 de

484 2643 643 2703 gente
669 2633 980 2702 ingentem;
1007 2639 1060 2684 et
1087 2629 1154 2684 de
1181 2644 1342 2700 regno
1381 2631 1430 2682 iu
1469 2630 1717 2700 populum
1754 2629 1998 2695 alterum,
2031 2649 2051 2682 ι

484 2725 664 2780 audite
689 2743 702 2778 :
742 2743 760 2776 ι
790 2725 854 2778 Et
880 2723 1084 2778 vocavit
1118 2721 1310 2776 famem
1337 2738 1494 2791 super
1521 2733 1746 2789 terram,
1771 2738 1928 2778 omne
1964 2723 2056 2778 lir-

485 2824 808 2872 mamentum
853 2815 1002 2884 panis
1045 2813 1312 2870 contrivit.
1363 2815 1501 2872 Misit
1541 2825 1665 2869 ante
1713 2829 1806 2870 eos
1845 2816 2054 2881 virum;

487 2911 540 2964 iu
582 2924 791 2964 servum
819 2907 1150 2962 venundatus
1193 2917 1276 2962 est
1310 2905 1528 2976 Joseph.
1559 2906 1976 2964 llumiliaverunt
2003 2906 2056 2962 in

483 2998 828 3068 compedibus
871 2997 1034 3068 pedes
1061 2997 1216 3067 ejus;
1259 2996 1458 3052 ferrum
1492 2997 1798 3067 pertransiit
1825 2997 2055 3050 animam

484 3093 599 3159 ejus
624 3131 636 3152 ,
669 3089 842 3145 donec
867 3091 1068 3144 veniret
1095 3088 1312 3143 verbum
1355 3088 1489 3158 ejus.
1531 3089 1808 3158 Eloquium
1850 3087 2056 3144 Domini

484 3173 672 3250 ignivit
697 3195 817 3234 eum
851 3197 863 3232 :
892 3179 1033 3232 misit
1078 3195 1190 3242 rex,
1215 3189 1268 3232 et
1306 3178 1463 3233 solvit
1491 3193 1649 3242 eum;
1690 3178 1934 3248 princeps
1959 3193 2055 3246 po-

483 3272 762 3341 pulorum,
790 3279 843 3324 et
875 3269 1073 3324 dimisit
1109 3284 1252 3324 eum.
1292 3268 1581 3323 Constituit
1621 3283 1742 3322 eum
1781 3262 2056 3324 dominum

483 3359 674 3414 domus
716 3374 857 3422 suae,
894 3367 948 3416 et
985 3358 1275 3428 principem
1317 3361 1490 3420 omnis
1530 3359 1881 3427 possessionis
1922 3376 2052 3414 suze.

483 3451 554 3507 Ut
573 3451 808 3506 crudiret
832 3453 1102 3521 principes
1123 3450 1237 3520 ejus
1257 3451 1392 3504 sicut
1410 3451 1753 3519 semetipsum
1771 3490 1786 3514 ,
1811 3458 1864 3504 et
1883 3450 2057 3506 senio-

483 3554 573 3596 res
616 3545 732 3611 ejus
778 3541 1108 3612 prudentiam
1147 3540 1383 3594 doceret.
1432 3539 1500 3594 Et
1543 3539 1756 3594 intravit
1795 3539 1952 3594 Israel
2001 3541 2054 3596 in

483 3634 794 3706 ﬁgyptum,
820 3643 876 3694 et
895 3633 1058 3690 Jacob
1078 3633 1256 3692 accola
1293 3632 1391 3686 fuit
1420 3631 1634 3687 interra
1656 3631 1840 3688 Cham.
1873 3652 1892 3686 ι
1921 3633 2056 3690 Ecce

483 3727 750 3798 quomodo
782 3746 799 3777 ι
835 3720 1258 3796 pertransierunt
1281 3725 1348 3780 de
1372 3733 1532 3798 gente
1557 3725 1608 3780 in
1639 3735 1879 3798 gentem,
1911 3737 1964 3782 et
1988 3727 2056 3783 de

482 3836 648 3887 regno
673 3821 724 3875 in
757 3821 1004 3891 populum
1042 3819 1289 3874 alterum.
1318 3838 1336 3872 ι

553 3914 642 3969 59.
686 3913 752 3968 Et
779 3914 918 3968 auxit
959 3913 1200 3984 papulum
1229 3927 1374 3966 suum
1403 3911 1739 3977 vehementer,
1767 3919 1814 3964 et
1837 3911 2056 3980 ﬁrmavit

483 4023 595 4061 eum
617 4024 770 4076 super
803 4005 1031 4059 inimicos
1066 4006 1192 4079 ejus.
1237 4002 1295 4058 Si
1336 4013 1512 4060 autem
1551 4004 1690 4060 scire
1731 4004 1889 4061 vultis
1927 4018 2060 4072 quo-

485 4096 647 4152 modo
687 4112 806 4151 eum
849 4095 1138 4150 ﬁrmaverit
1173 4109 1333 4164 super
1374 4093 1618 4149 inimicos
1659 4093 1807 4161 ejus,
1833 4093 2054 4150 audite:

492 4207 511 4239 ι
540 4187 821 4242 Convertit
852 4202 947 4240 cor
969 4201 1151 4241 eorum
1170 4227 1184 4252 ,
1213 4195 1272 4240 ut
1309 4185 1519 4241 odirent
1553 4185 1803 4256 populum
1842 4186 1978 4256 ejus,
2003 4194 2058 4240 et
2095 4202 2097 4205 '

489 4278 666 4334 dolum
697 4278 932 4331 facerent
959 4277 1010 4330 in
1039 4291 1222 4330 servos
1248 4277 1383 4344 ejus.
1415 4276 1554 4330 Misit
1589 4277 1804 4348 Moysen
1843 4291 2054 4330 servum

487 4383 668 4431 suum,
697 4369 874 4420 Aaron
895 4381 1052 4435 quem
1075 4366 1232 4435 elegit
1257 4366 1450 4435 ipsum.
1494 4366 1675 4420 Posuit
1708 4369 1759 4421 in
1795 4368 1872 4422 eis
1896 4367 2055 4422 verba

485 4459 758 4526 signorum
799 4471 1014 4512 suorum
1040 4498 1054 4520 ,
1100 4465 1154 4512 et
1197 4457 1551 4527 prodigiorum
1590 4459 1640 4512 iu
1682 4470 1820 4513 terra
1863 4460 2048 4516 Cham.

484 4549 626 4606 Misit
649 4548 926 4613 tenebras,
954 4555 1008 4602 et
1041 4546 1360 4614 obscuravit,
1386 4555 1440 4601 et
1465 4549 1914 4606 exacerbaverunt
1936 4568 2047 4608 ser.

488 4657 678 4699 mones
716 4639 849 4711 ejus.
898 4640 1172 4696 Convertit
1208 4654 1372 4709 aquas
1411 4654 1595 4694 eorum
1629 4639 1684 4694 in
1722 4643 2051 4713 sanguinem,

490 4745 545 4794 et
567 4735 757 4791 occidit
793 4737 962 4804 pisces
1000 4751 1202 4792 eorum.
1229 4736 1384 4792 Dedit
1422 4745 1615 4790 terram
1655 4750 1835 4790 eorum
1875 4753 2050 4806 ranas,

488 4827 540 4883 in
581 4826 939 4898 penetralibus
985 4843 1167 4898 regum
1228 4829 1483 4898 ipsorunt.
1524 4826 1685 4892 Dixit,
1713 4835 1768 4881 et
1799 4828 1944 4882 venit
1964 4843 2055 4900 cy-

487 4921 699 4993 nomyia
722 4929 778 4977 et
797 4921 1064 4991 sciniphes
1087 4922 1138 4975 in
1162 4921 1406 4982 omnibus
1434 4921 1625 4976 ﬁnibus
1645 4936 1848 4976 eorum.
1874 4921 2056 4978 Posuit

488 5014 693 5084 pluvias
734 5028 918 5068 eorum
953 5011 1298 5083 grandinem,
1340 5013 1516 5083 ignem
1556 5011 1956 5068 comburentem
1999 5013 2052 5068 in

489 5115 629 5160 terra
678 5104 936 5174 ipsorum.
983 5102 1052 5158 Et
1089 5101 1354 5173 percussit
1388 5103 1570 5158 vineas
1608 5118 1791 5158 eorum
1829 5112 1883 5158 et
1909 5102 2057 5160 ﬁcul-

489 5211 618 5252 neas
646 5211 852 5260 eorum,
883 5203 936 5249 et
960 5192 1207 5250 contrivit
1232 5207 1390 5248 omne
1415 5192 1613 5262 lignum
1643 5192 1822 5248 ﬁnium
1845 5208 2050 5249 eorum.

489 5289 649 5357 Dixit,
691 5297 747 5346 et
785 5289 932 5346 venit
970 5287 1170 5344 locusta
1206 5296 1260 5341 et
1299 5285 1564 5352 bruchus,
1605 5286 1757 5357 cujus
1795 5301 1900 5341 non
1940 5295 2056 5343 erat

489 5395 762 5439 numerus.
809 5380 875 5436 Et
910 5377 1144 5436 comedit
1165 5391 1323 5432 omne
1360 5374 1538 5431 fenum
1575 5376 1629 5432 in
1669 5385 1808 5432 terra
1847 5392 2053 5443 eorum,

490 5479 547 5526 et
585 5471 817 5530 comedit
857 5486 1070 5528 omnem
1108 5467 1337 5523 fructum
1385 5474 1540 5523 terra:
1579 5482 1784 5524 eorum.
1829 5467 1897 5522 Et
1933 5482 2056 5537 per-

556 5643 574 5672 ί
600 5643 672 5690 sic
693 5645 986 5710 vetustiores
1007 5651 1112 5693 Mss.
1139 5641 1222 5710 Alii
1232 5653 1360 5710 vero
1381 5653 1488 5690 cum
1505 5640 1638 5710 edd,
1654 5637 1904 5710 mortalem
1917 5639 2058 5710 istam

493 5703 742 5765 titantem
776 5709 969 5765 ρτῳδιαι
991 5703 1311 5765 quaerentibus
1333 5715 1458 5765 eum,
1480 5708 1526 5752 et
1554 5700 1836 5765 temporales
1857 5701 2057 5761 necessi-

494 5769 611 5816 tatas
629 5761 652 5813 Ζ)
669 5774 737 5812 .m
757 5761 800 5811 et
824 5761 950 5825 ipsas
972 5761 1070 5812 sua:
1085 5761 1450 5826 misericordiw,
1471 5770 1587 5818 etc..

1675 315 1730 369 S.
1772 310 2130 369 AUGUSTIXX
2169 310 2463 369 EPlSCOPl

3591 319 3720 375 (ξοδ

2164 433 2324 485 ουςεὶι
2349 447 2508 488 omne
2535 433 2934 506 primogenitum
2966 434 3016 488 in
3046 442 3183 490 terra
3224 449 3426 500 eorum,
3471 436 3722 506 primitias

2163 521 2337 574 omnis
2383 521 2578 577 laboris
2617 537 2820 578 eorum.
2867 524 2926 580 Et
2971 523 3153 578 eduxit
3193 539 3286 580 eos
3330 525 3380 579 in
3421 535 3638 596 argento
3675 537 3726 582 et

2163 627 2310 677 auro,
2335 623 2510 668 etnon
2533 623 2648 670 erat
2672 616 2723 670 in
2758 616 2996 671 tribubus
3032 632 3215 672 eorum
3245 619 3504 684 inﬁrmus.
3529 619 3723 675 Lmtata

2162 713 2244 758 est
2283 701 2545 775 Egyptus
2589 706 2641 760 in
2697 707 3018 776 profectione
3065 724 3289 778 eorum,
3331 710 3452 779 quia
3494 711 3727 766 incubuit

2165 795 2321 849 timor
2358 813 2540 854 eorum
2579 813 2739 868 super
2778 815 2891 855 eos.
2937 820 2955 852 ι
3001 801 3136 857 Ecce
3174 803 3438 872 quomodo
3477 805 3728 875 populum

2163 901 2315 941 suum
2345 887 2573 943 ﬁrmavit
2609 906 2769 959 super
2811 891 3050 947 inimicos
3089 893 3221 962 ejus.
3292 959 3298 964 _

2233 975 2320 1031 40.
2361 977 2492 1033 Cum
2529 988 2702 1034 autem
2745 982 2970 1036 inimicis
3008 998 3189 1038 eorum
3239 984 3335 1038 ista
3367 985 3503 1039 mala
3520 977 3724 1056 justitia

2162 1066 2278 1134 ejus
2305 1068 2583 1136 indixerit,
2632 1087 2748 1142 qua:
2800 1073 2927 1143 ipsis
2980 1075 3161 1145 largita
3202 1076 3269 1130 sit
3306 1078 3463 1132 etiam
3517 1087 3724 1147 tempo-

2163 1159 2290 1214 ralia
2314 1161 2670 1218 miseriCordia
2701 1164 2835 1233 ejus,
2865 1167 3122 1236 accipite:
3161 1186 3179 1218 ι
3226 1167 3488 1237 Expandit
3531 1171 3725 1224 nubem

2162 1250 2215 1305 in
2262 1253 2637 1329 protectionem
2669 1269 2871 1320 eorum,
2900 1267 2953 1310 et
2980 1257 3150 1328 ignem
3195 1269 3252 1313 ut
3280 1259 3478 1315 luceret
3505 1261 3584 1315 eis
3630 1277 3724 1330 per

2163 1355 2388 1398 noctem.
2433 1345 2727 1410 Petierunt,
2774 1357 2827 1403 et
2867 1349 3009 1404 venit
3056 1351 3318 1417 coturnix,
3352 1361 3405 1407 et
3449 1368 3585 1422 pane
3611 1355 3730 1409 caeli

2108 1473 2120 1484 .
2161 1435 2416 1492 saturavit
2442 1451 2555 1490 eos.
2604 1437 2837 1507 Disrupit
2886 1449 3110 1508 petram,
3140 1440 3499 1497 et‘ﬁuxerunt
3542 1459 3724 1514 aqum;

2163 1524 2406 1578 abierunt
2439 1527 2490 1580 in
2517 1527 2659 1581 sicco
2685 1529 2920 1582 ﬂumina.
2949 1529 3205 1597 Quoniam
3229 1548 3434 1598 memor
3464 1533 3558 1589 fuit
3583 1535 3725 1590 verbi

2162 1617 2329 1670 sancti
2360 1619 2464 1684 sui,
2488 1619 2626 1688 quod
2665 1620 2847 1676 habuit
2891 1622 2955 1676 ad
2999 1623 3260 1678 Abraham
3300 1642 3521 1696 puerum
3552 1643 3727 1682 suum.

2163 1706 2231 1766 Et
2255 1707 2435 1764 eduxit
2479 1713 2726 1781 populum
2768 1730 2920 1768 suum
2953 1715 3003 1770 in
3041 1717 3409 1784 exsultatione,
3450 1729 3505 1776 et
3530 1723 3729 1778 electos

2161 1814 2285 1854 suos
2315 1800 2366 1859 in
2396 1800 2595 1856 laetitia.
2623 1804 2687 1858 Et
2713 1805 2858 1860 dedit
2885 1806 2991 1860 illis
3017 1809 3256 1878 regiones
3281 1812 3535 1880 gentium,
3569 1823 3622 1868 et
3651 1814 3729 1867 la-

2161 1889 2320 1946 bores
2350 1893 2662 1968 populorum
2695 1897 3064 1966 possederunt.
3102 1917 3120 1950 ι
3155 1899 3268 1953 Non
3294 1889 3359 1954 ut.
3381 1913 3596 1972 propter
3632 1905 3729 1960 ista

2163 1994 2282 2034 eum
2327 1982 2524 2049 colant,
2558 1984 2652 2038 sed
2702 1994 2757 2038 ut
2784 2001 2845 2040 ea
2875 2002 3083 2056 quoque
3127 1987 3194 2042 ad
3242 1990 3433 2044 bonum
3472 2001 3729 2048 :nternum

2161 2073 2392 2129 referant
2431 2085 2587 2146 atque
2613 2089 2954 2142 convertant;
3001 2079 3051 2134 id
3081 2090 3180 2147 est,
3217 2081 3285 2137 Ut
3328 2085 3610 2138 custodiant
3634 2088 3729 2156 ju-

2161 2164 2487 2234 stiﬁcationes
2514 2171 2642 2238 ejus,
2672 2181 2718 2224 et
2747 2171 2902 2241 legem
2928 2172 3038 2234 eius
3065 2175 3336 2244 requirant.
3372 2177 3731 2248 Quzccumque

2163 2257 2324 2330 igitur
2345 2259 2446 2313 alia
2475 2261 2611 2315 bona
2642 2260 2731 2314 dat
2771 2261 2929 2328 Deus,
2959 2261 3233 2318 referenda
3261 2276 3384 2320 sunt
3426 2267 3492 2321 ad
3525 2269 3728 2337 gratui-

2161 2358 2271 2410 tum
2297 2351 2494 2404 cultum
2526 2352 2640 2425 ejus
2670 2371 2682 2405 :
2716 2353 2831 2422 ipse
2857 2364 3032 2409 autem
3064 2356 3234 2410 cultus
3258 2357 3373 2427 ejus
3409 2375 3510 2412 non
3537 2372 3616 2415 est
3647 2378 3730 2416 re.

2161 2440 2410 2498 ferendus
2439 2442 2503 2498 ad
2536 2443 2640 2498 alia
2667 2444 2826 2510 bona,
2851 2461 2966 2517 qua:
2987 2447 3078 2502 dat
3102 2448 3276 2513 Deus;
3309 2458 3434 2504 tunc
3461 2452 3612 2520 enim,
3630 2453 3733 2507 erit

2159 2534 2436 2603 gratuitas.
2467 2536 2548 2590 Ad
2573 2537 2710 2607 quod
2738 2549 3005 2594 certamen
3038 2556 3329 2611 provocans
3362 2543 3548 2609 hostis,
3567 2561 3730 2601 ausus

2159 2631 2242 2678 est
2266 2624 2443 2680 dicere
2471 2625 2615 2682 Deo:
2650 2627 2911 2698 Numquid
2939 2629 3038 2685 Job
3074 2634 3232 2703 gratis
3269 2636 3386 2688 colit
3415 2635 3576 2690 Deum
3604 2638 3732 2707 (Job

2159 2729 2198 2780 ι,
2225 2713 2324 2786 9)?
2361 2717 2529 2772 Porro
2556 2719 2600 2773 si
2628 2719 2679 2773 in
2707 2735 2916 2776 servum
2945 2725 3274 2780 venundatus
3298 2718 3515 2797 Joseph,
3545 2738 3599 2784 et
3625 2730 3729 2784 bu-

2159 2807 2411 2876 miliatus,
2432 2819 2485 2866 et
2509 2811 2790 2879 exaltatus,
2811 2813 2980 2868 locum
3006 2813 3130 2872 fecit
3158 2817 3223 2878 ad
3249 2819 3559 2888 temporalia
3587 2819 3732 2876 bona

2159 2899 2353 2969 p0pulo
2376 2900 2488 2967 Dei,
2509 2913 2566 2957 ut
2587 2904 2886 2960 ﬁrmaretur
2906 2922 3065 2978 super
3086 2907 3328 2965 iuin‘ticos
3349 2910 3466 2980 ejus
3482 2953 3498 2977 ,
3527 2925 3732 2982 quanto

2159 2993 2325 3061 magis
2351 2991 2505 3064 Jesus
2525 2995 2857 3052 venundatus
2883 3009 2938 3053 et
2967 2999 3273 3057 humiliatus
3295 3018 3322 3054 a
3345 3001 3593 3066 fratribus
3615 3007 3730 3061 suis

2159 3083 2447 3138 secundum
2472 3099 2707 3154 carnem,
2736 3097 2791 3142 et
2822 3089 3080 3145 exaltatus
3107 3091 3158 3145 in
3195 3092 3364 3156 caelis,
3396 3093 3567 3158 locum
3603 3096 3730 3151 facit

2157 3175 2225 3229 ad
2259 3184 2454 3231 aeterna
2495 3177 2631 3232 bona
2677 3179 2870 3249 populo
2901 3181 3012 3247 Dei,
3054 3183 3392 3253 triumphanti
3421 3185 3490 3241 de
3514 3185 3728 3244 diabolo

2160 3273 2214 3319 et
2238 3265 2435 3336 angelis
2465 3269 2619 3338 ejus?
2665 3270 2801 3324 Audi
2831 3288 2978 3342 ergo,
3021 3288 3203 3332 semen
3252 3275 3499 3343 Abrabm,
3525 3295 3632 3342 non
3661 3280 3729 3340 de

2158 3372 2315 3413 carne
2338 3359 2595 3428 glorians,
2620 3361 2712 3416 sed
2747 3362 2958 3419 imitans
2984 3364 3176 3429 ﬁdem;
3223 3366 3420 3432 audite,
3444 3369 3579 3429 servi
3606 3369 3724 3433 Dei,

2156 3459 2213 3504 et
2253 3451 2406 3505 electi
2434 3451 2546 3516 Dei,
2581 3455 2984 3522 promissionem
3019 3456 3272 3513 habentes
3297 3460 3415 3513 vita:
3444 3463 3727 3532 praesentis

2157 3552 2212 3596 et
2243 3542 2429 3603 futurae
2457 3542 2509 3613 (l
2537 3543 2671 3598 Tim.
2704 3561 2774 3611 tv,
2803 3545 2876 3616 8).
2911 3545 2966 3601 Si
2999 3549 3312 3605 teutationes
3340 3549 3486 3605 dura:
3523 3561 3650 3606 sunt
3676 3553 3739 3606 in.

2160 3637 2264 3690 hoc
2292 3635 2505 3704 saaculo,
2535 3637 2732 3708 Joseph
2761 3639 2812 3692 in
2843 3653 3080 3706 carcere,
3102 3640 3279 3696 Jesum
3309 3642 3358 3697 in
3397 3659 3558 3698 cruce
3577 3645 3725 3715 cogi-

2160 3734 2285 3781 tate.
2315 3726 2370 3781 Si
2401 3742 2576 3781 rerum
2609 3729 2974 3797 temporalium
3003 3732 3322 3800 prosperitas
3359 3732 3585 3804 adjacet,
3619 3751 3724 3788 non

2159 3825 2373 3885 propter
2401 3817 2568 3885 ipsam
2602 3817 2730 3880 Deo,
2754 3818 2846 3873 sed
2879 3820 2988 3890 ipsa
3019 3821 3225 3875 utimini
3267 3831 3483 3892 propter
3519 3824 3720 3880 Deum:

2158 3921 2258 3960 nec
2297 3923 2415 3960 eum
2455 3907 2768 3964 existimetis
2816 3921 3032 3980 prepter
3058 3912 3176 3966 vitae
3219 3912 3373 3984 hujus
3423 3918 3726 3972 necessaria

2156 3996 2258 4050 coli
2279 4012 2308 4050 a
2336 3997 2624 4053 cultoribus
2659 4000 2822 4067 suis‘,
2855 4017 2972 4070 quae
3008 4001 3169 4057 donat
3203 4013 3256 4059 ct
3282 4005 3725 4075 blasphematori-

2158 4088 2256 4142 bus
2281 4087 2427 4152 suis;
2471 4089 2564 4145 sed
2603 4091 2824 4159 qumrite
2856 4091 3080 4160 primum
3121 4109 3337 4164 regnum
3367 4097 3458 4151 Dei
3487 4111 3540 4154 et
3564 4098 3726 4168 justi-

2160 4181 2283 4234 tiam
2311 4180 2446 4250 ejus,
2475 4192 2528 4236 et
2566 4181 2681 4238 hwc
2724 4182 2901 4237 omnia
2945 4197 3280 4254 opponentur
3313 4189 3462 4244 vobis
3506 4189 3724 4263 (Matth.

2159 4287 2232 4337 vt,
2256 4272 2366 4342 35).
2421 4282 2424 4286 ί

2157 4402 3724 4430 .__.________.__________________.

2607 4479 2687 4540 IN
2729 4453 3106 4543 P'SALMUM
3160 4484 3263 4546 cv

2735 4599 3148 4659 ENARRATIO.

2230 4713 2280 4768 l.
2323 4713 2563 4769 Psalmus
2591 4717 2912 4770 centesimus
2934 4717 3146 4786 quintus
3173 4719 3331 4773 etiam
3375 4720 3484 4789 ipse
3513 4738 3726 4790 praeno-

2158 4811 2317 4870 tatur,
2344 4804 2563 4858 Alleluia
2584 4822 2604 4859 :
2629 4816 2680 4860 et
2719 4806 2817 4859 hoc
2847 4808 3144 4876 dupliciter.
3173 4809 3276 4863 Sed
3303 4812 3513 4881 quidam
3543 4814 3728 4871 dicunt

2159 4913 2319 4951 unum
2353 4898 2573 4953 Alleluia
2605 4899 2867 4966 pertinere
2895 4900 2959 4962 ad
2992 4901 3146 4955 ﬁnem
3191 4905 3376 4972 psalmi
3407 4908 3724 4976 superioris,

2157 4989 2380 5044 alterum
2407 4989 2473 5048 ad
2499 4989 2653 5057 hujus
2696 4991 3027 5059 principium.
3069 4991 3136 5046 Et
3165 4993 3262 5047 hoc
3291 5007 3535 5051 asserunt
3575 5002 3721 5069 quod

2158 5096 2344 5135 omnes
2393 5079 2706 5135 Alleluiatici
2784 5083 2967 5150 psalmi
3043 5082 3269 5139 habeant
3333 5088 3384 5140 in
3463 5087 3567 5144 ﬁne
3628 5093 3730 5146 Αι-

2163 5174 2336 5240 leluia,
2365 5188 2469 5227 non
2497 5187 2682 5227 omnes
2708 5173 2759 5227 in
2799 5175 2970 5242 capite
2999 5193 3011 5229 :
3042 5176 3182 5231 unde
3222 5177 3541 5252 quicumque
3589 5184 3733 5251 psal-

2161 5282 2278 5320 mus
2307 5280 2410 5318 nou
2445 5263 2602 5318 habet
2645 5265 2697 5318 in
2728 5263 2829 5320 ﬁne
2867 5266 3110 5329 Alleluia,
3142 5283 3239 5322 nec
3270 5268 3321 5323 in
3351 5272 3520 5340 capite
3547 5274 3734 5330 volunt

2159 5373 2280 5412 eum
2310 5358 2535 5424 habere;
2567 5356 2706 5427 quod
2743 5367 2918 5412 autem
2946 5360 2995 5412 in
3023 5359 3138 5428 ejus
3163 5361 3334 5430 capite
3362 5363 3567 5418 videtur
3586 5382 3733 5435 esse,

2160 5449 2224 5502 ad
2252 5451 2408 5504 ﬁnem
2437 5450 2724 5519 Superioris
2749 5435 3030 5518 pertinere.
3059 5451 3165 5514 Sed
3203 5467 3298 5507 nos
3329 5469 3601 5524 quousque
3628 5472 3730 5508 no-

2161 5539 2241 5596 bis
2265 5540 2525 5611 aliquibus
2561 5540 2720 5596 certis
2762 5539 3093 5596 documentis
3135 5542 3186 5596 id
3231 5558 3410 5598 verum
3456 5558 3573 5599 esse
3605 5561 3722 5615 per-

2227 5701 2242 5730 ι
2270 5697 2641 5761 Plerique_tttss.,
2657 5703 2863 5761 propter
2887 5695 3030 5761 hujus
3055 5697 3163 5749 vita:
3203 5701 3491 5760 necessaria,
3512 5713 3733 5751 necessa-

2164 5760 2291 5811 rium
2313 5758 2570 5811 (ultoribus
2592 5759 2707 5810 tntis.
