  <div class='ocr_page' id='page_1' title='image "/cluster/home/n/w/nwhite01/storage/ocr_20150623/37/hvd.32044096580592/198.png"; bbox 0 0 4026 6202; ppageno 0'>
   <div class='ocr_carea' id='block_1_1' title="bbox 293 299 447 355">
    <p class='ocr_par' dir='ltr' id='par_1_1' title="bbox 293 299 447 355">
     <span class='ocr_line' id='line_1_1' title="bbox 293 299 447 355; baseline -0.032 0"><span class='ocrx_word' id='word_1_1' title='bbox 293 299 447 355; x_wconf 67' lang='grc'><strong>1405</strong></span> 
     </span>
    </p>
   </div>
   <div class='ocr_carea' id='block_1_2' title="bbox 293 417 1877 490">
    <p class='ocr_par' dir='ltr' id='par_1_2' title="bbox 293 417 1877 490">
     <span class='ocr_line' id='line_1_2' title="bbox 293 417 1877 490; baseline -0.005 -12"><span class='ocrx_word' id='word_1_2' title='bbox 293 424 589 486; x_wconf 84' lang='lat' dir='ltr'><strong>suadeant,</strong></span> <span class='ocrx_word' id='word_1_3' title='bbox 637 423 926 478; x_wconf 88' lang='lat' dir='ltr'><strong>multorum</strong></span> <span class='ocrx_word' id='word_1_4' title='bbox 969 420 1402 478; x_wconf 73' lang='lat' dir='ltr'><strong>consuetudinem</strong></span> <span class='ocrx_word' id='word_1_5' title='bbox 1449 419 1739 490; x_wconf 76' lang='lat' dir='ltr'><strong>sequimur,</strong></span> <span class='ocrx_word' id='word_1_6' title='bbox 1787 417 1877 486; x_wconf 86' lang='lat' dir='ltr'><strong>qui</strong></span> 
     </span>
    </p>
   </div>
   <div class='ocr_carea' id='block_1_3' title="bbox 289 509 1880 586">
    <p class='ocr_par' dir='ltr' id='par_1_3' title="bbox 289 509 1880 586">
     <span class='ocr_line' id='line_1_3' title="bbox 289 509 1880 586; baseline -0.003 -17"><span class='ocrx_word' id='word_1_7' title='bbox 289 516 628 586; x_wconf 87' lang='lat' dir='ltr'><strong>ubicumque</strong></span> <span class='ocrx_word' id='word_1_8' title='bbox 657 517 841 585; x_wconf 81' lang='lat' dir='ltr'><strong>legunt</strong></span> <span class='ocrx_word' id='word_1_9' title='bbox 862 515 1104 578; x_wconf 84' lang='lat' dir='ltr'><strong>Alleluia,</strong></span> <span class='ocrx_word' id='word_1_10' title='bbox 1127 512 1302 570; x_wconf 88' lang='lat' dir='ltr'><strong>eidem</strong></span> <span class='ocrx_word' id='word_1_11' title='bbox 1332 513 1531 583; x_wconf 78' lang='lat' dir='ltr'><strong>psalmo</strong></span> <span class='ocrx_word' id='word_1_12' title='bbox 1559 509 1880 575; x_wconf 86' lang='lat' dir='ltr'><strong>attribuunt,-</strong></span> 
     </span>
    </p>
   </div>
   <div class='ocr_carea' id='block_1_4' title="bbox 288 601 1874 676">
    <p class='ocr_par' dir='ltr' id='par_1_4' title="bbox 288 601 1874 676">
     <span class='ocr_line' id='line_1_4' title="bbox 288 601 1874 676; baseline -0.003 -16"><span class='ocrx_word' id='word_1_13' title='bbox 288 609 345 660; x_wconf 90' lang='lat' dir='ltr'><strong>in</strong></span> <span class='ocrx_word' id='word_1_14' title='bbox 379 607 541 676; x_wconf 85' lang='lat' dir='ltr'><strong>cujus</strong></span> <span class='ocrx_word' id='word_1_15' title='bbox 569 606 669 661; x_wconf 88' lang='lat' dir='ltr'><strong>hoc</strong></span> <span class='ocrx_word' id='word_1_16' title='bbox 697 605 869 675; x_wconf 78' lang='lat' dir='ltr'><strong>capite</strong></span> <span class='ocrx_word' id='word_1_17' title='bbox 891 605 1181 659; x_wconf 88' lang='lat' dir='ltr'><strong>inveniunt.</strong></span> <span class='ocrx_word' id='word_1_18' title='bbox 1224 603 1529 658; x_wconf 84' lang='lat' dir='ltr'><strong>Paucissimi</strong></span> <span class='ocrx_word' id='word_1_19' title='bbox 1561 602 1700 658; x_wconf 88' lang='lat' dir='ltr'><strong>enim</strong></span> <span class='ocrx_word' id='word_1_20' title='bbox 1726 601 1874 656; x_wconf 86' lang='lat' dir='ltr'><strong>codi-</strong></span> 
     </span>
    </p>
   </div>
   <div class='ocr_carea' id='block_1_5' title="bbox 286 692 1874 767">
    <p class='ocr_par' dir='ltr' id='par_1_5' title="bbox 286 692 1874 767">
     <span class='ocr_line' id='line_1_5' title="bbox 286 692 1874 767; baseline -0.003 -17"><span class='ocrx_word' id='word_1_21' title='bbox 286 713 387 753; x_wconf 81' lang='lat' dir='ltr'><strong>ces</strong></span> <span class='ocrx_word' id='word_1_22' title='bbox 438 707 566 752; x_wconf 84' lang='lat' dir='ltr'><strong>sunt</strong></span> <span class='ocrx_word' id='word_1_23' title='bbox 609 696 770 767; x_wconf 87' lang='lat' dir='ltr'><strong>(quod</strong></span> <span class='ocrx_word' id='word_1_24' title='bbox 798 695 1008 765; x_wconf 87' lang='lat' dir='ltr'><strong>quidem</strong></span> <span class='ocrx_word' id='word_1_25' title='bbox 1059 696 1109 749; x_wconf 92' lang='lat' dir='ltr'><strong>in</strong></span> <span class='ocrx_word' id='word_1_26' title='bbox 1155 694 1300 748; x_wconf 90' lang='lat' dir='ltr'><strong>nullo</strong></span> <span class='ocrx_word' id='word_1_27' title='bbox 1343 708 1633 764; x_wconf 53' lang='lat' dir='ltr'><strong>graecorum</strong></span> <span class='ocrx_word' id='word_1_28' title='bbox 1676 692 1874 762; x_wconf 85' lang='lat' dir='ltr'><strong>reperi,</strong></span> 
     </span>
    </p>
   </div>
   <div class='ocr_carea' id='block_1_6' title="bbox 285 785 1874 858">
    <p class='ocr_par' dir='ltr' id='par_1_6' title="bbox 285 785 1874 858">
     <span class='ocr_line' id='line_1_6' title="bbox 285 785 1874 858; baseline -0.001 -18"><span class='ocrx_word' id='word_1_29' title='bbox 285 803 433 857; x_wconf 86' lang='lat' dir='ltr'><strong>quos</strong></span> <span class='ocrx_word' id='word_1_30' title='bbox 478 789 745 857; x_wconf 85' lang='lat' dir='ltr'><strong>inspicere</strong></span> <span class='ocrx_word' id='word_1_31' title='bbox 790 788 993 858; x_wconf 89' lang='lat' dir='ltr'><strong>potui),</strong></span> <span class='ocrx_word' id='word_1_32' title='bbox 1023 787 1110 855; x_wconf 89' lang='lat' dir='ltr'><strong>qui</strong></span> <span class='ocrx_word' id='word_1_33' title='bbox 1149 786 1376 840; x_wconf 88' lang='lat' dir='ltr'><strong>habeant</strong></span> <span class='ocrx_word' id='word_1_34' title='bbox 1411 785 1634 839; x_wconf 76' lang='lat' dir='ltr'><strong>Alleluia</strong></span> <span class='ocrx_word' id='word_1_35' title='bbox 1677 785 1727 838; x_wconf 92' lang='lat' dir='ltr'><strong>in</strong></span> <span class='ocrx_word' id='word_1_36' title='bbox 1769 786 1874 839; x_wconf 83' lang='lat' dir='ltr'><strong>line</strong></span> 
     </span>
    </p>
   </div>
   <div class='ocr_carea' id='block_1_7' title="bbox 285 875 1872 948">
    <p class='ocr_par' dir='ltr' id='par_1_7' title="bbox 285 875 1872 948">
     <span class='ocr_line' id='line_1_7' title="bbox 285 875 1872 948; baseline -0.002 -16"><span class='ocrx_word' id='word_1_37' title='bbox 285 879 577 933; x_wconf 79' lang='lat' dir='ltr'><strong>centesimi</strong></span> <span class='ocrx_word' id='word_1_38' title='bbox 607 888 656 932; x_wconf 89' lang='lat' dir='ltr'><strong>et</strong></span> <span class='ocrx_word' id='word_1_39' title='bbox 687 879 1101 948; x_wconf 78' lang='lat' dir='ltr'><strong>quinquagesimi</strong></span> <span class='ocrx_word' id='word_1_40' title='bbox 1135 878 1387 947; x_wconf 70' lang='lat' dir='ltr'><strong>psalmi’;</strong></span> <span class='ocrx_word' id='word_1_41' title='bbox 1432 885 1548 946; x_wconf 87' lang='lat' dir='ltr'><strong>post</strong></span> <span class='ocrx_word' id='word_1_42' title='bbox 1571 891 1728 946; x_wconf 86' lang='lat' dir='ltr'><strong>quem</strong></span> <span class='ocrx_word' id='word_1_43' title='bbox 1760 875 1872 944; x_wconf 91' lang='lat' dir='ltr'><strong>jam</strong></span> 
     </span>
    </p>
   </div>
   <div class='ocr_carea' id='block_1_8' title="bbox 287 966 1871 1038">
    <p class='ocr_par' dir='ltr' id='par_1_8' title="bbox 287 966 1871 1038">
     <span class='ocr_line' id='line_1_8' title="bbox 287 966 1871 1038; baseline -0.001 -16"><span class='ocrx_word' id='word_1_44' title='bbox 287 968 476 1022; x_wconf 88' lang='lat' dir='ltr'><strong>nullus</strong></span> <span class='ocrx_word' id='word_1_45' title='bbox 506 969 702 1038; x_wconf 90' lang='lat' dir='ltr'><strong>estqui</strong></span> <span class='ocrx_word' id='word_1_46' title='bbox 730 969 796 1022; x_wconf 88' lang='lat' dir='ltr'><strong>ad</strong></span> <span class='ocrx_word' id='word_1_47' title='bbox 824 968 1067 1023; x_wconf 87' lang='lat' dir='ltr'><strong>eumdem</strong></span> <span class='ocrx_word' id='word_1_48' title='bbox 1095 983 1350 1022; x_wconf 90' lang='lat' dir='ltr'><strong>canonem</strong></span> <span class='ocrx_word' id='word_1_49' title='bbox 1379 968 1623 1037; x_wconf 82' lang='lat' dir='ltr'><strong>pertinet.</strong></span> <span class='ocrx_word' id='word_1_50' title='bbox 1651 966 1756 1022; x_wconf 89' lang='lat' dir='ltr'><strong>Sed</strong></span> <span class='ocrx_word' id='word_1_51' title='bbox 1781 982 1871 1020; x_wconf 88' lang='lat' dir='ltr'><strong>ne-</strong></span> 
     </span>
    </p>
   </div>
   <div class='ocr_carea' id='block_1_9' title="bbox 286 1061 1870 1133">
    <p class='ocr_par' dir='ltr' id='par_1_9' title="bbox 286 1061 1870 1133">
     <span class='ocr_line' id='line_1_9' title="bbox 286 1061 1870 1133; baseline 0.001 -16"><span class='ocrx_word' id='word_1_52' title='bbox 286 1079 396 1131; x_wconf 84' lang='lat' dir='ltr'><strong>que</strong></span> <span class='ocrx_word' id='word_1_53' title='bbox 443 1061 550 1117; x_wconf 84' lang='lat' dir='ltr'><strong>hoc</strong></span> <span class='ocrx_word' id='word_1_54' title='bbox 604 1073 782 1133; x_wconf 83' lang='lat' dir='ltr'><strong>posset</strong></span> <span class='ocrx_word' id='word_1_55' title='bbox 824 1062 1166 1132; x_wconf 72' lang='lat' dir='ltr'><strong>przescribere</strong></span> <span class='ocrx_word' id='word_1_56' title='bbox 1217 1062 1613 1129; x_wconf 84' lang='lat' dir='ltr'><strong>consuetudini,</strong></span> <span class='ocrx_word' id='word_1_57' title='bbox 1662 1064 1870 1118; x_wconf 85' lang='lat' dir='ltr'><strong>etiamsi</strong></span> 
     </span>
    </p>
   </div>
   <div class='ocr_carea' id='block_1_10' title="bbox 286 1153 1870 1224">
    <p class='ocr_par' dir='ltr' id='par_1_10' title="bbox 286 1153 1870 1224">
     <span class='ocr_line' id='line_1_10' title="bbox 286 1153 1870 1224; baseline 0.003 -19"><span class='ocrx_word' id='word_1_58' title='bbox 286 1169 483 1208; x_wconf 87' lang='lat' dir='ltr'><strong>omnes</strong></span> <span class='ocrx_word' id='word_1_59' title='bbox 527 1153 742 1209; x_wconf 86' lang='lat' dir='ltr'><strong>codices</strong></span> <span class='ocrx_word' id='word_1_60' title='bbox 789 1154 841 1208; x_wconf 89' lang='lat' dir='ltr'><strong>id</strong></span> <span class='ocrx_word' id='word_1_61' title='bbox 890 1155 1160 1210; x_wconf 84' lang='lat' dir='ltr'><strong>haberent.</strong></span> <span class='ocrx_word' id='word_1_62' title='bbox 1222 1155 1362 1208; x_wconf 85' lang='lat' dir='ltr'><strong>Fieri</strong></span> <span class='ocrx_word' id='word_1_63' title='bbox 1407 1156 1548 1209; x_wconf 88' lang='lat' dir='ltr'><strong>enim</strong></span> <span class='ocrx_word' id='word_1_64' title='bbox 1597 1156 1765 1224; x_wconf 90' lang='lat' dir='ltr'><strong>potuit</strong></span> <span class='ocrx_word' id='word_1_65' title='bbox 1812 1165 1870 1210; x_wconf 88' lang='lat' dir='ltr'><strong>ut</strong></span> 
     </span>
    </p>
   </div>
   <div class='ocr_carea' id='block_1_11' title="bbox 283 1245 1866 1320">
    <p class='ocr_par' dir='ltr' id='par_1_11' title="bbox 283 1245 1866 1320">
     <span class='ocr_line' id='line_1_11' title="bbox 283 1245 1866 1320; baseline 0.001 -21"><span class='ocrx_word' id='word_1_66' title='bbox 283 1245 467 1314; x_wconf 85' lang='lat' dir='ltr'><strong>aliqua</strong></span> <span class='ocrx_word' id='word_1_67' title='bbox 496 1246 712 1300; x_wconf 83' lang='lat' dir='ltr'><strong>ratione</strong></span> <span class='ocrx_word' id='word_1_68' title='bbox 741 1247 1052 1300; x_wconf 86' lang='lat' dir='ltr'><strong>laudationis</strong></span> <span class='ocrx_word' id='word_1_69' title='bbox 1077 1246 1165 1300; x_wconf 88' lang='lat' dir='ltr'><strong>Dei</strong></span> <span class='ocrx_word' id='word_1_70' title='bbox 1190 1246 1677 1320; x_wconf 11' lang='lat' dir='ltr'><strong>torus‘Psalmorum</strong></span> <span class='ocrx_word' id='word_1_71' title='bbox 1708 1247 1866 1315; x_wconf 89' lang='lat' dir='ltr'><strong>liber,</strong></span> 
     </span>
    </p>
   </div>
   <div class='ocr_carea' id='block_1_12' title="bbox 284 1323 1870 1410">
    <p class='ocr_par' dir='ltr' id='par_1_12' title="bbox 284 1323 1870 1410">
     <span class='ocr_line' id='line_1_12' title="bbox 284 1323 1870 1410; baseline 0.004 -23"><span class='ocrx_word' id='word_1_72' title='bbox 284 1340 373 1406; x_wconf 84' lang='lat' dir='ltr'><strong>qui</strong></span> <span class='ocrx_word' id='word_1_73' title='bbox 408 1337 567 1393; x_wconf 87' lang='lat' dir='ltr'><strong>libris</strong></span> <span class='ocrx_word' id='word_1_74' title='bbox 596 1337 828 1408; x_wconf 89' lang='lat' dir='ltr'><strong>quinque</strong></span> <span class='ocrx_word' id='word_1_75' title='bbox 851 1349 1096 1393; x_wconf 86' lang='lat' dir='ltr'><strong>constare</strong></span> <span class='ocrx_word' id='word_1_76' title='bbox 1121 1323 1430 1408; x_wconf 79' lang='lat' dir='ltr'><strong>perhibetur</strong></span> <span class='ocrx_word' id='word_1_77' title='bbox 1456 1340 1607 1410; x_wconf 87' lang='lat' dir='ltr'><strong>(nam</strong></span> <span class='ocrx_word' id='word_1_78' title='bbox 1631 1341 1716 1394; x_wconf 90' lang='lat' dir='ltr'><strong>ubi</strong></span> <span class='ocrx_word' id='word_1_79' title='bbox 1738 1341 1870 1394; x_wconf 77' lang='lat' dir='ltr'><strong>scri-</strong></span> 
     </span>
    </p>
   </div>
   <div class='ocr_carea' id='block_1_13' title="bbox 291 1427 1861 1502">
    <p class='ocr_par' dir='ltr' id='par_1_13' title="bbox 291 1427 1861 1502">
     <span class='ocr_line' id='line_1_13' title="bbox 291 1427 1861 1502; baseline 0.001 -20"><span class='ocrx_word' id='word_1_80' title='bbox 291 1439 439 1498; x_wconf 89' lang='lat' dir='ltr'><strong>ptum</strong></span> <span class='ocrx_word' id='word_1_81' title='bbox 473 1439 579 1493; x_wconf 90' lang='lat' dir='ltr'><strong>est,</strong></span> <span class='ocrx_word' id='word_1_82' title='bbox 618 1427 760 1493; x_wconf 88' lang='lat' dir='ltr'><strong>Fiat,</strong></span> <span class='ocrx_word' id='word_1_83' title='bbox 791 1430 901 1498; x_wconf 82' lang='lat' dir='ltr'><strong>fiat,</strong></span> <span class='ocrx_word' id='word_1_84' title='bbox 935 1429 1004 1483; x_wconf 89' lang='lat' dir='ltr'><strong>ibi</strong></span> <span class='ocrx_word' id='word_1_85' title='bbox 1042 1429 1173 1484; x_wconf 89' lang='lat' dir='ltr'><strong>ﬁnes</strong></span> <span class='ocrx_word' id='word_1_86' title='bbox 1201 1429 1457 1484; x_wconf 90' lang='lat' dir='ltr'><strong>librorum</strong></span> <span class='ocrx_word' id='word_1_87' title='bbox 1486 1446 1605 1485; x_wconf 90' lang='lat' dir='ltr'><strong>esse</strong></span> <span class='ocrx_word' id='word_1_88' title='bbox 1633 1431 1861 1502; x_wconf 89' lang='lat' dir='ltr'><strong>dicunt),</strong></span> 
     </span>
    </p>
   </div>
   <div class='ocr_carea' id='block_1_14' title="bbox 284 1520 1866 1590">
    <p class='ocr_par' dir='ltr' id='par_1_14' title="bbox 284 1520 1866 1590">
     <span class='ocr_line' id='line_1_14' title="bbox 284 1520 1866 1590; baseline 0.001 -16"><span class='ocrx_word' id='word_1_89' title='bbox 284 1529 402 1590; x_wconf 82' lang='lat' dir='ltr'><strong>post</strong></span> <span class='ocrx_word' id='word_1_90' title='bbox 433 1521 617 1573; x_wconf 84' lang='lat' dir='ltr'><strong>omnia</strong></span> <span class='ocrx_word' id='word_1_91' title='bbox 659 1535 776 1590; x_wconf 65' lang='lat' dir='ltr'><strong>qua;</strong></span> <span class='ocrx_word' id='word_1_92' title='bbox 803 1529 1010 1575; x_wconf 89' lang='lat' dir='ltr'><strong>cantata</strong></span> <span class='ocrx_word' id='word_1_93' title='bbox 1053 1528 1201 1586; x_wconf 87' lang='lat' dir='ltr'><strong>sunt,</strong></span> <span class='ocrx_word' id='word_1_94' title='bbox 1231 1520 1418 1574; x_wconf 89' lang='lat' dir='ltr'><strong>ultimo</strong></span> <span class='ocrx_word' id='word_1_95' title='bbox 1459 1521 1680 1575; x_wconf 86' lang='lat' dir='ltr'><strong>Alleluia</strong></span> <span class='ocrx_word' id='word_1_96' title='bbox 1715 1523 1866 1576; x_wconf 90' lang='lat' dir='ltr'><strong>clau-</strong></span> 
     </span>
    </p>
   </div>
   <div class='ocr_carea' id='block_1_15' title="bbox 289 1610 1864 1682">
    <p class='ocr_par' dir='ltr' id='par_1_15' title="bbox 289 1610 1864 1682">
     <span class='ocr_line' id='line_1_15' title="bbox 289 1610 1864 1682; baseline 0.002 -18"><span class='ocrx_word' id='word_1_97' title='bbox 289 1610 511 1665; x_wconf 85' lang='lat' dir='ltr'><strong>deretur</strong></span> <span class='ocrx_word' id='word_1_98' title='bbox 539 1627 554 1662; x_wconf 90' lang='lat'>:</span> <span class='ocrx_word' id='word_1_99' title='bbox 593 1625 692 1665; x_wconf 90' lang='lat' dir='ltr'><strong>nec</strong></span> <span class='ocrx_word' id='word_1_100' title='bbox 732 1621 944 1681; x_wconf 79' lang='lat' dir='ltr'><strong>propter</strong></span> <span class='ocrx_word' id='word_1_101' title='bbox 974 1610 1128 1666; x_wconf 91' lang='lat' dir='ltr'><strong>ﬁnem</strong></span> <span class='ocrx_word' id='word_1_102' title='bbox 1159 1613 1431 1666; x_wconf 86' lang='lat' dir='ltr'><strong>centesimi</strong></span> <span class='ocrx_word' id='word_1_103' title='bbox 1459 1623 1513 1667; x_wconf 93' lang='lat' dir='ltr'><strong>et</strong></span> <span class='ocrx_word' id='word_1_104' title='bbox 1538 1614 1864 1682; x_wconf 74' lang='lat' dir='ltr'><strong>quinquage-</strong></span> 
     </span>
    </p>
   </div>
   <div class='ocr_carea' id='block_1_16' title="bbox 285 1703 1863 1772">
    <p class='ocr_par' dir='ltr' id='par_1_16' title="bbox 285 1703 1863 1772">
     <span class='ocr_line' id='line_1_16' title="bbox 285 1703 1863 1772; baseline 0.004 -16"><span class='ocrx_word' id='word_1_105' title='bbox 285 1703 407 1756; x_wconf 79' lang='lat' dir='ltr'><strong>simi</strong></span> <span class='ocrx_word' id='word_1_106' title='bbox 432 1703 629 1772; x_wconf 84' lang='lat' dir='ltr'><strong>psalmi</strong></span> <span class='ocrx_word' id='word_1_107' title='bbox 665 1719 882 1759; x_wconf 90' lang='lat' dir='ltr'><strong>necesse</strong></span> <span class='ocrx_word' id='word_1_108' title='bbox 907 1719 1026 1759; x_wconf 91' lang='lat' dir='ltr'><strong>esse</strong></span> <span class='ocrx_word' id='word_1_109' title='bbox 1055 1705 1227 1769; x_wconf 88' lang='lat' dir='ltr'><strong>video,</strong></span> <span class='ocrx_word' id='word_1_110' title='bbox 1253 1715 1308 1759; x_wconf 91' lang='lat' dir='ltr'><strong>nt</strong></span> <span class='ocrx_word' id='word_1_111' title='bbox 1335 1719 1521 1760; x_wconf 89' lang='lat' dir='ltr'><strong>omnes</strong></span> <span class='ocrx_word' id='word_1_112' title='bbox 1549 1705 1863 1762; x_wconf 89' lang='lat' dir='ltr'><strong>Alleluiatici</strong></span> 
     </span>
    </p>
   </div>
   <div class='ocr_carea' id='block_1_17' title="bbox 284 1791 1863 1867">
    <p class='ocr_par' dir='ltr' id='par_1_17' title="bbox 284 1791 1863 1867">
     <span class='ocr_line' id='line_1_17' title="bbox 284 1791 1863 1867; baseline 0.004 -21"><span class='ocrx_word' id='word_1_113' title='bbox 284 1795 472 1862; x_wconf 86' lang='lat' dir='ltr'><strong>psalmi</strong></span> <span class='ocrx_word' id='word_1_114' title='bbox 507 1795 561 1848; x_wconf 93' lang='lat' dir='ltr'><strong>in</strong></span> <span class='ocrx_word' id='word_1_115' title='bbox 601 1794 706 1848; x_wconf 89' lang='lat' dir='ltr'><strong>ﬁne</strong></span> <span class='ocrx_word' id='word_1_116' title='bbox 735 1791 1226 1851; x_wconf 51' lang='lat' dir='ltr'><strong>habeant&#39;Alleluia.</strong></span> <span class='ocrx_word' id='word_1_117' title='bbox 1261 1797 1389 1852; x_wconf 91' lang='lat' dir='ltr'><strong>Cum</strong></span> <span class='ocrx_word' id='word_1_118' title='bbox 1433 1811 1558 1851; x_wconf 87' lang='lat' dir='ltr'><strong>vero</strong></span> <span class='ocrx_word' id='word_1_119' title='bbox 1601 1799 1653 1851; x_wconf 92' lang='lat' dir='ltr'><strong>in</strong></span> <span class='ocrx_word' id='word_1_120' title='bbox 1692 1799 1863 1867; x_wconf 88' lang='lat' dir='ltr'><strong>capite</strong></span> 
     </span>
    </p>
   </div>
   <div class='ocr_carea' id='block_1_18' title="bbox 285 1873 1861 1958">
    <p class='ocr_par' dir='ltr' id='par_1_18' title="bbox 285 1873 1861 1958">
     <span class='ocr_line' id='line_1_18' title="bbox 285 1873 1861 1958; baseline 0.004 -21"><span class='ocrx_word' id='word_1_121' title='bbox 285 1885 475 1953; x_wconf 83' lang='lat' dir='ltr'><strong>psalmi</strong></span> <span class='ocrx_word' id='word_1_122' title='bbox 515 1885 817 1954; x_wconf 74' lang='lat' dir='ltr'><strong>geminatur</strong></span> <span class='ocrx_word' id='word_1_123' title='bbox 859 1887 1101 1951; x_wconf 83' lang='lat' dir='ltr'><strong>Alleluia,</strong></span> <span class='ocrx_word' id='word_1_124' title='bbox 1144 1902 1238 1942; x_wconf 91' lang='lat' dir='ltr'><strong>cur</strong></span> <span class='ocrx_word' id='word_1_125' title='bbox 1282 1873 1539 1942; x_wconf 76' lang='lat' dir='ltr'><strong>Dominus</strong></span> <span class='ocrx_word' id='word_1_126' title='bbox 1580 1888 1861 1958; x_wconf 86' lang='lat' dir='ltr'><strong>aliquando</strong></span> 
     </span>
    </p>
   </div>
   <div class='ocr_carea' id='block_1_19' title="bbox 283 1975 1858 2045">
    <p class='ocr_par' dir='ltr' id='par_1_19' title="bbox 283 1975 1858 2045">
     <span class='ocr_line' id='line_1_19' title="bbox 283 1975 1858 2045; baseline 0.003 -16"><span class='ocrx_word' id='word_1_127' title='bbox 283 1975 470 2038; x_wconf 81' lang='lat' dir='ltr'><strong>semel,</strong></span> <span class='ocrx_word' id='word_1_128' title='bbox 523 1976 808 2045; x_wconf 85' lang='lat' dir='ltr'><strong>aliquando</strong></span> <span class='ocrx_word' id='word_1_129' title='bbox 850 1978 933 2032; x_wconf 90' lang='lat' dir='ltr'><strong>bis</strong></span> <span class='ocrx_word' id='word_1_130' title='bbox 975 1979 1102 2032; x_wconf 83' lang='lat' dir='ltr'><strong>dicit</strong></span> <span class='ocrx_word' id='word_1_131' title='bbox 1145 1979 1322 2043; x_wconf 82' lang='lat' dir='ltr'><strong>Amen,</strong></span> <span class='ocrx_word' id='word_1_132' title='bbox 1352 1989 1405 2034; x_wconf 91' lang='lat' dir='ltr'><strong>et</strong></span> <span class='ocrx_word' id='word_1_133' title='bbox 1443 1995 1508 2034; x_wconf 89' lang='lat' dir='ltr'><strong>eo</strong></span> <span class='ocrx_word' id='word_1_134' title='bbox 1556 1980 1713 2034; x_wconf 89' lang='lat' dir='ltr'><strong>modo</strong></span> <span class='ocrx_word' id='word_1_135' title='bbox 1753 1996 1858 2035; x_wconf 92' lang='lat' dir='ltr'><strong>non</strong></span> 
     </span>
    </p>
   </div>
   <div class='ocr_carea' id='block_1_20' title="bbox 286 2068 1853 2140">
    <p class='ocr_par' dir='ltr' id='par_1_20' title="bbox 286 2068 1853 2140">
     <span class='ocr_line' id='line_1_20' title="bbox 286 2068 1853 2140; baseline 0.006 -21"><span class='ocrx_word' id='word_1_136' title='bbox 286 2068 452 2136; x_wconf 86' lang='lat' dir='ltr'><strong>possit</strong></span> <span class='ocrx_word' id='word_1_137' title='bbox 489 2068 778 2138; x_wconf 86' lang='lat' dir='ltr'><strong>aliquando</strong></span> <span class='ocrx_word' id='word_1_138' title='bbox 807 2073 994 2134; x_wconf 86' lang='lat' dir='ltr'><strong>semel,</strong></span> <span class='ocrx_word' id='word_1_139' title='bbox 1027 2071 1307 2140; x_wconf 87' lang='lat' dir='ltr'><strong>aliquando</strong></span> <span class='ocrx_word' id='word_1_140' title='bbox 1347 2073 1428 2128; x_wconf 88' lang='lat' dir='ltr'><strong>bis</strong></span> <span class='ocrx_word' id='word_1_141' title='bbox 1473 2073 1690 2127; x_wconf 78' lang='lat' dir='ltr'><strong>Alleluia</strong></span> <span class='ocrx_word' id='word_1_142' title='bbox 1727 2073 1853 2138; x_wconf 88' lang='lat' dir='ltr'><strong>dici,</strong></span> 
     </span>
    </p>
   </div>
   <div class='ocr_carea' id='block_1_21' title="bbox 283 2159 1859 2235">
    <p class='ocr_par' dir='ltr' id='par_1_21' title="bbox 283 2159 1859 2235">
     <span class='ocr_line' id='line_1_21' title="bbox 283 2159 1859 2235; baseline 0.006 -25"><span class='ocrx_word' id='word_1_143' title='bbox 283 2159 465 2213; x_wconf 90' lang='lat' dir='ltr'><strong>nescio</strong></span> <span class='ocrx_word' id='word_1_144' title='bbox 508 2177 524 2212; x_wconf 88' lang='lat'><strong>:</strong></span> <span class='ocrx_word' id='word_1_145' title='bbox 575 2161 869 2228; x_wconf 65' lang='lat' dir='ltr'><strong>praesertim</strong></span> <span class='ocrx_word' id='word_1_146' title='bbox 918 2164 1040 2231; x_wconf 87' lang='lat' dir='ltr'><strong>quia</strong></span> <span class='ocrx_word' id='word_1_147' title='bbox 1091 2173 1210 2231; x_wconf 86' lang='lat' dir='ltr'><strong>post</strong></span> <span class='ocrx_word' id='word_1_148' title='bbox 1261 2165 1465 2218; x_wconf 89' lang='lat' dir='ltr'><strong>numeri</strong></span> <span class='ocrx_word' id='word_1_149' title='bbox 1505 2174 1704 2231; x_wconf 88' lang='lat' dir='ltr'><strong>notam,</strong></span> <span class='ocrx_word' id='word_1_150' title='bbox 1753 2181 1859 2235; x_wconf 88' lang='lat' dir='ltr'><strong>quo</strong></span> 
     </span>
    </p>
   </div>
   <div class='ocr_carea' id='block_1_22' title="bbox 283 2250 1856 2322">
    <p class='ocr_par' dir='ltr' id='par_1_22' title="bbox 283 2250 1856 2322">
     <span class='ocr_line' id='line_1_22' title="bbox 283 2250 1856 2322; baseline 0.006 -21"><span class='ocrx_word' id='word_1_151' title='bbox 283 2250 518 2318; x_wconf 87' lang='lat' dir='ltr'><strong>psalmus</strong></span> <span class='ocrx_word' id='word_1_152' title='bbox 541 2250 844 2305; x_wconf 84' lang='lat' dir='ltr'><strong>inscribitur</strong></span> <span class='ocrx_word' id='word_1_153' title='bbox 875 2263 1064 2322; x_wconf 89' lang='lat' dir='ltr'><strong>quotus</strong></span> <span class='ocrx_word' id='word_1_154' title='bbox 1091 2254 1178 2317; x_wconf 88' lang='lat' dir='ltr'><strong>sit,</strong></span> <span class='ocrx_word' id='word_1_155' title='bbox 1210 2254 1366 2308; x_wconf 88' lang='lat' dir='ltr'><strong>veluti</strong></span> <span class='ocrx_word' id='word_1_156' title='bbox 1407 2255 1506 2310; x_wconf 88' lang='lat' dir='ltr'><strong>iste</strong></span> <span class='ocrx_word' id='word_1_157' title='bbox 1533 2257 1856 2311; x_wconf 87' lang='lat' dir='ltr'><strong>centesimus</strong></span> 
     </span>
    </p>
   </div>
   <div class='ocr_carea' id='block_1_23' title="bbox 283 2342 1858 2416">
    <p class='ocr_par' dir='ltr' id='par_1_23' title="bbox 283 2342 1858 2416">
     <span class='ocr_line' id='line_1_23' title="bbox 283 2342 1858 2416; baseline 0.005 -21"><span class='ocrx_word' id='word_1_158' title='bbox 283 2342 521 2411; x_wconf 87' lang='lat' dir='ltr'><strong>quintus,</strong></span> <span class='ocrx_word' id='word_1_159' title='bbox 562 2353 843 2414; x_wconf 89' lang='lat' dir='ltr'><strong>utrumque</strong></span> <span class='ocrx_word' id='word_1_160' title='bbox 881 2345 1102 2400; x_wconf 88' lang='lat' dir='ltr'><strong>Alleluia</strong></span> <span class='ocrx_word' id='word_1_161' title='bbox 1143 2346 1367 2416; x_wconf 86' lang='lat' dir='ltr'><strong>positum</strong></span> <span class='ocrx_word' id='word_1_162' title='bbox 1398 2357 1495 2402; x_wconf 88' lang='lat' dir='ltr'><strong>est.</strong></span> <span class='ocrx_word' id='word_1_163' title='bbox 1543 2349 1730 2404; x_wconf 89' lang='lat' dir='ltr'><strong>Debuit</strong></span> <span class='ocrx_word' id='word_1_164' title='bbox 1757 2365 1858 2403; x_wconf 85' lang='lat' dir='ltr'><strong>au-</strong></span> 
     </span>
    </p>
   </div>
   <div class='ocr_carea' id='block_1_24' title="bbox 287 2437 1852 2506">
    <p class='ocr_par' dir='ltr' id='par_1_24' title="bbox 287 2437 1852 2506">
     <span class='ocr_line' id='line_1_24' title="bbox 287 2437 1852 2506; baseline 0.004 -18"><span class='ocrx_word' id='word_1_165' title='bbox 287 2444 383 2488; x_wconf 89' lang='lat' dir='ltr'><strong>tem</strong></span> <span class='ocrx_word' id='word_1_166' title='bbox 415 2451 588 2489; x_wconf 91' lang='lat' dir='ltr'><strong>unum</strong></span> <span class='ocrx_word' id='word_1_167' title='bbox 633 2437 752 2504; x_wconf 90' lang='lat' dir='ltr'><strong>poni</strong></span> <span class='ocrx_word' id='word_1_168' title='bbox 791 2446 912 2491; x_wconf 87' lang='lat' dir='ltr'><strong>ante</strong></span> <span class='ocrx_word' id='word_1_169' title='bbox 953 2437 1123 2506; x_wconf 89' lang='lat' dir='ltr'><strong>ipsum</strong></span> <span class='ocrx_word' id='word_1_170' title='bbox 1169 2454 1466 2502; x_wconf 87' lang='lat' dir='ltr'><strong>numerum,</strong></span> <span class='ocrx_word' id='word_1_171' title='bbox 1511 2441 1554 2493; x_wconf 93' lang='lat' dir='ltr'><strong>si</strong></span> <span class='ocrx_word' id='word_1_172' title='bbox 1593 2440 1657 2494; x_wconf 90' lang='lat' dir='ltr'><strong>ad</strong></span> <span class='ocrx_word' id='word_1_173' title='bbox 1697 2441 1852 2495; x_wconf 78' lang='lat' dir='ltr'><strong>ﬁnem</strong></span> 
     </span>
    </p>
   </div>
   <div class='ocr_carea' id='block_1_25' title="bbox 284 2527 1850 2596">
    <p class='ocr_par' dir='ltr' id='par_1_25' title="bbox 284 2527 1850 2596">
     <span class='ocr_line' id='line_1_25' title="bbox 284 2527 1850 2596; baseline 0.003 -17"><span class='ocrx_word' id='word_1_174' title='bbox 284 2527 513 2592; x_wconf 88' lang='lat' dir='ltr'><strong>pertinet</strong></span> <span class='ocrx_word' id='word_1_175' title='bbox 553 2527 878 2595; x_wconf 88' lang='lat' dir='ltr'><strong>superioris;</strong></span> <span class='ocrx_word' id='word_1_176' title='bbox 923 2537 978 2582; x_wconf 90' lang='lat' dir='ltr'><strong>et</strong></span> <span class='ocrx_word' id='word_1_177' title='bbox 1007 2537 1126 2596; x_wconf 90' lang='lat' dir='ltr'><strong>post</strong></span> <span class='ocrx_word' id='word_1_178' title='bbox 1157 2544 1430 2583; x_wconf 89' lang='lat' dir='ltr'><strong>numerum</strong></span> <span class='ocrx_word' id='word_1_179' title='bbox 1470 2529 1661 2584; x_wconf 89' lang='lat' dir='ltr'><strong>Psalmi</strong></span> <span class='ocrx_word' id='word_1_180' title='bbox 1693 2532 1850 2586; x_wconf 88' lang='lat' dir='ltr'><strong>scribi</strong></span> 
     </span>
    </p>
   </div>
   <div class='ocr_carea' id='block_1_26' title="bbox 281 2609 1851 2689">
    <p class='ocr_par' dir='ltr' id='par_1_26' title="bbox 281 2609 1851 2689">
     <span class='ocr_line' id='line_1_26' title="bbox 281 2609 1851 2689; baseline 0.006 -20"><span class='ocrx_word' id='word_1_181' title='bbox 281 2617 502 2670; x_wconf 87' lang='lat' dir='ltr'><strong>alterum</strong></span> <span class='ocrx_word' id='word_1_182' title='bbox 556 2617 800 2679; x_wconf 88' lang='lat' dir='ltr'><strong>Alleluia,</strong></span> <span class='ocrx_word' id='word_1_183' title='bbox 831 2618 970 2687; x_wconf 91' lang='lat' dir='ltr'><strong>quod</strong></span> <span class='ocrx_word' id='word_1_184' title='bbox 1017 2619 1083 2674; x_wconf 86' lang='lat' dir='ltr'><strong>ad</strong></span> <span class='ocrx_word' id='word_1_185' title='bbox 1130 2609 1390 2674; x_wconf 86' lang='lat' dir='ltr'><strong>Psalmum</strong></span> <span class='ocrx_word' id='word_1_186' title='bbox 1439 2622 1602 2689; x_wconf 88' lang='lat' dir='ltr'><strong>ipsius</strong></span> <span class='ocrx_word' id='word_1_187' title='bbox 1647 2625 1851 2680; x_wconf 90' lang='lat' dir='ltr'><strong>numeri</strong></span> 
     </span>
    </p>
   </div>
   <div class='ocr_carea' id='block_1_27' title="bbox 281 2708 1852 2782">
    <p class='ocr_par' dir='ltr' id='par_1_27' title="bbox 281 2708 1852 2782">
     <span class='ocr_line' id='line_1_27' title="bbox 281 2708 1852 2782; baseline 0.004 -21"><span class='ocrx_word' id='word_1_188' title='bbox 281 2709 528 2775; x_wconf 82' lang='lat' dir='ltr'><strong>pertinet.</strong></span> <span class='ocrx_word' id='word_1_189' title='bbox 572 2708 679 2763; x_wconf 85' lang='lat' dir='ltr'><strong>Sed</strong></span> <span class='ocrx_word' id='word_1_190' title='bbox 724 2709 947 2765; x_wconf 87' lang='lat' dir='ltr'><strong>fortasse</strong></span> <span class='ocrx_word' id='word_1_191' title='bbox 988 2720 1042 2766; x_wconf 91' lang='lat' dir='ltr'><strong>et</strong></span> <span class='ocrx_word' id='word_1_192' title='bbox 1086 2712 1137 2764; x_wconf 94' lang='lat' dir='ltr'><strong>in</strong></span> <span class='ocrx_word' id='word_1_193' title='bbox 1168 2711 1269 2766; x_wconf 92' lang='lat' dir='ltr'><strong>hoc</strong></span> <span class='ocrx_word' id='word_1_194' title='bbox 1309 2713 1548 2782; x_wconf 89' lang='lat' dir='ltr'><strong>imperita</strong></span> <span class='ocrx_word' id='word_1_195' title='bbox 1582 2714 1852 2782; x_wconf 68' lang='lat' dir='ltr'><strong>praevaluit</strong></span> 
     </span>
    </p>
   </div>
   <div class='ocr_carea' id='block_1_28' title="bbox 279 2796 1850 2872">
    <p class='ocr_par' dir='ltr' id='par_1_28' title="bbox 279 2796 1850 2872">
     <span class='ocr_line' id='line_1_28' title="bbox 279 2796 1850 2872; baseline 0.005 -20"><span class='ocrx_word' id='word_1_196' title='bbox 279 2799 643 2865; x_wconf 85' lang='lat' dir='ltr'><strong>consuetudo,</strong></span> <span class='ocrx_word' id='word_1_197' title='bbox 694 2811 747 2854; x_wconf 88' lang='lat' dir='ltr'><strong>et</strong></span> <span class='ocrx_word' id='word_1_198' title='bbox 789 2801 984 2871; x_wconf 91' lang='lat' dir='ltr'><strong>aliquid</strong></span> <span class='ocrx_word' id='word_1_199' title='bbox 1024 2802 1199 2856; x_wconf 86' lang='lat' dir='ltr'><strong>afferri</strong></span> <span class='ocrx_word' id='word_1_200' title='bbox 1247 2811 1456 2871; x_wconf 89' lang='lat' dir='ltr'><strong>potest,</strong></span> <span class='ocrx_word' id='word_1_201' title='bbox 1496 2805 1634 2872; x_wconf 91' lang='lat' dir='ltr'><strong>quod</strong></span> <span class='ocrx_word' id='word_1_202' title='bbox 1678 2796 1850 2860; x_wconf 77' lang='lat' dir='ltr'><strong>adhuc</strong></span> 
     </span>
    </p>
   </div>
   <div class='ocr_carea' id='block_1_29' title="bbox 281 2888 1846 2964">
    <p class='ocr_par' dir='ltr' id='par_1_29' title="bbox 281 2888 1846 2964">
     <span class='ocr_line' id='line_1_29' title="bbox 281 2888 1846 2964; baseline 0.006 -23"><span class='ocrx_word' id='word_1_203' title='bbox 281 2888 611 2957; x_wconf 79' lang='lat' dir='ltr'><strong>ignoramus,</strong></span> <span class='ocrx_word' id='word_1_204' title='bbox 644 2891 783 2945; x_wconf 89' lang='lat' dir='ltr'><strong>unde</strong></span> <span class='ocrx_word' id='word_1_205' title='bbox 813 2908 909 2945; x_wconf 90' lang='lat' dir='ltr'><strong>nos</strong></span> <span class='ocrx_word' id='word_1_206' title='bbox 949 2893 1115 2963; x_wconf 81' lang='lat' dir='ltr'><strong>magis</strong></span> <span class='ocrx_word' id='word_1_207' title='bbox 1141 2891 1334 2948; x_wconf 89' lang='lat' dir='ltr'><strong>docere</strong></span> <span class='ocrx_word' id='word_1_208' title='bbox 1375 2894 1568 2950; x_wconf 87' lang='lat' dir='ltr'><strong>debeat</strong></span> <span class='ocrx_word' id='word_1_209' title='bbox 1590 2895 1846 2964; x_wconf 85' lang='lat' dir='ltr'><strong>judicium</strong></span> 
     </span>
    </p>
   </div>
   <div class='ocr_carea' id='block_1_30' title="bbox 277 2979 1848 3050">
    <p class='ocr_par' dir='ltr' id='par_1_30' title="bbox 277 2979 1848 3050">
     <span class='ocr_line' id='line_1_30' title="bbox 277 2979 1848 3050; baseline 0.006 -20"><span class='ocrx_word' id='word_1_210' title='bbox 277 2979 534 3045; x_wconf 75' lang='lat' dir='ltr'><strong>veritatis,</strong></span> <span class='ocrx_word' id='word_1_211' title='bbox 564 2995 721 3049; x_wconf 89' lang='lat' dir='ltr'><strong>quam</strong></span> <span class='ocrx_word' id='word_1_212' title='bbox 752 2979 1113 3050; x_wconf 74' lang='lat' dir='ltr'><strong>praejudiciuin</strong></span> <span class='ocrx_word' id='word_1_213' title='bbox 1140 2984 1555 3040; x_wconf 86' lang='lat' dir='ltr'><strong>consuetudinis.</strong></span> <span class='ocrx_word' id='word_1_214' title='bbox 1594 2986 1740 3040; x_wconf 80' lang='lat' dir='ltr'><strong>Nunc</strong></span> <span class='ocrx_word' id='word_1_215' title='bbox 1772 2996 1848 3040; x_wconf 65' lang='lat' dir='ltr'><strong>ta.</strong></span> 
     </span>
    </p>
   </div>
   <div class='ocr_carea' id='block_1_31' title="bbox 277 3073 1850 3147">
    <p class='ocr_par' dir='ltr' id='par_1_31' title="bbox 277 3073 1850 3147">
     <span class='ocr_line' id='line_1_31' title="bbox 277 3073 1850 3147; baseline 0.005 -23"><span class='ocrx_word' id='word_1_216' title='bbox 277 3085 394 3125; x_wconf 86' lang='lat' dir='ltr'><strong>men</strong></span> <span class='ocrx_word' id='word_1_217' title='bbox 417 3081 703 3141; x_wconf 86' lang='lat' dir='ltr'><strong>antequam</strong></span> <span class='ocrx_word' id='word_1_218' title='bbox 731 3073 830 3128; x_wconf 86' lang='lat' dir='ltr'><strong>hoc</strong></span> <span class='ocrx_word' id='word_1_219' title='bbox 861 3074 1240 3143; x_wconf 84' lang='lat' dir='ltr'><strong>perdiscamus,</strong></span> <span class='ocrx_word' id='word_1_220' title='bbox 1262 3077 1576 3145; x_wconf 84' lang='lat' dir='ltr'><strong>ubicumque</strong></span> <span class='ocrx_word' id='word_1_221' title='bbox 1607 3089 1724 3147; x_wconf 92' lang='lat' dir='ltr'><strong>post</strong></span> <span class='ocrx_word' id='word_1_222' title='bbox 1750 3092 1850 3132; x_wconf 90' lang='lat' dir='ltr'><strong>nu-</strong></span> 
     </span>
    </p>
   </div>
   <div class='ocr_carea' id='block_1_32' title="bbox 277 3163 1838 3245">
    <p class='ocr_par' dir='ltr' id='par_1_32' title="bbox 277 3163 1838 3245">
     <span class='ocr_line' id='line_1_32' title="bbox 277 3163 1838 3245; baseline 0.005 -30"><span class='ocrx_word' id='word_1_223' title='bbox 277 3177 482 3216; x_wconf 86' lang='lat' dir='ltr'><strong>merum</strong></span> <span class='ocrx_word' id='word_1_224' title='bbox 517 3163 728 3232; x_wconf 87' lang='lat' dir='ltr'><strong>psalmi,</strong></span> <span class='ocrx_word' id='word_1_225' title='bbox 761 3165 873 3218; x_wconf 87' lang='lat' dir='ltr'><strong>sive</strong></span> <span class='ocrx_word' id='word_1_226' title='bbox 901 3166 1086 3232; x_wconf 90' lang='lat' dir='ltr'><strong>semel,</strong></span> <span class='ocrx_word' id='word_1_227' title='bbox 1114 3167 1226 3220; x_wconf 87' lang='lat' dir='ltr'><strong>sive</strong></span> <span class='ocrx_word' id='word_1_228' title='bbox 1255 3167 1335 3221; x_wconf 88' lang='lat' dir='ltr'><strong>bis</strong></span> <span class='ocrx_word' id='word_1_229' title='bbox 1363 3169 1718 3237; x_wconf 90' lang='lat' dir='ltr'><strong>conscriptum</strong></span> <span class='ocrx_word' id='word_1_230' title='bbox 1757 3168 1838 3245; x_wconf 54' lang='lat' dir='ltr'><strong>in.</strong></span> 
     </span>
    </p>
   </div>
   <div class='ocr_carea' id='block_1_33' title="bbox 278 3255 1846 3322">
    <p class='ocr_par' dir='ltr' id='par_1_33' title="bbox 278 3255 1846 3322">
     <span class='ocr_line' id='line_1_33' title="bbox 278 3255 1846 3322; baseline 0.007 -16"><span class='ocrx_word' id='word_1_231' title='bbox 278 3255 518 3310; x_wconf 78' lang='lat' dir='ltr'><strong>venimus</strong></span> <span class='ocrx_word' id='word_1_232' title='bbox 542 3255 789 3322; x_wconf 86' lang='lat' dir='ltr'><strong>Alleluia,</strong></span> <span class='ocrx_word' id='word_1_233' title='bbox 815 3257 1105 3311; x_wconf 88' lang='lat' dir='ltr'><strong>secundum</strong></span> <span class='ocrx_word' id='word_1_234' title='bbox 1149 3259 1551 3314; x_wconf 87' lang='lat' dir='ltr'><strong>celeberrimam</strong></span> <span class='ocrx_word' id='word_1_235' title='bbox 1595 3262 1846 3316; x_wconf 77' lang='lat' dir='ltr'><strong>Ecclesia:</strong></span> 
     </span>
    </p>
   </div>
   <div class='ocr_carea' id='block_1_34' title="bbox 274 3345 1880 3422">
    <p class='ocr_par' dir='ltr' id='par_1_34' title="bbox 274 3345 1880 3422">
     <span class='ocr_line' id='line_1_34' title="bbox 274 3345 1880 3422; baseline 0.006 -24"><span class='ocrx_word' id='word_1_236' title='bbox 274 3345 733 3413; x_wconf 85' lang='lat' dir='ltr'><strong>consuetudinem,</strong></span> <span class='ocrx_word' id='word_1_237' title='bbox 756 3348 803 3401; x_wconf 90' lang='lat' dir='ltr'><strong>ei</strong></span> <span class='ocrx_word' id='word_1_238' title='bbox 836 3349 1040 3417; x_wconf 81' lang='lat' dir='ltr'><strong>psalmo</strong></span> <span class='ocrx_word' id='word_1_239' title='bbox 1067 3349 1364 3416; x_wconf 89' lang='lat' dir='ltr'><strong>tribuimus,</strong></span> <span class='ocrx_word' id='word_1_240' title='bbox 1392 3351 1481 3420; x_wconf 90' lang='lat' dir='ltr'><strong>qui</strong></span> <span class='ocrx_word' id='word_1_241' title='bbox 1509 3351 1698 3407; x_wconf 90' lang='lat' dir='ltr'><strong>eodem</strong></span> <span class='ocrx_word' id='word_1_242' title='bbox 1741 3354 1880 3422; x_wconf 68' lang='grc' dir='ltr'><strong>[ιιι-ς,</strong></span> 
     </span>
    </p>
   </div>
   <div class='ocr_carea' id='block_1_35' title="bbox 275 3431 1855 3504">
    <p class='ocr_par' dir='ltr' id='par_1_35' title="bbox 275 3431 1855 3504">
     <span class='ocr_line' id='line_1_35' title="bbox 275 3431 1855 3504; baseline 0.006 -16"><span class='ocrx_word' id='word_1_243' title='bbox 275 3450 422 3489; x_wconf 87' lang='lat' dir='ltr'><strong>mero</strong></span> <span class='ocrx_word' id='word_1_244' title='bbox 455 3446 815 3504; x_wconf 75' lang='lat' dir='ltr'><strong>przcnotatur;</strong></span> <span class='ocrx_word' id='word_1_245' title='bbox 866 3431 1180 3493; x_wconf 73' lang='lat' dir='ltr'><strong>Conﬁtentes</strong></span> <span class='ocrx_word' id='word_1_246' title='bbox 1227 3451 1344 3494; x_wconf 89' lang='lat' dir='ltr'><strong>nos&#39;</strong></span> <span class='ocrx_word' id='word_1_247' title='bbox 1370 3455 1562 3495; x_wconf 87' lang='lat' dir='ltr'><strong>arcana</strong></span> <span class='ocrx_word' id='word_1_248' title='bbox 1605 3439 1855 3498; x_wconf 81' lang='lat' dir='ltr'><strong>omnium</strong></span> 
     </span>
    </p>
   </div>
   <div class='ocr_carea' id='block_1_36' title="bbox 275 3516 1855 3609">
    <p class='ocr_par' dir='ltr' id='par_1_36' title="bbox 275 3516 1855 3609">
     <span class='ocr_line' id='line_1_36' title="bbox 275 3516 1855 3609; baseline 0.006 -32"><span class='ocrx_word' id='word_1_249' title='bbox 275 3525 548 3579; x_wconf 85' lang='lat' dir='ltr'><strong>titulorum</strong></span> <span class='ocrx_word' id='word_1_250' title='bbox 578 3527 667 3596; x_wconf 90' lang='lat' dir='ltr'><strong>qui</strong></span> <span class='ocrx_word' id='word_1_251' title='bbox 695 3535 817 3581; x_wconf 87' lang='lat' dir='ltr'><strong>sunt</strong></span> <span class='ocrx_word' id='word_1_252' title='bbox 843 3527 894 3581; x_wconf 93' lang='lat' dir='ltr'><strong>in</strong></span> <span class='ocrx_word' id='word_1_253' title='bbox 942 3528 1185 3595; x_wconf 86' lang='lat' dir='ltr'><strong>Psalmis,</strong></span> <span class='ocrx_word' id='word_1_254' title='bbox 1213 3539 1268 3584; x_wconf 90' lang='lat' dir='ltr'><strong>et</strong></span> <span class='ocrx_word' id='word_1_255' title='bbox 1294 3530 1495 3584; x_wconf 88' lang='lat' dir='ltr'><strong>ordinis</strong></span> <span class='ocrx_word' id='word_1_256' title='bbox 1529 3516 1855 3609; x_wconf 43' lang='lat' dir='ltr'><strong>earumdem:</strong></span> 
     </span>
    </p>
   </div>
   <div class='ocr_carea' id='block_1_37' title="bbox 283 3616 1845 3692">
    <p class='ocr_par' dir='ltr' id='par_1_37' title="bbox 283 3616 1845 3692">
     <span class='ocr_line' id='line_1_37' title="bbox 283 3616 1845 3692; baseline 0.009 -24"><span class='ocrx_word' id='word_1_257' title='bbox 283 3616 630 3682; x_wconf 82' lang='lat' dir='ltr'><strong>Psalmorum,</strong></span> <span class='ocrx_word' id='word_1_258' title='bbox 654 3628 708 3674; x_wconf 90' lang='lat' dir='ltr'><strong>et</strong></span> <span class='ocrx_word' id='word_1_259' title='bbox 734 3634 917 3690; x_wconf 75' lang='lat' dir='ltr'><strong>magna</strong></span> <span class='ocrx_word' id='word_1_260' title='bbox 935 3636 1055 3675; x_wconf 87' lang='lat' dir='ltr'><strong>esse</strong></span> <span class='ocrx_word' id='word_1_261' title='bbox 1082 3623 1322 3689; x_wconf 88' lang='lat' dir='ltr'><strong>credere,</strong></span> <span class='ocrx_word' id='word_1_262' title='bbox 1355 3624 1676 3692; x_wconf 86' lang='lat' dir='ltr'><strong>etnondutn,</strong></span> <span class='ocrx_word' id='word_1_263' title='bbox 1708 3627 1845 3682; x_wconf 88' lang='lat' dir='ltr'><strong>sicut</strong></span> 
     </span>
    </p>
   </div>
   <div class='ocr_carea' id='block_1_38' title="bbox 276 3709 1851 3782">
    <p class='ocr_par' dir='ltr' id='par_1_38' title="bbox 276 3709 1851 3782">
     <span class='ocr_line' id='line_1_38' title="bbox 276 3709 1851 3782; baseline 0.004 -22"><span class='ocrx_word' id='word_1_264' title='bbox 276 3709 536 3775; x_wconf 84' lang='lat' dir='ltr'><strong>volumus,</strong></span> <span class='ocrx_word' id='word_1_265' title='bbox 570 3719 850 3779; x_wconf 86' lang='lat' dir='ltr'><strong>penetrare</strong></span> <span class='ocrx_word' id='word_1_266' title='bbox 882 3712 1133 3782; x_wconf 82' lang='lat' dir='ltr'><strong>potuisse.</strong></span> <span class='ocrx_word' id='word_1_267' title='bbox 1844 3712 1851 3766; x_wconf 93' lang='lat'><strong>.‘</strong></span> 
     </span>
    </p>
   </div>
   <div class='ocr_carea' id='block_1_39' title="bbox 342 3800 1842 3874">
    <p class='ocr_par' dir='ltr' id='par_1_39' title="bbox 342 3800 1842 3874">
     <span class='ocr_line' id='line_1_39' title="bbox 342 3800 1842 3874; baseline 0.006 -20"><span class='ocrx_word' id='word_1_268' title='bbox 342 3801 393 3855; x_wconf 76' lang='lat'><strong>2.</strong></span> <span class='ocrx_word' id='word_1_269' title='bbox 436 3800 600 3872; x_wconf 54' lang='lat' dir='ltr'><strong>[verm</strong></span> <span class='ocrx_word' id='word_1_270' title='bbox 631 3801 708 3874; x_wconf 81' lang='grc'><strong>1.]</strong></span> <span class='ocrx_word' id='word_1_271' title='bbox 747 3802 914 3859; x_wconf 78' lang='lat' dir='ltr'><strong>Video</strong></span> <span class='ocrx_word' id='word_1_272' title='bbox 940 3814 1115 3860; x_wconf 88' lang='lat' dir='ltr'><strong>autem</strong></span> <span class='ocrx_word' id='word_1_273' title='bbox 1155 3807 1284 3860; x_wconf 91' lang='lat' dir='ltr'><strong>istos</strong></span> <span class='ocrx_word' id='word_1_274' title='bbox 1329 3806 1464 3862; x_wconf 91' lang='lat' dir='ltr'><strong>duos</strong></span> <span class='ocrx_word' id='word_1_275' title='bbox 1491 3807 1842 3863; x_wconf 88' lang='lat' dir='ltr'><strong>centesimum</strong></span> 
     </span>
    </p>
   </div>
   <div class='ocr_carea' id='block_1_40' title="bbox 276 3895 1841 3970">
    <p class='ocr_par' dir='ltr' id='par_1_40' title="bbox 276 3895 1841 3970">
     <span class='ocr_line' id='line_1_40' title="bbox 276 3895 1841 3970; baseline 0.006 -26"><span class='ocrx_word' id='word_1_276' title='bbox 276 3902 515 3960; x_wconf 89' lang='lat' dir='ltr'><strong>quartum</strong></span> <span class='ocrx_word' id='word_1_277' title='bbox 544 3901 599 3948; x_wconf 90' lang='lat' dir='ltr'><strong>et</strong></span> <span class='ocrx_word' id='word_1_278' title='bbox 621 3895 970 3950; x_wconf 85' lang='lat' dir='ltr'><strong>centesimum</strong></span> <span class='ocrx_word' id='word_1_279' title='bbox 1000 3897 1241 3968; x_wconf 88' lang='lat' dir='ltr'><strong>quintum</strong></span> <span class='ocrx_word' id='word_1_280' title='bbox 1269 3898 1340 3953; x_wconf 91' lang='lat' dir='ltr'><strong>ita</strong></span> <span class='ocrx_word' id='word_1_281' title='bbox 1370 3898 1507 3954; x_wconf 90' lang='lat' dir='ltr'><strong>inter</strong></span> <span class='ocrx_word' id='word_1_282' title='bbox 1533 3913 1594 3955; x_wconf 91' lang='lat' dir='ltr'><strong>se</strong></span> <span class='ocrx_word' id='word_1_283' title='bbox 1619 3899 1841 3970; x_wconf 87' lang='lat' dir='ltr'><strong>conjun-</strong></span> 
     </span>
    </p>
   </div>
   <div class='ocr_carea' id='block_1_41' title="bbox 276 3986 1841 4059">
    <p class='ocr_par' dir='ltr' id='par_1_41' title="bbox 276 3986 1841 4059">
     <span class='ocr_line' id='line_1_41' title="bbox 276 3986 1841 4059; baseline 0.008 -23"><span class='ocrx_word' id='word_1_284' title='bbox 276 3993 406 4050; x_wconf 86' lang='lat' dir='ltr'><strong>ctos,</strong></span> <span class='ocrx_word' id='word_1_285' title='bbox 440 3995 496 4040; x_wconf 88' lang='lat' dir='ltr'><strong>ut</strong></span> <span class='ocrx_word' id='word_1_286' title='bbox 527 3986 581 4040; x_wconf 90' lang='lat' dir='ltr'><strong>iu</strong></span> <span class='ocrx_word' id='word_1_287' title='bbox 624 4001 728 4041; x_wconf 92' lang='lat' dir='ltr'><strong>uno</strong></span> <span class='ocrx_word' id='word_1_288' title='bbox 755 4003 962 4055; x_wconf 90' lang='lat' dir='ltr'><strong>eorum,</strong></span> <span class='ocrx_word' id='word_1_289' title='bbox 1001 3991 1088 4059; x_wconf 90' lang='lat' dir='ltr'><strong>qui</strong></span> <span class='ocrx_word' id='word_1_290' title='bbox 1139 3990 1409 4059; x_wconf 57' lang='lat' dir='ltr'><strong>praecedit,</strong></span> <span class='ocrx_word' id='word_1_291' title='bbox 1436 3993 1841 4049; x_wconf 90' lang='lat' dir='ltr'><strong>commendetur</strong></span> 
     </span>
    </p>
   </div>
   <div class='ocr_carea' id='block_1_42' title="bbox 277 4076 1837 4152">
    <p class='ocr_par' dir='ltr' id='par_1_42' title="bbox 277 4076 1837 4152">
     <span class='ocr_line' id='line_1_42' title="bbox 277 4076 1837 4152; baseline 0.008 -26"><span class='ocrx_word' id='word_1_292' title='bbox 277 4076 496 4144; x_wconf 73' lang='lat' dir='ltr'><strong>populus</strong></span> <span class='ocrx_word' id='word_1_293' title='bbox 530 4076 620 4130; x_wconf 91' lang='lat' dir='ltr'><strong>Dei</strong></span> <span class='ocrx_word' id='word_1_294' title='bbox 663 4077 714 4130; x_wconf 92' lang='lat' dir='ltr'><strong>in</strong></span> <span class='ocrx_word' id='word_1_295' title='bbox 745 4078 928 4132; x_wconf 89' lang='lat' dir='ltr'><strong>electis</strong></span> <span class='ocrx_word' id='word_1_296' title='bbox 951 4079 1086 4148; x_wconf 86' lang='lat' dir='ltr'><strong>ejus,</strong></span> <span class='ocrx_word' id='word_1_297' title='bbox 1117 4078 1184 4135; x_wconf 90' lang='lat' dir='ltr'><strong>de</strong></span> <span class='ocrx_word' id='word_1_298' title='bbox 1208 4081 1396 4150; x_wconf 89' lang='lat' dir='ltr'><strong>quibus</strong></span> <span class='ocrx_word' id='word_1_299' title='bbox 1437 4082 1582 4136; x_wconf 91' lang='lat' dir='ltr'><strong>nulla</strong></span> <span class='ocrx_word' id='word_1_300' title='bbox 1621 4083 1837 4152; x_wconf 86' lang='lat' dir='ltr'><strong>querela</strong></span> 
     </span>
    </p>
   </div>
   <div class='ocr_carea' id='block_1_43' title="bbox 274 4166 1837 4243">
    <p class='ocr_par' dir='ltr' id='par_1_43' title="bbox 274 4166 1837 4243">
     <span class='ocr_line' id='line_1_43' title="bbox 274 4166 1837 4243; baseline 0.008 -26"><span class='ocrx_word' id='word_1_301' title='bbox 274 4166 345 4227; x_wconf 88' lang='lat' dir='ltr'><strong>fit,</strong></span> <span class='ocrx_word' id='word_1_302' title='bbox 376 4182 509 4235; x_wconf 90' lang='lat' dir='ltr'><strong>quos</strong></span> <span class='ocrx_word' id='word_1_303' title='bbox 537 4182 635 4236; x_wconf 84' lang='lat' dir='ltr'><strong>ego</strong></span> <span class='ocrx_word' id='word_1_304' title='bbox 662 4167 891 4223; x_wconf 88' lang='lat' dir='ltr'><strong>arbitror</strong></span> <span class='ocrx_word' id='word_1_305' title='bbox 917 4170 986 4225; x_wconf 91' lang='lat' dir='ltr'><strong>ibi</strong></span> <span class='ocrx_word' id='word_1_306' title='bbox 1016 4171 1176 4226; x_wconf 83' lang='lat' dir='ltr'><strong>fuisse</strong></span> <span class='ocrx_word' id='word_1_307' title='bbox 1214 4172 1267 4226; x_wconf 92' lang='lat' dir='ltr'><strong>in</strong></span> <span class='ocrx_word' id='word_1_308' title='bbox 1305 4171 1495 4241; x_wconf 86' lang='lat' dir='ltr'><strong>quibus</strong></span> <span class='ocrx_word' id='word_1_309' title='bbox 1532 4173 1837 4243; x_wconf 88' lang='lat' dir='ltr'><strong>beneplaei-</strong></span> 
     </span>
    </p>
   </div>
   <div class='ocr_carea' id='block_1_44' title="bbox 231 4255 1836 4336">
    <p class='ocr_par' dir='ltr' id='par_1_44' title="bbox 231 4255 1836 4336">
     <span class='ocr_line' id='line_1_44' title="bbox 231 4255 1836 4336; baseline 0.008 -29"><span class='ocrx_word' id='word_1_310' title='bbox 231 4323 236 4330; x_wconf 26' lang='grc' dir='ltr'><em>ο</em></span> <span class='ocrx_word' id='word_1_311' title='bbox 272 4263 382 4310; x_wconf 89' lang='lat' dir='ltr'><strong>tum</strong></span> <span class='ocrx_word' id='word_1_312' title='bbox 421 4267 504 4312; x_wconf 86' lang='lat' dir='ltr'><strong>est</strong></span> <span class='ocrx_word' id='word_1_313' title='bbox 533 4257 644 4312; x_wconf 91' lang='lat' dir='ltr'><strong>Deo</strong></span> <span class='ocrx_word' id='word_1_314' title='bbox 675 4257 726 4327; x_wconf 86' lang='grc' dir='ltr'><strong>(Ι</strong></span> <span class='ocrx_word' id='word_1_315' title='bbox 755 4258 872 4314; x_wconf 90' lang='lat' dir='ltr'><strong>Cor.</strong></span> <span class='ocrx_word' id='word_1_316' title='bbox 904 4276 957 4327; x_wconf 71' lang='grc' dir='ltr'><strong>χ,</strong></span> <span class='ocrx_word' id='word_1_317' title='bbox 986 4260 1040 4331; x_wconf 81' lang='grc'><strong>5)</strong></span> <span class='ocrx_word' id='word_1_318' title='bbox 1067 4279 1081 4316; x_wconf 89' lang='lat'><strong>:</strong></span> <span class='ocrx_word' id='word_1_319' title='bbox 1112 4261 1165 4316; x_wconf 91' lang='lat' dir='ltr'><strong>in</strong></span> <span class='ocrx_word' id='word_1_320' title='bbox 1205 4265 1308 4317; x_wconf 92' lang='lat' dir='ltr'><strong>isto</strong></span> <span class='ocrx_word' id='word_1_321' title='bbox 1330 4255 1507 4318; x_wconf 81' lang='lat' dir='ltr'><strong>autem</strong></span> <span class='ocrx_word' id='word_1_322' title='bbox 1537 4265 1629 4334; x_wconf 91' lang='lat' dir='ltr'><strong>qui</strong></span> <span class='ocrx_word' id='word_1_323' title='bbox 1654 4266 1836 4336; x_wconf 88' lang='lat' dir='ltr'><strong>sequi-</strong></span> 
     </span>
    </p>
   </div>
   <div class='ocr_carea' id='block_1_45' title="bbox 230 4340 1834 4429">
    <p class='ocr_par' dir='ltr' id='par_1_45' title="bbox 230 4340 1834 4429">
     <span class='ocr_line' id='line_1_45' title="bbox 230 4340 1834 4429; baseline 0.007 -27"><span class='ocrx_word' id='word_1_324' title='bbox 230 4340 232 4346; x_wconf 71' lang='grc'>’</span> <span class='ocrx_word' id='word_1_325' title='bbox 270 4358 372 4415; x_wconf 89' lang='lat' dir='ltr'><strong>tur,</strong></span> <span class='ocrx_word' id='word_1_326' title='bbox 395 4365 487 4404; x_wconf 89' lang='lat' dir='ltr'><strong>eos</strong></span> <span class='ocrx_word' id='word_1_327' title='bbox 513 4362 959 4409; x_wconf 86' lang='lat' dir='ltr'><strong>commemoratos</strong></span> <span class='ocrx_word' id='word_1_328' title='bbox 979 4355 1068 4424; x_wconf 89' lang='lat' dir='ltr'><strong>qui</strong></span> <span class='ocrx_word' id='word_1_329' title='bbox 1098 4356 1150 4410; x_wconf 95' lang='lat' dir='ltr'><strong>in</strong></span> <span class='ocrx_word' id='word_1_330' title='bbox 1176 4355 1366 4411; x_wconf 89' lang='lat' dir='ltr'><strong>eodem</strong></span> <span class='ocrx_word' id='word_1_331' title='bbox 1405 4357 1598 4429; x_wconf 90' lang='lat' dir='ltr'><strong>populo</strong></span> <span class='ocrx_word' id='word_1_332' title='bbox 1634 4359 1834 4413; x_wconf 82' lang='lat' dir='ltr'><strong>amari-</strong></span> 
     </span>
    </p>
   </div>
   <div class='ocr_carea' id='block_1_46' title="bbox 263 4447 1833 4518">
    <p class='ocr_par' dir='ltr' id='par_1_46' title="bbox 263 4447 1833 4518">
     <span class='ocr_line' id='line_1_46' title="bbox 263 4447 1833 4518; baseline 0.005 -21"><span class='ocrx_word' id='word_1_333' title='bbox 263 4454 552 4508; x_wconf 81' lang='lat' dir='ltr'><strong>cavcrunt;</strong></span> <span class='ocrx_word' id='word_1_334' title='bbox 585 4460 682 4500; x_wconf 87' lang='lat' dir='ltr'><strong>nec</strong></span> <span class='ocrx_word' id='word_1_335' title='bbox 713 4452 888 4501; x_wconf 89' lang='lat' dir='ltr'><strong>tamen</strong></span> <span class='ocrx_word' id='word_1_336' title='bbox 936 4447 1095 4502; x_wconf 88' lang='lat' dir='ltr'><strong>etiam</strong></span> <span class='ocrx_word' id='word_1_337' title='bbox 1123 4447 1254 4518; x_wconf 88' lang='lat' dir='ltr'><strong>ipsis</strong></span> <span class='ocrx_word' id='word_1_338' title='bbox 1294 4448 1387 4503; x_wconf 89' lang='lat' dir='ltr'><strong>Dei</strong></span> <span class='ocrx_word' id='word_1_339' title='bbox 1413 4450 1833 4505; x_wconf 87' lang='lat' dir='ltr'><strong>misericordiam</strong></span> 
     </span>
    </p>
   </div>
   <div class='ocr_carea' id='block_1_47' title="bbox 263 4534 1833 4611">
    <p class='ocr_par' dir='ltr' id='par_1_47' title="bbox 263 4534 1833 4611">
     <span class='ocr_line' id='line_1_47' title="bbox 263 4534 1833 4611; baseline 0.006 -24"><span class='ocrx_word' id='word_1_340' title='bbox 263 4534 516 4590; x_wconf 82' lang='lat' dir='ltr'><strong>defuisse.</strong></span> <span class='ocrx_word' id='word_1_341' title='bbox 547 4535 804 4591; x_wconf 86' lang='lat' dir='ltr'><strong>Dicuntur</strong></span> <span class='ocrx_word' id='word_1_342' title='bbox 838 4545 1018 4592; x_wconf 87' lang='lat' dir='ltr'><strong>autem</strong></span> <span class='ocrx_word' id='word_1_343' title='bbox 1048 4537 1147 4592; x_wconf 84' lang='lat' dir='ltr'><strong>ista</strong></span> <span class='ocrx_word' id='word_1_344' title='bbox 1174 4553 1240 4593; x_wconf 81' lang='lat' dir='ltr'><strong>ex</strong></span> <span class='ocrx_word' id='word_1_345' title='bbox 1281 4553 1463 4594; x_wconf 89' lang='lat' dir='ltr'><strong>eorum</strong></span> <span class='ocrx_word' id='word_1_346' title='bbox 1493 4555 1716 4610; x_wconf 87' lang='lat' dir='ltr'><strong>persona</strong></span> <span class='ocrx_word' id='word_1_347' title='bbox 1743 4543 1833 4611; x_wconf 89' lang='lat' dir='ltr'><strong>qui</strong></span> 
     </span>
    </p>
   </div>
   <div class='ocr_carea' id='block_1_48' title="bbox 265 4623 1843 4707">
    <p class='ocr_par' dir='ltr' id='par_1_48' title="bbox 265 4623 1843 4707">
     <span class='ocr_line' id='line_1_48' title="bbox 265 4623 1843 4707; baseline 0.007 -27"><span class='ocrx_word' id='word_1_348' title='bbox 265 4630 473 4683; x_wconf 82' lang='lat' dir='ltr'><strong>veniam</strong></span> <span class='ocrx_word' id='word_1_349' title='bbox 503 4631 747 4684; x_wconf 82' lang='lat' dir='ltr'><strong>conversi</strong></span> <span class='ocrx_word' id='word_1_350' title='bbox 773 4639 1090 4701; x_wconf 90' lang='lat' dir='ltr'><strong>precantur;</strong></span> <span class='ocrx_word' id='word_1_351' title='bbox 1130 4639 1186 4687; x_wconf 88' lang='lat' dir='ltr'><strong>et</strong></span> <span class='ocrx_word' id='word_1_352' title='bbox 1220 4633 1463 4702; x_wconf 83' lang='lat' dir='ltr'><strong>exempla</strong></span> <span class='ocrx_word' id='word_1_353' title='bbox 1505 4623 1843 4707; x_wconf 67' lang='lat' dir='ltr'><strong>commemo-i</strong></span> 
     </span>
    </p>
   </div>
   <div class='ocr_carea' id='block_1_49' title="bbox 261 4714 1843 4797">
    <p class='ocr_par' dir='ltr' id='par_1_49' title="bbox 261 4714 1843 4797">
     <span class='ocr_line' id='line_1_49' title="bbox 261 4714 1843 4797; baseline 0.006 -24"><span class='ocrx_word' id='word_1_354' title='bbox 261 4731 448 4774; x_wconf 84' lang='lat' dir='ltr'><strong>rantur</strong></span> <span class='ocrx_word' id='word_1_355' title='bbox 484 4721 698 4776; x_wconf 85' lang='lat' dir='ltr'><strong>illorum</strong></span> <span class='ocrx_word' id='word_1_356' title='bbox 730 4721 782 4775; x_wconf 88' lang='lat' dir='ltr'><strong>in</strong></span> <span class='ocrx_word' id='word_1_357' title='bbox 810 4737 944 4792; x_wconf 91' lang='lat' dir='ltr'><strong>quos</strong></span> <span class='ocrx_word' id='word_1_358' title='bbox 970 4722 1131 4777; x_wconf 87' lang='lat' dir='ltr'><strong>etiam</strong></span> <span class='ocrx_word' id='word_1_359' title='bbox 1167 4733 1477 4793; x_wconf 85' lang='lat' dir='ltr'><strong>peccatores</strong></span> <span class='ocrx_word' id='word_1_360' title='bbox 1500 4725 1646 4782; x_wconf 81' lang='lat' dir='ltr'><strong>dives</strong></span> <span class='ocrx_word' id='word_1_361' title='bbox 1671 4714 1843 4797; x_wconf 87' lang='lat' dir='ltr'><strong>appa-&#39;</strong></span> 
     </span>
    </p>
   </div>
   <div class='ocr_carea' id='block_1_50' title="bbox 261 4810 1828 4887">
    <p class='ocr_par' dir='ltr' id='par_1_50' title="bbox 261 4810 1828 4887">
     <span class='ocr_line' id='line_1_50' title="bbox 261 4810 1828 4887; baseline 0.006 -24"><span class='ocrx_word' id='word_1_362' title='bbox 261 4811 363 4864; x_wconf 90' lang='lat' dir='ltr'><strong>ruit</strong></span> <span class='ocrx_word' id='word_1_363' title='bbox 396 4810 765 4866; x_wconf 90' lang='lat' dir='ltr'><strong>misericordia</strong></span> <span class='ocrx_word' id='word_1_364' title='bbox 809 4812 923 4868; x_wconf 86' lang='lat' dir='ltr'><strong>Dei.</strong></span> <span class='ocrx_word' id='word_1_365' title='bbox 966 4811 1153 4882; x_wconf 83' lang='lat' dir='ltr'><strong>Incipit</strong></span> <span class='ocrx_word' id='word_1_366' title='bbox 1179 4826 1305 4884; x_wconf 82' lang='lat' dir='ltr'><strong>ergo</strong></span> <span class='ocrx_word' id='word_1_367' title='bbox 1343 4815 1502 4870; x_wconf 89' lang='lat' dir='ltr'><strong>etiam</strong></span> <span class='ocrx_word' id='word_1_368' title='bbox 1544 4816 1644 4874; x_wconf 89' lang='lat' dir='ltr'><strong>iste</strong></span> <span class='ocrx_word' id='word_1_369' title='bbox 1681 4818 1828 4887; x_wconf 85' lang='lat' dir='ltr'><strong>psal-</strong></span> 
     </span>
    </p>
   </div>
   <div class='ocr_carea' id='block_1_51' title="bbox 263 4901 1824 4976">
    <p class='ocr_par' dir='ltr' id='par_1_51' title="bbox 263 4901 1824 4976">
     <span class='ocr_line' id='line_1_51' title="bbox 263 4901 1824 4976; baseline 0.008 -25"><span class='ocrx_word' id='word_1_370' title='bbox 263 4917 374 4955; x_wconf 87' lang='lat' dir='ltr'><strong>mus</strong></span> <span class='ocrx_word' id='word_1_371' title='bbox 395 4902 539 4956; x_wconf 89' lang='lat' dir='ltr'><strong>sicut</strong></span> <span class='ocrx_word' id='word_1_372' title='bbox 563 4901 690 4956; x_wconf 89' lang='lat' dir='ltr'><strong>ille:</strong></span> <span class='ocrx_word' id='word_1_373' title='bbox 720 4902 1037 4972; x_wconf 82' lang='lat' dir='ltr'><strong>Conﬁtemini</strong></span> <span class='ocrx_word' id='word_1_374' title='bbox 1071 4903 1307 4958; x_wconf 89' lang='lat' dir='ltr'><strong>Domino.</strong></span> <span class='ocrx_word' id='word_1_375' title='bbox 1335 4905 1440 4962; x_wconf 88' lang='lat' dir='ltr'><strong>Sed</strong></span> <span class='ocrx_word' id='word_1_376' title='bbox 1471 4905 1540 4960; x_wconf 88' lang='lat' dir='ltr'><strong>ibi</strong></span> <span class='ocrx_word' id='word_1_377' title='bbox 1569 4908 1824 4976; x_wconf 82' lang='lat' dir='ltr'><strong>sequitur,</strong></span> 
     </span>
    </p>
   </div>
   <div class='ocr_carea' id='block_1_52' title="bbox 266 4989 1822 5071">
    <p class='ocr_par' dir='ltr' id='par_1_52' title="bbox 266 4989 1822 5071">
     <span class='ocr_line' id='line_1_52' title="bbox 266 4989 1822 5071; baseline 0.007 -26"><span class='ocrx_word' id='word_1_378' title='bbox 266 4989 324 5046; x_wconf 82' lang='lat' dir='ltr'><strong>Et</strong></span> <span class='ocrx_word' id='word_1_379' title='bbox 344 4995 574 5048; x_wconf 76' lang='lat' dir='ltr'><strong>invocata</strong></span> <span class='ocrx_word' id='word_1_380' title='bbox 601 5011 779 5049; x_wconf 82' lang='lat' dir='ltr'><strong>nomen</strong></span> <span class='ocrx_word' id='word_1_381' title='bbox 825 4997 970 5068; x_wconf 83' lang='lat' dir='ltr'><strong>ejus;</strong></span> <span class='ocrx_word' id='word_1_382' title='bbox 1014 4996 1102 5053; x_wconf 84' lang='lat' dir='ltr'><strong>hic</strong></span> <span class='ocrx_word' id='word_1_383' title='bbox 1141 5009 1340 5067; x_wconf 87' lang='lat' dir='ltr'><strong>autem,</strong></span> <span class='ocrx_word' id='word_1_384' title='bbox 1366 4999 1615 5066; x_wconf 76' lang='lat' dir='ltr'><strong>Quoniam</strong></span> <span class='ocrx_word' id='word_1_385' title='bbox 1646 5001 1822 5071; x_wconf 86' lang='lat' dir='ltr'><strong>bonus,</strong></span> 
     </span>
    </p>
   </div>
   <div class='ocr_carea' id='block_1_53' title="bbox 259 5085 1826 5160">
    <p class='ocr_par' dir='ltr' id='par_1_53' title="bbox 259 5085 1826 5160">
     <span class='ocr_line' id='line_1_53' title="bbox 259 5085 1826 5160; baseline 0.008 -24"><span class='ocrx_word' id='word_1_386' title='bbox 259 5085 496 5152; x_wconf 83' lang='lat' dir='ltr'><strong>quoniam</strong></span> <span class='ocrx_word' id='word_1_387' title='bbox 552 5085 608 5138; x_wconf 86' lang='lat' dir='ltr'><strong>iu</strong></span> <span class='ocrx_word' id='word_1_388' title='bbox 649 5085 885 5140; x_wconf 66' lang='lat' dir='ltr'><strong>secutum</strong></span> <span class='ocrx_word' id='word_1_389' title='bbox 927 5088 1266 5143; x_wconf 75' lang='lat' dir='ltr'><strong>misericordia</strong></span> <span class='ocrx_word' id='word_1_390' title='bbox 1319 5091 1448 5160; x_wconf 88' lang='lat' dir='ltr'><strong>ejus.</strong></span> <span class='ocrx_word' id='word_1_391' title='bbox 1496 5089 1826 5160; x_wconf 82' lang='lat' dir='ltr'><strong>Quapropter</strong></span> 
     </span>
    </p>
   </div>
   <div class='ocr_carea' id='block_1_54' title="bbox 261 5177 1821 5252">
    <p class='ocr_par' dir='ltr' id='par_1_54' title="bbox 261 5177 1821 5252">
     <span class='ocr_line' id='line_1_54' title="bbox 261 5177 1821 5252; baseline 0.005 -21"><span class='ocrx_word' id='word_1_392' title='bbox 261 5185 429 5244; x_wconf 87' lang='lat' dir='ltr'><strong>potest</strong></span> <span class='ocrx_word' id='word_1_393' title='bbox 449 5177 538 5232; x_wconf 87' lang='lat' dir='ltr'><strong>hic</strong></span> <span class='ocrx_word' id='word_1_394' title='bbox 551 5177 760 5247; x_wconf 89' lang='lat' dir='ltr'><strong>quidem</strong></span> <span class='ocrx_word' id='word_1_395' title='bbox 781 5179 997 5251; x_wconf 76' lang='lat' dir='ltr'><strong>intelligi</strong></span> <span class='ocrx_word' id='word_1_396' title='bbox 1014 5182 1171 5235; x_wconf 91' lang='lat' dir='ltr'><strong>etiam</strong></span> <span class='ocrx_word' id='word_1_397' title='bbox 1189 5181 1449 5237; x_wconf 89' lang='lat' dir='ltr'><strong>confessio</strong></span> <span class='ocrx_word' id='word_1_398' title='bbox 1466 5191 1821 5252; x_wconf 88' lang='lat' dir='ltr'><strong>peccatorum;</strong></span> 
     </span>
    </p>
   </div>
   <div class='ocr_carea' id='block_1_55' title="bbox 259 5273 1824 5343">
    <p class='ocr_par' dir='ltr' id='par_1_55' title="bbox 259 5273 1824 5343">
     <span class='ocr_line' id='line_1_55' title="bbox 259 5273 1824 5343; baseline 0.006 -22"><span class='ocrx_word' id='word_1_399' title='bbox 259 5282 376 5322; x_wconf 83' lang='lat' dir='ltr'><strong>nam</strong></span> <span class='ocrx_word' id='word_1_400' title='bbox 405 5279 458 5323; x_wconf 90' lang='lat' dir='ltr'><strong>et</strong></span> <span class='ocrx_word' id='word_1_401' title='bbox 491 5279 610 5338; x_wconf 90' lang='lat' dir='ltr'><strong>post</strong></span> <span class='ocrx_word' id='word_1_402' title='bbox 636 5285 829 5339; x_wconf 89' lang='lat' dir='ltr'><strong>paucos</strong></span> <span class='ocrx_word' id='word_1_403' title='bbox 856 5287 1040 5328; x_wconf 88' lang='lat' dir='ltr'><strong>versus</strong></span> <span class='ocrx_word' id='word_1_404' title='bbox 1075 5273 1333 5343; x_wconf 85' lang='lat' dir='ltr'><strong>sequitur,</strong></span> <span class='ocrx_word' id='word_1_405' title='bbox 1359 5273 1683 5330; x_wconf 78' lang='lat' dir='ltr'><strong>Peccavimus</strong></span> <span class='ocrx_word' id='word_1_406' title='bbox 1709 5293 1824 5332; x_wconf 85' lang='lat' dir='ltr'><strong>cum</strong></span> 
     </span>
    </p>
   </div>
   <div class='ocr_carea' id='block_1_56' title="bbox 259 5352 1824 5438">
    <p class='ocr_par' dir='ltr' id='par_1_56' title="bbox 259 5352 1824 5438">
     <span class='ocr_line' id='line_1_56' title="bbox 259 5352 1824 5438; baseline 0.008 -26"><span class='ocrx_word' id='word_1_407' title='bbox 259 5360 485 5428; x_wconf 78' lang='lat' dir='ltr'><strong>patribus</strong></span> <span class='ocrx_word' id='word_1_408' title='bbox 519 5364 725 5430; x_wconf 85' lang='lat' dir='ltr'><strong>nostris,</strong></span> <span class='ocrx_word' id='word_1_409' title='bbox 767 5352 948 5431; x_wconf 82' lang='lat' dir='ltr'><strong>injuste</strong></span> <span class='ocrx_word' id='word_1_410' title='bbox 985 5367 1196 5438; x_wconf 79' lang='lat' dir='ltr'><strong>egimus,</strong></span> <span class='ocrx_word' id='word_1_411' title='bbox 1228 5366 1540 5435; x_wconf 83' lang='lat' dir='ltr'><strong>iniquitatem</strong></span> <span class='ocrx_word' id='word_1_412' title='bbox 1581 5368 1824 5437; x_wconf 77' lang='lat' dir='ltr'><strong>fecimus:</strong></span> 
     </span>
    </p>
   </div>
   <div class='ocr_carea' id='block_1_57' title="bbox 258 5452 1820 5528">
    <p class='ocr_par' dir='ltr' id='par_1_57' title="bbox 258 5452 1820 5528">
     <span class='ocr_line' id='line_1_57' title="bbox 258 5452 1820 5528; baseline 0.004 -21"><span class='ocrx_word' id='word_1_413' title='bbox 258 5452 348 5508; x_wconf 84' lang='lat' dir='ltr'><strong>sed</strong></span> <span class='ocrx_word' id='word_1_414' title='bbox 371 5454 425 5508; x_wconf 89' lang='lat' dir='ltr'><strong>in</strong></span> <span class='ocrx_word' id='word_1_415' title='bbox 449 5468 518 5509; x_wconf 80' lang='lat' dir='ltr'><strong>eo</strong></span> <span class='ocrx_word' id='word_1_416' title='bbox 541 5454 684 5524; x_wconf 87' lang='lat' dir='ltr'><strong>quod</strong></span> <span class='ocrx_word' id='word_1_417' title='bbox 713 5455 861 5524; x_wconf 85' lang='lat' dir='ltr'><strong>dicit,</strong></span> <span class='ocrx_word' id='word_1_418' title='bbox 895 5457 1145 5522; x_wconf 82' lang='lat' dir='ltr'><strong>Quoniam</strong></span> <span class='ocrx_word' id='word_1_419' title='bbox 1173 5458 1354 5525; x_wconf 85' lang='lat' dir='ltr'><strong>bonus,</strong></span> <span class='ocrx_word' id='word_1_420' title='bbox 1379 5460 1614 5528; x_wconf 83' lang='lat' dir='ltr'><strong>quoniam</strong></span> <span class='ocrx_word' id='word_1_421' title='bbox 1641 5459 1694 5512; x_wconf 89' lang='lat' dir='ltr'><strong>in</strong></span> <span class='ocrx_word' id='word_1_422' title='bbox 1721 5475 1820 5514; x_wconf 74' lang='lat' dir='ltr'><strong>ste-</strong></span> 
     </span>
    </p>
   </div>
   <div class='ocr_carea' id='block_1_58' title="bbox 256 5545 1820 5620">
    <p class='ocr_par' dir='ltr' id='par_1_58' title="bbox 256 5545 1820 5620">
     <span class='ocr_line' id='line_1_58' title="bbox 256 5545 1820 5620; baseline 0.005 -22"><span class='ocrx_word' id='word_1_423' title='bbox 256 5545 423 5599; x_wconf 78' lang='lat' dir='ltr'><strong>culum</strong></span> <span class='ocrx_word' id='word_1_424' title='bbox 455 5545 800 5601; x_wconf 75' lang='lat' dir='ltr'><strong>misericordia</strong></span> <span class='ocrx_word' id='word_1_425' title='bbox 818 5547 944 5620; x_wconf 74' lang='lat' dir='ltr'><strong>ejus,</strong></span> <span class='ocrx_word' id='word_1_426' title='bbox 974 5550 1088 5605; x_wconf 88' lang='lat' dir='ltr'><strong>laus</strong></span> <span class='ocrx_word' id='word_1_427' title='bbox 1112 5547 1298 5618; x_wconf 86' lang='lat' dir='ltr'><strong>utique</strong></span> <span class='ocrx_word' id='word_1_428' title='bbox 1334 5551 1425 5606; x_wconf 88' lang='lat' dir='ltr'><strong>Dei</strong></span> <span class='ocrx_word' id='word_1_429' title='bbox 1449 5561 1552 5612; x_wconf 81' lang='lat' dir='ltr'><strong>cst,</strong></span> <span class='ocrx_word' id='word_1_430' title='bbox 1579 5560 1737 5615; x_wconf 76' lang='lat' dir='ltr'><strong>atQue</strong></span> <span class='ocrx_word' id='word_1_431' title='bbox 1769 5553 1820 5608; x_wconf 87' lang='lat' dir='ltr'><strong>in</strong></span> 
     </span>
    </p>
   </div>
   <div class='ocr_carea' id='block_1_59' title="bbox 317 5686 1820 5754">
    <p class='ocr_par' dir='ltr' id='par_1_59' title="bbox 317 5686 1820 5754">
     <span class='ocr_line' id='line_1_59' title="bbox 317 5686 1820 5754; baseline 0.003 -19"><span class='ocrx_word' id='word_1_432' title='bbox 317 5687 434 5754; x_wconf 47' lang='lat' dir='ltr'><strong>{sic</strong></span> <span class='ocrx_word' id='word_1_433' title='bbox 456 5686 688 5754; x_wconf 82' lang='lat' dir='ltr'><strong>meliores</strong></span> <span class='ocrx_word' id='word_1_434' title='bbox 704 5696 808 5738; x_wconf 78' lang='lat' dir='ltr'><strong>Mss.</strong></span> <span class='ocrx_word' id='word_1_435' title='bbox 835 5695 888 5754; x_wconf 56' lang='lat' dir='ltr'><strong>at</strong></span> <span class='ocrx_word' id='word_1_436' title='bbox 907 5688 1038 5748; x_wconf 73' lang='lat' dir='ltr'><strong>Edd,</strong></span> <span class='ocrx_word' id='word_1_437' title='bbox 1064 5695 1239 5752; x_wconf 73' lang='lat' dir='ltr'><strong>pra‘ter</strong></span> <span class='ocrx_word' id='word_1_438' title='bbox 1265 5687 1504 5741; x_wconf 77' lang='lat' dir='ltr'><strong>reutesimi</strong></span> <span class='ocrx_word' id='word_1_439' title='bbox 1524 5693 1568 5739; x_wconf 86' lang='lat' dir='ltr'><strong>et</strong></span> <span class='ocrx_word' id='word_1_440' title='bbox 1589 5686 1820 5754; x_wconf 81' lang='lat' dir='ltr'><strong>quinqua-</strong></span> 
     </span>
    </p>
   </div>
   <div class='ocr_carea' id='block_1_60' title="bbox 255 5749 995 5812">
    <p class='ocr_par' dir='ltr' id='par_1_60' title="bbox 255 5749 995 5812">
     <span class='ocr_line' id='line_1_60' title="bbox 255 5749 995 5812; baseline 0.003 -14"><span class='ocrx_word' id='word_1_441' title='bbox 255 5751 419 5812; x_wconf 75' lang='lat' dir='ltr'><strong>gesimi</strong></span> <span class='ocrx_word' id='word_1_442' title='bbox 441 5749 617 5812; x_wconf 77' lang='lat' dir='ltr'><strong>psalmi</strong></span> <span class='ocrx_word' id='word_1_443' title='bbox 641 5749 995 5801; x_wconf 73' lang='lat' dir='ltr'><strong>catuextioncm.</strong></span> 
     </span>
    </p>
   </div>
   <div class='ocr_carea' id='block_1_61' title="bbox 1406 253 2394 359">
    <p class='ocr_par' dir='ltr' id='par_1_61' title="bbox 1406 253 2394 359">
     <span class='ocr_line' id='line_1_61' title="bbox 1406 253 2394 359; baseline 0.005 -7"><span class='ocrx_word' id='word_1_444' title='bbox 1406 295 1792 352; x_wconf 67' lang='lat' dir='ltr'><strong>ENAllllATlD</strong></span> <span class='ocrx_word' id='word_1_445' title='bbox 1832 253 1896 350; x_wconf 66' lang='lat' dir='ltr'><strong>is</strong></span> <span class='ocrx_word' id='word_1_446' title='bbox 1935 296 2250 357; x_wconf 69' lang='lat' dir='ltr'><strong>PSALHUM</strong></span> <span class='ocrx_word' id='word_1_447' title='bbox 2289 303 2394 359; x_wconf 73' lang='grc' dir='ltr'><strong>εγ.</strong></span> 
     </span>
    </p>
   </div>
   <div class='ocr_carea' id='block_1_62' title="bbox 3421 319 3556 372">
    <p class='ocr_par' dir='ltr' id='par_1_62' title="bbox 3421 319 3556 372">
     <span class='ocr_line' id='line_1_62' title="bbox 3421 319 3556 372; baseline 0 0"><span class='ocrx_word' id='word_1_448' title='bbox 3421 319 3556 372; x_wconf 69' lang='grc'><strong>1506</strong></span> 
     </span>
    </p>
   </div>
   <div class='ocr_carea' id='block_1_63' title="bbox 1980 418 3552 502">
    <p class='ocr_par' dir='ltr' id='par_1_63' title="bbox 1980 418 3552 502">
     <span class='ocr_line' id='line_1_63' title="bbox 1980 418 3552 502; baseline 0.008 -28"><span class='ocrx_word' id='word_1_449' title='bbox 1980 418 2095 487; x_wconf 83' lang='lat' dir='ltr'><strong>ejus</strong></span> <span class='ocrx_word' id='word_1_450' title='bbox 2120 420 2274 478; x_wconf 90' lang='lat' dir='ltr'><strong>laude</strong></span> <span class='ocrx_word' id='word_1_451' title='bbox 2296 423 2578 480; x_wconf 87' lang='lat' dir='ltr'><strong>confessio.</strong></span> <span class='ocrx_word' id='word_1_452' title='bbox 2605 427 2910 497; x_wconf 86' lang='lat' dir='ltr'><strong>Quanquam</strong></span> <span class='ocrx_word' id='word_1_453' title='bbox 2945 428 3105 484; x_wconf 90' lang='lat' dir='ltr'><strong>etiam</strong></span> <span class='ocrx_word' id='word_1_454' title='bbox 3132 443 3252 486; x_wconf 89' lang='lat' dir='ltr'><strong>cum</strong></span> <span class='ocrx_word' id='word_1_455' title='bbox 3283 445 3379 488; x_wconf 86' lang='lat' dir='ltr'><strong>sua</strong></span> <span class='ocrx_word' id='word_1_456' title='bbox 3408 451 3552 502; x_wconf 77' lang='lat' dir='ltr'><strong>quis-</strong></span> 
     </span>
    </p>
   </div>
   <div class='ocr_carea' id='block_1_64' title="bbox 1979 516 3550 586">
    <p class='ocr_par' dir='ltr' id='par_1_64' title="bbox 1979 516 3550 586">
     <span class='ocr_line' id='line_1_64' title="bbox 1979 516 3550 586; baseline 0.008 -21"><span class='ocrx_word' id='word_1_457' title='bbox 1979 527 2082 582; x_wconf 89' lang='lat' dir='ltr'><strong>que</strong></span> <span class='ocrx_word' id='word_1_458' title='bbox 2126 516 2408 572; x_wconf 82' lang='lat' dir='ltr'><strong>conﬁtetur</strong></span> <span class='ocrx_word' id='word_1_459' title='bbox 2454 528 2705 586; x_wconf 86' lang='lat' dir='ltr'><strong>peccata,</strong></span> <span class='ocrx_word' id='word_1_460' title='bbox 2781 536 2900 575; x_wconf 88' lang='lat' dir='ltr'><strong>cum</strong></span> <span class='ocrx_word' id='word_1_461' title='bbox 2969 523 3057 576; x_wconf 92' lang='lat' dir='ltr'><strong>Dei</strong></span> <span class='ocrx_word' id='word_1_462' title='bbox 3109 523 3265 580; x_wconf 88' lang='lat' dir='ltr'><strong>laude</strong></span> <span class='ocrx_word' id='word_1_463' title='bbox 3310 524 3550 580; x_wconf 83' lang='lat' dir='ltr'><strong>conﬁteri</strong></span> 
     </span>
    </p>
   </div>
   <div class='ocr_carea' id='block_1_65' title="bbox 1979 599 3548 683">
    <p class='ocr_par' dir='ltr' id='par_1_65' title="bbox 1979 599 3548 683">
     <span class='ocr_line' id='line_1_65' title="bbox 1979 599 3548 683; baseline 0.008 -25"><span class='ocrx_word' id='word_1_464' title='bbox 1979 599 2187 669; x_wconf 87' lang='lat' dir='ltr'><strong>debet;</strong></span> <span class='ocrx_word' id='word_1_465' title='bbox 2218 622 2315 662; x_wconf 89' lang='lat' dir='ltr'><strong>nec</strong></span> <span class='ocrx_word' id='word_1_466' title='bbox 2343 608 2496 663; x_wconf 83' lang='lat' dir='ltr'><strong>aliter</strong></span> <span class='ocrx_word' id='word_1_467' title='bbox 2523 608 2606 678; x_wconf 90' lang='lat' dir='ltr'><strong>pia</strong></span> <span class='ocrx_word' id='word_1_468' title='bbox 2657 619 2736 665; x_wconf 89' lang='lat' dir='ltr'><strong>est</strong></span> <span class='ocrx_word' id='word_1_469' title='bbox 2762 611 3023 667; x_wconf 77' lang='lat' dir='ltr'><strong>confessio</strong></span> <span class='ocrx_word' id='word_1_470' title='bbox 3067 624 3402 683; x_wconf 85' lang='lat' dir='ltr'><strong>peccatorum</strong></span> <span class='ocrx_word' id='word_1_471' title='bbox 3447 617 3548 671; x_wconf 85' lang='lat' dir='ltr'><strong>nisi</strong></span> 
     </span>
    </p>
   </div>
   <div class='ocr_carea' id='block_1_66' title="bbox 1978 695 3542 769">
    <p class='ocr_par' dir='ltr' id='par_1_66' title="bbox 1978 695 3542 769">
     <span class='ocr_line' id='line_1_66' title="bbox 1978 695 3542 769; baseline 0.007 -19"><span class='ocrx_word' id='word_1_472' title='bbox 1978 709 2084 750; x_wconf 87' lang='lat' dir='ltr'><strong>non</strong></span> <span class='ocrx_word' id='word_1_473' title='bbox 2111 695 2420 765; x_wconf 88' lang='lat' dir='ltr'><strong>desperans,</strong></span> <span class='ocrx_word' id='word_1_474' title='bbox 2451 709 2505 753; x_wconf 91' lang='lat' dir='ltr'><strong>et</strong></span> <span class='ocrx_word' id='word_1_475' title='bbox 2533 715 2757 769; x_wconf 88' lang='lat' dir='ltr'><strong>poscens</strong></span> <span class='ocrx_word' id='word_1_476' title='bbox 2787 703 3200 759; x_wconf 87' lang='lat' dir='ltr'><strong>misericordiam</strong></span> <span class='ocrx_word' id='word_1_477' title='bbox 3228 706 3338 760; x_wconf 91' lang='lat' dir='ltr'><strong>Dei.</strong></span> <span class='ocrx_word' id='word_1_478' title='bbox 3371 707 3542 764; x_wconf 85' lang='lat' dir='ltr'><strong>llabct</strong></span> 
     </span>
    </p>
   </div>
   <div class='ocr_carea' id='block_1_67' title="bbox 1977 790 3541 864">
    <p class='ocr_par' dir='ltr' id='par_1_67' title="bbox 1977 790 3541 864">
     <span class='ocr_line' id='line_1_67' title="bbox 1977 790 3541 864; baseline 0.008 -22"><span class='ocrx_word' id='word_1_479' title='bbox 1977 803 2104 858; x_wconf 81' lang='lat' dir='ltr'><strong>ergo</strong></span> <span class='ocrx_word' id='word_1_480' title='bbox 2143 790 2257 859; x_wconf 85' lang='lat' dir='ltr'><strong>ejus</strong></span> <span class='ocrx_word' id='word_1_481' title='bbox 2301 791 2529 855; x_wconf 89' lang='lat' dir='ltr'><strong>laudem,</strong></span> <span class='ocrx_word' id='word_1_482' title='bbox 2571 795 2684 848; x_wconf 91' lang='lat' dir='ltr'><strong>sive</strong></span> <span class='ocrx_word' id='word_1_483' title='bbox 2729 796 2886 850; x_wconf 87' lang='lat' dir='ltr'><strong>etiam</strong></span> <span class='ocrx_word' id='word_1_484' title='bbox 2928 797 2980 849; x_wconf 90' lang='lat' dir='ltr'><strong>in</strong></span> <span class='ocrx_word' id='word_1_485' title='bbox 3023 799 3218 864; x_wconf 82' lang='lat' dir='ltr'><strong>verbis,</strong></span> <span class='ocrx_word' id='word_1_486' title='bbox 3251 814 3371 854; x_wconf 89' lang='lat' dir='ltr'><strong>cum</strong></span> <span class='ocrx_word' id='word_1_487' title='bbox 3419 817 3541 855; x_wconf 87' lang='lat' dir='ltr'><strong>eum</strong></span> 
     </span>
    </p>
   </div>
   <div class='ocr_carea' id='block_1_68' title="bbox 1975 879 3548 960">
    <p class='ocr_par' dir='ltr' id='par_1_68' title="bbox 1975 879 3548 960">
     <span class='ocr_line' id='line_1_68' title="bbox 1975 879 3548 960; baseline 0.008 -26"><span class='ocrx_word' id='word_1_488' title='bbox 1975 879 2171 936; x_wconf 88' lang='lat' dir='ltr'><strong>bontun</strong></span> <span class='ocrx_word' id='word_1_489' title='bbox 2198 891 2251 937; x_wconf 91' lang='lat' dir='ltr'><strong>et</strong></span> <span class='ocrx_word' id='word_1_490' title='bbox 2277 883 2672 939; x_wconf 85' lang='lat' dir='ltr'><strong>misericordem</strong></span> <span class='ocrx_word' id='word_1_491' title='bbox 2702 887 2866 952; x_wconf 91' lang='lat' dir='ltr'><strong>dicit;</strong></span> <span class='ocrx_word' id='word_1_492' title='bbox 2917 891 3029 943; x_wconf 89' lang='lat' dir='ltr'><strong>sive</strong></span> <span class='ocrx_word' id='word_1_493' title='bbox 3071 891 3122 944; x_wconf 92' lang='lat' dir='ltr'><strong>in</strong></span> <span class='ocrx_word' id='word_1_494' title='bbox 3167 891 3287 946; x_wconf 89' lang='lat' dir='ltr'><strong>solo</strong></span> <span class='ocrx_word' id='word_1_495' title='bbox 3331 892 3548 960; x_wconf 74' lang='lat' dir='ltr'><strong>affectu,</strong></span> 
     </span>
    </p>
   </div>
   <div class='ocr_carea' id='block_1_69' title="bbox 1978 973 3546 1052">
    <p class='ocr_par' dir='ltr' id='par_1_69' title="bbox 1978 973 3546 1052">
     <span class='ocr_line' id='line_1_69' title="bbox 1978 973 3546 1052; baseline 0.007 -24"><span class='ocrx_word' id='word_1_496' title='bbox 1978 988 2098 1028; x_wconf 91' lang='lat' dir='ltr'><strong>cum</strong></span> <span class='ocrx_word' id='word_1_497' title='bbox 2131 975 2232 1027; x_wconf 90' lang='lat' dir='ltr'><strong>hoc</strong></span> <span class='ocrx_word' id='word_1_498' title='bbox 2259 973 2446 1028; x_wconf 86' lang='lat' dir='ltr'><strong>credit.</strong></span> <span class='ocrx_word' id='word_1_499' title='bbox 2489 975 2618 1030; x_wconf 86' lang='lat' dir='ltr'><strong>Nam</strong></span> <span class='ocrx_word' id='word_1_500' title='bbox 2647 986 2701 1032; x_wconf 92' lang='lat' dir='ltr'><strong>et</strong></span> <span class='ocrx_word' id='word_1_501' title='bbox 2743 979 2831 1032; x_wconf 92' lang='lat' dir='ltr'><strong>ille</strong></span> <span class='ocrx_word' id='word_1_502' title='bbox 2870 980 3174 1048; x_wconf 83' lang='lat' dir='ltr'><strong>publicanus</strong></span> <span class='ocrx_word' id='word_1_503' title='bbox 3197 1023 3212 1045; x_wconf 95' lang='lat'><strong>,</strong></span> <span class='ocrx_word' id='word_1_504' title='bbox 3240 982 3392 1052; x_wconf 87' lang='lat' dir='ltr'><strong>cujus</strong></span> <span class='ocrx_word' id='word_1_505' title='bbox 3433 985 3546 1040; x_wconf 83' lang='lat' dir='ltr'><strong>sola</strong></span> 
     </span>
    </p>
   </div>
   <div class='ocr_carea' id='block_1_70' title="bbox 1929 1051 3542 1142">
    <p class='ocr_par' dir='ltr' id='par_1_70' title="bbox 1929 1051 3542 1142">
     <span class='ocr_line' id='line_1_70' title="bbox 1929 1051 3542 1142; baseline 0.007 -24"><span class='ocrx_word' id='word_1_506' title='bbox 1929 1051 1944 1062; x_wconf 59' lang='grc'><em>’</em></span> <span class='ocrx_word' id='word_1_507' title='bbox 1975 1064 2062 1119; x_wconf 87' lang='lat' dir='ltr'><strong>illa</strong></span> <span class='ocrx_word' id='word_1_508' title='bbox 2089 1066 2243 1120; x_wconf 87' lang='lat' dir='ltr'><strong>verba</strong></span> <span class='ocrx_word' id='word_1_509' title='bbox 2278 1078 2687 1122; x_wconf 88' lang='lat' dir='ltr'><strong>commemorata</strong></span> <span class='ocrx_word' id='word_1_510' title='bbox 2728 1079 2871 1133; x_wconf 90' lang='lat' dir='ltr'><strong>sunt,</strong></span> <span class='ocrx_word' id='word_1_511' title='bbox 2902 1070 3134 1135; x_wconf 85' lang='lat' dir='ltr'><strong>Domine,</strong></span> <span class='ocrx_word' id='word_1_512' title='bbox 3164 1075 3408 1142; x_wconf 84' lang='lat' dir='ltr'><strong>propitius</strong></span> <span class='ocrx_word' id='word_1_513' title='bbox 3439 1089 3542 1130; x_wconf 82' lang='lat' dir='ltr'><strong>esto</strong></span> 
     </span>
    </p>
   </div>
   <div class='ocr_carea' id='block_1_71' title="bbox 1975 1155 3541 1233">
    <p class='ocr_par' dir='ltr' id='par_1_71' title="bbox 1975 1155 3541 1233">
     <span class='ocr_line' id='line_1_71' title="bbox 1975 1155 3541 1233; baseline 0.008 -25"><span class='ocrx_word' id='word_1_514' title='bbox 1975 1155 2098 1212; x_wconf 77' lang='lat' dir='ltr'><strong>mihi</strong></span> <span class='ocrx_word' id='word_1_515' title='bbox 2142 1159 2390 1226; x_wconf 82' lang='lat' dir='ltr'><strong>peccatori</strong></span> <span class='ocrx_word' id='word_1_516' title='bbox 2434 1158 2584 1227; x_wconf 80' lang='lat' dir='ltr'><strong>(Lu&#39;c.</strong></span> <span class='ocrx_word' id='word_1_517' title='bbox 2626 1177 2736 1226; x_wconf 77' lang='lat' dir='ltr'><strong>xw,</strong></span> <span class='ocrx_word' id='word_1_518' title='bbox 2765 1178 2910 1227; x_wconf 81' lang='lat' dir='ltr'><strong>xmt,</strong></span> <span class='ocrx_word' id='word_1_519' title='bbox 2948 1163 3059 1233; x_wconf 81' lang='grc'><strong>15),</strong></span> <span class='ocrx_word' id='word_1_520' title='bbox 3101 1166 3197 1217; x_wconf 86' lang='lat' dir='ltr'><strong>etsi</strong></span> <span class='ocrx_word' id='word_1_521' title='bbox 3245 1181 3346 1218; x_wconf 92' lang='lat' dir='ltr'><strong>non</strong></span> <span class='ocrx_word' id='word_1_522' title='bbox 3389 1167 3541 1230; x_wconf 82' lang='lat' dir='ltr'><strong>dixit,</strong></span> 
     </span>
    </p>
   </div>
   <div class='ocr_carea' id='block_1_72' title="bbox 1974 1247 3540 1325">
    <p class='ocr_par' dir='ltr' id='par_1_72' title="bbox 1974 1247 3540 1325">
     <span class='ocr_line' id='line_1_72' title="bbox 1974 1247 3540 1325; baseline 0.006 -25"><span class='ocrx_word' id='word_1_523' title='bbox 1974 1247 2230 1313; x_wconf 87' lang='lat' dir='ltr'><strong>Quoniam</strong></span> <span class='ocrx_word' id='word_1_524' title='bbox 2277 1247 2446 1302; x_wconf 90' lang='lat' dir='ltr'><strong>bonus</strong></span> <span class='ocrx_word' id='word_1_525' title='bbox 2473 1259 2526 1303; x_wconf 85' lang='lat' dir='ltr'><strong>et</strong></span> <span class='ocrx_word' id='word_1_526' title='bbox 2565 1251 2868 1306; x_wconf 83' lang='lat' dir='ltr'><strong>misericors</strong></span> <span class='ocrx_word' id='word_1_527' title='bbox 2909 1268 2987 1318; x_wconf 88' lang='lat' dir='ltr'><strong>es,</strong></span> <span class='ocrx_word' id='word_1_528' title='bbox 3022 1254 3104 1307; x_wconf 84' lang='lat' dir='ltr'><strong>vel</strong></span> <span class='ocrx_word' id='word_1_529' title='bbox 3131 1255 3324 1325; x_wconf 87' lang='lat' dir='ltr'><strong>aliquid</strong></span> <span class='ocrx_word' id='word_1_530' title='bbox 3358 1257 3540 1325; x_wconf 80' lang='lat' dir='ltr'><strong>hujus-</strong></span> 
     </span>
    </p>
   </div>
   <div class='ocr_carea' id='block_1_73' title="bbox 1972 1330 3540 1412">
    <p class='ocr_par' dir='ltr' id='par_1_73' title="bbox 1972 1330 3540 1412">
     <span class='ocr_line' id='line_1_73' title="bbox 1972 1330 3540 1412; baseline 0.006 -21"><span class='ocrx_word' id='word_1_531' title='bbox 1972 1338 2149 1404; x_wconf 89' lang='lat' dir='ltr'><strong>modi;</strong></span> <span class='ocrx_word' id='word_1_532' title='bbox 2198 1354 2304 1393; x_wconf 88' lang='lat' dir='ltr'><strong>non</strong></span> <span class='ocrx_word' id='word_1_533' title='bbox 2347 1352 2518 1394; x_wconf 88' lang='lat' dir='ltr'><strong>tamen</strong></span> <span class='ocrx_word' id='word_1_534' title='bbox 2545 1330 2693 1396; x_wconf 51' lang='lat' dir='ltr'><strong>&#39;illud</strong></span> <span class='ocrx_word' id='word_1_535' title='bbox 2729 1342 2947 1408; x_wconf 90' lang='lat' dir='ltr'><strong>diceret,</strong></span> <span class='ocrx_word' id='word_1_536' title='bbox 2979 1346 3079 1400; x_wconf 83' lang='lat' dir='ltr'><strong>nisi</strong></span> <span class='ocrx_word' id='word_1_537' title='bbox 3128 1345 3229 1400; x_wconf 83' lang='lat' dir='ltr'><strong>hoc</strong></span> <span class='ocrx_word' id='word_1_538' title='bbox 3267 1347 3540 1412; x_wconf 78' lang='lat' dir='ltr'><strong>crederet;</strong></span> 
     </span>
    </p>
   </div>
   <div class='ocr_carea' id='block_1_74' title="bbox 1971 1431 3544 1504">
    <p class='ocr_par' dir='ltr' id='par_1_74' title="bbox 1971 1431 3544 1504">
     <span class='ocr_line' id='line_1_74' title="bbox 1971 1431 3544 1504; baseline 0.006 -22"><span class='ocrx_word' id='word_1_539' title='bbox 1971 1431 2218 1500; x_wconf 79' lang='lat' dir='ltr'><strong>quoniam</strong></span> <span class='ocrx_word' id='word_1_540' title='bbox 2249 1446 2369 1485; x_wconf 92' lang='lat' dir='ltr'><strong>cum</strong></span> <span class='ocrx_word' id='word_1_541' title='bbox 2399 1448 2497 1501; x_wconf 89' lang='lat' dir='ltr'><strong>spe</strong></span> <span class='ocrx_word' id='word_1_542' title='bbox 2525 1435 2715 1500; x_wconf 84' lang='lat' dir='ltr'><strong>oravit,</strong></span> <span class='ocrx_word' id='word_1_543' title='bbox 2739 1451 2860 1504; x_wconf 80' lang='lat' dir='ltr'><strong>qme</strong></span> <span class='ocrx_word' id='word_1_544' title='bbox 2886 1437 3002 1490; x_wconf 90' lang='lat' dir='ltr'><strong>sine</strong></span> <span class='ocrx_word' id='word_1_545' title='bbox 3029 1437 3116 1490; x_wconf 89' lang='lat' dir='ltr'><strong>illa</strong></span> <span class='ocrx_word' id='word_1_546' title='bbox 3148 1438 3250 1492; x_wconf 68' lang='lat' dir='ltr'><strong>[ille</strong></span> <span class='ocrx_word' id='word_1_547' title='bbox 3280 1454 3399 1493; x_wconf 78' lang='lat' dir='ltr'><strong>esse</strong></span> <span class='ocrx_word' id='word_1_548' title='bbox 3435 1455 3544 1493; x_wconf 89' lang='lat' dir='ltr'><strong>non</strong></span> 
     </span>
    </p>
   </div>
   <div class='ocr_carea' id='block_1_75' title="bbox 1969 1523 3542 1598">
    <p class='ocr_par' dir='ltr' id='par_1_75' title="bbox 1969 1523 3542 1598">
     <span class='ocr_line' id='line_1_75' title="bbox 1969 1523 3542 1598; baseline 0.006 -23"><span class='ocrx_word' id='word_1_549' title='bbox 1969 1533 2168 1592; x_wconf 78' lang='lat' dir='ltr'><strong>pOSset.</strong></span> <span class='ocrx_word' id='word_1_550' title='bbox 2200 1523 2377 1578; x_wconf 88' lang='lat' dir='ltr'><strong>Potest</strong></span> <span class='ocrx_word' id='word_1_551' title='bbox 2402 1540 2527 1592; x_wconf 78' lang='lat' dir='ltr'><strong>ergo</strong></span> <span class='ocrx_word' id='word_1_552' title='bbox 2551 1540 2670 1580; x_wconf 88' lang='lat' dir='ltr'><strong>esse</strong></span> <span class='ocrx_word' id='word_1_553' title='bbox 2696 1527 2809 1580; x_wconf 79' lang='lat' dir='ltr'><strong>laus</strong></span> <span class='ocrx_word' id='word_1_554' title='bbox 2842 1527 2932 1581; x_wconf 89' lang='lat' dir='ltr'><strong>Dei</strong></span> <span class='ocrx_word' id='word_1_555' title='bbox 2961 1544 3083 1583; x_wconf 88' lang='lat' dir='ltr'><strong>vera</strong></span> <span class='ocrx_word' id='word_1_556' title='bbox 3112 1540 3165 1582; x_wconf 90' lang='lat' dir='ltr'><strong>et</strong></span> <span class='ocrx_word' id='word_1_557' title='bbox 3195 1533 3300 1598; x_wconf 91' lang='lat' dir='ltr'><strong>pia,</strong></span> <span class='ocrx_word' id='word_1_558' title='bbox 3321 1530 3403 1584; x_wconf 88' lang='lat' dir='ltr'><strong>ubi</strong></span> <span class='ocrx_word' id='word_1_559' title='bbox 3436 1545 3542 1585; x_wconf 89' lang='lat' dir='ltr'><strong>non</strong></span> 
     </span>
    </p>
   </div>
   <div class='ocr_carea' id='block_1_76' title="bbox 1968 1614 3539 1686">
    <p class='ocr_par' dir='ltr' id='par_1_76' title="bbox 1968 1614 3539 1686">
     <span class='ocr_line' id='line_1_76' title="bbox 1968 1614 3539 1686; baseline 0.006 -19"><span class='ocrx_word' id='word_1_560' title='bbox 1968 1614 2038 1667; x_wconf 89' lang='lat' dir='ltr'><strong>sit</strong></span> <span class='ocrx_word' id='word_1_561' title='bbox 2060 1614 2324 1669; x_wconf 90' lang='lat' dir='ltr'><strong>confessio</strong></span> <span class='ocrx_word' id='word_1_562' title='bbox 2355 1625 2725 1684; x_wconf 78' lang='lat' dir='ltr'><strong>peccatorum;</strong></span> <span class='ocrx_word' id='word_1_563' title='bbox 2770 1633 2890 1686; x_wconf 68' lang='lat' dir='ltr'><strong>quae</strong></span> <span class='ocrx_word' id='word_1_564' title='bbox 2936 1619 3050 1673; x_wconf 89' lang='lat' dir='ltr'><strong>laus</strong></span> <span class='ocrx_word' id='word_1_565' title='bbox 3097 1620 3263 1673; x_wconf 90' lang='lat' dir='ltr'><strong>multo</strong></span> <span class='ocrx_word' id='word_1_566' title='bbox 3301 1621 3539 1676; x_wconf 87' lang='lat' dir='ltr'><strong>crebrius</strong></span> 
     </span>
    </p>
   </div>
   <div class='ocr_carea' id='block_1_77' title="bbox 1967 1703 3540 1780">
    <p class='ocr_par' dir='ltr' id='par_1_77' title="bbox 1967 1703 3540 1780">
     <span class='ocr_line' id='line_1_77' title="bbox 1967 1703 3540 1780; baseline 0.004 -22"><span class='ocrx_word' id='word_1_567' title='bbox 1967 1703 2020 1758; x_wconf 88' lang='lat' dir='ltr'><strong>in</strong></span> <span class='ocrx_word' id='word_1_568' title='bbox 2053 1704 2338 1774; x_wconf 89' lang='lat' dir='ltr'><strong>Scripluris</strong></span> <span class='ocrx_word' id='word_1_569' title='bbox 2363 1706 2628 1761; x_wconf 87' lang='lat' dir='ltr'><strong>confessio</strong></span> <span class='ocrx_word' id='word_1_570' title='bbox 2654 1717 2906 1762; x_wconf 88' lang='lat' dir='ltr'><strong>vocatur:</strong></span> <span class='ocrx_word' id='word_1_571' title='bbox 2936 1710 3081 1764; x_wconf 89' lang='lat' dir='ltr'><strong>nulla</strong></span> <span class='ocrx_word' id='word_1_572' title='bbox 3110 1719 3192 1764; x_wconf 88' lang='lat' dir='ltr'><strong>est</strong></span> <span class='ocrx_word' id='word_1_573' title='bbox 3218 1723 3394 1765; x_wconf 81' lang='lat' dir='ltr'><strong>autem</strong></span> <span class='ocrx_word' id='word_1_574' title='bbox 3418 1726 3540 1780; x_wconf 78' lang='lat' dir='ltr'><strong>pec-</strong></span> 
     </span>
    </p>
   </div>
   <div class='ocr_carea' id='block_1_78' title="bbox 1965 1795 3538 1866">
    <p class='ocr_par' dir='ltr' id='par_1_78' title="bbox 1965 1795 3538 1866">
     <span class='ocr_line' id='line_1_78' title="bbox 1965 1795 3538 1866; baseline 0.003 -17"><span class='ocrx_word' id='word_1_575' title='bbox 1965 1802 2204 1849; x_wconf 89' lang='lat' dir='ltr'><strong>catorum</strong></span> <span class='ocrx_word' id='word_1_576' title='bbox 2246 1795 2514 1850; x_wconf 81' lang='lat' dir='ltr'><strong>confessio</strong></span> <span class='ocrx_word' id='word_1_577' title='bbox 2552 1796 2634 1866; x_wconf 88' lang='lat' dir='ltr'><strong>pia</strong></span> <span class='ocrx_word' id='word_1_578' title='bbox 2677 1807 2730 1852; x_wconf 91' lang='lat' dir='ltr'><strong>et</strong></span> <span class='ocrx_word' id='word_1_579' title='bbox 2774 1798 2948 1861; x_wconf 90' lang='lat' dir='ltr'><strong>utilis,</strong></span> <span class='ocrx_word' id='word_1_580' title='bbox 2995 1799 3081 1853; x_wconf 89' lang='lat' dir='ltr'><strong>ubi</strong></span> <span class='ocrx_word' id='word_1_581' title='bbox 3136 1814 3242 1861; x_wconf 85' lang='lat' dir='ltr'><strong>non</strong></span> <span class='ocrx_word' id='word_1_582' title='bbox 3292 1799 3538 1854; x_wconf 74' lang='lat' dir='ltr'><strong>laudatur</strong></span> 
     </span>
    </p>
   </div>
   <div class='ocr_carea' id='block_1_79' title="bbox 1968 1885 3534 1958">
    <p class='ocr_par' dir='ltr' id='par_1_79' title="bbox 1968 1885 3534 1958">
     <span class='ocr_line' id='line_1_79' title="bbox 1968 1885 3534 1958; baseline 0.004 -20"><span class='ocrx_word' id='word_1_583' title='bbox 1968 1885 2126 1952; x_wconf 90' lang='lat' dir='ltr'><strong>Deus,</strong></span> <span class='ocrx_word' id='word_1_584' title='bbox 2147 1887 2256 1940; x_wconf 88' lang='lat' dir='ltr'><strong>sive</strong></span> <span class='ocrx_word' id='word_1_585' title='bbox 2277 1886 2456 1952; x_wconf 90' lang='lat' dir='ltr'><strong>corde,</strong></span> <span class='ocrx_word' id='word_1_586' title='bbox 2476 1887 2586 1941; x_wconf 90' lang='lat' dir='ltr'><strong>sive</strong></span> <span class='ocrx_word' id='word_1_587' title='bbox 2611 1888 2770 1942; x_wconf 91' lang='lat' dir='ltr'><strong>etiam</strong></span> <span class='ocrx_word' id='word_1_588' title='bbox 2792 1903 2886 1943; x_wconf 91' lang='lat' dir='ltr'><strong>ore</strong></span> <span class='ocrx_word' id='word_1_589' title='bbox 2912 1896 3070 1958; x_wconf 90' lang='lat' dir='ltr'><strong>atque</strong></span> <span class='ocrx_word' id='word_1_590' title='bbox 3097 1905 3362 1944; x_wconf 88' lang='lat' dir='ltr'><strong>sermone.</strong></span> <span class='ocrx_word' id='word_1_591' title='bbox 3381 1889 3534 1955; x_wconf 87' lang='lat' dir='ltr'><strong>Quod</strong></span> 
     </span>
    </p>
   </div>
   <div class='ocr_carea' id='block_1_80' title="bbox 1963 1977 3535 2047">
    <p class='ocr_par' dir='ltr' id='par_1_80' title="bbox 1963 1977 3535 2047">
     <span class='ocr_line' id='line_1_80' title="bbox 1963 1977 3535 2047; baseline 0.004 -17"><span class='ocrx_word' id='word_1_592' title='bbox 1963 1986 2137 2031; x_wconf 83' lang='lat' dir='ltr'><strong>autem</strong></span> <span class='ocrx_word' id='word_1_593' title='bbox 2155 1977 2445 2034; x_wconf 88' lang='lat' dir='ltr'><strong>habentalii</strong></span> <span class='ocrx_word' id='word_1_594' title='bbox 2467 1979 2696 2043; x_wconf 87' lang='lat' dir='ltr'><strong>codices,</strong></span> <span class='ocrx_word' id='word_1_595' title='bbox 2721 1980 2970 2047; x_wconf 83' lang='lat' dir='ltr'><strong>Quoniam</strong></span> <span class='ocrx_word' id='word_1_596' title='bbox 2989 1980 3148 2035; x_wconf 77' lang='lat' dir='ltr'><strong>bonus</strong></span> <span class='ocrx_word' id='word_1_597' title='bbox 3166 2021 3182 2045; x_wconf 91' lang='lat'><strong>,</strong></span> <span class='ocrx_word' id='word_1_598' title='bbox 3205 1982 3291 2035; x_wconf 87' lang='lat' dir='ltr'><strong>alii</strong></span> <span class='ocrx_word' id='word_1_599' title='bbox 3316 1982 3535 2046; x_wconf 82' lang='lat' dir='ltr'><strong>habent,</strong></span> 
     </span>
    </p>
   </div>
   <div class='ocr_carea' id='block_1_81' title="bbox 1966 2068 3536 2142">
    <p class='ocr_par' dir='ltr' id='par_1_81' title="bbox 1966 2068 3536 2142">
     <span class='ocr_line' id='line_1_81' title="bbox 1966 2068 3536 2142; baseline 0.001 -20"><span class='ocrx_word' id='word_1_600' title='bbox 1966 2068 2214 2134; x_wconf 83' lang='lat' dir='ltr'><strong>Quoniam</strong></span> <span class='ocrx_word' id='word_1_601' title='bbox 2231 2071 2395 2124; x_wconf 83' lang='lat' dir='ltr'><strong>suavis</strong></span> <span class='ocrx_word' id='word_1_602' title='bbox 2418 2086 2437 2124; x_wconf 89' lang='lat'><strong><em>:</em></strong></span> <span class='ocrx_word' id='word_1_603' title='bbox 2464 2072 2534 2126; x_wconf 87' lang='lat' dir='ltr'><strong>ita</strong></span> <span class='ocrx_word' id='word_1_604' title='bbox 2562 2087 2724 2126; x_wconf 87' lang='lat' dir='ltr'><strong>unum</strong></span> <span class='ocrx_word' id='word_1_605' title='bbox 2745 2073 2962 2126; x_wconf 88' lang='lat' dir='ltr'><strong>verbum</strong></span> <span class='ocrx_word' id='word_1_606' title='bbox 3002 2087 3253 2142; x_wconf 54' lang='lat' dir='ltr'><strong>graecum,</strong></span> <span class='ocrx_word' id='word_1_607' title='bbox 3281 2073 3420 2142; x_wconf 92' lang='lat' dir='ltr'><strong>quod</strong></span> <span class='ocrx_word' id='word_1_608' title='bbox 3451 2073 3536 2124; x_wconf 76' lang='lat' dir='ltr'><strong>til-</strong></span> 
     </span>
    </p>
   </div>
   <div class='ocr_carea' id='block_1_82' title="bbox 1962 2160 3534 2232">
    <p class='ocr_par' dir='ltr' id='par_1_82' title="bbox 1962 2160 3534 2232">
     <span class='ocr_line' id='line_1_82' title="bbox 1962 2160 3534 2232; baseline 0.003 -19"><span class='ocrx_word' id='word_1_609' title='bbox 1962 2160 2098 2213; x_wconf 89' lang='lat' dir='ltr'><strong>citur</strong></span> <span class='ocrx_word' id='word_1_610' title='bbox 2125 2167 2338 2230; x_wconf 80' lang='grc' dir='ltr'><strong>χρηστὸς,</strong></span> <span class='ocrx_word' id='word_1_611' title='bbox 2389 2160 2596 2216; x_wconf 88' lang='lat' dir='ltr'><strong>diversa</strong></span> <span class='ocrx_word' id='word_1_612' title='bbox 2643 2162 3006 2232; x_wconf 88' lang='lat' dir='ltr'><strong>interpretatio</strong></span> <span class='ocrx_word' id='word_1_613' title='bbox 3051 2173 3230 2217; x_wconf 87' lang='lat' dir='ltr'><strong>secuta</strong></span> <span class='ocrx_word' id='word_1_614' title='bbox 3259 2172 3358 2218; x_wconf 85' lang='lat' dir='ltr'><strong>est.</strong></span> <span class='ocrx_word' id='word_1_615' title='bbox 3404 2164 3534 2218; x_wconf 89' lang='lat' dir='ltr'><strong>Item</strong></span> 
     </span>
    </p>
   </div>
   <div class='ocr_carea' id='block_1_83' title="bbox 1961 2247 3534 2318">
    <p class='ocr_par' dir='ltr' id='par_1_83' title="bbox 1961 2247 3534 2318">
     <span class='ocr_line' id='line_1_83' title="bbox 1961 2247 3534 2318; baseline 0.003 -15"><span class='ocrx_word' id='word_1_616' title='bbox 1961 2249 2100 2318; x_wconf 91' lang='lat' dir='ltr'><strong>quod</strong></span> <span class='ocrx_word' id='word_1_617' title='bbox 2138 2249 2337 2305; x_wconf 90' lang='lat' dir='ltr'><strong>dictum</strong></span> <span class='ocrx_word' id='word_1_618' title='bbox 2376 2258 2477 2313; x_wconf 90' lang='lat' dir='ltr'><strong>est,</strong></span> <span class='ocrx_word' id='word_1_619' title='bbox 2513 2251 2765 2318; x_wconf 85' lang='lat' dir='ltr'><strong>Quoniam</strong></span> <span class='ocrx_word' id='word_1_620' title='bbox 2813 2253 2864 2305; x_wconf 87' lang='lat' dir='ltr'><strong>in</strong></span> <span class='ocrx_word' id='word_1_621' title='bbox 2907 2252 3145 2306; x_wconf 76' lang='lat' dir='ltr'><strong>steculum</strong></span> <span class='ocrx_word' id='word_1_622' title='bbox 3193 2247 3534 2308; x_wconf 80' lang='lat' dir='ltr'><strong>misericordia</strong></span> 
     </span>
    </p>
   </div>
   <div class='ocr_carea' id='block_1_84' title="bbox 1960 2342 3533 2413">
    <p class='ocr_par' dir='ltr' id='par_1_84' title="bbox 1960 2342 3533 2413">
     <span class='ocr_line' id='line_1_84' title="bbox 1960 2342 3533 2413; baseline 0.003 -18"><span class='ocrx_word' id='word_1_623' title='bbox 1960 2343 2103 2413; x_wconf 86' lang='lat' dir='ltr'><strong>ejus;</strong></span> <span class='ocrx_word' id='word_1_624' title='bbox 2143 2357 2345 2412; x_wconf 68' lang='lat' dir='ltr'><strong>graecus</strong></span> <span class='ocrx_word' id='word_1_625' title='bbox 2374 2342 2532 2396; x_wconf 90' lang='lat' dir='ltr'><strong>habet</strong></span> <span class='ocrx_word' id='word_1_626' title='bbox 2561 2352 2625 2404; x_wconf 79' lang='grc' dir='ltr'><strong>εις</strong></span> <span class='ocrx_word' id='word_1_627' title='bbox 2653 2351 2732 2397; x_wconf 76' lang='grc' dir='ltr'><strong>τὸν</strong></span> <span class='ocrx_word' id='word_1_628' title='bbox 2759 2352 2939 2410; x_wconf 75' lang='grc' dir='ltr'>αἰῶνα,</span> <span class='ocrx_word' id='word_1_629' title='bbox 2971 2344 3112 2413; x_wconf 89' lang='lat' dir='ltr'><strong>quod</strong></span> <span class='ocrx_word' id='word_1_630' title='bbox 3157 2354 3328 2412; x_wconf 71' lang='lat' dir='ltr'><strong>potem</strong></span> <span class='ocrx_word' id='word_1_631' title='bbox 3370 2345 3533 2400; x_wconf 85' lang='lat' dir='ltr'><strong>etiam</strong></span> 
     </span>
    </p>
   </div>
   <div class='ocr_carea' id='block_1_85' title="bbox 1959 2419 3532 2502">
    <p class='ocr_par' dir='ltr' id='par_1_85' title="bbox 1959 2419 3532 2502">
     <span class='ocr_line' id='line_1_85' title="bbox 1959 2419 3532 2502; baseline 0.003 -17"><span class='ocrx_word' id='word_1_632' title='bbox 1959 2433 2009 2486; x_wconf 87' lang='lat' dir='ltr'><strong>in</strong></span> <span class='ocrx_word' id='word_1_633' title='bbox 2035 2443 2273 2486; x_wconf 59' lang='lat' dir='ltr'><strong>aeternum</strong></span> <span class='ocrx_word' id='word_1_634' title='bbox 2305 2433 2661 2502; x_wconf 86' lang='lat' dir='ltr'><strong>interpretari.</strong></span> <span class='ocrx_word' id='word_1_635' title='bbox 2693 2433 2922 2488; x_wconf 86' lang='lat' dir='ltr'><strong>Proinde</strong></span> <span class='ocrx_word' id='word_1_636' title='bbox 2949 2435 2995 2490; x_wconf 90' lang='lat' dir='ltr'><strong>si</strong></span> <span class='ocrx_word' id='word_1_637' title='bbox 3042 2435 3127 2489; x_wconf 87' lang='lat' dir='ltr'><strong>illa</strong></span> <span class='ocrx_word' id='word_1_638' title='bbox 3169 2419 3532 2490; x_wconf 76' lang='lat' dir='ltr'><strong>misericordia</strong></span> 
     </span>
    </p>
   </div>
   <div class='ocr_carea' id='block_1_86' title="bbox 1958 2510 3528 2593">
    <p class='ocr_par' dir='ltr' id='par_1_86' title="bbox 1958 2510 3528 2593">
     <span class='ocr_line' id='line_1_86' title="bbox 1958 2510 3528 2593; baseline 0 -15"><span class='ocrx_word' id='word_1_639' title='bbox 1958 2523 2045 2578; x_wconf 90' lang='lat' dir='ltr'><strong>hic</strong></span> <span class='ocrx_word' id='word_1_640' title='bbox 2072 2524 2399 2593; x_wconf 84' lang='lat' dir='ltr'><strong>intelligitur,</strong></span> <span class='ocrx_word' id='word_1_641' title='bbox 2420 2540 2522 2593; x_wconf 90' lang='lat' dir='ltr'><strong>qua</strong></span> <span class='ocrx_word' id='word_1_642' title='bbox 2552 2540 2709 2578; x_wconf 89' lang='lat' dir='ltr'><strong>nemo</strong></span> <span class='ocrx_word' id='word_1_643' title='bbox 2729 2525 2842 2577; x_wconf 83' lang='lat' dir='ltr'><strong>sine</strong></span> <span class='ocrx_word' id='word_1_644' title='bbox 2862 2524 2968 2578; x_wconf 86' lang='lat' dir='ltr'><strong>Deo</strong></span> <span class='ocrx_word' id='word_1_645' title='bbox 2988 2525 3172 2578; x_wconf 88' lang='lat' dir='ltr'><strong>beatus</strong></span> <span class='ocrx_word' id='word_1_646' title='bbox 3187 2539 3304 2579; x_wconf 89' lang='lat' dir='ltr'><strong>esse</strong></span> <span class='ocrx_word' id='word_1_647' title='bbox 3326 2510 3528 2593; x_wconf 76' lang='lat' dir='ltr'><strong>potest;</strong></span> 
     </span>
    </p>
   </div>
   <div class='ocr_carea' id='block_1_87' title="bbox 1958 2615 3530 2684">
    <p class='ocr_par' dir='ltr' id='par_1_87' title="bbox 1958 2615 3530 2684">
     <span class='ocr_line' id='line_1_87' title="bbox 1958 2615 3530 2684; baseline 0 -16"><span class='ocrx_word' id='word_1_648' title='bbox 1958 2615 2146 2670; x_wconf 90' lang='lat' dir='ltr'><strong>melius</strong></span> <span class='ocrx_word' id='word_1_649' title='bbox 2174 2615 2461 2684; x_wconf 88' lang='lat' dir='ltr'><strong>accipimus</strong></span> <span class='ocrx_word' id='word_1_650' title='bbox 2499 2616 2551 2668; x_wconf 85' lang='lat' dir='ltr'><strong>in</strong></span> <span class='ocrx_word' id='word_1_651' title='bbox 2585 2625 2861 2668; x_wconf 77' lang='lat' dir='ltr'><strong>wternum:</strong></span> <span class='ocrx_word' id='word_1_652' title='bbox 2892 2616 2936 2668; x_wconf 90' lang='lat' dir='ltr'><strong>si</strong></span> <span class='ocrx_word' id='word_1_653' title='bbox 2977 2625 3155 2668; x_wconf 89' lang='lat' dir='ltr'><strong>autem</strong></span> <span class='ocrx_word' id='word_1_654' title='bbox 3200 2616 3286 2668; x_wconf 92' lang='lat' dir='ltr'><strong>illa</strong></span> <span class='ocrx_word' id='word_1_655' title='bbox 3316 2627 3397 2668; x_wconf 90' lang='lat' dir='ltr'><strong>est</strong></span> <span class='ocrx_word' id='word_1_656' title='bbox 3427 2615 3530 2668; x_wconf 88' lang='lat' dir='ltr'><strong>mi-</strong></span> 
     </span>
    </p>
   </div>
   <div class='ocr_carea' id='block_1_88' title="bbox 1956 2706 3528 2776">
    <p class='ocr_par' dir='ltr' id='par_1_88' title="bbox 1956 2706 3528 2776">
     <span class='ocr_line' id='line_1_88' title="bbox 1956 2706 3528 2776; baseline 0 -15"><span class='ocrx_word' id='word_1_657' title='bbox 1956 2707 2243 2762; x_wconf 87' lang='lat' dir='ltr'><strong>sericordia</strong></span> <span class='ocrx_word' id='word_1_658' title='bbox 2275 2723 2393 2776; x_wconf 78' lang='lat' dir='ltr'><strong>qua:</strong></span> <span class='ocrx_word' id='word_1_659' title='bbox 2422 2707 2632 2762; x_wconf 84' lang='lat' dir='ltr'><strong>miseris</strong></span> <span class='ocrx_word' id='word_1_660' title='bbox 2655 2706 2955 2772; x_wconf 80' lang='lat' dir='ltr'><strong>exhibetur,</strong></span> <span class='ocrx_word' id='word_1_661' title='bbox 2986 2716 3042 2760; x_wconf 89' lang='lat' dir='ltr'><strong>ut</strong></span> <span class='ocrx_word' id='word_1_662' title='bbox 3070 2707 3150 2760; x_wconf 85' lang='lat' dir='ltr'><strong>vel</strong></span> <span class='ocrx_word' id='word_1_663' title='bbox 3186 2707 3528 2762; x_wconf 82' lang='lat' dir='ltr'><strong>consolentur</strong></span> 
     </span>
    </p>
   </div>
   <div class='ocr_carea' id='block_1_89' title="bbox 1954 2799 3528 2864">
    <p class='ocr_par' dir='ltr' id='par_1_89' title="bbox 1954 2799 3528 2864">
     <span class='ocr_line' id='line_1_89' title="bbox 1954 2799 3528 2864; baseline 0 -10"><span class='ocrx_word' id='word_1_664' title='bbox 1954 2801 2005 2854; x_wconf 92' lang='lat' dir='ltr'><strong>in</strong></span> <span class='ocrx_word' id='word_1_665' title='bbox 2052 2800 2284 2864; x_wconf 89' lang='lat' dir='ltr'><strong>miseria,</strong></span> <span class='ocrx_word' id='word_1_666' title='bbox 2319 2800 2402 2853; x_wconf 90' lang='lat' dir='ltr'><strong>vel</strong></span> <span class='ocrx_word' id='word_1_667' title='bbox 2432 2799 2500 2853; x_wconf 88' lang='lat' dir='ltr'><strong>ab</strong></span> <span class='ocrx_word' id='word_1_668' title='bbox 2541 2799 2630 2853; x_wconf 90' lang='lat' dir='ltr'><strong>illa</strong></span> <span class='ocrx_word' id='word_1_669' title='bbox 2674 2800 2832 2852; x_wconf 89' lang='lat' dir='ltr'><strong>etiam</strong></span> <span class='ocrx_word' id='word_1_670' title='bbox 2879 2799 3203 2863; x_wconf 88' lang='lat' dir='ltr'><strong>liberentur;</strong></span> <span class='ocrx_word' id='word_1_671' title='bbox 3256 2799 3446 2854; x_wconf 88' lang='lat' dir='ltr'><strong>melius</strong></span> <span class='ocrx_word' id='word_1_672' title='bbox 3475 2800 3528 2854; x_wconf 85' lang='lat' dir='ltr'><strong>iu</strong></span> 
     </span>
    </p>
   </div>
   <div class='ocr_carea' id='block_1_90' title="bbox 1954 2889 3526 2958">
    <p class='ocr_par' dir='ltr' id='par_1_90' title="bbox 1954 2889 3526 2958">
     <span class='ocr_line' id='line_1_90' title="bbox 1954 2889 3526 2958; baseline -0.001 -13"><span class='ocrx_word' id='word_1_673' title='bbox 1954 2891 2216 2954; x_wconf 73' lang='lat' dir='ltr'><strong>swculum,</strong></span> <span class='ocrx_word' id='word_1_674' title='bbox 2249 2889 2350 2945; x_wconf 89' lang='lat' dir='ltr'><strong>hoc</strong></span> <span class='ocrx_word' id='word_1_675' title='bbox 2375 2901 2478 2956; x_wconf 79' lang='lat' dir='ltr'><strong>est,</strong></span> <span class='ocrx_word' id='word_1_676' title='bbox 2512 2906 2676 2958; x_wconf 90' lang='lat' dir='ltr'><strong>usque</strong></span> <span class='ocrx_word' id='word_1_677' title='bbox 2705 2891 2754 2942; x_wconf 90' lang='lat' dir='ltr'><strong>in</strong></span> <span class='ocrx_word' id='word_1_678' title='bbox 2784 2891 2940 2943; x_wconf 88' lang='lat' dir='ltr'><strong>linem</strong></span> <span class='ocrx_word' id='word_1_679' title='bbox 2973 2890 3175 2954; x_wconf 69' lang='lat' dir='ltr'><strong>saeculi,</strong></span> <span class='ocrx_word' id='word_1_680' title='bbox 3208 2891 3258 2943; x_wconf 95' lang='lat' dir='ltr'><strong>in</strong></span> <span class='ocrx_word' id='word_1_681' title='bbox 3285 2906 3390 2958; x_wconf 86' lang='lat' dir='ltr'><strong>quo</strong></span> <span class='ocrx_word' id='word_1_682' title='bbox 3421 2905 3526 2944; x_wconf 90' lang='lat' dir='ltr'><strong>non</strong></span> 
     </span>
    </p>
   </div>
   <div class='ocr_carea' id='block_1_91' title="bbox 1951 2980 3525 3051">
    <p class='ocr_par' dir='ltr' id='par_1_91' title="bbox 1951 2980 3525 3051">
     <span class='ocr_line' id='line_1_91' title="bbox 1951 2980 3525 3051; baseline -0.001 -15"><span class='ocrx_word' id='word_1_683' title='bbox 1951 2983 2176 3037; x_wconf 83' lang='lat' dir='ltr'><strong>deerunt</strong></span> <span class='ocrx_word' id='word_1_684' title='bbox 2207 2983 2385 3037; x_wconf 88' lang='lat' dir='ltr'><strong>miseri</strong></span> <span class='ocrx_word' id='word_1_685' title='bbox 2415 2982 2612 3051; x_wconf 89' lang='lat' dir='ltr'><strong>quibus</strong></span> <span class='ocrx_word' id='word_1_686' title='bbox 2638 2980 3001 3035; x_wconf 88' lang='lat' dir='ltr'><strong>misericordia</strong></span> <span class='ocrx_word' id='word_1_687' title='bbox 3053 2981 3366 3049; x_wconf 79' lang='lat' dir='ltr'><strong>praebeatur.</strong></span> <span class='ocrx_word' id='word_1_688' title='bbox 3412 2980 3525 3034; x_wconf 86' lang='lat' dir='ltr'><strong>Nisi</strong></span> 
     </span>
    </p>
   </div>
   <div class='ocr_carea' id='block_1_92' title="bbox 1951 3069 3524 3142">
    <p class='ocr_par' dir='ltr' id='par_1_92' title="bbox 1951 3069 3524 3142">
     <span class='ocr_line' id='line_1_92' title="bbox 1951 3069 3524 3142; baseline -0.002 -17"><span class='ocrx_word' id='word_1_689' title='bbox 1951 3072 2085 3126; x_wconf 84' lang='lat' dir='ltr'><strong>forte</strong></span> <span class='ocrx_word' id='word_1_690' title='bbox 2110 3072 2229 3142; x_wconf 90' lang='lat' dir='ltr'><strong>quis</strong></span> <span class='ocrx_word' id='word_1_691' title='bbox 2278 3073 2467 3126; x_wconf 89' lang='lat' dir='ltr'><strong>audeat</strong></span> <span class='ocrx_word' id='word_1_692' title='bbox 2505 3071 2702 3136; x_wconf 88' lang='lat' dir='ltr'><strong>dicere,</strong></span> <span class='ocrx_word' id='word_1_693' title='bbox 2745 3071 2903 3124; x_wconf 84' lang='lat' dir='ltr'><strong>etiam</strong></span> <span class='ocrx_word' id='word_1_694' title='bbox 2951 3069 3031 3123; x_wconf 90' lang='lat' dir='ltr'><strong>bis</strong></span> <span class='ocrx_word' id='word_1_695' title='bbox 3061 3070 3149 3138; x_wconf 89' lang='lat' dir='ltr'><strong>qui</strong></span> <span class='ocrx_word' id='word_1_696' title='bbox 3193 3069 3524 3128; x_wconf 72' lang='lat' dir='ltr'><strong>damnabun-</strong></span> 
     </span>
    </p>
   </div>
   <div class='ocr_carea' id='block_1_93' title="bbox 1951 3162 3523 3232">
    <p class='ocr_par' dir='ltr' id='par_1_93' title="bbox 1951 3162 3523 3232">
     <span class='ocr_line' id='line_1_93' title="bbox 1951 3162 3523 3232; baseline -0.002 -14"><span class='ocrx_word' id='word_1_697' title='bbox 1951 3173 2038 3218; x_wconf 91' lang='lat' dir='ltr'><strong>tur</strong></span> <span class='ocrx_word' id='word_1_698' title='bbox 2061 3179 2181 3218; x_wconf 92' lang='lat' dir='ltr'><strong>cum</strong></span> <span class='ocrx_word' id='word_1_699' title='bbox 2216 3164 2424 3217; x_wconf 86' lang='lat' dir='ltr'><strong>diabolo</strong></span> <span class='ocrx_word' id='word_1_700' title='bbox 2451 3172 2506 3217; x_wconf 91' lang='lat' dir='ltr'><strong>et</strong></span> <span class='ocrx_word' id='word_1_701' title='bbox 2545 3163 2747 3232; x_wconf 81' lang='lat' dir='ltr'><strong>angelis</strong></span> <span class='ocrx_word' id='word_1_702' title='bbox 2789 3162 2925 3231; x_wconf 89' lang='lat' dir='ltr'><strong>ejus,</strong></span> <span class='ocrx_word' id='word_1_703' title='bbox 2956 3162 3185 3230; x_wconf 88' lang='lat' dir='ltr'><strong>aliquam</strong></span> <span class='ocrx_word' id='word_1_704' title='bbox 3218 3163 3523 3215; x_wconf 88' lang='lat' dir='ltr'><strong>misericor-</strong></span> 
     </span>
    </p>
   </div>
   <div class='ocr_carea' id='block_1_94' title="bbox 1949 3250 3524 3320">
    <p class='ocr_par' dir='ltr' id='par_1_94' title="bbox 1949 3250 3524 3320">
     <span class='ocr_line' id='line_1_94' title="bbox 1949 3250 3524 3320; baseline -0.003 -13"><span class='ocrx_word' id='word_1_705' title='bbox 1949 3253 2089 3307; x_wconf 90' lang='lat' dir='ltr'><strong>diam</strong></span> <span class='ocrx_word' id='word_1_706' title='bbox 2125 3253 2216 3307; x_wconf 90' lang='lat' dir='ltr'><strong>Dci</strong></span> <span class='ocrx_word' id='word_1_707' title='bbox 2248 3253 2464 3308; x_wconf 91' lang='lat' dir='ltr'><strong>minime</strong></span> <span class='ocrx_word' id='word_1_708' title='bbox 2493 3252 2790 3307; x_wconf 86' lang='lat' dir='ltr'><strong>defuturam</strong></span> <span class='ocrx_word' id='word_1_709' title='bbox 2815 3269 2831 3319; x_wconf 91' lang='lat'><strong>;</strong></span> <span class='ocrx_word' id='word_1_710' title='bbox 2883 3267 2987 3305; x_wconf 89' lang='lat' dir='ltr'><strong>non</strong></span> <span class='ocrx_word' id='word_1_711' title='bbox 3014 3266 3116 3320; x_wconf 87' lang='lat' dir='ltr'><strong>qua</strong></span> <span class='ocrx_word' id='word_1_712' title='bbox 3142 3267 3208 3305; x_wconf 80' lang='lat' dir='ltr'><strong>ex</strong></span> <span class='ocrx_word' id='word_1_713' title='bbox 3253 3251 3340 3304; x_wconf 88' lang='lat' dir='ltr'><strong>illa</strong></span> <span class='ocrx_word' id='word_1_714' title='bbox 3369 3250 3524 3304; x_wconf 85' lang='lat' dir='ltr'><strong>dam-</strong></span> 
     </span>
    </p>
   </div>
   <div class='ocr_carea' id='block_1_95' title="bbox 1949 3342 3519 3413">
    <p class='ocr_par' dir='ltr' id='par_1_95' title="bbox 1949 3342 3519 3413">
     <span class='ocr_line' id='line_1_95' title="bbox 1949 3342 3519 3413; baseline 0 -15"><span class='ocrx_word' id='word_1_715' title='bbox 1949 3345 2162 3398; x_wconf 87' lang='lat' dir='ltr'><strong>natione</strong></span> <span class='ocrx_word' id='word_1_716' title='bbox 2192 3343 2500 3410; x_wconf 88' lang='lat' dir='ltr'><strong>liberentur,</strong></span> <span class='ocrx_word' id='word_1_717' title='bbox 2529 3343 2622 3398; x_wconf 90' lang='lat' dir='ltr'><strong>scd</strong></span> <span class='ocrx_word' id='word_1_718' title='bbox 2653 3353 2712 3398; x_wconf 90' lang='lat' dir='ltr'><strong>ut</strong></span> <span class='ocrx_word' id='word_1_719' title='bbox 2739 3344 2817 3398; x_wconf 86' lang='lat' dir='ltr'><strong>eis</strong></span> <span class='ocrx_word' id='word_1_720' title='bbox 2842 3343 3174 3413; x_wconf 89' lang='lat' dir='ltr'><strong>aliquatenus</strong></span> <span class='ocrx_word' id='word_1_721' title='bbox 3215 3342 3519 3412; x_wconf 79' lang='lat' dir='ltr'><strong>mitigetur:</strong></span> 
     </span>
    </p>
   </div>
   <div class='ocr_carea' id='block_1_96' title="bbox 1948 3437 3523 3508">
    <p class='ocr_par' dir='ltr' id='par_1_96' title="bbox 1948 3437 3523 3508">
     <span class='ocr_line' id='line_1_96' title="bbox 1948 3437 3523 3508; baseline -0.001 -16"><span class='ocrx_word' id='word_1_722' title='bbox 1948 3449 2106 3508; x_wconf 84' lang='lat' dir='ltr'><strong>atque</strong></span> <span class='ocrx_word' id='word_1_723' title='bbox 2133 3438 2204 3492; x_wconf 89' lang='lat' dir='ltr'><strong>ita</strong></span> <span class='ocrx_word' id='word_1_724' title='bbox 2232 3448 2485 3493; x_wconf 56' lang='lat' dir='ltr'><strong>aeternam</strong></span> <span class='ocrx_word' id='word_1_725' title='bbox 2519 3453 2676 3508; x_wconf 90' lang='lat' dir='ltr'><strong>posse</strong></span> <span class='ocrx_word' id='word_1_726' title='bbox 2705 3437 2924 3506; x_wconf 78' lang='lat' dir='ltr'><strong>intelligi</strong></span> <span class='ocrx_word' id='word_1_727' title='bbox 2969 3437 3063 3491; x_wconf 91' lang='lat' dir='ltr'><strong>Dei</strong></span> <span class='ocrx_word' id='word_1_728' title='bbox 3101 3437 3523 3492; x_wconf 83' lang='lat' dir='ltr'><strong>misericordiam</strong></span> 
     </span>
    </p>
   </div>
   <div class='ocr_carea' id='block_1_97' title="bbox 1948 3527 3524 3599">
    <p class='ocr_par' dir='ltr' id='par_1_97' title="bbox 1948 3527 3524 3599">
     <span class='ocr_line' id='line_1_97' title="bbox 1948 3527 3524 3599; baseline -0.001 -16"><span class='ocrx_word' id='word_1_729' title='bbox 1948 3546 2109 3599; x_wconf 87' lang='lat' dir='ltr'><strong>super</strong></span> <span class='ocrx_word' id='word_1_730' title='bbox 2133 3529 2340 3583; x_wconf 89' lang='lat' dir='ltr'><strong>illorum</strong></span> <span class='ocrx_word' id='word_1_731' title='bbox 2371 3539 2622 3582; x_wconf 77' lang='lat' dir='ltr'><strong>:eternam</strong></span> <span class='ocrx_word' id='word_1_732' title='bbox 2651 3528 2940 3582; x_wconf 67' lang='lat' dir='ltr'><strong>miseriam.</strong></span> <span class='ocrx_word' id='word_1_733' title='bbox 2971 3527 3076 3582; x_wconf 90' lang='lat' dir='ltr'><strong>Sed</strong></span> <span class='ocrx_word' id='word_1_734' title='bbox 3107 3527 3524 3582; x_wconf 80' lang='lat' dir='ltr'><strong>tolerabiliorem</strong></span> 
     </span>
    </p>
   </div>
   <div class='ocr_carea' id='block_1_98' title="bbox 1947 3617 3516 3692">
    <p class='ocr_par' dir='ltr' id='par_1_98' title="bbox 1947 3617 3516 3692">
     <span class='ocr_line' id='line_1_98' title="bbox 1947 3617 3516 3692; baseline -0.003 -18"><span class='ocrx_word' id='word_1_735' title='bbox 1947 3619 2204 3692; x_wconf 89' lang='lat' dir='ltr'><strong>quosdam</strong></span> <span class='ocrx_word' id='word_1_736' title='bbox 2260 3627 2576 3687; x_wconf 79' lang='lat' dir='ltr'><strong>excepturos</strong></span> <span class='ocrx_word' id='word_1_737' title='bbox 2621 3617 3015 3671; x_wconf 88' lang='lat' dir='ltr'><strong>damnationem</strong></span> <span class='ocrx_word' id='word_1_738' title='bbox 3063 3618 3114 3670; x_wconf 91' lang='lat' dir='ltr'><strong>in</strong></span> <span class='ocrx_word' id='word_1_739' title='bbox 3167 3617 3516 3685; x_wconf 87' lang='lat' dir='ltr'><strong>quorumdam</strong></span> 
     </span>
    </p>
   </div>
   <div class='ocr_carea' id='block_1_99' title="bbox 1904 3708 3525 3782">
    <p class='ocr_par' dir='ltr' id='par_1_99' title="bbox 1904 3708 3525 3782">
     <span class='ocr_line' id='line_1_99' title="bbox 1904 3708 3525 3782; baseline -0.004 -14"><span class='ocrx_word' id='word_1_740' title='bbox 1904 3729 1908 3732; x_wconf 81' lang='lat'>&#39;</span> <span class='ocrx_word' id='word_1_741' title='bbox 1946 3711 2341 3782; x_wconf 89' lang='lat' dir='ltr'><strong>comparatione</strong></span> <span class='ocrx_word' id='word_1_742' title='bbox 2379 3711 2641 3780; x_wconf 78' lang='lat' dir='ltr'><strong>legimus;</strong></span> <span class='ocrx_word' id='word_1_743' title='bbox 2685 3708 2909 3777; x_wconf 90' lang='lat' dir='ltr'><strong>alicujus</strong></span> <span class='ocrx_word' id='word_1_744' title='bbox 2955 3723 3081 3762; x_wconf 88' lang='lat' dir='ltr'><strong>vero</strong></span> <span class='ocrx_word' id='word_1_745' title='bbox 3129 3708 3354 3776; x_wconf 79' lang='lat' dir='ltr'><strong>mitigari</strong></span> <span class='ocrx_word' id='word_1_746' title='bbox 3401 3724 3525 3762; x_wconf 81' lang='lat' dir='ltr'><strong>eam</strong></span> 
     </span>
    </p>
   </div>
   <div class='ocr_carea' id='block_1_100' title="bbox 1945 3799 3523 3870">
    <p class='ocr_par' dir='ltr' id='par_1_100' title="bbox 1945 3799 3523 3870">
     <span class='ocr_line' id='line_1_100' title="bbox 1945 3799 3523 3870; baseline -0.004 -10"><span class='ocrx_word' id='word_1_747' title='bbox 1945 3807 2030 3861; x_wconf 90' lang='lat' dir='ltr'><strong>cui</strong></span> <span class='ocrx_word' id='word_1_748' title='bbox 2071 3813 2154 3858; x_wconf 88' lang='lat' dir='ltr'><strong>est</strong></span> <span class='ocrx_word' id='word_1_749' title='bbox 2200 3803 2422 3858; x_wconf 91' lang='lat' dir='ltr'><strong>traditus</strong></span> <span class='ocrx_word' id='word_1_750' title='bbox 2471 3816 2703 3870; x_wconf 87' lang='lat' dir='ltr'><strong>poenam,</strong></span> <span class='ocrx_word' id='word_1_751' title='bbox 2736 3801 2819 3854; x_wconf 91' lang='lat' dir='ltr'><strong>vel</strong></span> <span class='ocrx_word' id='word_1_752' title='bbox 2865 3799 3179 3869; x_wconf 81' lang='lat' dir='ltr'><strong>quibusdam</strong></span> <span class='ocrx_word' id='word_1_753' title='bbox 3230 3801 3523 3855; x_wconf 81' lang='lat' dir='ltr'><strong>interVaIIis</strong></span> 
     </span>
    </p>
   </div>
   <div class='ocr_carea' id='block_1_101' title="bbox 1945 3888 3516 3963">
    <p class='ocr_par' dir='ltr' id='par_1_101' title="bbox 1945 3888 3516 3963">
     <span class='ocr_line' id='line_1_101' title="bbox 1945 3888 3516 3963; baseline -0.004 -14"><span class='ocrx_word' id='word_1_754' title='bbox 1945 3895 2143 3950; x_wconf 89' lang='lat' dir='ltr'><strong>habere</strong></span> <span class='ocrx_word' id='word_1_755' title='bbox 2169 3891 2396 3963; x_wconf 88' lang='lat' dir='ltr'><strong>aliquam</strong></span> <span class='ocrx_word' id='word_1_756' title='bbox 2429 3905 2668 3961; x_wconf 89' lang='lat' dir='ltr'><strong>pausam,</strong></span> <span class='ocrx_word' id='word_1_757' title='bbox 2694 3889 2814 3959; x_wconf 90' lang='lat' dir='ltr'><strong>quis</strong></span> <span class='ocrx_word' id='word_1_758' title='bbox 2840 3889 3090 3944; x_wconf 86' lang='lat' dir='ltr'><strong>audacter</strong></span> <span class='ocrx_word' id='word_1_759' title='bbox 3113 3888 3326 3952; x_wconf 79' lang='lat' dir='ltr'><strong>dixerit,</strong></span> <span class='ocrx_word' id='word_1_760' title='bbox 3350 3906 3516 3960; x_wconf 85' lang='lat' dir='ltr'><strong>quan-</strong></span> 
     </span>
    </p>
   </div>
   <div class='ocr_carea' id='block_1_102' title="bbox 1885 3973 3521 4056">
    <p class='ocr_par' dir='ltr' id='par_1_102' title="bbox 1885 3973 3521 4056">
     <span class='ocr_line' id='line_1_102' title="bbox 1885 3973 3521 4056; baseline -0.002 -15"><span class='ocrx_word' id='word_1_761' title='bbox 1885 3973 1895 3981; x_wconf 60' lang='grc'><em>’</em></span> <span class='ocrx_word' id='word_1_762' title='bbox 1940 3984 2224 4056; x_wconf 87' lang='lat' dir='ltr'><strong>doquidem</strong></span> <span class='ocrx_word' id='word_1_763' title='bbox 2264 3998 2420 4037; x_wconf 89' lang='lat' dir='ltr'><strong>unam</strong></span> <span class='ocrx_word' id='word_1_764' title='bbox 2466 3981 2659 4036; x_wconf 91' lang='lat' dir='ltr'><strong>stillam</strong></span> <span class='ocrx_word' id='word_1_765' title='bbox 2700 3980 2847 4035; x_wconf 88' lang='lat' dir='ltr'><strong>dives</strong></span> <span class='ocrx_word' id='word_1_766' title='bbox 2884 3980 2972 4035; x_wconf 90' lang='lat' dir='ltr'><strong>ille</strong></span> <span class='ocrx_word' id='word_1_767' title='bbox 3011 3995 3116 4034; x_wconf 91' lang='lat' dir='ltr'><strong>non</strong></span> <span class='ocrx_word' id='word_1_768' title='bbox 3169 3981 3362 4035; x_wconf 87' lang='lat' dir='ltr'><strong>meruit</strong></span> <span class='ocrx_word' id='word_1_769' title='bbox 3401 3979 3521 4052; x_wconf 75' lang='lat' dir='ltr'><strong>(Id.</strong></span> 
     </span>
    </p>
   </div>
   <div class='ocr_carea' id='block_1_103' title="bbox 1932 4072 3521 4147">
    <p class='ocr_par' dir='ltr' id='par_1_103' title="bbox 1932 4072 3521 4147">
     <span class='ocr_line' id='line_1_103' title="bbox 1932 4072 3521 4147; baseline -0.003 -12"><span class='ocrx_word' id='word_1_770' title='bbox 1932 4096 2056 4146; x_wconf 71' lang='lat' dir='ltr'><strong>.xvr,</strong></span> <span class='ocrx_word' id='word_1_771' title='bbox 2103 4075 2346 4147; x_wconf 67' lang='lat'><strong>24-26)?</strong></span> <span class='ocrx_word' id='word_1_772' title='bbox 2396 4074 2502 4130; x_wconf 91' lang='lat' dir='ltr'><strong>Sed</strong></span> <span class='ocrx_word' id='word_1_773' title='bbox 2550 4073 2618 4128; x_wconf 90' lang='lat' dir='ltr'><strong>de</strong></span> <span class='ocrx_word' id='word_1_774' title='bbox 2662 4073 2761 4128; x_wconf 89' lang='lat' dir='ltr'><strong>hac</strong></span> <span class='ocrx_word' id='word_1_775' title='bbox 2805 4080 2946 4127; x_wconf 90' lang='lat' dir='ltr'><strong>tanta</strong></span> <span class='ocrx_word' id='word_1_776' title='bbox 2993 4087 3053 4128; x_wconf 91' lang='lat' dir='ltr'><strong>re</strong></span> <span class='ocrx_word' id='word_1_777' title='bbox 3103 4072 3404 4140; x_wconf 80' lang='lat' dir='ltr'><strong>diligentius</strong></span> <span class='ocrx_word' id='word_1_778' title='bbox 3449 4089 3521 4130; x_wconf 71' lang='lat' dir='ltr'><strong>ex</strong></span> 
     </span>
    </p>
   </div>
   <div class='ocr_carea' id='block_1_104' title="bbox 1942 4163 3508 4234">
    <p class='ocr_par' dir='ltr' id='par_1_104' title="bbox 1942 4163 3508 4234">
     <span class='ocr_line' id='line_1_104' title="bbox 1942 4163 3508 4234; baseline -0.006 -7"><span class='ocrx_word' id='word_1_779' title='bbox 1942 4173 2054 4227; x_wconf 91' lang='lat' dir='ltr'><strong>otio</strong></span> <span class='ocrx_word' id='word_1_780' title='bbox 2099 4167 2463 4225; x_wconf 87' lang='lat' dir='ltr'><strong>disserendum</strong></span> <span class='ocrx_word' id='word_1_781' title='bbox 2511 4176 2629 4229; x_wconf 89' lang='lat' dir='ltr'><strong>est;</strong></span> <span class='ocrx_word' id='word_1_782' title='bbox 2674 4179 2816 4220; x_wconf 89' lang='lat' dir='ltr'><strong>nunc</strong></span> <span class='ocrx_word' id='word_1_783' title='bbox 2857 4163 3000 4234; x_wconf 90' lang='lat' dir='ltr'><strong>quod</strong></span> <span class='ocrx_word' id='word_1_784' title='bbox 3041 4163 3105 4217; x_wconf 93' lang='lat' dir='ltr'><strong>ad</strong></span> <span class='ocrx_word' id='word_1_785' title='bbox 3155 4163 3309 4217; x_wconf 92' lang='lat' dir='ltr'><strong>istum</strong></span> <span class='ocrx_word' id='word_1_786' title='bbox 3366 4165 3508 4232; x_wconf 69' lang='lat' dir='ltr'><strong>psal~</strong></span> 
     </span>
    </p>
   </div>
   <div class='ocr_carea' id='block_1_105' title="bbox 1941 4253 3474 4325">
    <p class='ocr_par' dir='ltr' id='par_1_105' title="bbox 1941 4253 3474 4325">
     <span class='ocr_line' id='line_1_105' title="bbox 1941 4253 3474 4325; baseline -0.005 -8"><span class='ocrx_word' id='word_1_787' title='bbox 1941 4277 2084 4317; x_wconf 91' lang='lat' dir='ltr'><strong>mum</strong></span> <span class='ocrx_word' id='word_1_788' title='bbox 2114 4260 2326 4325; x_wconf 86' lang='lat' dir='ltr'><strong>attinet,</strong></span> <span class='ocrx_word' id='word_1_789' title='bbox 2353 4258 2609 4312; x_wconf 90' lang='lat' dir='ltr'><strong>hactenus</strong></span> <span class='ocrx_word' id='word_1_790' title='bbox 2627 4255 2696 4311; x_wconf 92' lang='lat' dir='ltr'><strong>de</strong></span> <span class='ocrx_word' id='word_1_791' title='bbox 2715 4255 2804 4310; x_wconf 91' lang='lat' dir='ltr'><strong>illa</strong></span> <span class='ocrx_word' id='word_1_792' title='bbox 2823 4255 3020 4310; x_wconf 91' lang='lat' dir='ltr'><strong>dictum</strong></span> <span class='ocrx_word' id='word_1_793' title='bbox 3044 4269 3164 4310; x_wconf 86' lang='lat' dir='ltr'><strong>esse</strong></span> <span class='ocrx_word' id='word_1_794' title='bbox 3189 4253 3474 4310; x_wconf 80' lang='lat' dir='ltr'><strong>suffecerit.</strong></span> 
     </span>
    </p>
   </div>
   <div class='ocr_carea' id='block_1_106' title="bbox 2011 4345 3513 4427">
    <p class='ocr_par' dir='ltr' id='par_1_106' title="bbox 2011 4345 3513 4427">
     <span class='ocr_line' id='line_1_106' title="bbox 2011 4345 3513 4427; baseline -0.007 -16"><span class='ocrx_word' id='word_1_795' title='bbox 2011 4357 2062 4411; x_wconf 79' lang='lat'><strong>5.</strong></span> <span class='ocrx_word' id='word_1_796' title='bbox 2105 4352 2260 4427; x_wconf 59' lang='lat' dir='ltr'><strong>[vers</strong></span> <span class='ocrx_word' id='word_1_797' title='bbox 2291 4350 2372 4424; x_wconf 68' lang='lat'><strong>2.]</strong></span> <span class='ocrx_word' id='word_1_798' title='bbox 2415 4350 2540 4418; x_wconf 89' lang='lat' dir='ltr'><strong>Quis</strong></span> <span class='ocrx_word' id='word_1_799' title='bbox 2565 4348 2790 4418; x_wconf 84' lang='lat' dir='ltr'><strong>loquetur</strong></span> <span class='ocrx_word' id='word_1_800' title='bbox 2827 4348 3071 4419; x_wconf 84' lang='lat' dir='ltr'><strong>potentias</strong></span> <span class='ocrx_word' id='word_1_801' title='bbox 3114 4345 3362 4400; x_wconf 84' lang='lat' dir='ltr'><strong>Domini?</strong></span> <span class='ocrx_word' id='word_1_802' title='bbox 3405 4347 3513 4400; x_wconf 51' lang='lat' dir='ltr'><strong>Im.</strong></span> 
     </span>
    </p>
   </div>
   <div class='ocr_carea' id='block_1_107' title="bbox 1939 4437 3509 4520">
    <p class='ocr_par' dir='ltr' id='par_1_107' title="bbox 1939 4437 3509 4520">
     <span class='ocr_line' id='line_1_107' title="bbox 1939 4437 3509 4520; baseline -0.008 -16"><span class='ocrx_word' id='word_1_803' title='bbox 1939 4449 2114 4520; x_wconf 90' lang='lat' dir='ltr'><strong>pletus</strong></span> <span class='ocrx_word' id='word_1_804' title='bbox 2142 4443 2566 4501; x_wconf 88' lang='lat' dir='ltr'><strong>consideratione</strong></span> <span class='ocrx_word' id='word_1_805' title='bbox 2600 4441 2900 4495; x_wconf 91' lang='lat' dir='ltr'><strong>divinorum</strong></span> <span class='ocrx_word' id='word_1_806' title='bbox 2944 4453 3185 4507; x_wconf 89' lang='lat' dir='ltr'><strong>operum,</strong></span> <span class='ocrx_word' id='word_1_807' title='bbox 3212 4437 3302 4506; x_wconf 92' lang='lat' dir='ltr'><strong>qui</strong></span> <span class='ocrx_word' id='word_1_808' title='bbox 3350 4438 3509 4492; x_wconf 72' lang='lat' dir='ltr'><strong>mise—</strong></span> 
     </span>
    </p>
   </div>
   <div class='ocr_carea' id='block_1_108' title="bbox 1935 4530 3513 4607">
    <p class='ocr_par' dir='ltr' id='par_1_108' title="bbox 1935 4530 3513 4607">
     <span class='ocr_line' id='line_1_108' title="bbox 1935 4530 3513 4607; baseline -0.008 -11"><span class='ocrx_word' id='word_1_809' title='bbox 1935 4539 2218 4596; x_wconf 89' lang='lat' dir='ltr'><strong>ricordiam</strong></span> <span class='ocrx_word' id='word_1_810' title='bbox 2247 4536 2360 4607; x_wconf 89' lang='lat' dir='ltr'><strong>ejus</strong></span> <span class='ocrx_word' id='word_1_811' title='bbox 2387 4533 2645 4604; x_wconf 82' lang='lat' dir='ltr'><strong>exposcit,</strong></span> <span class='ocrx_word' id='word_1_812' title='bbox 2678 4532 2824 4600; x_wconf 82' lang='lat' dir='ltr'><strong>Quis,</strong></span> <span class='ocrx_word' id='word_1_813' title='bbox 2862 4531 3051 4602; x_wconf 89' lang='lat' dir='ltr'><strong>inquit,</strong></span> <span class='ocrx_word' id='word_1_814' title='bbox 3079 4530 3307 4599; x_wconf 81' lang='lat' dir='ltr'><strong>loquetur</strong></span> <span class='ocrx_word' id='word_1_815' title='bbox 3337 4541 3513 4596; x_wconf 75' lang='lat' dir='ltr'><strong>poten-</strong></span> 
     </span>
    </p>
   </div>
   <div class='ocr_carea' id='block_1_109' title="bbox 1935 4621 3506 4695">
    <p class='ocr_par' dir='ltr' id='par_1_109' title="bbox 1935 4621 3506 4695">
     <span class='ocr_line' id='line_1_109' title="bbox 1935 4621 3506 4695; baseline -0.007 -8"><span class='ocrx_word' id='word_1_816' title='bbox 1935 4636 2029 4688; x_wconf 83' lang='lat' dir='ltr'><strong>tias</strong></span> <span class='ocrx_word' id='word_1_817' title='bbox 2060 4630 2282 4695; x_wconf 86' lang='lat' dir='ltr'><strong>Domini,</strong></span> <span class='ocrx_word' id='word_1_818' title='bbox 2309 4628 2508 4682; x_wconf 82' lang='lat' dir='ltr'><strong>auditas</strong></span> <span class='ocrx_word' id='word_1_819' title='bbox 2543 4625 2692 4695; x_wconf 78' lang='lat' dir='ltr'><strong>faciet</strong></span> <span class='ocrx_word' id='word_1_820' title='bbox 2717 4640 2887 4679; x_wconf 90' lang='lat' dir='ltr'><strong>omnes</strong></span> <span class='ocrx_word' id='word_1_821' title='bbox 2913 4623 3088 4677; x_wconf 84' lang='lat' dir='ltr'><strong>laudes</strong></span> <span class='ocrx_word' id='word_1_822' title='bbox 3117 4623 3264 4692; x_wconf 78' lang='lat' dir='ltr'><strong>eius?</strong></span> <span class='ocrx_word' id='word_1_823' title='bbox 3302 4621 3506 4676; x_wconf 77' lang='lat' dir='ltr'><strong>Subau-</strong></span> 
     </span>
    </p>
   </div>
   <div class='ocr_carea' id='block_1_110' title="bbox 1937 4712 3514 4792">
    <p class='ocr_par' dir='ltr' id='par_1_110' title="bbox 1937 4712 3514 4792">
     <span class='ocr_line' id='line_1_110' title="bbox 1937 4712 3514 4792; baseline -0.01 -9"><span class='ocrx_word' id='word_1_824' title='bbox 1937 4725 2188 4783; x_wconf 89' lang='lat' dir='ltr'><strong>diendum</strong></span> <span class='ocrx_word' id='word_1_825' title='bbox 2233 4731 2316 4778; x_wconf 91' lang='lat' dir='ltr'><strong>est</strong></span> <span class='ocrx_word' id='word_1_826' title='bbox 2359 4719 2499 4792; x_wconf 90' lang='lat' dir='ltr'><strong>quod</strong></span> <span class='ocrx_word' id='word_1_827' title='bbox 2545 4733 2702 4788; x_wconf 91' lang='lat' dir='ltr'><strong>supra</strong></span> <span class='ocrx_word' id='word_1_828' title='bbox 2750 4717 2950 4792; x_wconf 84' lang='lat' dir='ltr'><strong>dictum</strong></span> <span class='ocrx_word' id='word_1_829' title='bbox 2979 4724 3080 4779; x_wconf 92' lang='lat' dir='ltr'><strong>est,</strong></span> <span class='ocrx_word' id='word_1_830' title='bbox 3115 4722 3172 4768; x_wconf 93' lang='lat' dir='ltr'><strong>ut</strong></span> <span class='ocrx_word' id='word_1_831' title='bbox 3211 4712 3368 4768; x_wconf 90' lang='lat' dir='ltr'><strong>etiam</strong></span> <span class='ocrx_word' id='word_1_832' title='bbox 3409 4713 3514 4767; x_wconf 79' lang='lat' dir='ltr'><strong>ista</strong></span> 
     </span>
    </p>
   </div>
   <div class='ocr_carea' id='block_1_111' title="bbox 1935 4805 3508 4882">
    <p class='ocr_par' dir='ltr' id='par_1_111' title="bbox 1935 4805 3508 4882">
     <span class='ocr_line' id='line_1_111' title="bbox 1935 4805 3508 4882; baseline -0.011 -8"><span class='ocrx_word' id='word_1_833' title='bbox 1935 4817 2198 4874; x_wconf 89' lang='lat' dir='ltr'><strong>sententia</strong></span> <span class='ocrx_word' id='word_1_834' title='bbox 2227 4815 2298 4870; x_wconf 89' lang='lat' dir='ltr'><strong>ita</strong></span> <span class='ocrx_word' id='word_1_835' title='bbox 2323 4813 2394 4868; x_wconf 92' lang='lat' dir='ltr'><strong>sit</strong></span> <span class='ocrx_word' id='word_1_836' title='bbox 2425 4811 2601 4882; x_wconf 90' lang='lat' dir='ltr'><strong>plena,</strong></span> <span class='ocrx_word' id='word_1_837' title='bbox 2639 4809 2766 4876; x_wconf 86' lang='lat' dir='ltr'><strong>Quis</strong></span> <span class='ocrx_word' id='word_1_838' title='bbox 2795 4807 2999 4860; x_wconf 86' lang='lat' dir='ltr'><strong>auditas</strong></span> <span class='ocrx_word' id='word_1_839' title='bbox 3027 4806 3176 4876; x_wconf 86' lang='lat' dir='ltr'><strong>faciet</strong></span> <span class='ocrx_word' id='word_1_840' title='bbox 3205 4821 3374 4859; x_wconf 83' lang='lat' dir='ltr'><strong>omnes</strong></span> <span class='ocrx_word' id='word_1_841' title='bbox 3399 4805 3508 4858; x_wconf 86' lang='lat' dir='ltr'><strong>lau-</strong></span> 
     </span>
    </p>
   </div>
   <div class='ocr_carea' id='block_1_112' title="bbox 1933 4893 3510 4979">
    <p class='ocr_par' dir='ltr' id='par_1_112' title="bbox 1933 4893 3510 4979">
     <span class='ocr_line' id='line_1_112' title="bbox 1933 4893 3510 4979; baseline -0.009 -17"><span class='ocrx_word' id='word_1_842' title='bbox 1933 4910 2020 4964; x_wconf 86' lang='lat' dir='ltr'><strong>des</strong></span> <span class='ocrx_word' id='word_1_843' title='bbox 2065 4905 2214 4979; x_wconf 82' lang='lat' dir='ltr'><strong>ejus?</strong></span> <span class='ocrx_word' id='word_1_844' title='bbox 2260 4903 2312 4958; x_wconf 89' lang='lat' dir='ltr'><strong>id</strong></span> <span class='ocrx_word' id='word_1_845' title='bbox 2362 4911 2462 4966; x_wconf 88' lang='lat' dir='ltr'><strong>est,</strong></span> <span class='ocrx_word' id='word_1_846' title='bbox 2517 4898 2761 4970; x_wconf 90' lang='lat' dir='ltr'><strong>quisnam</strong></span> <span class='ocrx_word' id='word_1_847' title='bbox 2809 4896 3035 4952; x_wconf 82' lang='lat' dir='ltr'><strong>sufficiat</strong></span> <span class='ocrx_word' id='word_1_848' title='bbox 3080 4895 3286 4948; x_wconf 87' lang='lat' dir='ltr'><strong>auditas</strong></span> <span class='ocrx_word' id='word_1_849' title='bbox 3331 4893 3510 4948; x_wconf 85' lang='lat' dir='ltr'><strong>facere</strong></span> 
     </span>
    </p>
   </div>
   <div class='ocr_carea' id='block_1_113' title="bbox 1930 4984 3504 5063">
    <p class='ocr_par' dir='ltr' id='par_1_113' title="bbox 1930 4984 3504 5063">
     <span class='ocr_line' id='line_1_113' title="bbox 1930 4984 3504 5063; baseline -0.013 -7"><span class='ocrx_word' id='word_1_850' title='bbox 1930 5013 2116 5056; x_wconf 90' lang='lat' dir='ltr'><strong>omnes</strong></span> <span class='ocrx_word' id='word_1_851' title='bbox 2138 4995 2320 5052; x_wconf 89' lang='lat' dir='ltr'><strong>laudes</strong></span> <span class='ocrx_word' id='word_1_852' title='bbox 2337 4992 2488 5063; x_wconf 88' lang='lat' dir='ltr'><strong>ejus?</strong></span> <span class='ocrx_word' id='word_1_853' title='bbox 2504 4991 2718 5044; x_wconf 83' lang='lat' dir='ltr'><strong>Auditus</strong></span> <span class='ocrx_word' id='word_1_854' title='bbox 2739 4989 2908 5061; x_wconf 85' lang='lat' dir='ltr'><strong>faciet,</strong></span> <span class='ocrx_word' id='word_1_855' title='bbox 2924 4987 3076 5052; x_wconf 84' lang='lat' dir='ltr'><strong>dixit,</strong></span> <span class='ocrx_word' id='word_1_856' title='bbox 3099 4986 3149 5040; x_wconf 89' lang='lat' dir='ltr'><strong>id</strong></span> <span class='ocrx_word' id='word_1_857' title='bbox 3165 4995 3247 5040; x_wconf 90' lang='lat' dir='ltr'><strong>est</strong></span> <span class='ocrx_word' id='word_1_858' title='bbox 3263 4984 3434 5045; x_wconf 84' lang='lat' dir='ltr'><strong>faciet,</strong></span> <span class='ocrx_word' id='word_1_859' title='bbox 3450 4993 3504 5037; x_wconf 87' lang='lat' dir='ltr'><strong>ut</strong></span> 
     </span>
    </p>
   </div>
   <div class='ocr_carea' id='block_1_114' title="bbox 1928 5074 3565 5160">
    <p class='ocr_par' dir='ltr' id='par_1_114' title="bbox 1928 5074 3565 5160">
     <span class='ocr_line' id='line_1_114' title="bbox 1928 5074 3565 5160; baseline -0.013 -14"><span class='ocrx_word' id='word_1_860' title='bbox 1928 5090 2244 5155; x_wconf 89' lang='lat' dir='ltr'><strong>audiantur;</strong></span> <span class='ocrx_word' id='word_1_861' title='bbox 2291 5083 2580 5140; x_wconf 88' lang='lat' dir='ltr'><strong>ostendens</strong></span> <span class='ocrx_word' id='word_1_862' title='bbox 2625 5082 2694 5136; x_wconf 90' lang='lat' dir='ltr'><strong>ita</strong></span> <span class='ocrx_word' id='word_1_863' title='bbox 2742 5078 3034 5150; x_wconf 89' lang='lat' dir='ltr'><strong>loquendas</strong></span> <span class='ocrx_word' id='word_1_864' title='bbox 3080 5076 3342 5146; x_wconf 88' lang='lat' dir='ltr'><strong>potentias</strong></span> <span class='ocrx_word' id='word_1_865' title='bbox 3396 5074 3502 5126; x_wconf 87' lang='lat' dir='ltr'><strong>Do-</strong></span> <span class='ocrx_word' id='word_1_866' title='bbox 3563 5155 3565 5160; x_wconf 15' lang='lat'>‘</span> 
     </span>
    </p>
   </div>
   <div class='ocr_carea' id='block_1_115' title="bbox 1929 5163 3500 5246">
    <p class='ocr_par' dir='ltr' id='par_1_115' title="bbox 1929 5163 3500 5246">
     <span class='ocr_line' id='line_1_115' title="bbox 1929 5163 3500 5246; baseline -0.013 -7"><span class='ocrx_word' id='word_1_867' title='bbox 1929 5181 2059 5239; x_wconf 89' lang='lat' dir='ltr'><strong>mini</strong></span> <span class='ocrx_word' id='word_1_868' title='bbox 2084 5189 2138 5235; x_wconf 90' lang='lat' dir='ltr'><strong>et</strong></span> <span class='ocrx_word' id='word_1_869' title='bbox 2163 5177 2343 5235; x_wconf 89' lang='lat' dir='ltr'><strong>laudes</strong></span> <span class='ocrx_word' id='word_1_870' title='bbox 2367 5175 2500 5246; x_wconf 91' lang='lat' dir='ltr'><strong>ejus,</strong></span> <span class='ocrx_word' id='word_1_871' title='bbox 2534 5183 2591 5229; x_wconf 93' lang='lat' dir='ltr'><strong>ut</strong></span> <span class='ocrx_word' id='word_1_872' title='bbox 2627 5173 2984 5243; x_wconf 75' lang='lat' dir='ltr'><strong>przedicentur</strong></span> <span class='ocrx_word' id='word_1_873' title='bbox 3010 5165 3363 5222; x_wconf 88' lang='lat' dir='ltr'><strong>audientibus.</strong></span> <span class='ocrx_word' id='word_1_874' title='bbox 3393 5163 3500 5219; x_wconf 89' lang='lat' dir='ltr'><strong>Sed</strong></span> 
     </span>
    </p>
   </div>
   <div class='ocr_carea' id='block_1_116' title="bbox 1928 5253 3501 5345">
    <p class='ocr_par' dir='ltr' id='par_1_116' title="bbox 1928 5253 3501 5345">
     <span class='ocr_line' id='line_1_116' title="bbox 1928 5253 3501 5345; baseline -0.013 -17"><span class='ocrx_word' id='word_1_875' title='bbox 1928 5274 2048 5345; x_wconf 88' lang='lat' dir='ltr'><strong>quis</strong></span> <span class='ocrx_word' id='word_1_876' title='bbox 2075 5279 2250 5342; x_wconf 89' lang='lat' dir='ltr'><strong>potest</strong></span> <span class='ocrx_word' id='word_1_877' title='bbox 2275 5266 2496 5323; x_wconf 88' lang='lat' dir='ltr'><strong>omnes?</strong></span> <span class='ocrx_word' id='word_1_878' title='bbox 2529 5268 2607 5320; x_wconf 90' lang='lat' dir='ltr'><strong>An</strong></span> <span class='ocrx_word' id='word_1_879' title='bbox 2639 5264 2774 5318; x_wconf 83' lang='lat' dir='ltr'><strong>forte</strong></span> <span class='ocrx_word' id='word_1_880' title='bbox 2812 5262 2932 5332; x_wconf 89' lang='lat' dir='ltr'><strong>quia</strong></span> <span class='ocrx_word' id='word_1_881' title='bbox 2960 5257 3219 5327; x_wconf 90' lang='lat' dir='ltr'><strong>sequitur,</strong></span> <span class='ocrx_word' id='word_1_882' title='bbox 3249 5253 3390 5306; x_wconf 84' lang='lat' dir='ltr'><strong>Beati</strong></span> <span class='ocrx_word' id='word_1_883' title='bbox 3417 5254 3501 5322; x_wconf 92' lang='lat' dir='ltr'><strong>qui</strong></span> 
     </span>
    </p>
   </div>
   <div class='ocr_carea' id='block_1_117' title="bbox 1929 5346 3496 5432">
    <p class='ocr_par' dir='ltr' id='par_1_117' title="bbox 1929 5346 3496 5432">
     <span class='ocr_line' id='line_1_117' title="bbox 1929 5346 3496 5432; baseline -0.014 -13"><span class='ocrx_word' id='word_1_884' title='bbox 1929 5362 2211 5419; x_wconf 85' lang='lat' dir='ltr'><strong>custodiunt</strong></span> <span class='ocrx_word' id='word_1_885' title='bbox 2233 5359 2504 5432; x_wconf 81' lang='lat' dir='ltr'><strong>judicium,</strong></span> <span class='ocrx_word' id='word_1_886' title='bbox 2528 5367 2575 5410; x_wconf 86' lang='lat' dir='ltr'><strong>et</strong></span> <span class='ocrx_word' id='word_1_887' title='bbox 2611 5355 2805 5425; x_wconf 87' lang='lat' dir='ltr'><strong>faciunt</strong></span> <span class='ocrx_word' id='word_1_888' title='bbox 2834 5351 3089 5421; x_wconf 83' lang='lat' dir='ltr'><strong>justitiam</strong></span> <span class='ocrx_word' id='word_1_889' title='bbox 3117 5348 3169 5400; x_wconf 87' lang='lat' dir='ltr'><strong>in</strong></span> <span class='ocrx_word' id='word_1_890' title='bbox 3205 5346 3340 5399; x_wconf 77' lang='grc' dir='ltr'><strong>οηιηὶ</strong></span> <span class='ocrx_word' id='word_1_891' title='bbox 3370 5355 3496 5398; x_wconf 83' lang='lat' dir='ltr'><strong>tem-</strong></span> 
     </span>
    </p>
   </div>
   <div class='ocr_carea' id='block_1_118' title="bbox 1927 5439 3497 5530">
    <p class='ocr_par' dir='ltr' id='par_1_118' title="bbox 1927 5439 3497 5530">
     <span class='ocr_line' id='line_1_118' title="bbox 1927 5439 3497 5530; baseline -0.013 -19"><span class='ocrx_word' id='word_1_892' title='bbox 1927 5471 2067 5530; x_wconf 86' lang='lat' dir='ltr'><strong>pore,</strong></span> <span class='ocrx_word' id='word_1_893' title='bbox 2095 5469 2186 5510; x_wconf 89' lang='lat' dir='ltr'><strong>eas</strong></span> <span class='ocrx_word' id='word_1_894' title='bbox 2215 5450 2345 5507; x_wconf 78' lang='lat' dir='ltr'><strong>dixit</strong></span> <span class='ocrx_word' id='word_1_895' title='bbox 2385 5448 2566 5503; x_wconf 87' lang='lat' dir='ltr'><strong>laudes</strong></span> <span class='ocrx_word' id='word_1_896' title='bbox 2607 5447 2743 5515; x_wconf 91' lang='lat' dir='ltr'><strong>ejus,</strong></span> <span class='ocrx_word' id='word_1_897' title='bbox 2769 5457 2886 5513; x_wconf 77' lang='lat' dir='ltr'><strong>qua:</strong></span> <span class='ocrx_word' id='word_1_898' title='bbox 2930 5439 3294 5530; x_wconf 80' lang='lat' dir='ltr'><strong>intelliguntur</strong></span> <span class='ocrx_word' id='word_1_899' title='bbox 3339 5450 3497 5530; x_wconf 82' lang='lat' dir='ltr'><strong>Opera</strong></span> 
     </span>
    </p>
   </div>
   <div class='ocr_carea' id='block_1_119' title="bbox 1926 5527 3496 5621">
    <p class='ocr_par' dir='ltr' id='par_1_119' title="bbox 1926 5527 3496 5621">
     <span class='ocr_line' id='line_1_119' title="bbox 1926 5527 3496 5621; baseline -0.018 -13"><span class='ocrx_word' id='word_1_900' title='bbox 1926 5527 2042 5621; x_wconf 78' lang='lat' dir='ltr'><strong>ejus</strong></span> <span class='ocrx_word' id='word_1_901' title='bbox 2068 5549 2119 5602; x_wconf 92' lang='lat' dir='ltr'><strong>in</strong></span> <span class='ocrx_word' id='word_1_902' title='bbox 2159 5542 2434 5616; x_wconf 63' lang='lat' dir='ltr'><strong>praeceptis</strong></span> <span class='ocrx_word' id='word_1_903' title='bbox 2462 5539 2613 5610; x_wconf 90' lang='lat' dir='ltr'><strong>ejus?</strong></span> <span class='ocrx_word' id='word_1_904' title='bbox 2643 5537 2778 5590; x_wconf 87' lang='lat' dir='ltr'><strong>Deus</strong></span> <span class='ocrx_word' id='word_1_905' title='bbox 2801 5543 2874 5588; x_wconf 88' lang='lat' dir='ltr'><strong>est</strong></span> <span class='ocrx_word' id='word_1_906' title='bbox 2907 5532 3059 5595; x_wconf 86' lang='lat' dir='ltr'><strong>enim,</strong></span> <span class='ocrx_word' id='word_1_907' title='bbox 3087 5530 3160 5584; x_wconf 92' lang='lat' dir='ltr'><strong>ait</strong></span> <span class='ocrx_word' id='word_1_908' title='bbox 3189 5527 3496 5600; x_wconf 71' lang='lat' dir='ltr'><strong>Apostolus.</strong></span> 
     </span>
    </p>
   </div>
   <div class='ocr_carea' id='block_1_120' title="bbox 1926 5621 3492 5718">
    <p class='ocr_par' dir='ltr' id='par_1_120' title="bbox 1926 5621 3492 5718">
     <span class='ocr_line' id='line_1_120' title="bbox 1926 5621 3492 5718; baseline -0.018 -18"><span class='ocrx_word' id='word_1_909' title='bbox 1926 5645 2013 5718; x_wconf 84' lang='lat' dir='ltr'><strong>qui</strong></span> <span class='ocrx_word' id='word_1_910' title='bbox 2036 5649 2271 5713; x_wconf 78' lang='lat' dir='ltr'><strong>cperatur</strong></span> <span class='ocrx_word' id='word_1_911' title='bbox 2297 5638 2351 5691; x_wconf 89' lang='lat' dir='ltr'><strong>in</strong></span> <span class='ocrx_word' id='word_1_912' title='bbox 2387 5633 2541 5690; x_wconf 85' lang='lat' dir='ltr'><strong>vobis.</strong></span> <span class='ocrx_word' id='word_1_913' title='bbox 2573 5631 2641 5686; x_wconf 83' lang='lat' dir='ltr'><strong>Et</strong></span> <span class='ocrx_word' id='word_1_914' title='bbox 2669 5629 2866 5686; x_wconf 89' lang='lat' dir='ltr'><strong>dictum</strong></span> <span class='ocrx_word' id='word_1_915' title='bbox 2893 5637 2976 5681; x_wconf 87' lang='lat' dir='ltr'><strong>est</strong></span> <span class='ocrx_word' id='word_1_916' title='bbox 3015 5623 3201 5718; x_wconf 79' lang='lat' dir='ltr'><strong>semini</strong></span> <span class='ocrx_word' id='word_1_917' title='bbox 3245 5621 3492 5718; x_wconf 74' lang='lat' dir='ltr'><strong>Abrahzr.</strong></span> 
     </span>
    </p>
   </div>
   <div class='ocr_carea' id='block_1_121' title="bbox 1930 5712 3494 5804">
    <p class='ocr_par' dir='ltr' id='par_1_121' title="bbox 1930 5712 3494 5804">
     <span class='ocr_line' id='line_1_121' title="bbox 1930 5712 3494 5804; baseline -0.02 -9"><span class='ocrx_word' id='word_1_918' title='bbox 1930 5712 2136 5795; x_wconf 72' lang='lat' dir='ltr'><strong>Cantate</strong></span> <span class='ocrx_word' id='word_1_919' title='bbox 2161 5732 2226 5804; x_wconf 87' lang='lat' dir='ltr'><strong>ei,</strong></span> <span class='ocrx_word' id='word_1_920' title='bbox 2249 5740 2293 5787; x_wconf 86' lang='lat' dir='ltr'><strong>et</strong></span> <span class='ocrx_word' id='word_1_921' title='bbox 2319 5727 2519 5802; x_wconf 82' lang='lat' dir='ltr'><strong>psallite</strong></span> <span class='ocrx_word' id='word_1_922' title='bbox 2543 5725 2588 5781; x_wconf 86' lang='lat' dir='ltr'><strong>ei</strong></span> <span class='ocrx_word' id='word_1_923' title='bbox 2605 5717 2778 5794; x_wconf 88' lang='lat' dir='ltr'><strong>:quod</strong></span> <span class='ocrx_word' id='word_1_924' title='bbox 2805 5718 3160 5777; x_wconf 75' lang='lat' dir='ltr'><strong>intelleximus</strong></span> <span class='ocrx_word' id='word_1_925' title='bbox 3185 5716 3251 5771; x_wconf 88' lang='lat' dir='ltr'><strong>ita</strong></span> <span class='ocrx_word' id='word_1_926' title='bbox 3277 5712 3494 5778; x_wconf 80' lang='lat' dir='ltr'><strong>dictum,</strong></span> 
     </span>
    </p>
   </div>
  </div>
