3964 6204
474 357 609 414 1407

472 489 534 526 ae
560 474 606 528 si
649 458 931 539 diceretur,
964 477 1104 530 Bona
1135 477 1186 530 in
1215 477 1332 546 ejus
1371 476 1577 531 laudem
1605 486 1656 532 et
1682 477 1860 541 dicite,
1890 486 1942 531 et
1972 477 2046 530 fa-

473 565 598 619 cite.
628 565 831 633 Quibus
867 567 1074 622 duobus
1101 568 1298 634 verbis,
1328 569 1380 624 id
1419 581 1520 635 cst,
1547 573 1792 626 cantandi
1825 583 1877 628 et
1903 575 2046 644 psal-

475 655 635 716 lendi.
665 659 952 713 convenire
991 659 1125 716 duos
1151 674 1540 733 consequentes
1579 683 1785 734 versus,
1821 679 1879 723 ut
1906 670 2045 740 quod

470 749 665 801 dictum
714 759 814 816 est,
859 749 1081 806 Narrate
1126 757 1295 809 omnia
1335 758 1586 814 mirabilia
1625 763 1771 829 eius;
1814 764 1915 820 hoc
1957 767 2044 831 sit,

471 840 682 894 Caritate
704 843 748 896 ei
767 859 785 894 :
824 845 965 913 quod
993 861 1118 901 vero
1146 848 1344 904 dictum
1375 861 1476 918 est,
1514 852 1822 909 Laudamini
1861 858 1914 910 in
1951 875 2047 911 no-

470 933 602 985 mine
627 943 801 988 sancto
827 939 938 1005 ejus
971 938 1138 1009 (Psal.
1163 956 1264 1007 Civ,
1293 943 1345 1008 2,
1376 945 1464 1015 5);
1501 945 1602 1000 hoc
1625 949 1713 1015 sit,
1749 948 1963 1004 Psallite
1980 953 2045 1006 ei.

472 1024 606 1080 lluie
630 1027 824 1097 quippe
868 1031 1058 1086 semini
1086 1033 1244 1088 etiam
1289 1036 1400 1105 ipse
1429 1038 1688 1095 Dominus
1730 1040 1855 1097 dicit
1884 1060 1896 1095 :
1937 1042 2046 1096 Lu-

469 1127 612 1170 ceant
640 1134 794 1188 opera
827 1131 989 1174 vestra
1032 1139 1201 1178 coram
1242 1127 1544 1196 hominibus,
1585 1139 1640 1183 ut
1676 1131 1874 1186 videant
1918 1134 2049 1187 bona

468 1212 605 1278 facta
634 1221 816 1278 vestra,
841 1223 886 1267 et
924 1215 1206 1284 glorificent
1242 1218 1450 1274 Patrem
1474 1233 1688 1278 vestrum
1711 1226 1798 1294 qui
1835 1227 1888 1280 in
1913 1229 2048 1283 caelis

467 1309 550 1353 est.
571 1299 796 1372 (Matth.
825 1321 878 1369 v,
909 1306 1021 1372 16).
1052 1308 1150 1364 Hie
1178 1326 1304 1381 ergo
1341 1314 1454 1382 ipsa
1488 1315 1580 1370 Dei
1611 1323 1873 1388 praecepta
1915 1335 2046 1375 con-

473 1391 738 1458 siderans,
776 1413 999 1466 quorum
1051 1414 1437 1473 praeceptorum
1485 1423 1648 1477 opera
1695 1409 1879 1465 laudes
1925 1423 2048 1466 sunt

365 1518 373 1526 .
469 1481 587 1551 ejus
613 1485 703 1553 qui
732 1497 982 1556 operatur
1011 1490 1061 1544 in
1089 1493 1219 1554 suis,
1249 1495 1341 1559 ait,
1377 1496 1504 1563 Quis
1547 1499 1774 1568 loquetur
1802 1503 2047 1570 potentias

478 1571 728 1629 Domini?
765 1580 1012 1646 quoniam
1060 1581 1175 1637 haec
1217 1584 1554 1644 inell‘abiliter
1599 1600 1868 1660 operatur.
1917 1593 2048 1661 Quis

474 1666 676 1720 auditas
689 1669 839 1738 faciet
859 1688 1030 1726 omnes
1047 1673 1220 1729 laudes
1250 1678 1398 1747 ejus?
1422 1679 1471 1733 id
1489 1691 1569 1736 est
1585 1684 1701 1752 quis
1721 1699 1840 1738 cum
1864 1685 2046 1740 audie-

474 1758 562 1822 rit,
593 1757 720 1814 facit
746 1776 931 1817 omnes
961 1764 1143 1821 laudes
1183 1768 1336 1836 ejus?
1361 1787 1480 1842 quze
1507 1784 1631 1828 sunt
1659 1788 1817 1844 opera
1847 1791 2047 1846 praece-

472 1857 682 1916 ptorum
711 1853 846 1921 ejus.
879 1856 1009 1922 Quia
1041 1857 1092 1911 in
1124 1871 1377 1929 quantum
1412 1864 1561 1932 ﬁunt,
1594 1868 1694 1922 etsi
1737 1883 1842 1923 non
1870 1871 2044 1925 omnia

468 1954 590 2006 qum
626 1940 801 1995 audita
833 1954 955 1998 sunt
986 1947 1135 2011 fiunt,
1171 1949 1258 2006 ille
1289 1952 1579 2010 laudandus
1607 1966 1707 2023 est,
1739 1959 1821 2029 qui
1862 1977 2046 2030 opera-

470 2038 553 2081 tur
571 2030 622 2082 in
648 2033 789 2086 nobis
815 2043 863 2088 et
888 2036 1013 2090 velle
1035 2047 1082 2092 et
1104 2044 1322 2110 aperari,
1352 2061 1444 2114 pro
1470 2047 1600 2100 bona
1627 2050 1879 2104 voluntate
1895 2052 2048 2122 (Plii-

471 2117 598 2188 lipp.
627 2136 686 2188 ιι,
727 2123 838 2195 15).
887 2126 1011 2182 Ideo
1049 2145 1168 2184 cum
1214 2144 1393 2202 posset
1421 2136 1618 2204 dicere,
1663 2140 1850 2196 Omnia
1892 2117 2045 2199 man-

475 2209 595 2264 data
623 2214 757 2283 ejus,
786 2218 891 2285 vel,
925 2223 1100 2276 omnia
1132 2239 1291 2294 onera
1335 2229 1704 2287 mandatorum
1736 2235 1882 2304 ejus;
1930 2252 2046 2291 ma-

472 2305 570 2358 luit
599 2306 797 2376 dicere,
823 2312 997 2367 laudes
1022 2317 1129 2386 ejus
1154 2333 1173 2370 :
1201 2320 1343 2388 quia,
1373 2331 1431 2375 ut
1454 2324 1650 2379 dictum
1682 2335 1782 2387 est.
1803 2329 1855 2382 in
1874 2345 2045 2400 quan-

473 2407 582 2452 tum
631 2399 781 2465 fiunt,
811 2404 924 2472 ipse
954 2407 1248 2465 laudandus
1287 2423 1388 2468 cst.
1433 2416 1574 2484 Quas
1621 2428 1796 2476 tamen
1843 2424 2043 2490 laudes,

469 2490 713 2558 quisnam
745 2495 947 2552 sufficit
989 2501 1196 2556 auditas
1223 2504 1438 2562 facere?
1485 2509 1538 2564 id
1565 2522 1665 2574 est,
1697 2532 1816 2570 cum
1854 2518 2046 2574 audita:

472 2578 686 2649 fuerint,
718 2584 895 2643 facere
919 2605 1104 2646 omnes
1130 2596 1247 2663 quis
1274 2609 1357 2652 est
1386 2600 1646 2658 idoneus?

541 2674 594 2728 4.
637 2675 805 2747 [vers.
839 2681 933 2754 5.]
971 2683 1116 2738 Beati
1142 2689 1230 2758 qui
1260 2693 1546 2748 custodiunt
1572 2697 1823 2766 judicium
1844 2743 1858 2767 ,
1890 2713 1935 2755 et
1961 2707 2046 2774 fa-

469 2765 604 2818 ciunt
625 2768 877 2836 justitiam
903 2773 955 2827 in
979 2778 1114 2830 omni
1143 2787 1363 2850 tempore
1389 2801 1407 2837 :
1438 2787 1616 2857 utique
1639 2806 1701 2844 ex
1731 2809 1836 2861 quo
1864 2795 2045 2863 incipi-

473 2864 568 2908 unt
601 2867 654 2911 et
690 2859 872 2917 vivunt
912 2865 964 2919 in
1005 2873 1262 2938 tempore.
1307 2873 1408 2942 Qui
1449 2866 1588 2932 enim
1631 2859 2048 2950 perseveraverit

469 2964 639 3019 usque
671 2952 720 3006 in
751 2954 906 3010 finem
933 3000 946 3023 ,
982 2959 1064 3015 hie
1093 2963 1268 3019 salvus
1297 2967 1398 3021 erit
1431 2968 1652 3039 (Matth.
1681 2990 1708 3027 x
1742 3017 1756 3042 ,
1784 2976 1854 3030 9.2
1873 2979 1911 3045 ).
1940 2978 2045 3033 Po-

475 3049 580 3095 test
625 3052 799 3100 autem
846 3049 1012 3134 videri
1052 3053 1288 3123 ejusdem
1330 3063 1608 3118 sententire
1654 3069 1936 3135 repetitio,
1990 3080 2047 3124 ut

474 3131 575 3189 huc
605 3136 673 3190 sit
701 3138 873 3196 facere
894 3131 1151 3212 justitiam
1172 3192 1186 3217 ,
1207 3153 1343 3220 quod
1364 3165 1444 3209 est
1466 3131 1732 3214 custodire
1747 3161 2002 3230 judicium
2030 3183 2042 3218 :

475 3233 532 3276 nt
559 3227 719 3282 etiam
766 3231 817 3285 in
859 3237 1132 3304 superiore
1176 3256 1335 3297 versu
1379 3248 1758 3318 subaudiatur,
1809 3256 1862 3308 in
1910 3259 2045 3310 omni

472 3325 728 3384 tempore;
777 3323 914 3378 sicut
957 3325 1011 3380 in
1054 3334 1350 3397 posteriore
1389 3337 1738 3406 subauditur,
1784 3344 1954 3410 beati;
1992 3357 2045 3402 et

476 3407 694 3464 redditis
744 3429 866 3482 qua:
905 3417 1330 3491 subau'diuntur,
1372 3427 1442 3481 ita
1476 3429 1717 3498 dicatur,
1768 3433 1911 3489 Beati
1934 3407 2045 3502 iqui

465 3498 752 3554 custodiunt
771 3504 1022 3571 judicium
1053 3509 1104 3564 in
1146 3516 1286 3566 omni
1334 3524 1608 3587 tempore,
1649 3523 1792 3578 beati
1830 3527 1916 3595 qui
1957 3498 2041 3598 fa-

464 3590 602 3643 ciunt
617 3591 868 3662 justitiam
896 3597 948 3650 in
977 3601 1114 3654 omni
1139 3614 1375 3673 tempore.
1395 3607 1498 3664 Sed
1527 3611 1623 3666 nisi
1653 3590 1860 3686 aliquid
1875 3590 2040 3673 inter-

462 3689 606 3735 esset
651 3680 792 3739 inter
822 3686 1076 3755 judicium
1106 3703 1154 3747 et
1182 3694 1436 3761 justitiam
1462 3743 1476 3766 ,
1502 3718 1604 3756 non
1633 3707 1683 3758 in
1714 3680 1816 3761 alio
1836 3711 2040 3778 psalmo

464 3771 766 3842 diceretur,
810 3778 1078 3853 Quousque
1106 3786 1306 3852 justitia
1345 3805 1656 3849 convertatur
1701 3799 1753 3853 in
1785 3801 2039 3871 judicium

464 3868 481 3931 (
515 3865 658 3921 Psal.
687 3885 810 3932 χριιι
837 3912 852 3937 ,
882 3873 948 3928 15
976 3873 1015 3944 ).
1047 3879 1202 3932 Amat
1229 3881 1438 3950 quidem
1468 3884 1733 3958 Scriptura
1760 3865 1904 3958 ,vista
1933 3895 2038 3952 duo

463 3958 621 4012 simul
653 3976 850 4029 ponere
882 3981 896 4018 :
928 3965 1078 4020 sicuti
1107 3978 1188 4023 est
1214 4013 1228 4036 ,
1256 3970 1465 4028 Iustitia
1483 3986 1531 4030 et
1545 3979 1796 4047 judicium
1832 3982 2036 4040 directio

460 4052 593 4106 sedis
634 4055 741 4122 ejus
787 4054 972 4128 (Psal.
1025 4077 1186 4129 xcvi,
1215 4064 1332 4135 9.);
1382 4075 1434 4122 et
1479 4070 1605 4124 illud
1631 4115 1643 4136 ,
1686 4092 1704 4125 ι
1741 4074 1806 4129 Ει
1845 4076 2037 4132 educet

461 4144 597 4198 sicut
625 4146 802 4202 lumen
833 4149 1087 4218 justitiam
1122 4165 1261 4210 tuam
1287 4198 1299 4218 ,
1331 4167 1385 4214 et
1423 4160 1677 4229 judicium
1720 4174 1864 4221 tuum
1901 4169 2036 4224 sicut

461 4236 734 4292 meridiem
762 4258 778 4291 ι
813 4240 1001 4312 (Psal.
1032 4250 1191 4301 xxxv:
1216 4289 1232 4314 ,
1275 4250 1347 4319 ϐ)
1374 4267 1388 4314 ;
1434 4267 1552 4307 cum
1579 4264 1632 4308 et
1663 4255 1774 4312 illic'
1797 4257 2032 4327 ejusdem

461 4330 741 4382 sententia:
765 4335 1009 4398 repetitio
1031 4335 1289 4392 videatur.
1321 4339 1385 4393 Et
1410 4341 1638 4400 fortasse
1663 4356 1878 4417 propter
1905 4351 2036 4405 vici-

464 4421 683 4474 nitatem
710 4422 1108 4492 significationis
1137 4431 1294 4484 etiam
1322 4431 1546 4489 alterum
1584 4453 1679 4505 pro
1718 4439 1884 4495 altero
1909 4444 2034 4512 poni

462 4524 634 4578 potest
661 4556 675 4577 ,
732 4516 811 4568 vel
857 4517 1111 4583 judicium
1154 4538 1250 4591 pro
1283 4523 1485 4591 justitia
1511 4569 1525 4593 ,
1569 4530 1654 4584 vel
1691 4531 1890 4600 justitia
1938 4551 2034 4605 pro

454 4604 654 4674 judicio
683 4625 695 4660 :
730 4615 903 4664 tamen
931 4615 972 4664 si
1008 4614 1217 4682 proprie
1247 4614 1490 4672 dicantur
1511 4659 1528 4685 ,
1555 4620 1750 4691 aliquid
1777 4604 2033 4682 interesse

459 4713 563 4751 non
593 4698 776 4754 dubito
799 4742 814 4768 ,
846 4711 901 4755 ut
925 4703 1180 4772 judicium
1211 4706 1478 4767 custodire
1509 4711 1714 4766 dicatur
1758 4716 1848 4784 qui
1889 4727 2032 4773 recte

449 4788 692 4856 judicat,
737 4791 994 4860 jusdtiam
1037 4813 1164 4852 vero
1204 4798 1376 4854 facere
1422 4802 1508 4870 qui
1559 4813 1703 4859 recte
1749 4807 1874 4875 agit.
1923 4808 2031 4865 Nec

455 4883 686 4940 absurde
715 4885 964 4942 existimo
1013 4889 1231 4960 intelligi
1275 4893 1567 4947 secundum
1611 4896 1736 4949 illud
1772 4898 1910 4966 quod
1946 4901 2029 4953 di-

456 4984 600 5028 ctum
631 4985 713 5031 est
736 5018 751 5042 ,
785 4977 1050 5049 Quousque
1068 4983 1269 5052 justitia
1303 4993 1614 5048 convertatur
1655 4989 1707 5041 in
1733 4989 2026 5057 judicium,

453 5069 612 5123 etiam
640 5068 725 5125 hic
749 5085 840 5128 eos
880 5071 1049 5127 dictos
1084 5075 1268 5130 beatos
1307 5077 1394 5146 qui
1425 5078 1682 5148 judicium
1725 5071 2030 5140 custodiunt

456 5162 506 5214 in
538 5161 638 5216 fide
663 5203 677 5227 ,
701 5163 958 5233 justitiam
987 5165 1185 5220 faciunt
1211 5169 1261 5221 in
1289 5183 1469 5237 opere.
1502 5170 1688 5226 Veniet
1722 5174 1864 5228 enim
1895 5183 2028 5230 tem-

456 5275 552 5322 pus
582 5271 635 5310 ut
658 5261 912 5325 judicium
939 5260 1078 5330 quod
1112 5263 1269 5320 modo
1293 5265 1587 5320 custoditur
1616 5267 1667 5321 in
1698 5268 1801 5323 fide
1825 5311 1841 5336 ,
1865 5271 2024 5325 etiam

451 5359 762 5406 exerceatur
789 5351 842 5406 in
873 5367 1032 5422 opere
1055 5395 1070 5420 ,
1103 5369 1221 5408 cum
1247 5354 1446 5424 justitia
1487 5372 1739 5412 conversa
1770 5359 1928 5416 fuerit
1969 5363 2023 5417 in

447 5436 740 5510 judicium,
784 5437 837 5497 id
867 5453 999 5508 est,
1041 5459 1158 5498 cum
1203 5447 1502 5514 acceperint
1535 5447 1659 5516 justi
1707 5459 2020 5519 potestatem

447 5525 715 5595 iudicandi
745 5545 836 5586 eos
864 5543 1005 5587 recte
1028 5575 1042 5598 ,
1071 5548 1100 5586 a
1129 5534 1320 5604 quibus
1350 5535 1507 5590 modo
1555 5553 1658 5591 non
1697 5548 1839 5593 recte
1878 5540 2020 5608 judi-

450 5629 657 5674 cantur.
688 5621 838 5678 Unde
869 5625 994 5679 alibi
1031 5627 1200 5695 ipsum
1244 5642 1436 5697 corpus
1477 5627 1673 5684 Christi
1710 5631 2018 5702 intelligitur

449 5712 627 5770 dicere
651 5756 667 5780 ,
701 5713 824 5769 Cum
851 5734 1087 5788 accepero
1126 5729 1318 5791 tempus
1345 5763 1359 5788 ,
1399 5737 1488 5791 ego
1522 5722 1750 5791 justitias
1776 5723 2020 5793 judicabo

444 5810 470 5880 (
493 5808 619 5862 I'sat
670 5824 853 5876 Lxxiv,
886 5812 918 5865 5
945 5817 983 5880 ).
1017 5815 1164 5879 Quod
1194 5814 1411 5870 \crbum
1441 5831 1472 5870 e
1492 5815 1654 5872 verbo
1688 5819 1853 5888 magis
1875 5817 2019 5875 dice-

1702 357 1759 414 s.
1799 349 2160 410 AUGUSTlNl
2187 307 2501 414 ἰεριδεοιη

3588 382 3725 439 1403

2151 478 2297 525 retur
2319 514 2334 539 ,
2363 473 2659 546 {Equitates
2691 481 2956 550 judicabo.
3006 486 3120 542 Non
3161 502 3338 547 autem
3387 493 3555 562 dixit,
3589 498 3718 553 Cum

2151 576 2406 633 accepero
2432 572 2918 641 tempus,justitiatn
2941 576 3160 644 faciam;
3183 583 3301 651 quia
3316 586 3457 639 omni
3483 596 3714 654 tempore

2155 653 2391 711 facienda
2422 669 2503 713 est
2525 703 2540 726 ,
2568 663 2705 717 sicut
2732 666 2890 721 ctiam
2920 667 3006 722 hic
3034 669 3161 726 dicit
3187 713 3200 738 ,
3235 674 3332 738 Qui
3357 677 3718 749 faciunljusti-

2155 746 2280 799 tiam
2296 748 2349 802 in
2371 753 2507 806 omni
2531 763 2768 826 tempore.
3571 779 3588 786 ⁷⁸

2224 839 2277 894 5ι
2319 838 2489 911 [vers.
2513 844 2547 898 4
2569 888 2584 909 ,
2618 847 2670 901 5.
2700 846 2720 920 ]
2761 848 2959 906 Deinde
2983 894 2998 917 ,
3039 855 3159 924 quia
3187 856 3324 911 Deus
3349 858 3601 926 justiﬁcat
3622 904 3638 929 ,
3672 865 3720 917 id

2153 938 2237 982 est
2259 972 2274 997 ,
2298 930 2474 997 justus
2501 933 2624 991 facit
2649 978 2664 1003 ,
2693 941 2928 995 sanando
2951 958 3044 998 eos
3078 945 3145 999 ab
3184 947 3544 1018 iniquitatibus
3569 955 3679 1006 suis
3701 995 3717 1019 ,

2153 1026 2392 1092 sequitur
2421 1027 2589 1082 oratio
2611 1069 2626 1093 ,
2658 1029 2908 1087 Memento
2941 1037 3136 1100 nostri,
3180 1037 3395 1094 Domine
3416 1081 3433 1098 .
3474 1043 3525 1096 in
3571 1045 3718 1098 bene-

2154 1113 2341 1182 plucito
2364 1118 2536 1187 papuli
2559 1120 2632 1173 tui
2658 1137 2676 1173 :
2705 1122 2755 1176 id
2781 1133 2864 1178 est
2886 1166 2899 1188 ,
2936 1137 2992 1180 ut
3020 1128 3072 1181 in
3111 1129 3189 1183 eis
3231 1131 3396 1185 simus
3423 1112 3490 1186 'in
3529 1136 3723 1203 quibus

2152 1207 2539 1278 beneplacitum
2567 1225 2648 1269 cst
2675 1217 2763 1271 tibi
2790 1235 2805 1280 ;
2833 1219 2953 1288 quia
2981 1237 3085 1275 non
3117 1223 3167 1276 in
3194 1226 3439 1281 omnibus
3479 1228 3581 1283 illis
3625 1229 3718 1286 be-

2152 1301 2472 1368 neplacitum
2499 1313 2582 1359 est
2602 1305 2731 1361 Deo.
2771 1307 2930 1362 Visita
2955 1327 3046 1364 nos
3067 1313 3117 1366 in
3138 1315 3346 1368 salutari
3369 1327 3472 1372 tuo.
3505 1318 3618 1389 Ipse
3642 1332 3724 1376 est

2151 1394 2292 1447 enim
2324 1394 2566 1450 Salvator
2590 1437 2604 1462 ,
2637 1400 2688 1452 in
2711 1415 2817 1469 quo
2841 1411 3054 1470 peccata
3084 1404 3418 1462 dimittuntur
3438 1449 3454 1473 ,
3503 1421 3557 1464 et
3602 1413 3721 1464 ani-

2151 1501 2252 1538 mae
2281 1498 2532 1542 sanantur
2558 1529 2573 1553 ,
2602 1499 2659 1545 ut
2687 1492 2892 1560 possint
2924 1495 3190 1551 custodire
3220 1497 3474 1566 judicium
3501 1539 3515 1561 ,
3556 1510 3612 1555 et
3648 1502 3720 1554 fa-

2149 1591 2272 1631 cere
2309 1578 2606 1647 justitiam;
2646 1598 2779 1652 quos
2816 1600 2934 1639 cum
2973 1586 3157 1643 beatos
3207 1604 3325 1644 esse
3372 1590 3726 1662 intelligerent

2149 1667 2238 1737 qui
2286 1668 2397 1722 hzec
2437 1670 2759 1741 loquuntur,
2806 1673 2906 1730 hoc
2952 1677 3050 1732 sibi
3093 1690 3479 1749 consequenter
3519 1684 3724 1738 oranda

2150 1767 2355 1828 petunt.
2386 1759 2466 1816 De
2493 1762 2596 1816 isto
2623 1764 2840 1819 salutari
2867 1766 2992 1821 alibi
3014 1768 3207 1824 dicitur
3230 1811 3244 1837 ,
3273 1770 3339 1826 Ut
3362 1788 3725 1843 cognoscamus

2149 1849 2202 1902 in
2253 1860 2385 1904 terra
2435 1852 2562 1906 viam
2603 1864 2779 1910 tuam:
2819 1866 2875 1913 et
2919 1861 3067 1929 quasi
3113 1877 3474 1931 quazreremus
3521 1866 3572 1920 in
3617 1883 3722 1936 qua

2156 1949 2296 1996 terra
2321 1984 2336 2009 ,
2381 1954 2592 2001 secutus
2635 1956 2754 2015 est,
2793 1948 2861 2004 In
2895 1952 3120 2007 omnibus
3159 1955 3426 2025 gentibus;
3469 1973 3682 2012 rursum
3706 2001 3721 2026 ,

2159 2033 2310 2102 quasi
2339 2051 2696 2104 quaereremus
2716 2055 2870 2109 quam
2892 2043 3030 2096 viam
3055 2085 3069 2109 ,
3100 2055 3313 2100 secutus
3337 2055 3421 2101 est
3441 2089 3456 2112 ,
3483 2048 3727 2104 Salutarc

2153 2133 2292 2178 tuum
2323 2125 2341 2197 (
2369 2125 2511 2180 Psal.
2545 2145 2660 2183 ωιιί
2685 2172 2701 2197 ,
2733 2131 2766 2184 5
2790 2133 2828 2200 ).
2859 2133 2931 2188 De
2965 2134 3056 2189 illo
3099 2138 3291 2206 quippe
3332 2137 3463 2192 dixit
3504 2139 3724 2196 Simeon

2151 2228 2312 2270 senex
2336 2258 2349 2280 ,
2412 2217 2661 2283 Quoniam
2717 2222 2942 2276 viderunt
2988 2227 3118 2279 oculi
3171 2229 3268 2280 mei
3314 2229 3533 2283 salutare
3581 2241 3726 2285 tuum

2153 2305 2320 2376 (Luc.
2369 2324 2443 2373 ιι,
2473 2310 2541 2364 50
2569 2312 2606 2378 );
2661 2312 2750 2380 qui
2795 2313 2862 2370 de
2903 2308 3078 2385 seipSo
3121 2317 3291 2386 dixit,
3323 2319 3450 2389 Ego
3489 2339 3601 2375 sum
3646 2325 3726 2376 via

2152 2395 2348 2466 (Joan.
2380 2415 2485 2464 xxv,
2519 2401 2616 2472 6).
2659 2401 2813 2457 Visita
2844 2419 2970 2474 ergo
3010 2422 3100 2460 nos
3128 2409 3181 2461 in
3217 2409 3426 2463 salutari
3467 2422 3552 2465 tuo
3576 2453 3590 2476 ,
3619 2413 3728 2469 hoc

2152 2497 2234 2542 est
2255 2530 2269 2553 ,
2302 2490 2356 2543 in
2382 2490 2594 2547 Christo
2625 2502 2735 2548 tuo.
2758 2495 2836 2548 Ad
2857 2496 3121 2550 videndum
3142 2500 3192 2552 in
3218 2499 3434 2555 bonitate
3453 2503 3726 2557 electorum

2152 2590 2351 2634 tuorum
2376 2623 2390 2648 ,
2425 2583 2492 2635 ad
2515 2584 2791 2638 lwtandum
2816 2588 2867 2640 in
2891 2587 3061 2642 ltetitia
3085 2592 3245 2661 gentis
3264 2602 3402 2647 tuae:
3432 2595 3483 2649 id
3507 2606 3619 2659 est,
3654 2599 3726 2652 ad

2151 2669 2252 2725 hoc
2282 2687 2379 2726 nos
2406 2673 2556 2727 visita
2590 2675 2640 2728 in
2671 2677 2885 2732 salutari
2915 2687 3003 2733 tuo
3025 2720 3040 2746 ,
3073 2690 3131 2735 ut
3158 2683 3430 2740 videamus
3472 2687 3522 2740 in
3567 2689 3727 2744 boni-

2153 2771 2258 2818 tate
2283 2765 2570 2820 electorum
2598 2765 2844 2834 tuorum,
2876 2777 2928 2824 et
2952 2770 3190 2826 lmtemur
3230 2774 3280 2828 in
3329 2774 3507 2831 laetitia
3543 2781 3725 2851 gentis

2153 2864 2274 2908 tuae.
2305 2854 2458 2923 Quod
2483 2867 2660 2911 autem
2692 2857 2775 2913 hic
2817 2861 3041 2928 positum
3081 2872 3201 2931 est,
3241 2865 3293 2918 in
3332 2866 3587 2938 bonitate;
3629 2870 3724 2926 alii

2150 2946 2360 3002 codices
2385 2947 2619 3016 habent,
2663 2950 2715 3004 in
2747 2955 3034 3008 suavitate:
3078 2956 3215 3012 sicut
3256 2958 3381 3013 illud
3406 3000 3421 3024 ,
3463 2961 3725 3026 Quoniam

2150 3037 2306 3093 bonus
2329 3052 2348 3100 ,'
2373 3038 2464 3092 alii
2492 3039 2722 3107 habent,
2757 3042 3005 3108 Quoniam
3041 3051 3224 3102 suavis.
3272 3047 3499 3120 ldipsum
3537 3064 3722 3109 autem

2148 3128 2369 3183 verbum
2397 3130 2449 3184 in
2475 3145 2648 3200 ειπεεο
2672 3141 2754 3187 est
2775 3173 2790 3199 ,
2819 3135 2957 3204 quod
2983 3146 3036 3190 et
3062 3137 3186 3192 alibi
3217 3137 3405 3209 legitur
3426 3183 3441 3208 ,
3473 3140 3725 3198 Dominus

2148 3219 2284 3273 dabit
2303 3222 2592 3276 suavitatem
2621 3223 2639 3292 (
2662 3221 2810 3286 Psal.
2845 3229 3190 3299 Lxxx1v,l3)
3221 3246 3234 3282 :
3265 3245 3421 3301 quam
3461 3240 3515 3288 et
3552 3233 3726 3302 aliqui

2147 3317 2476 3383 interpretati
2505 3325 2629 3370 sunt
2653 3315 2943 3373 bonitatem
2963 3361 2978 3384 ,
3005 3319 3166 3390 aliqui
3188 3322 3581 3394 benignitatem.
3605 3326 3722 3382 Sed

2146 3404 2272 3473 quid
2302 3414 2384 3460 est
2407 3447 2422 3472 ,
2461 3405 2621 3460 Visita
2647 3423 2736 3461 nos
2759 3449 2772 3475 ,
2797 3419 2850 3462 ut
2870 3410 3122 3466 videamus
3141 3414 3192 3466 in
3215 3414 3430 3469 bonitate
3448 3417 3721 3471 electorum

2146 3506 2345 3550 tuorum
2367 3539 2384 3565 ,
2411 3497 2464 3552 id
2487 3506 2569 3554 est
2591 3541 2606 3565 ,
2636 3500 2690 3554 in
2717 3515 2778 3555 ea
2808 3500 3041 3558 bonitate
3081 3519 3236 3574 quam
3274 3517 3492 3576 praestas
3531 3509 3722 3565 electis

2146 3587 2288 3654 tuis;
2319 3588 2420 3644 nisi
2452 3598 2510 3643 ut
2537 3606 2640 3669 non
2675 3606 3043 3649 remaneamus
3069 3596 3192 3650 caeci
3217 3637 3232 3658 ,
3263 3597 3398 3652 sicut
3422 3598 3494 3653 illi
3519 3600 3718 3670 quibus

2142 3680 2342 3736 dictum
2367 3690 2448 3738 est
2478 3701 2492 3738 :
2521 3664 2671 3738 Nunc
2695 3694 2862 3738 autem
2885 3685 3078 3752 dicitis,
3105 3687 3236 3754 Quia
3256 3688 3512 3753 videmus;
3536 3707 3720 3760 pecca-

2068 3779 2076 3788 '
2143 3780 2246 3826 tum
2291 3782 2507 3827 vestrum
2545 3785 2710 3828 manet
2746 3774 2945 3847 (Joan.
2978 3792 3036 3831 ix
3063 3817 3078 3844 ,
3109 3778 3168 3832 41
3197 3775 3244 3849 )?
3282 3777 3531 3835 Dominus
3567 3783 3717 3839 enim

2140 3862 2394 3917 illuminat
2417 3881 2572 3919 caecos
2601 3866 2619 3936 (
2644 3865 2786 3920 Psat.
2811 3881 2970 3934 CXLV,
2999 3866 3098 3937 8),
3127 3884 3230 3923 non
3252 3871 3454 3926 meritis
3483 3887 3669 3928 eorum
3697 3915 3714 3939 ,

2141 3955 2234 4011 sed
2264 3957 2317 4010 in
2343 3958 2558 4012 bonitate
2575 3959 2841 4012 electorum
2869 3976 3072 4014 suorum
3096 4002 3111 4027 ,
3144 3961 3194 4015 id
3224 3970 3305 4016 est
3327 4001 3344 4028 ,
3373 3978 3529 4032 quam
3555 3964 3717 4018 exhi-

2143 4048 2234 4103 bet
2258 4048 2341 4102 vel
2369 4049 2531 4104 donat
2555 4050 2741 4104 electis
2785 4051 2938 4105 suis:
2986 4056 3122 4106 sicut
3169 4052 3324 4106 Salus
3366 4053 3528 4107 vultus
3570 4056 3671 4108 mei
3698 4097 3715 4121 ,

2140 4155 2246 4195 non
2271 4157 2300 4196 a
2327 4143 2532 4211 meipso
2554 4185 2570 4210 ,
2616 4143 2708 4198 sed
2751 4141 2888 4198 Deus
2920 4161 3058 4199 meus
3095 4144 3286 4218 (Psal.
3332 4162 3438 4207 xui
3463 4188 3480 4214 ,
3514 4146 3603 4220 5);
3656 4161 3720 4204 et

2139 4253 2319 4306 panem
2343 4248 2566 4291 nostrum
2587 4236 2811 4292 dicimus
2835 4238 3220 4307 quotidianum,
3243 4239 3338 4294 sed
3361 4249 3534 4296 tamen
3559 4240 3718 4296 addi-

2140 4346 2258 4386 mus
2280 4372 2294 4396 ,
2326 4331 2555 4385 donabis
2582 4329 2810 4401 (Matth.
2843 4346 2934 4396 v1,
2965 4332 3022 4385 ll
3059 4331 3098 4400 ).
3157 4329 3314 4386 Visita
3356 4347 3485 4404 ergo
3525 4349 3614 4388 nos
3657 4337 3717 4388 in

2137 4416 2350 4479 salutari
2377 4437 2462 4478 tuo
2486 4466 2502 4489 ,
2531 4425 2599 4477 ad
2639 4423 2940 4490 videndum,
2980 4423 3032 4477 id
3075 4430 3157 4478 est
3198 4432 3259 4477 ut
3298 4423 3604 4489 videamus,
3658 4426 3717 4478 in

2139 4516 2356 4570 bonitate
2381 4514 2647 4570 electorum
2689 4525 2920 4579 tuorum;
2961 4515 3028 4567 ad
3072 4514 3343 4568 leuandum
3368 4555 3382 4578 ,
3427 4514 3480 4568 id
3523 4523 3606 4569 est
3657 4526 3718 4571 ιιι

2138 4609 2380 4665 ltetemur
2400 4650 2417 4676 ,
2447 4610 2499 4663 in
2525 4609 2696 4663 lwtitia
2722 4608 2882 4679 gentis
2907 4617 3023 4660 tute.
3059 4605 3228 4662 Unam
3259 4617 3467 4676 gentem
3503 4607 3596 4662 Dei
3622 4608 3714 4661 in-

2138 4701 2378 4772 telligere
2415 4701 2672 4756 debemus
2719 4700 3023 4754 universum
3064 4714 3246 4753 semen
3296 4699 3563 4762 Abrahae;
3609 4701 3716 4755 sed

2137 4794 2274 4850 ﬁlios
2301 4793 2705 4864 promissionis,
2747 4809 2852 4846 non
2900 4791 3095 4846 carnis.
3158 4792 3221 4846 lli
3267 4807 3429 4861 ergo,
3479 4806 3716 4860 quorum

2137 4900 2240 4940 vox
2267 4895 2349 4940 est
2373 4927 2387 4952 ,
2419 4893 2604 4954 eptant
2630 4883 2867 4953 ejusdem
2908 4882 3079 4952 gentis
3122 4881 3317 4938 habere
3356 4882 3607 4935 laztitiam.
3643 4883 3718 4938 Et

2135 4995 2252 5050 qua:
2282 4979 2436 5048 hujus
2459 4978 2632 5049 gentis
2658 4979 2836 5032 la-titia
2862 5020 2877 5043 ,
2902 4977 2999 5032 nisi
3029 4977 3170 5031 Deus
3194 4976 3348 5046 ejus?
3371 4975 3464 5030 Cui
3489 4976 3715 5039 dicitur.

2140 5091 2159 5124 ι
2198 5072 2492 5127 Exsultatio
2520 5085 2635 5124 mea
2658 5110 2672 5134 ,
2704 5069 2907 5124 redime
2931 5083 3017 5123 me
3045 5087 3065 5120 ι
3097 5069 3114 5139 (
3140 5066 3285 5122 Psal.
3311 5084 3438 5123 xxxi
3463 5108 3480 5135 ,
3509 5069 3582 5138 7)
3608 5087 3622 5119 :
3655 5079 3717 5124 et

2133 5165 2217 5220 cui
2245 5163 2438 5218 dicitur
2461 5204 2476 5227 ,
2513 5179 2534 5214 ε
2565 5161 2838 5230 Signatum
2865 5167 2946 5214 est
2971 5174 3131 5229 super
3164 5173 3262 5213 nos
3305 5159 3716 5228 lumemvultus

2133 5255 2206 5310 tui
2237 5296 2251 5322 ,
2281 5253 2539 5317 Domine;
2567 5252 2759 5306 dedisti
2788 5251 3020 5305 lzetitiam
3045 5251 3097 5304 in
3134 5265 3228 5304 cor
3273 5265 3450 5304 meum
3483 5245 3530 5322 ι(
3554 5248 3712 5304 Psal.

2131 5363 2202 5411 ιν,
2231 5347 2261 5400 7
2288 5347 2328 5416 );
2356 5360 2563 5400 summo
2592 5343 2832 5407 scilicet,
2860 5357 2988 5397 vero
3007 5383 3022 5407 ,
3053 5341 3468 5397 incommutabili
3498 5351 3552 5397 et
3573 5343 3713 5398 bea-

2131 5439 2273 5493 tifico
2304 5439 2441 5491 bono
2463 5477 2478 5502 ,
2511 5435 2650 5506 quod
2677 5437 2789 5504 ipse
2817 5435 2957 5488 Deus
2985 5443 3084 5489 est.
3118 5434 3183 5489 Ut
3209 5434 3427 5490 lauderis
3451 5450 3562 5488 cum
3587 5433 3711 5488 he-

2129 5529 2338 5580 reditate
2363 5536 2468 5579 tua.
2496 5526 2658 5580 Miror
2687 5525 2843 5578 istum
2867 5539 3083 5580 versum
3114 5526 3191 5579 sic
3217 5525 3620 5594 interpretatum
3643 5524 3705 5578 in

2127 5621 2309 5677 multis
2336 5635 2454 5674 esse
2479 5618 2751 5673 codicibus
2774 5657 2789 5681 ,
2819 5634 2938 5673 cum
2967 5618 3036 5672 sit
3079 5632 3180 5671 una
3219 5626 3376 5686 atque
3413 5615 3598 5672 eadem
3641 5616 3704 5672 in

2130 5715 2296 5768 tribus
2326 5711 2408 5765 his
2444 5711 2685 5766 versibus
2727 5724 2896 5778 graaea
2937 5709 3132 5762 locutio
3159 5749 3173 5773 ,
3217 5718 3273 5761 ut
3313 5709 3358 5762 si
3403 5706 3505 5761 hoc
3546 5717 3705 5764 recte

2126 5812 2325 5868 dictum
2351 5814 2430 5862 cst
2455 5801 2596 5876 quod
2625 5800 2814 5874 legitur
2837 5841 2850 5867 ,
2887 5817 2904 5851 ‹
2936 5798 3003 5856 Ut
3027 5799 3256 5855 lauderis
3297 5815 3415 5854 cum
3465 5798 3700 5855 ἣξει-θῶ-
