4026 6202
283 264 418 321 1409

277 388 387 432 tate
414 387 537 443 tua;
577 396 595 430 ι
629 387 807 448 posset
835 386 979 433 recte
1007 378 1111 432 dici
1138 420 1152 445 ,
1185 395 1202 429 ‹
1235 377 1300 433 Ut
1328 375 1510 448 videas
1546 378 1596 430 in
1627 375 1860 429 bonitate

271 467 568 524 electorum
598 478 843 535 tuorum,
873 479 926 524 et
947 470 1139 524 laeteris
1170 470 1220 524 in
1251 469 1430 524 laetitia
1457 469 1630 538 gentis
1657 477 1761 522 tum
1789 485 1802 520 :
1836 486 1854 519 ι

275 569 390 614 toto
418 563 536 630 ipso
566 576 728 616 sensu
755 563 824 616 ita
855 571 1104 618 contexto
1132 604 1146 626 ,
1192 581 1210 613 ‹
1248 563 1411 616 Visit'a
1439 562 1616 621 nosin
1643 560 1859 615 salutari

273 661 366 705 tuo
390 693 404 716 ,
437 662 496 705 ut
525 651 705 706 videas
731 652 782 706 in
815 653 1050 708 hanitate
1078 654 1368 708 electorum
1402 663 1608 708 tuorutn
1635 692 1649 715 ,
1681 661 1738 706 ut
1765 651 1860 706 lce-

274 745 400 798 teris
429 745 483 799 in
515 746 694 799 laetitia
720 747 892 817 gentis
913 756 1014 801 tua:
1038 788 1052 812 ,
1081 757 1130 802 et
1155 747 1384 802 lauderis
1409 762 1527 802 cum
1553 745 1860 800 haereditate

273 846 380 891 tua.
419 855 439 888 ›
474 837 777 894 Secundum
819 839 918 893 hoc
954 849 1130 893 autem
1168 839 1308 909 quod
1347 839 1576 894 diximus
1600 880 1613 902 ,
1646 857 1663 890 ε
1695 838 1860 893 Visita

273 946 369 984 nos
394 973 410 994 ,
441 940 500 984 ut
531 931 803 986 videmnus
829 934 880 984 in
912 932 1145 985 bonitate
1187 933 1479 986 electorum
1522 941 1734 985 tuorum
1762 973 1775 996 ,
1806 940 1862 985 et

273 1022 514 1076 hetemur
539 1023 590 1076 in
618 1023 796 1076 laetitia
824 1024 996 1093 gentis
1025 1032 1164 1087 tum;
1196 1042 1212 1072 ι
1255 1018 1642 1091 consequenter
1681 1033 1735 1077 et
1773 1023 1860 1076 hic

271 1114 370 1168 dici
401 1111 600 1169 'debuit
625 1158 638 1176 .
688 1134 705 1165 ι
739 1115 804 1171 Ut
846 1117 1122 1170 laudemur
1162 1131 1281 1169 cum
1325 1117 1634 1170 haereditate
1678 1126 1800 1169 tua:
1834 1135 1853 1168 ι

273 1209 350 1262 cui
401 1209 703 1263 btereditati
752 1209 950 1263 dictum
979 1219 1099 1270 est,
1149 1228 1166 1258 ‹
1198 1209 1506 1263 Landamini
1553 1211 1602 1263 in
1645 1209 1859 1264 nomine

273 1308 456 1354 saneto
500 1299 638 1376 ejus.
678 1318 696 1351 ι
744 1301 906 1354 Porro
943 1310 1117 1354 autem
1164 1303 1412 1369 quoniam
1462 1301 1575 1354 haec
1613 1300 1858 1370 ambigua

274 1390 482 1444 videtur
512 1391 749 1457 locutio;
783 1392 826 1445 si
860 1407 1014 1446 verus
1045 1399 1127 1445 est
1158 1391 1258 1446 iste
1287 1407 1477 1446 sensus
1513 1408 1615 1461 quo
1659 1393 1860 1445 malue-

274 1489 390 1534 runt
421 1482 747 1551 interpretes
771 1481 949 1537 dicere
978 1523 992 1545 ,
1041 1500 1058 1532 ι
1095 1481 1162 1536 Ut
1193 1482 1460 1546 lauderis;
1492 1501 1510 1534 ι
1554 1483 1710 1537 etiam
1753 1482 1858 1535 duo

279 1588 466 1628 versus
493 1573 805 1643 superiores
827 1575 894 1628 ita
920 1572 1244 1643 intelligendi
1269 1583 1390 1627 sunt
1411 1615 1424 1639 ,
1448 1575 1565 1643 quia
1591 1613 1606 1638 ,
1632 1583 1689 1626 ut
1709 1573 1817 1627 dixi
1839 1613 1853 1631 .

279 1681 373 1719 una
405 1673 491 1720 est
522 1667 575 1718 in
607 1665 688 1719 his
720 1665 886 1719 tribus
914 1665 1155 1719 versibus
1183 1680 1354 1733 grmca
1385 1665 1580 1718 locutio
1611 1681 1623 1717 :
1659 1673 1716 1718 ut
1758 1665 1856 1719 hoc

281 1770 444 1813 totum
474 1759 549 1812 ita
576 1759 773 1812 dictum
802 1758 1090 1826 accipiatur
1113 1799 1128 1822 ,
1181 1776 1201 1808 ι
1237 1757 1398 1810 Visita
1433 1773 1527 1810 nos
1555 1757 1606 1810 in
1639 1757 1854 1822 salutari

275 1860 398 1917 tuo,
431 1859 489 1904 ut
531 1849 716 1904 videas
756 1849 807 1902 in
849 1848 1085 1902 bonitate
1129 1847 1420 1902 electorum
1467 1857 1675 1901 tuorum
1701 1889 1716 1910 ,
1749 1866 1779 1915 ι,
1805 1847 1853 1901 id

274 1951 348 1995 est
365 1963 384 2007 ‘,
415 1939 483 1995 ad
515 1940 619 1994 hoc
650 1954 750 1994 nos
773 1939 925 1994 visita
951 1981 966 2005 ,
1014 1949 1069 1991 ut
1114 1939 1220 1992 illic
1267 1954 1364 1992 nos
1405 1945 1525 1993 eSse
1570 1936 1734 1992 facias
1757 1980 1772 2004 ,
1802 1946 1856 1992 et

274 2031 374 2085 illic
402 2045 504 2085 nos
537 2030 758 2094 videas;
797 2047 816 2081 ‹
847 2039 904 2083 ut
934 2027 1130 2082 laeteris
1157 2029 1209 2082 in
1243 2028 1422 2081 laetitia
1452 2027 1622 2098 gentis
1653 2037 1755 2080 tua:
1776 2069 1791 2089 .
1828 2047 1846 2080 ι

277 2124 323 2178 id
352 2132 436 2178 est
462 2165 478 2189 ,
517 2132 571 2176 tu
618 2123 812 2177 dicaris
853 2121 1015 2177 lattari
1044 2162 1059 2187 ,
1099 2137 1219 2175 cum
1262 2121 1333 2175 illi
1376 2122 1620 2175 betantur
1658 2137 1722 2175 ex
1761 2131 1849 2184 te;

279 2234 298 2267 σ
329 2224 386 2270 ut
416 2214 655 2269 lauderis
681 2228 802 2267 cum
833 2212 1141 2267 hmreditate
1170 2221 1256 2266 tua
1281 2254 1295 2275 ,
1331 2232 1350 2264 ι
1398 2212 1449 2266 id
1492 2221 1611 2292 est,
1640 2227 1758 2266 cum
1789 2223 1852 2265 ea

275 2307 501 2362 lauderis
527 2349 543 2370 ,
572 2307 819 2376 quoniam
848 2321 952 2358 non
983 2305 1228 2358 laudatur
1253 2304 1351 2358 nisi
1384 2312 1599 2374 propter
1627 2313 1695 2360 te.
1724 2305 1847 2359 Sive

274 2413 394 2468 ergo
447 2398 580 2463 illo,
629 2397 746 2451 sive
792 2397 894 2450 isto
939 2396 1096 2450 modo
1148 2395 1548 2465 intelligendum
1593 2397 1664 2450 sit
1709 2395 1846 2463 Quod

270 2491 462 2546 dictum
493 2500 620 2555 est,
649 2509 666 2540 ι
695 2491 760 2543 ad
803 2488 1081 2543 videndum
1108 2531 1122 2552 ,
1166 2489 1231 2541 ad
1270 2488 1550 2542 laetandum
1578 2530 1592 2554 ,
1624 2488 1690 2542 ad
1731 2489 1846 2542 lau-

272 2582 496 2636 dandum
523 2598 537 2646 ;
572 2599 593 2632 ι
627 2580 746 2634 ideo
775 2595 832 2634 se
867 2588 1050 2648 optant
1080 2579 1279 2634 visitari
1305 2579 1356 2632 in
1384 2580 1602 2633 salutari
1630 2579 1763 2645 Dei,
1796 2581 1844 2634 id

273 2675 418 2728 estin
451 2673 671 2730 Christo
693 2672 807 2741 ejus
831 2713 846 2737 ,
875 2682 931 2725 ut
960 2686 1066 2724 non
1087 2669 1385 2724 alienentur
1411 2685 1439 2722 a
1467 2670 1662 2739 populo
1689 2670 1803 2740 ejus
1829 2707 1847 2736 ,

270 2776 318 2821 et
344 2767 410 2821 ab
430 2766 515 2821 eis
541 2766 595 2818 in
625 2764 818 2834 quibus
844 2763 1229 2832 beneplacitnm
1260 2770 1342 2817 est
1372 2762 1503 2816 Deo.

330 2860 383 2915 6.
411 2859 590 2932 [vers.
619 2857 651 2912 6
677 2898 692 2919 ,
717 2859 768 2910 7.
791 2855 811 2928 ]
836 2856 968 2924 Quid
990 2865 1166 2910 autem
1187 2855 1437 2923 deinceps
1458 2855 1810 2909 confiteantur
1827 2897 1842 2920 ,

268 2951 576 3005 audiamus:
612 2967 630 3000 ι
661 2948 1001 3006 Peccavimus
1041 2961 1160 3001 cum
1207 2946 1442 3015 patribus
1484 2945 1720 3010 nostris,
1760 2945 1841 2999 iu-

265 3043 397 3114 jnste
466 3043 715 3112 egimus,
784 3041 1112 3109 iniquitatem
1179 3039 1467 3094 fecimus.»
1519 3037 1651 3105 Quid
1723 3046 1842 3104 est,

278 3155 385 3191 rum
412 3136 643 3206 patribus
674 3134 901 3188 nostris?
930 3135 1007 3186 An
1037 3133 1168 3186 sicut
1199 3130 1614 3200 habet'Epistola
1640 3131 1704 3184 ad
1736 3129 1842 3185 He-

269 3229 433 3283 bra‘os
459 3270 474 3292 ,
502 3227 626 3297 quia
654 3235 709 3279 et
745 3224 871 3279 Levi
917 3239 1038 3278 cum
1080 3221 1343 3277 Abraham
1384 3222 1677 3276 decimatus
1720 3229 1802 3276 est
1825 3263 1840 3287 ,

269 3322 513 3390 quoniam
546 3318 600 3372 in
637 3317 830 3371 lumbis
858 3315 974 3384 ejus
1013 3313 1111 3367 fuit
1136 3355 1152 3377 ,
1181 3311 1393 3382 quando
1432 3312 1666 3366 decimas
1699 3310 1844 3366 dedit

267 3411 522 3466 sacerdoti
553 3407 908 3464 Melchisedec
938 3407 954 3476 (
981 3404 1138 3459 llebr.
1165 3419 1236 3458 vn
1259 3444 1274 3470 ,
1303 3403 1431 3458 1-10
1453 3402 1496 3472 );
1540 3403 1616 3457 sic
1661 3413 1715 3458 et
1756 3401 1842 3456 isti

266 3510 617 3573 peccaverunt
656 3509 774 3556 cum
812 3499 1048 3568 patrihus
1087 3497 1196 3552 suis
1221 3538 1236 3562 ,
1288 3497 1341 3550 in
1383 3511 1608 3565 quorum
1648 3495 1843 3550 lumbis

266 3603 407 3648 erant
431 3591 648 3662 quando
676 3591 748 3644 illi
780 3591 831 3643 in
865 3589 1092 3660 Egypto
1131 3587 1385 3642 fuerunt?
1419 3585 1550 3640 Nam
1591 3587 1679 3656 qui
1729 3585 1845 3641 fne-

266 3695 385 3738 runt
410 3698 476 3736 eo
510 3693 750 3750 tempore
779 3720 792 3745 ,
824 3695 944 3734 cum
975 3678 1204 3747 psalmus
1234 3677 1332 3730 iste
1357 3676 1691 3744 conscriptus
1717 3684 1799 3730 est
1822 3717 1838 3742 ,

267 3775 601 3842 maximeque
626 3772 826 3841 posteri
856 3785 1040 3824 eorum
1073 3768 1233 3840 (quia
1258 3767 1340 3821 vel
1364 3767 1430 3822 ab
1465 3767 1542 3820 eis
1583 3767 1671 3836 qui
1717 3775 1842 3821 tunc

267 3873 411 3919 erant
431 3864 535 3918 dici
562 3903 578 3928 ,
626 3863 705 3914 vel
751 3861 822 3915 de
861 3868 982 3929 post
1025 3858 1218 3914 futuris
1261 3858 1428 3927 potuit
1472 3856 1836 3926 prephetari),

267 3955 417 4025 longe
442 3957 667 4009 aberant
689 3953 756 4006 ab
783 3961 937 4006 mtate
963 3952 1171 4005 illorum
1200 3951 1286 4018 qui
1315 3950 1364 4003 in
1399 3949 1628 4020 {Egypto
1652 3961 1843 4018 pecca-‘

266 4055 488 4110 verunt,
541 4059 646 4098 non
684 4043 1036 4113 intelligentes
1073 4041 1327 4095 mirabilia
1377 4039 1490 4095 Dei.
1547 4039 1658 4094 Hoc
1695 4039 1836 4094 enim

229 4128 501 4206 "sequitur
525 4177 540 4200 ,
571 4133 885 4204 exponendo
915 4131 1178 4202 quomodo
1223 4139 1572 4200 peccaverunt
1601 4146 1720 4185 cum
1748 4146 1840 4200 pa-

267 4231 432 4283 tribus
471 4229 582 4282 suis
625 4245 638 4280 :
683 4226 862 4280 Patres
908 4225 1064 4279 nostri
1087 4267 1100 4285 ,
1136 4224 1339 4293 inquit,
1378 4224 1432 4278 in
1466 4222 1709 4294 [Egyplo
1738 4239 1838 4277 non

263 4321 612 4374 intellexerunt
635 4317 886 4371 mirabilia
907 4326 991 4370 tua
1013 4333 1030 4379 ;
1055 4325 1108 4370 et
1137 4327 1326 4371 cmtera
1351 4356 1366 4380 ,
1409 4331 1525 4385 quae
1557 4316 1624 4371 de
1655 4331 1842 4386 pecca-

263 4414 332 4466 tis
368 4427 552 4466 eorum
598 4411 764 4465 multa
803 4417 1202 4465 commemorat.
1249 4407 1327 4461 An
1360 4407 1438 4461 sic
1485 4407 1658 4477 potius
1699 4409 1842 4465 acci-

261 4502 510 4572 piendum
538 4509 621 4554 est
649 4498 788 4569 quod
824 4500 939 4565 ait,
982 4497 1301 4552 Peccavimus
1333 4514 1447 4552 cum
1482 4498 1706 4566 patribus
1746 4515 1837 4552 no-

263 4598 377 4649 stris
399 4636 414 4660 ,
445 4606 693 4664 tanquam
721 4593 920 4647 (liceret
943 4633 958 4657 ,
989 4590 1330 4646 Peccavimus
1369 4591 1505 4644 sicut
1536 4601 1711 4660 patres
1740 4605 1835 4645 no-

261 4689 355 4742 stri
381 4729 396 4753 ,
426 4703 611 4742 eorum
639 4685 885 4740 videlicet
916 4681 1168 4737 imitando
1195 4682 1450 4751 peccata?
1489 4681 1640 4748 Quod
1683 4682 1728 4736 si
1763 4682 1834 4736 ita

261 4790 378 4847 est,
429 4779 776 4836 astruendum
821 4786 904 4832 est
959 4775 1134 4846 aliquo
1191 4773 1488 4844 bujusmodi
1553 4773 1834 4828 locutionis

260 4873 543 4942 exemplo:
595 4868 735 4940 quod
777 4884 896 4924 cum
942 4868 992 4922 in
1037 4865 1315 4936 praesentia
1360 4880 1690 4935 quaererem,
1728 4879 1832 4920 non

259 4965 530 5028 occtmit,
585 4969 643 5015 ut
685 4975 804 5014 cum
849 4959 941 5013 illo
988 4974 1047 5012 se
1093 4957 1369 5027 quisquam
1416 4970 1700 5026 peccasse.
1745 4955 1832 5010 vel

260 5071 378 5110 cum
427 5055 522 5108 iilo
567 5067 626 5107 se
669 5049 865 5120 aliquid
911 5048 1100 5103 fecisse
1146 5047 1322 5108 dicat,
1370 5061 1526 5116 quem
1574 5046 1626 5100 in
1672 5045 1830 5099 simili

260 5149 395 5203 facto
422 5149 583 5202 etiam
616 5152 736 5216 post
764 5142 983 5198 multum
1011 5140 1262 5210 temporis
1291 5137 1449 5193 fuerit
1479 5138 1726 5190 imitatus.

331 5243 378 5294 7.
419 5238 558 5306 Quid
585 5247 666 5292 est
704 5251 830 5306 ergo
855 5234 1094 5300 ,Patres
1137 5232 1293 5287 nostri
1341 5247 1441 5284 non
1480 5230 1831 5283 intellexerunt

261 5331 508 5385 mirabilia
550 5339 679 5394 tua;
715 5327 816 5381 nisi
841 5367 856 5388 ,
897 5340 1002 5379 non
1043 5311 1560 5396 cognoverunt'quid
1601 5335 1694 5390 per
1739 5319 1829 5374 illa

260 5422 517 5478 mirabilia
563 5419 642 5474 eis
687 5427 939 5490 prtestare
986 5415 1254 5470 volueris?
1306 5413 1440 5479 Quid
1494 5413 1673 5482 utique
1727 5409 1827 5464 nisi

257 5518 412 5570 vitam
427 5525 692 5569 aeternam
721 5554 736 5578 ,
761 5519 813 5566 et
839 5525 942 5565 non
965 5509 1256 5578 temporale
1278 5508 1370 5562 sed
1397 5503 1827 5560 incommutabile

258 5607 447 5665 bonum
474 5651 492 5675 ,
521 5606 662 5678 quod
692 5622 785 5677 per
811 5604 1115 5677 patientiam
1151 5601 1527 5672 exspectatur?
1565 5600 1690 5654 ideo
1725 5598 1826 5653 im-

259 5702 518 5770 patienter
543 5705 1000 5762 murmuraverunt
1025 5733 1041 5761 ,
1069 5704 1122 5749 et
1148 5693 1564 5750 amaricavertmt
1586 5727 1602 5760 ι
1639 5701 1692 5748 et
1732 5689 1826 5747 bo-

1417 258 1804 319 ENARRATIO
1845 258 1909 314 IN
1948 260 2266 322 PSALMUM
2301 268 2409 327 CV.

3413 290 3543 343 lilO

1971 376 2052 430 nis
2082 381 2429 448 praesentibus
2454 382 2734 443 fallacibus
2768 398 2927 461 atque
2964 391 3237 465 fugacibus
3275 396 3456 454 beatos
3489 420 3546 458 se
3598 369 3603 376 ί

1966 469 2081 524 fieri
2127 475 2470 542 quaesierunt.
2517 477 2636 533 Non
2678 483 2883 552 fuerunt
2925 502 3167 542 memores
3212 491 3544 548 multitudinis

1967 561 2324 618 misericordiae
2345 577 2465 620 tum.
2490 568 2554 622 Et
2584 569 2905 628 intellectum
2928 576 3197 648 redarguit
3220 621 3234 644 ,
3263 591 3316 636 et
3341 598 3544 637 memo-

1964 650 2118 705 riam.
2159 653 2431 710 lntellectu
2463 659 2655 728 quippe
2693 675 2825 730 opus
2859 675 3014 729 erat,
3057 677 3112 722 ut
3153 671 3446 740 cogitarent
3481 676 3546 728 ad

1964 756 2188 811 quorum
2237 746 2495 800 bonorum
2544 753 2892 808 :eternitatem
2947 773 3041 825 per
3092 759 3184 814 illa
3236 765 3546 832 temporalia

1964 845 2178 890 Vocarct
2204 837 2344 892 Deus
2370 856 2382 892 :
2416 843 2670 896 memoria
2703 859 2832 899 vero
2859 886 2872 911 ,
2902 857 2960 902 ut
2986 851 3172 909 saltem
3198 869 3317 924 qua:
3341 865 3545 927 tempo-

1964 927 2146 981 raliter
2197 929 2455 986 mirabilia
2511 933 2646 988 facta
2697 946 2856 1002 sunt,
2913 956 3018 994 non
3063 944 3539 1016 obliviscerentur,

1965 1017 2294 1090 ﬁdeliterque
2321 1038 2704 1092 pra-sumerent
2725 1030 2864 1097 quod
2887 1032 3073 1086 eadem
3098 1046 3358 1102 potestate
3384 1021 3540 1108 quain

1965 1109 2171 1166 fuerant
2195 1113 2305 1182 jam
2334 1119 2538 1186 experti
2563 1158 2578 1183 ,
2610 1120 2747 1173 Deus
2777 1123 2894 1176 illos
2921 1125 2988 1177 ab
3011 1126 3337 1183 inimicorum
3363 1148 3540 1200 perse-

1963 1203 2176 1258 cutione
2217 1205 2506 1274 liberaret;
2571 1211 2716 1265 obliti
2764 1223 2888 1267 sunt
2947 1225 3124 1271 autent
3185 1221 3307 1289 quid
3351 1224 3428 1286 eis
3488 1226 3542 1279 in

1961 1293 2190 1365 zEgypto
2242 1297 2307 1351 ad
2355 1298 2595 1354 inimicos
2639 1318 2823 1357 eorum
2863 1308 3216 1364 conterendos
3259 1328 3352 1381 per
3399 1325 3540 1370 tanta

1962 1390 2198 1459 prodigia
2237 1393 2588 1458 prmstitisset.
2628 1395 2693 1448 Et
2734 1397 3082 1463 irritaverant,
3123 1405 3445 1461 ascendentes
3486 1409 3540 1463 in

1961 1482 2090 1534 mari
2114 1483 2150 1544 ¹,
2171 1500 2315 1538 mare
2339 1483 2586 1538 Rubrum.
2618 1488 2794 1543 Codex
2825 1507 2981 1558 quem
3009 1494 3252 1548 intuebar
3273 1537 3289 1561 ,
3333 1497 3411 1551 sic
3443 1498 3540 1552 ha-

1962 1571 2154 1625 bebat:
2202 1584 2256 1628 et
2293 1574 2376 1629 his
2417 1577 2628 1646 quidem
2669 1579 2874 1635 duobus
2911 1583 3088 1638 verbis
3122 1585 3322 1640 ultimis
3345 1629 3361 1652 ,
3397 1590 3536 1656 quod

1959 1662 2156 1716 dictum
2185 1675 2265 1719 est
2288 1705 2303 1729 ,
2333 1683 2469 1720 mare
2493 1666 2720 1721 Rubrum
2746 1712 2759 1732 .
2805 1671 2954 1725 stella
2993 1672 3166 1728 fuerat
3208 1686 3536 1744 prmnotata;

1961 1767 2062 1820 qua
2091 1753 2459 1823 significantur
2484 1773 2601 1826 quae
2632 1759 2681 1811 in
2723 1759 2936 1814 hebrtco
2982 1773 3140 1826 sunt,
3183 1775 3238 1818 et
3278 1767 3328 1819 in
3371 1768 3537 1822 inter-

1959 1845 2260 1912 pretatione
2284 1844 2626 1918 Septuaginta
2655 1866 2757 1905 non
2785 1860 2926 1905 sunt.
2969 1853 3155 1908 Plures
3180 1865 3356 1911 autem
3387 1859 3536 1912 codi-

1955 1949 2046 1989 ces
2066 1973 2081 1998 ,
2113 1951 2247 2005 quos
2275 1937 2536 2012 inspicere
2566 1941 2708 2008 potui
2737 1981 2751 2005 ,
2783 1949 2836 1994 et
2863 1942 3019 2010 grmei
3050 1953 3104 1997 et
3149 1944 3294 1998 latini
3329 1947 3406 2002 sic
3437 1947 3534 2000 ha-

1955 2025 2083 2082 bent
2109 2045 2121 2081 :
2154 2027 2221 2081 Et
2245 2018 2566 2084 irritaverant
2589 2073 2602 2097 ,
2631 2033 2711 2087 vel
2734 2074 2748 2096 ,
2777 2033 2917 2102 quod
2945 2036 3246 2103 expressius
3269 2036 3336 2090 de
3359 2054 3535 2108 grmco

1955 2127 2037 2172 cst
2061 2159 2076 2183 ,
2109 2117 2174 2171 Et
2194 2121 2591 2175 amaricaverunt
2615 2163 2628 2186 ,
2653 2125 2970 2176 ascendentes
2992 2125 3043 2177 in
3064 2125 3242 2180 Rubro
3263 2128 3410 2181 mari.
3433 2130 3531 2196 Qui

1953 2209 2098 2277 illam
2131 2210 2254 2280 legit
2282 2211 2555 2266 historiam
2582 2255 2597 2278 ,
2636 2213 2848 2283 quando
2887 2215 3132 2270 exierunt
3168 2217 3234 2272 de
3267 2217 3529 2290 Egypto,

1955 2308 2007 2355 et
2034 2315 2130 2370 per
2155 2317 2302 2356 mare
2328 2302 2562 2357 Rubrum
2589 2306 2908 2359 transierunt
2930 2347 2944 2369 ,
2969 2305 3116 2382 dolet
3144 2323 3327 2362 eorum
3353 2309 3529 2366 infide-

1953 2391 2148 2448 litatem
2174 2435 2190 2460 ,
2215 2394 2275 2456 in
2305 2404 2498 2464 quanta
2529 2397 2878 2466 trepidatione
2921 2408 2972 2452 et
3009 2399 3379 2467 desperatione
3419 2403 3528 2460 lue.

1953 2486 2094 2552 rint,
2128 2496 2248 2556 post
2274 2488 2505 2542 recentia
2539 2498 2612 2542 tot
2641 2497 2695 2542 et
2726 2498 2866 2542 tanta
2900 2490 3150 2544 miracula
3179 2492 3229 2546 in
3256 2492 3486 2565 [Egypto
3512 2513 3525 2562 ς

1950 2577 2101 2648 cujus
2146 2581 2492 2636 multitudinis
2530 2582 2904 2636 misericordiae
2945 2583 3037 2638 Dei
3079 2599 3184 2638 non
3231 2601 3325 2641 eos
3365 2587 3527 2645 fuisse

1949 2659 2213 2726 memores
2240 2669 2386 2726 dicit.
2412 2672 2755 2727 Ascenderunt
2776 2681 2952 2728 autem
2978 2715 2994 2740 ,
3028 2686 3301 2746 propterea
3327 2678 3524 2735 dictum

1949 2776 2031 2819 est
2057 2807 2071 2829 ,
2103 2767 2223 2834 quia
2249 2767 2318 2820 ita
2344 2776 2427 2820 est
2456 2777 2609 2820 terrm
2640 2768 2831 2836 positio
2854 2808 2869 2831 ,
2913 2779 2970 2822 ut
3010 2768 3288 2825 descensio
3321 2771 3525 2826 dicatur

1948 2856 2002 2911 in
2053 2855 2341 2928 ngyptutn
2387 2858 2452 2911 dc
2497 2845 2636 2912 terra
2685 2858 2970 2924 Chanaan,
3021 2870 3075 2914 et
3117 2860 3167 2913 in
3212 2876 3329 2916 eam
3381 2862 3526 2917 illinc

1947 2949 2208 3001 ascensio.
2234 2948 2532 3002 Notandum
2564 2957 2646 3002 est
2670 2963 2797 3003 sane
2817 2945 3262 3018 quemadmodum
3289 2951 3524 3022 Scriptu—

1945 3055 2002 3093 ra
2033 3039 2248 3107 culpare
2278 3040 2502 3094 volucrit
2527 3080 2543 3106 ,
2574 3056 2679 3094 non
2708 3040 3002 3110 intelligere
3043 3041 3180 3110 quod
3223 3042 3522 3111 intelligen-

1945 3130 2070 3183 dum
2102 3139 2184 3184 est
2211 3171 2224 3192 ,
2253 3137 2307 3184 et
2335 3146 2438 3182 non
2469 3130 2773 3192 meminisse
2819 3130 2958 3199 quod
2999 3132 3252 3196 memoria
3295 3134 3524 3188 retinen-

1947 3221 2076 3276 dum
2108 3230 2190 3276 est
2220 3239 2232 3275 :
2261 3221 2402 3292 quod
2431 3221 2672 3275 homines
2697 3237 2807 3276 sure
2831 3222 3000 3290 culpae
3029 3221 3269 3292 deputari
3302 3223 3487 3279 nolunt
3506 3268 3521 3289 ,

1945 3313 2010 3368 ad
2038 3312 2168 3367 nihil
2212 3313 2354 3366 aliud
2401 3311 2502 3366 nisi
2546 3321 2602 3365 ut
2644 3313 2820 3367 minus
2862 3313 3201 3382 supplicent,
3247 3315 3525 3386 minusque

1939 3404 2052 3457 'sint
2096 3404 2322 3458 humiles
2359 3404 2502 3466 Deo,
2553 3403 2606 3457 in
2646 3403 2800 3472 cujus
2841 3413 3129 3474 conspectu
3173 3407 3526 3463 confiteantur

1948 3495 2086 3564 quod
2115 3503 2274 3558 sunt,
2327 3504 2486 3562 atque
2534 3494 2815 3562 impetrato
2852 3494 3117 3564 adjutorio
3163 3497 3367 3564 possint
3405 3511 3523 3552 esse

1945 3586 2084 3655 quod
2113 3601 2216 3639 non
2258 3595 2400 3638 sunt.
2446 3584 2576 3639 Nam
2624 3587 2782 3638 etiam
2823 3596 3039 3654 peccata
3084 3587 3394 3656 ignorantia:
3440 3591 3521 3644 vvl

1944 3677 2276 3747 negligentia:
2305 3676 2492 3730 melius
2520 3686 2838 3729 accusantur
2867 3685 2925 3728 ut
2954 3685 3173 3744 pereant
3198 3717 3213 3743 ,
3240 3693 3397 3746 quam
3424 3693 3522 3732 ex-

1942 3778 2193 3824 cusantur
2223 3779 2278 3823 ut
2307 3776 2590 3829 maneant;
2622 3768 2915 3836 meliusque
2951 3777 3242 3836 purgantur
3276 3768 3521 3826 invocato

1944 3862 2054 3916 Dco
2075 3903 2090 3927 ,
2123 3876 2278 3930 quam
2309 3862 2584 3913 firmantur
2615 3859 2820 3912 irritato
2846 3859 2889 3910 ¹.

2013 3954 2064 4009 8.
2099 3951 2246 4025 [υενε.
2277 3950 2354 4024 8.]
2383 3950 2635 4020 Adjuugit
2660 3959 2837 4003 tamen
2863 3963 2965 4002 non
3010 3949 3299 4003 secundum
3329 3965 3514 4005 eorum

1942 4044 2302 4099 infidelitatem
2325 4044 2488 4098 Deum
2508 4041 2717 4096 fecisse.
2739 4039 2806 4094 Et
2829 4041 3040 4094 salvavit
3056 4057 3160 4105 eos,
3192 4042 3376 4110 inquit,
3402 4060 3519 4111 pro-

1871 4128 1904 4169 ’-
1942 4146 2052 4206 pter
2075 4152 2252 4190 nomen
2289 4151 2467 4200 suum,
2495 4143 2553 4186 ut
2587 4141 2757 4186 notant
2800 4134 2985 4201 faceret
3026 4133 3295 4202 potentiam
3329 4151 3515 4194 suam;

1941 4245 2045 4283 non
2075 4237 2290 4298 propter
2320 4227 2422 4279 ulla
2453 4225 2587 4298 bona
2618 4225 2804 4278 merita
2830 4238 3038 4277 eorum.

2011 4295 2243 4390 9.v[vers.
2269 4316 2346 4389 9.]
2375 4315 2441 4369 Et
2464 4295 2739 4384 increpavit
2771 4329 2908 4367 mare
2951 4313 3199 4380 Rubrum,
3223 4323 3269 4367 et
3291 4315 3513 4368 exsicca-

1939 4422 2045 4466 tum
2065 4420 2154 4466 est.
2183 4409 2297 4464 Non
2327 4409 2549 4480 legimus
2579 4408 2737 4462 ullam
2757 4447 2771 4470 ,
2803 4422 2902 4476 qua
2933 4405 3296 4474 increparctur
3324 4421 3470 4461 mare
3494 4448 3508 4469 ,

1939 4505 2186 4560 emissam
2216 4503 2426 4557 ccelitus
2452 4515 2670 4563 vocem;
2703 4499 2796 4553 sed
2839 4499 3126 4567 potentiam
3152 4497 3382 4552 divinam
3409 4515 3510 4569 qua

1939 4595 1992 4650 id
2042 4595 2234 4650 factum
2281 4603 2392 4660 est,
2433 4593 2848 4662 increpationem
2895 4591 3176 4661 appellavit
3206 4607 3218 4643 :
3244 4591 3341 4644 nisi
3379 4591 3513 4648 forte

1937 4686 2056 4757 quis
2099 4685 2239 4740 dicat
2277 4686 2504 4740 latenter
2544 4685 2904 4752 increpatnm,
2937 4682 3014 4736 sic
3051 4690 3107 4734 ut
3143 4681 3278 4752 a‘qua
3331 4694 3509 4754 posset

1935 4778 2154 4842 audire,
2184 4787 2238 4833 et
2280 4777 2522 4832 homines
2567 4790 2671 4829 non
2717 4783 2952 4844 possent.
2998 4771 3166 4828 Valde
3209 4776 3414 4828 occulta
3457 4785 3510 4828 ct

1935 4868 2178 4924 abstrusa
2221 4870 2298 4924 vis
2333 4873 2414 4923 est
2463 4882 2565 4936 qua
2621 4867 2758 4920 Dens
2800 4865 2924 4933 agit,
2959 4872 3016 4919 ut
3057 4865 3214 4918 etiam
3262 4863 3350 4917 illa
3389 4879 3508 4932 que

1935 4976 2097 5016 sensu
2126 4971 2328 5024 carent,
2360 4959 2637 5014 confestim
2683 4957 2798 5028 ejus
2841 4954 3505 5023 obtemperentvoluntati.

1933 5052 2003 5107 Et
2028 5057 2200 5109 eduxit
2219 5071 2302 5108 eos
2326 5055 2378 5107 in
2399 5051 2610 5122 abyssis,
2641 5050 2769 5104 sicut
2791 5049 2844 5102 in
2875 5047 3090 5102 deserto.
3114 5047 3351 5118 Abyssos
3377 5044 3507 5098 dixit

1935 5149 2320 5208 multitudinem
2349 5158 2622 5214 aquarum.
2666 5141 2796 5195 Nam
2824 5138 3037 5210 quidam
3075 5137 3316 5192 volentes
3344 5134 3504 5188 istum

1935 5241 2252 5298 versiculum
2283 5246 2446 5290 totum
2470 5233 2830 5302 interpretari,
2861 5226 3204 5292 dixerunt,Et
3229 5225 3399 5282 eduxit
3423 5244 3507 5282 cos

1932 5335 1986 5388 in
2013 5332 2155 5396 aquis
2184 5329 2372 5382 multis.
2402 5325 2538 5394 Quid
2569 5333 2651 5378 est
2678 5339 2805 5392 ergo
2825 5363 2839 5387 ,
2864 5322 2927 5374 in‘
2945 5319 3171 5391 abyssis,
3191 5323 3320 5373 sicut
3345 5317 3398 5370 in
3419 5319 3506 5373 dc-

1933 5435 2085 5480 serto.
2118 5421 2215 5476 nisi
2243 5420 2362 5490 quia
2389 5417 2584 5470 factum
2610 5423 2723 5470 erat
2758 5412 2997 5467 siccitate
3017 5409 3159 5464 velut
3195 5407 3501 5478 desertum,

1935 5515 2023 5570 ubi
2045 5515 2252 5566 fuerant
2280 5509 2456 5580 abyssi
2483 5505 2782 5576 aquarum?

1994 5632 2013 5698 ξ
2037 5637 2111 5698 sic
2135 5633 2237 5698 uss.
2264 5631 2318 5698 ᾼι
2336 5621 2466 5685 add,
2491 5619 2540 5672 in
2557 5631 2705 5670 mare.

1995 5695 2017 5727 ι
2039 5693 2324 5752 uss.,irato.
