3964 6204
447 304 581 360 1411

522 418 610 472 10.
639 413 790 489 [νοτε.
824 409 933 479 10]
968 406 1030 459 Et
1073 401 1280 458 saluauit
1309 415 1392 453 eos
1431 397 1494 450 de
1531 410 1685 448 manu
1721 389 2015 445 odientium.

452 511 606 566 Ilunc
631 484 839 561 versatur
868 516 960 569 per
983 495 1261 550 circuitum
1279 490 1496 561 quidam
1525 484 1852 555 interpretati
1877 491 2019 547 sunt,

453 604 614 659 verba
656 601 827 653 minus
869 591 1025 645 latina
1067 589 1295 640 vitantes
1330 601 1343 636 :
1382 583 1446 636 Et
1482 582 1646 635 salvos
1681 577 1796 649 fecit
1840 591 1922 628 eos
1960 574 2023 626 de

452 711 606 751 manu
644 705 810 744 eorum
836 686 920 756 qui
947 683 1156 737 oderam
1192 695 1294 732 eos.
1319 677 1388 729 Et
1425 674 1630 728 redemit
1663 688 1745 726 eos
1771 670 1834 722 de
1870 683 2024 721 manu

453 786 663 843 inimici.
694 780 830 848 Quid
877 777 1028 848 pretii
1073 775 1252 829 datum
1281 779 1363 824 est
1395 769 1456 822 in
1481 767 1586 820 hac
1623 757 2025 832 redemptione?

450 888 530 940 Au
559 876 831 952 prophetia
860 883 957 936 est,
992 869 1132 942 quod
1162 868 1213 921 in
1238 865 1402 935 ﬁgura
1429 859 1680 931 Baptismi
1707 857 1808 912 hoc
1827 855 2025 909 factum

449 946 672 1038 esu-ubi
696 967 1006 1022 redimitnur
1047 961 1114 1015 dc
1156 965 1313 1012 manu
1353 952 1549 1009 diaboli
1591 963 1784 1018 magno
1813 946 2022 1016 pretio,

454 1065 594 1136 quod
627 1061 839 1130 sanguis
867 1065 949 1111 est
974 1053 1215 1109 Christi?
1241 1049 1394 1106 Unde
1423 1061 1528 1101 non
1550 1055 1884 1114 quocumque
1911 1053 2026 1092 ma-

445 1166 520 1223 ri,
549 1157 641 1211 sed
687 1155 816 1208 mari
850 1151 1030 1206 Rubro
1058 1148 1107 1201 id
1149 1141 1552 1200 conveniendus
1593 1139 1871 1208 ﬁguratum
1898 1138 2026 1188 est:

451 1249 668 1317 sanguis
693 1245 832 1300 enim
865 1243 1082 1295 rubrum
1107 1237 1339 1291 colorem
1370 1233 1545 1286 habet.

527 1341 615 1394 11.
645 1335 794 1409 [vers.
835 1331 948 1404 11.]
979 1330 1046 1384 Et
1076 1328 1268 1398 operuit
1289 1340 1421 1395 aqua
1445 1322 1736 1376 tribulantes
1756 1333 1874 1381 eos;
1897 1330 2028 1370 unus

459 1449 522 1486 ex
550 1432 620 1484 eis
647 1443 747 1482 non
793 1423 1029 1479 remansit
1053 1437 1070 1475 :
1114 1434 1217 1474 non
1259 1433 1323 1473 ex
1353 1414 1598 1470 omnibus
1620 1409 1906 1481 Egyptiis,
1934 1404 2029 1460 sed

461 1540 530 1578 ex
564 1522 642 1578 eis
669 1519 757 1589 qui
807 1513 1265 1588 persequebantur
1303 1505 1604 1578 profectos,
1632 1497 2032 1573 apprehendere

456 1614 540 1668 vel
569 1612 874 1666 interimere
895 1606 1187 1674 cupientes.

536 1709 622 1763 12.
663 1704 812 1778 [νει-ε.
855 1699 970 1773 12.]
1000 1698 1060 1754 Et
1085 1695 1403 1752 crediderunt
1437 1692 1490 1745 in
1516 1688 1674 1744 verbis
1700 1687 1832 1758 ejus.
1860 1683 2051 1737 Minus-

461 1799 624 1853 latina
640 1773 861 1850 videtur
885 1791 1100 1853 locutio,
1123 1787 1245 1858 quia
1272 1800 1378 1840 non
1408 1784 1502 1846 ait,
1526 1779 1716 1836 Verbis
1738 1777 1855 1845 ejus
1876 1816 1891 1840 ,
1915 1773 1997 1828 vel
2014 1812 2031 1836 ,

464 1892 517 1946 in
547 1889 707 1944 verba
751 1885 867 1955 ejus
891 1923 905 1948 ,
934 1882 1027 1938 sed
1053 1923 1067 1945 ,
1091 1881 1142 1932 in
1165 1877 1324 1930 verbis
1361 1875 1508 1945 ejus;
1539 1880 1714 1926 tamen
1742 1863 2034 1935 Scripturis

461 1980 823 2036 usitatissima.
846 1974 912 2030 Et
925 1973 1252 2028 laudauerunt
1279 1966 1478 2022 laudent
1504 1965 1630 2034 ejus.
1655 1960 1813 2016 Tales
1832 1955 2037 2013 suntla-

461 2075 722 2136 cutiones,
753 2082 875 2124 cum
897 2065 1142 2126 dicimus,
1175 2061 1321 2115 llanc
1343 2056 1650 2113 servitutem
1676 2048 1930 2114 servivit,
1959 2055 2037 2100 ta-

462 2166 567 2219 lem
591 2162 752 2216 vitam
782 2159 929 2213 vixit.
973 2154 1206 2210 Laudem
1236 2163 1396 2222 porro
1423 2147 1512 2202 Dei
1540 2142 1868 2200 notissimam
1893 2138 2037 2193 illam

462 2259 877 2316 commemorat,
911 2247 999 2303 ubi
1038 2245 1228 2301 dicitur
1273 2259 1287 2296 :
1329 2239 1596 2296 Cantemus
1634 2233 1885 2295 Domino;
1927 2228 2039 2300 glo-

463 2347 598 2399 riose
624 2345 754 2396 enim
799 2338 1151 2410 magniﬁcatus
1176 2342 1248 2388 est
1277 2345 1497 2403 :eguum
1520 2337 1566 2382 et
1600 2325 1811 2397 equitem
1831 2320 2039 2394 projecit

463 2437 517 2489 in
546 2451 684 2488 mare
715 2431 904 2504 (Exod.
927 2445 1018 2496 xv,
1047 2427 1124 2497 1).
1642 2414 1652 2422 ”

538 2530 626 2584 1'5.
669 2525 828 2599 [verm
877 2521 999 2595 15.]
1036 2520 1147 2576 Cito
1190 2523 1444 2590 fecerunt,
1487 2511 1626 2567 obliti
1665 2517 1782 2564 sunt
1825 2519 2041 2577 operum

477 2624 608 2694 ejus.
634 2618 735 2673 Alii
756 2615 966 2671 codices
989 2609 1370 2681 intelligibilius
1391 2605 1606 2667 habent,
1632 2599 2035 2659 Festinaverunt,

469 2712 610 2768 obliti
656 2717 771 2762 sunt
809 2720 1017 2774 operunt
1059 2703 1167 2773 ejus
1217 2714 1236 2753 :
1271 2714 1371 2751 non
1396 2695 1734 2749 sustinuerunt
1778 2687 2041 2742 consilium

471 2805 602 2874 ejus.
643 2799 950 2854 Debuerunt
993 2793 1134 2850 enim
1173 2790 1405 2860 cogitare
1443 2795 1586 2839 tanta
1615 2798 1738 2852 erga
1778 2795 1837 2835 se
1880 2791 2040 2849 opera

472 2897 566 2952 Dei
589 2911 693 2948 uou
725 2906 842 2947 esse
867 2888 1040 2944 inania
1060 2928 1074 2953 ,
1103 2883 1196 2940 scd
1223 2895 1413 2936 vocare
1443 2878 1508 2932 ad
1527 2877 1755 2947 aliquam
1795 2873 1911 2927 sine
1939 2870 2043 2923 line

472 2987 781 3043 felicitatem
804 3024 818 3048 ,
851 2997 968 3052 qua:
1000 2994 1092 3048 per
1133 2974 1438 3046 patientiam
1467 2966 1772 3025 sustinenda
1799 2973 1918 3028 est;
1946 2960 2043 3016 sed

470 3079 853 3136 festinaverunt
898 3071 1039 3127 beati
1092 3067 1209 3124 lieri
1259 3061 1639 3135 temporalibus
1689 3057 1870 3121 rebus,
1921 3069 2042 3124 qua:

468 3171 592 3228 ideo
640 3167 836 3223 nemini
874 3163 1154 3220 conferunt
1191 3173 1371 3214 veram
1400 3155 1750 3216 felicitatem;
1769 3149 1890 3220 quia
1936 3161 2040 3200 non

470 3261 813 3329 exstinguuut
837 3253 1188 3310 insatiabilem
1213 3247 1554 3317 cupiditatem
1580 3260 1595 3298 :
1619 3241 1720 3309 Qui
1747 3241 1887 3293 enim
1912 3237 2042 3290 bibe-

470 3352 558 3415 rit,
591 3349 777 3419 inquit,
810 3363 872 3400 ea:
899 3345 992 3397 hac
1015 3357 1167 3411 aqua,
1188 3340 1318 3393 sitiet
1343 3337 1520 3390 iterum
1547 3332 1722 3407 (Joan.
1753 3347 1827 3396 tv,
1860 3330 1968 3398 1'5).

550 3441 636 3494 14.
664 3416 829 3509 (vers.
859 3433 976 3505 11.]
1011 3432 1267 3510 Denique,
1303 3428 1366 3481 Et
1405 3424 1761 3496 concupierunt
1798 3416 2041 3489 concupi-

473 3532 712 3589 scentiam
743 3531 795 3584 in
824 3528 1017 3582 deserto
1047 3568 1059 3590 ,
1083 3534 1131 3579 et
1159 3531 1471 3577 tentaverunt
1499 3518 1658 3572 Deum
1681 3517 1736 3569 in
1775 3516 2038 3582 inaquoso.

477 3623 630 3692 Quod
660 3631 766 3686 est,
794 3621 850 3697 in
877 3621 1106 3681 deserto;
1131 3615 1235 3670 hoc
1265 3613 1544 3684 repetitum
1569 3619 1669 3674 est,
1696 3609 1749 3662 in
1776 3609 2039 3676 inaquoso,

472 3717 526 3771 id
571 3723 684 3780 est,
709 3713 760 3768 in
801 3712 918 3765 loco
957 3710 1073 3764 sine
1116 3721 1250 3776 aqua
1280 3723 1294 3756 :
1331 3701 1470 3773 quod
1500 3716 1658 3765 vero,
1687 3697 2044 3768 concupierunt

470 3805 963 3877 concupiscentiam;
1009 3802 1130 3866 hoc,
1161 3800 1467 3852 tentaverunt
1507 3792 1692 3846 Deum.
1737 3788 1880 3844 Talis
1915 3801 2046 3842 sane

472 3899 669 3955 locutio
693 3906 774 3950 est
798 3935 812 3958 ,
841 3891 1215 3961 Concupierunt
1243 3883 1730 3956 concupiscentiam;
1758 3878 1931 3950 qualis
1951 3891 2043 3933 su-

411 4031 422 4047 .
474 3993 672 4064 perior,
701 3987 1055 4041 Laudaverunt
1079 3981 1300 4036 laudem.

548 4084 634 4138 15.
675 4081 839 4154 [vers.
881 4075 1002 4150 15.]
1040 4073 1107 4128 Et
1136 4072 1272 4126 dedit
1295 4070 1365 4124 eis
1398 4067 1686 4140 petitionem
1701 4065 1928 4135 ipsorum
1948 4078 1967 4116 :
1993 4060 2046 4116 id

475 4183 577 4238 est,
607 4153 744 4241 quod
782 4169 1035 4240 petitione
1073 4163 1359 4234 petierunt.
1391 4159 1454 4213 Et
1483 4157 1616 4211 misit
1654 4155 1966 4211 saturitatem
1989 4153 2044 4205 in

474 4267 697 4318 animam
721 4277 910 4315 eorum.
955 4257 1063 4312 Nec
1091 4255 1208 4310 ideo
1243 4254 1426 4308 beatos
1452 4250 1611 4315 fecit;
1654 4247 1775 4318 quia
1799 4260 1904 4300 non
1933 4253 2047 4299 erat

477 4359 564 4413 illa
592 4354 839 4410 Saturitas
860 4351 926 4405 de
946 4363 1048 4419 qua
1060 4347 1279 4401 dicitur:
1303 4342 1447 4397 Beati
1472 4341 1556 4411 qui
1575 4339 1797 4394 esuriant
1811 4347 1858 4391 et
1877 4336 2048 4391 sitiunt

479 4445 744 4513 iustitiam,
759 4443 992 4512 quoniam
1007 4441 1104 4512 ipsi
1117 4435 1472 4492 saturabuntur
1489 4431 1696 4505 (Matth.
1711 4446 1764 4497 v,
1779 4428 1856 4495 6).
1871 4428 2050 4497 ltadue

479 4539 583 4594 hoc
609 4538 725 4592 loco
767 4535 996 4590 animam
1032 4547 1138 4586 non
1181 4526 1469 4586 swuudum
1511 4525 1565 4580 id
1607 4522 1748 4594 quod
1777 4519 2049 4576 rationalis

480 4641 583 4696 est,
632 4629 766 4685 dixit
783 4669 803 4704 _,
836 4626 929 4682 sed
972 4623 1264 4679 secundum
1307 4619 1360 4675 id
1403 4616 1543 4689 quod
1586 4615 1825 4671 animans
1858 4626 2051 4681 corpus

479 4723 676 4779 animal
696 4721 840 4775 facit.
884 4719 964 4773 Ad
990 4716 1140 4786 cujus
1176 4711 1420 4768 animalis
1463 4707 1898 4764 sustentationem
1927 4719 2050 4773 per-

481 4820 615 4872 tinet
629 4813 782 4870 elbus
800 4820 854 4867 et
878 4818 1033 4882 potus
1050 4849 1067 4875 ,
1091 4804 1381 4864 secundum
1405 4801 1508 4857 hoc
1527 4799 1668 4872 quod
1692 4799 1744 4853 in
1766 4795 2051 4866 Evangelia

482 4909 710 4968 dicitur,
745 4901 930 4956 Nonne
975 4901 1143 4953 anima
1191 4899 1305 4968 plus
1345 4904 1590 4963 estquam
1636 4906 1768 4956 esca,
1795 4899 1842 4943 et
1870 4903 2051 4956 corpus

484 5001 598 5072 plus
627 5009 777 5061 quam
817 4993 1158 5047 aestimentur»:
1182 4986 1295 5060 (1d.
1322 5001 1393 5052 vt,
1416 4982 1545 5056 25)?
1573 4991 1819 5052 tanquam
1844 4977 1909 5032 ad
1932 4978 2048 5031 ani-

485 5070 624 5159 mam
668 5086 924 5156 pertineat
957 5082 1108 5136 vesci
1135 5121 1150 5146 ,
1179 5079 1246 5134 ad
1289 5091 1481 5147 corpus
1514 5073 1716 5130 vestiri.
1744 5070 2049 5128 Secundum

485 5180 590 5235 hoc
618 5178 811 5233 dicitur
838 5172 977 5244 apud
1003 5170 1189 5230 Isaiam
1222 5185 1236 5220 :
1269 5168 1404 5235 Quid
1428 5176 1502 5222 est
1521 5165 1656 5236 quod
1683 5163 2047 5235 jejunauimus,

489 5282 532 5327 et
559 5286 660 5324 non
685 5250 889 5330 vidisti;
918 5259 1328 5333 defraudavimus
1354 5259 1548 5312 animas
1569 5266 1768 5311 nostras
1785 5296 1802 5323 ,
1825 5263 1872 5308 et
1897 5252 2055 5308 nesci-

487 5365 552 5418 sti
572 5361 705 5434 (lsai
732 5374 876 5424 Lvut,
904 5356 1000 5427 5)?

562 5454 650 5509 16.
694 5451 841 5525 [cers.
889 5445 1002 5518 16.]
1034 5443 1100 5499 Et
1135 5443 1455 5498 irritaverttnt
1496 5439 1710 5511 Moysen
1751 5455 1806 5492 in
1853 5437 2052 5502 castris,

493 5545 666 5598 Aaron
684 5551 911 5595 sanctum
939 5535 1166 5591 Domini.
1195 5535 1365 5600 Quam
1385 5531 1526 5588 dicat
1553 5530 1920 5594 irritationem,
1949 5527 2053 5592 vel,

493 5633 632 5690 sicut
655 5630 954 5702 expressius
977 5628 1065 5684 alii
1086 5623 1412 5696 interpretati
1431 5631 1574 5693 sunt,
1606 5619 2054 5690 amarieationem,

493 5723 867 5795 consequentia
887 5722 1015 5779 satis
1040 5718 1288 5778 indicant.

1549 5854 1619 5871 Δ,θυι

1689 276 1748 333 s.
1789 227 2148 330 auersum
2191 271 2486 331 EPISOOPI

3555 281 3707 337 151?.

2203 386 2290 440 17.
2320 384 2469 459 [υσιτε.
2502 386 2614 460 17.]
2641 388 2824 458 Aperta
2852 399 2954 453 est,
2989 390 3176 462 inquit,
3205 399 3340 445 terra
3361 432 3375 454 ,
3407 398 3456 445 et
3478 390 3706 460 degluti-

2129 476 2198 529 vit
2219 475 2446 544 Datltan,
2469 487 2516 531 ct
2541 483 2888 547 superoperuit
2917 498 3068 552 super
3109 483 3544 553 congregationem
3573 486 3707 538 Abi.-

2128 584 2240 621 ron.
2269 567 2429 638 Quod,
2447 581 2548 637 est,
2577 570 2861 654 deglutivit,
2901 571 3000 628 hoc
3029 584 3143 638 est,
3174 576 3540 644 superoperuit.
3569 577 3707 630 Am-

2119 657 2315 713 .borum
2357 670 2532 715 autem
2558 701 2572 725 ,
2598 661 2647 739 id
2695 672 2813 724 est,
2847 662 3047 716 Dathan
3090 665 3364 719 etAbiron
3389 707 3406 724 .
3439 681 3541 722 una
3585 676 3711 722 erat
3769 669 3772 671 λ

2125 763 2286 806 causa
2307 753 2670 822 superbissimi
2692 763 2745 810 et
2773 756 3014 825 sacrilegi
3042 757 3363 812 schismatis.

2203 842 2289 897 18.
2326 841 2475 914 [,vers.
2509 843 2622 916 18.]
2657 845 2720 898 Et
2759 848 2943 900 exarsit
2975 849 3104 918 ignis
3131 849 3185 902 in
3213 865 3469 920 synagoga
3494 866 3709 905 eorum:

2128 933 2338 1001 ﬂamma
2369 935 2636 988 combussit
2674 948 2972 1005 peccatores.
3003 937 3117 992 Non
3163 939 3374 994 esthoc
3416 957 3608 995 nomen
3649 943 3710 996 in

2131 1022 2416 1093 Scripturis
2437 1027 2688 1080 usitatqu
2715 1043 2920 1094 eorum,
2943 1029 3033 1099 qui
3058 1029 3180 1084 licet
3203 1030 3346 1098 juste
3373 1046 3437 1085 ac
3464 1033 3711 1087 laudabi-

2130 1113 2251 1170 liter
2277 1116 2492 1183 vivant,
2522 1132 2627 1171 non
2655 1128 2774 1172 sunt
2803 1119 2921 1174 sine
2947 1130 3180 1188 peccato.
3211 1121 3375 1190 Magis
3401 1122 3541 1176 enim
3567 1123 3712 1178 sicut

2132 1206 2356 1262 interest
2387 1208 2526 1264 inter
2571 1210 2854 1267 irridentes
2897 1222 2952 1266 et
2991 1213 3270 1277 irrisores,
3295 1213 3437 1269 inter
3463 1231 3712 1270 murinus-

2133 1309 2310 1355 rantes
2343 1310 2396 1356 et
2429 1312 2850 1358 nturmuratores
2878 1344 2894 1370 ,
2924 1305 3062 1358 inter
3085 1306 3381 1360 scribentes
3403 1314 3458 1360 et
3477 1307 3712 1375 scripto-

2134 1407 2242 1456 res,
2275 1403 2330 1448 et
2357 1402 2548 1449 caetera
2593 1395 2826 1460 similia;
2855 1395 2925 1449 ita
2971 1394 3243 1465 Scriptura
3286 1405 3710 1467 peccatoresap-

2134 1487 2334 1556 pellare
2359 1489 2632 1543 consuevit
2656 1489 2808 1545 valde
2835 1489 3042 1561 iniquos
3067 1499 3125 1546 et
3164 1490 3452 1562 grandibus
3473 1493 3490 1524 ¹
3518 1507 3710 1563 pecca-

2135 1588 2308 1634 torum
2337 1582 2558 1638 sarcinis
2585 1592 2859 1638 oneratos.

2211 1672 2295 1729 19.
2327 1671 2475 1746 [vers.
2506 1673 2732 1747 19-20.]
2763 1694 2784 1727 ι
2822 1676 2888 1729 Ει
2910 1673 3154 1730 fecerunt
3178 1675 3399 1732 vitulum
3426 1675 3478 1730 in
3510 1675 3708 1744 ﬂoreis;

2136 1775 2190 1839 et
2250 1765 2612 1821 adoraverunt
2671 1765 2937 1836 sculptile.
2983 1766 3052 1820 Et
3102 1773 3440 1822 mutaverunt
3488 1767 3710 1837 gloriam

2137 1871 2286 1912 suam
2312 1858 2362 1911 in
2393 1855 2738 1912 similitudine
2775 1856 2923 1912 vituli
2950 1856 3279 1913 comedentis
3303 1858 3502 1912 fenum.
3545 1877 3565 1911 ι
3591 1858 3739 1919 Non

2137 1948 2246 2012 ait,
2279 1949 2330 2002 in
2361 1947 2756 2004 similitudinem
2775 1988 2792 2015 ,
2824 1947 2940 2012 sed,
2971 1948 3026 2002 in
3060 1947 3409 2003 similitudine.
3457 1949 3600 2004 Talis
3627 1959 3711 2006 est

2139 2039 2354 2106 locutio,
2377 2040 2551 2109 qualis
2573 2039 2661 2093 illa
2681 2038 2770 2095 ubi
2790 2039 2881 2102 ait,
2901 2038 2968 2092 Et
2989 2039 3309 2093 crediderunt
3325 2039 3378 2094 in
3403 2041 3560 2094 verbis
3579 2041 3711 2112 eius.

2141 2128 2422 2200 Eleganter
2449 2143 2577 2186 sane
2619 2144 2724 2186 non
2751 2129 2858 2196 ait,
2888 2129 2954 2184 Et
2978 2138 3319 2186 mutaverunt
3345 2130 3564 2200 gloriam
3594 2132 3711 2198 Dei,

2139 2237 2261 2276 cum
2285 2221 2386 2276 hoc
2415 2220 2668 2285 fecerint;
2695 2222 2832 2278 sicut
2855 2221 3016 2276 etiam
3039 2222 3328 2290 Apostolus
3349 2224 3585 2294 loquitur
3602 2265 3619 2288 ,
3647 2223 3713 2280 Et

2139 2313 2524 2366 immutaverunt
2553 2312 2767 2382 gloriam
2811 2311 3202 2381 incorruptibilis
3233 2312 3331 2367 Dei
3372 2313 3425 2367 iu
3470 2313 3715 2368 similitu-

2141 2406 2308 2458 dinem
2352 2405 2585 2474 imaginis
2629 2403 2966 2472 corruptibilis
3007 2405 3221 2459 ltominis
3265 2404 3442 2476 (Rom.
3485 2420 3538 2472 ι,
3567 2406 3662 2476 25)
3695 2423 3712 2460 :

2142 2496 2236 2552 sed
2265 2496 2477 2566 gloriam
2501 2512 2647 2550 suam
2669 2495 2820 2550 dixit.
2851 2496 2992 2551 Deus
3011 2497 3150 2552 enim
3173 2507 3285 2552 erat
3309 2497 3476 2567 gloria
3501 2513 3712 2564 eorum,

2143 2591 2188 2644 si
2219 2590 2333 2658 ejus
2358 2590 2682 2644 sustinerent
2705 2589 3008 2650 consilium.
3037 2599 3093 2645 et
3117 2604 3221 2644 non
3249 2591 3599 2655 festinarent;
3626 2591 3714 2646 cui

2143 2683 2356 2744 dicitur,
2377 2682 2556 2738 .Gloria
2580 2700 2710 2747 mea,
2736 2693 2784 2737 et
2803 2683 3048 2738 exultans
3072 2693 3223 2754 caput
3252 2700 3415 2738 meum
3435 2683 3605 2755 (Psal.
3634 2701 3712 2749 ιιι.

2145 2777 2223 2846 4).
2252 2776 2408 2830 Istam
2451 2777 2664 2847 gloriam
2696 2793 2840 2830 suam
2860 2816 2874 2840 ,
2905 2776 2954 2830 id
2985 2783 3069 2831 est
3098 2776 3294 2840 Deum,
3321 2785 3629 2831 mutaverunt
3659 2778 3714 2830 in

2129 2867 2470 2925 similitudine
2493 2867 2635 2920 vituli
2659 2866 2960 2920 comedentis
2985 2869 3175 2936 fenum,
3205 2874 3262 2920 ut
3283 2865 3351 2920 ab
3371 2881 3439 2920 eo
3461 2867 3712 2921 comede-

2145 2965 2366 3022 rentnr,
2419 2972 2448 3010 a
2497 2972 2602 3026 quo
2645 2955 2998 3011 comeduutur
3049 2960 3135 3025 qui
3178 2957 3388 3024 sapiunt
3424 2959 3713 3011 secundum

2143 3063 2361 3104 carnem
2387 3066 2399 3100 :
2435 3047 2610 3102 Omnis
2629 3047 2768 3102 enim
2789 3064 2906 3101 caro
2932 3047 3104 3116 fenum
3130 3045 3286 3116 (Isai.
3306 3063 3391 3110 ιι,
3425 3046 3501 3118 6).

2215 3139 2306 3194 20.
2331 3138 2478 3212 [vers.
2505 3139 2595 3203 21,
2618 3137 2732 3211 22.]
2761 3137 2917 3192 Obliti
2942 3147 3059 3193 sunt
3088 3137 3252 3192 Deum
3276 3141 3358 3209 qui
3382 3141 3592 3194 saluauit
3610 3152 3714 3195 eos.

2145 3231 2422 3301 Quomodo
2451 3232 2671 3286 salvavit
2693 3235 2824 3293 eos?
2848 3231 2944 3299 Qui
2973 3232 3091 3300 fecit
3119 3233 3374 3302 magnalia
3389 3233 3444 3286 in
3461 3232 3716 3304 Egypto,

2145 3323 2396 3378 mirabilia
2421 3324 2475 3376 in
2500 3333 2633 3378 terra
2654 3323 2833 3388 Citam,
2861 3323 3102 3376 terribilia
3126 3323 3178 3376 in
3205 3325 3336 3376 mari
3366 3323 3560 3378 Rubro.
3586 3323 3717 3390 Qtue

2147 3421 2272 3469 sunt
2300 3413 2558 3468 mirabilia
2579 3453 2593 3476 ,
2617 3412 2729 3482 ipsa
2754 3421 2879 3467 sunt
2900 3411 3153 3467 terribilia
3179 3428 3193 3478 ;
3226 3412 3367 3466 nulla
3405 3414 3598 3483 quippe
3625 3415 3721 3467 ad-

2148 3506 2357 3562 miratio
2401 3515 2484 3562 est
2519 3506 2636 3560 sine
2687 3504 2911 3574 quadam
2957 3503 3238 3560 formidine
3275 3523 3288 3558 :
3331 3506 3570 3575 quamvis
3619 3505 3720 3559 ista

2145 3599 2306 3654 etiam
2340 3597 2463 3656 hinc
2483 3595 2736 3652 terribilia
2762 3595 2865 3650 dici
2894 3594 3181 3664 potuerint,
3213 3595 3353 3664 quod
3381 3595 3720 3650 adversarius

2146 3688 2451 3744 amiserunt
2476 3727 2492 3753 ,
2535 3695 2598 3742 et.
2619 3685 2732 3741 istis
2769 3684 2894 3756 quid
2919 3684 3177 3765 deberent
3209 3685 3419 3753 timere,
3448 3695 3720 3740 monstra-

2145 3788 2290 3835 runt.

2217 3870 2307 3924 21.
2333 3867 2482 3941 [νει-ε.
2504 3865 2619 3940 25.]
2659 3865 2727 3920 Et
2755 3866 2886 3920 dixit
2909 3875 2962 3919 ut
2989 3865 3296 3933 disperderet
3324 3881 3427 3920 eos.
3458 3866 3591 3934 Quia
3615 3867 3719 3921 ob.

2148 3964 2225 4021 liti
2247 3972 2369 4018 sunt
2395 3977 2513 4018 eum
2535 3962 2624 4031 qui
2647 3961 2822 4014 salvos
2846 3958 2971 4018 fecit
2995 3973 3107 4026 eos,
3133 3958 3332 4014 faciens
3359 3959 3640 4029 magnalia,
3665 3970 3720 4014 et

2149 4057 2388 4110 fecerunt
2411 4052 2836 4107 etadoraverunt
2853 4049 3120 4120 sculptile,
3148 4050 3250 4104 hoc
3271 4050 3453 4118 utique
3479 4058 3584 4104 tam
3615 4052 3719 4104 im-

2149 4147 2291 4202 mani
2327 4145 2529 4200 scelere
2567 4153 2624 4200 et
2651 4141 2946 4198 incredibili
2989 4141 3290 4210 impietate,
3315 4141 3462 4211 digni
3508 4141 3719 4196 fuerant

2149 4240 2239 4309 qui
2280 4237 2534 4308 perirent.
2588 4234 2732 4290 Dixit
2772 4249 2902 4305 ergo
2945 4243 3000 4287 ut
3042 4233 3348 4303 disperderet
3391 4250 3507 4298 eos;
3531 4235 3575 4288 si
3616 4252 3719 4298 non

2153 4330 2353 4400 Moyses
2373 4329 2556 4383 electus
2583 4328 2694 4397 ejus
2712 4327 2922 4380 stetisset
2941 4327 2994 4379 in
3017 4325 3358 4397 confractione
3381 4326 3436 4380 in
3455 4339 3720 4397 conspectu

2153 4423 2280 4493 ejus.
2312 4419 2428 4476 Non
2468 4421 2541 4473 ita
2581 4418 2714 4474 dixit
2741 4417 2954 4474 stetisse
2995 4417 3048 4472 in
3079 4419 3448 4489 confractione,
3471 4419 3626 4488 quasi
3665 4429 3722 4475 ut

2151 4513 2417 4583 frangeret
2439 4511 2568 4565 iram
2591 4510 2720 4575 Dei;
2743 4508 2838 4565 sed
2861 4509 2916 4564 in
2937 4509 3292 4579 confractione,
3319 4509 3373 4565 id
3393 4518 3496 4576 est,
3523 4510 3576 4565 in
3607 4510 3722 4580 pla-

2152 4621 2216 4676 εει
2244 4619 2345 4675 qua
2374 4611 2526 4658 erant
2553 4601 2633 4656 illi
2663 4601 2882 4656 feriendi
2913 4619 2926 4654 :
2957 4601 3008 4656 id
3037 4609 3119 4657 est
3141 4642 3156 4665 ,
3193 4602 3294 4656 nisi
3322 4601 3604 4672 obiecisset
3630 4618 3720 4664 se-

2155 4698 2324 4766 ipsum
2347 4710 2442 4766 pro
2464 4694 2564 4762 eis,
2589 4694 2792 4759 dicens,
2821 4693 2881 4749 Si
2901 4694 3110 4748 dimittis
3130 4694 3231 4747 illis
3251 4703 3531 4763 peccatum,
3552 4694 3722 4748 dimit-

2156 4800 2236 4855 te;
2264 4789 2342 4844 sin
2369 4797 2566 4850 autem,
2591 4785 2700 4841 dele
2724 4802 2802 4839 me
2829 4786 2892 4840 de
2917 4786 3044 4842 libro
3068 4794 3156 4839 tuo
3181 4783 3370 4856 (Exod.
3399 4801 3566 4845 xxxu.
3608 4787 3669 4841 31
3703 4828 3721 4850 ,

2155 4880 2281 4951 32).
2331 4879 2431 4960 Ubi
2483 4877 2896 4933 demonstratum
2945 4884 3030 4930 est
3066 4875 3374 4930 intercessio
3413 4886 3723 4930 sanctorum

2155 4979 2408 5041 quantum
2451 4983 2548 5039 pro
2585 4967 2704 5022 aliis
2730 4966 2903 5022 valeat
2929 4963 3068 5034 apud
3099 4964 3288 5019 Deum.
3319 4964 3550 5019 Securus
3575 4965 3722 5020 enim

2155 5063 2362 5135 Moyses
2389 5061 2456 5116 de
2487 5059 2691 5130 jttstitia
2721 5057 2852 5123 Dei,
2888 5071 2990 5125 qua
3017 5069 3137 5111 eum
3166 5055 3344 5111 delere
3369 5069 3474 5110 non
3499 5066 3722 5126 posset,

2158 5152 2460 5224 impetravit
2481 5147 2922 5213 misericordiam,
2951 5161 3017 5201 ne
3046 5146 3162 5202 illos
3189 5161 3324 5216 quos
3340 5146 3483 5216 juste
3511 5157 3724 5216 posset,

2157 5245 2378 5302 deleret.
2408 5242 2480 5297 ιω
2508 5241 2654 5297 stetit
2679 5237 2732 5293 in
2755 5238 3093 5308 confractione
3121 5237 3174 5290 in
3207 5247 3474 5307 conspectu
3495 5239 3605 5308 ejus
3624 5278 3642 5303 ,
3671 5247 3726 5291 ut

2158 5343 2394 5392 auerteret
2417 5334 2545 5386 iram
2572 5331 2698 5402 ejus,
2727 5345 2789 5384 ne
2816 5329 3120 5398 dispesderet
3142 5344 3245 5383 eos.

2227 5427 2319 5482 22.
2359 5423 2507 5497 [uers.
2533 5419 2648 5495 24.]
2686 5420 2753 5474 Et
2779 5436 2870 5491 pro
2897 5419 3054 5474 nihilo
3080 5419 3355 5473 habuerunt
3383 5428 3566 5472 terram
3591 5419 3728 5474 desi-

2161 5517 2450 5574 derabilem.
2471 5512 2575 5570 Sed
2596 5511 2847 5580 numquid
2866 5509 3106 5565 viderant
3129 5509 3282 5564 eam?
3301 5507 3574 5575 Quomodo
3592 5523 3725 5578 ergo

2161 5624 2258 5682 pro
2283 5606 2469 5673 nihilo,
2495 5618 2652 5675 quam
2682 5617 2789 5657 non
2811 5600 3073 5669 viderant,
3105 5599 3422 5671 habuerunt,
3456 5600 3558 5656 nisi
3581 5615 3721 5672 quo-

2226 5725 2242 5754 ¹
2266 5708 2444 5771 eritne:
2463 5729 2614 5782 prope
2627 5721 2754 5776 llas,
2776 5704 3016 5778 grauibus.
