4026 6202
280 307 420 362 ’1113

283 421 438 476 modo
466 417 704 487 sequitur
734 433 746 470 :
781 415 887 471 Nec
916 414 1236 474 crediderunt
1273 413 1324 466 in
1353 411 1508 466 verbis
1537 409 1688 480 ejus?
1713 407 1844 462 l'ro-

278 513 416 566 tecto
443 510 546 563 nisi
577 519 715 564 terra
745 508 833 562 illa
865 506 1182 577 signiﬁcaret
1211 502 1406 573 aliquid
1435 515 1702 571 magnum,
1729 513 1848 569 qua:

281 606 418 656 terra
438 599 714 657 dicebatur
731 599 898 654 ﬂuens
919 600 996 652 lac
1009 610 1062 650 et
1079 596 1180 650 ntel
1194 594 1385 667 (Exod.
1407 609 1482 658 Ill,
1498 591 1577 663 8),
1593 605 1688 661 per
1706 589 1848 660 quod

279 691 484 746 visibile
510 700 896 745 sacramentum
925 687 990 742 ad
1014 685 1327 740 invisibilem
1351 683 1574 754 gratiam
1599 695 1849 751 regnum-

280 788 380 856 que
409 785 666 841 caelorum
693 783 910 838 duceret
938 797 1031 836 eos
1055 782 1142 851 qui
1175 768 1434 834 mirabilia
1454 777 1569 847 ejus
1583 764 1847 843 intellige-

277 879 436 941 baut;
479 876 625 930 nullo
662 875 822 929 modo
861 874 944 928 isti
982 873 1348 942 culparen‘tu‘r,
1389 869 1511 939 quia
1534 881 1629 938 pro
1679 865 1846 920 nihilo

280 969 579 1023 habuerunt
596 966 738 1019 illam
757 976 971 1028 terram,
987 963 1134 1032 enj'us
1151 960 1439 1031 temporale
1455 972 1674 1028 regnum
1688 957 1847 1011 etiam

279 1077 372 1116 nos
405 1071 502 1131 pro
529 1059 697 1114 nihilo
721 1058 916 1112 habere
944 1056 1217 1120 debemus,
1246 1062 1303 1108 ut
1320 1051 1610 1108 Jerusalem
1628 1050 1849 1104 liberam

279 1166 499 1208 matrem
520 1161 778 1214 nostram,
802 1163 920 1218 quae
943 1149 992 1202 in
1015 1147 1166 1202 caelis
1186 1154 1266 1199 est
1285 1143 1477 1216 (Gatat.
1497 1159 1568 1207 iv,
1585 1139 1702 1214 26),
1722 1149 1850 1195 vere

277 1244 686 1302 desiderabilem
703 1243 1004 1313 diligamus.
1023 1239 1128 1295 Sed
1148 1239 1323 1309 potius
1339 1237 1424 1291 hic
1439 1234 1723 1290 inﬁdelitas
1737 1245 1850 1286 me-

279 1340 376 1394 rito
399 1335 758 1406 redarguitur,
779 1335 900 1403 quia
921 1333 972 1388 in
994 1347 1059 1387 eo
1078 1330 1217 1402 quod
1236 1337 1432 1385 terram
1447 1325 1849 1383 desiderabilem

277 1442 370 1499 pro
391 1426 563 1482 nihilo
587 1425 902 1489 habuerunt,
930 1422 1108 1478 verbis
1128 1421 1220 1475 Dei
1244 1433 1350 1474 non
1370 1417 1729 1484 crediderunt,
1754 1425 1849 1485 per

278 1518 522 1587 quaedam
547 1530 706 1586 parva
727 1513 969 1569 ducentis
987 1513 1053 1567 ad
1076 1524 1282 1583 magna,
1302 1519 1357 1565 et
1377 1508 1849 1566 iestinantesbeari

280 1607 658 1678 temporalibus
675 1606 852 1667 rebus,
871 1619 1000 1675 quas
1016 1603 1306 1660 secundum
1321 1611 1534 1657 carnem
1551 1600 1842 1671 sapiebant,

279 1717 372 1754 non
390 1701 754 1761 sustinuerunt.
771 1697 907 1751 sicut
925 1709 1082 1767 supra
1099 1695 1419 1760 dictumest,
1439 1693 1700 1748 consilium
1717 1692 1844 1761 ejus.

254 1861 256 1864 ν
339 1792 434 1846 25.
473 1787 757 1863 [uers.25.]
784 1787 853 1841 Et
881 1795 1254 1841 murmurarunt
1274 1787 1327 1839 in
1343 1785 1675 1840 tabernaculis
1700 1784 1804 1838 suis
1827 1800 1842 1850 ;

278 1898 372 1936 non
427 1880 758 1935 est-audierunt
804 1891 972 1933 vocem
1025 1876 1276 1932 Domini:
1303 1875 1642 1932 vehementer
1677 1889 1771 1930 eos
1794 1890 1846 1930 ea

279 1970 695 2027 murmuratione
722 1967 1072 2039 prohibentis.

338 2064 433 2118 24.
462 2061 532 2115 Et
559 2060 762 2115 elevavit
789 2076 990 2113 manum
1013 2075 1152 2113 suam
1193 2075 1343 2128 super
1385 2074 1488 2123 eos,
1519 2065 1574 2111 ιιι
1623 2065 1844 2127 proster-

281 2165 412 2210 neret
437 2171 522 2209 eos
548 2157 601 2206 in
627 2154 861 2206 desertor:
887 2161 933 2205 et
958 2160 1010 2204 ut
1030 2151 1260 2221 deficeret
1281 2166 1446 2204 semen
1471 2162 1641 2203 eorum
1666 2149 1717 2202 in
1735 2157 1844 2202 na-

277 2247 510 2308 tionibus,
543 2253 590 2297 et
609 2244 1012 2314 dispergerct‘eos
1036 2242 1089 2294 in
1118 2241 1424 2317 regionibus.

338 2338 433 2394 25.
495 2334 644 2409 [vers.
692 2335 783 2400 28,
832 2331 948 2405 29.]
994 2333 1088 2388 Hie
1131 2343 1409 2404 antequam
1456 2333 1657 2388 diceret
1704 2332 1846 2403 quod

279 2439 432 2484 tanta:
462 2426 804 2498 indignationi
839 2409 931 2480 Dei
965 2426 1240 2496 quisquam
1272 2426 1648 2491 intercesserit,
1693 2439 1848 2480 eum-

278 2539 374 2592 que
399 2521 581 2590 aliquo
600 2518 757 2574 modo
785 2518 1084 2587 placaverit,
1115 2527 1326 2573 secutus
1348 2517 1614 2586 adjunxit:
1656 2517 1721 2572 Et
1745 2519 1843 2571 ini-

279 2613 382 2665 tiati
407 2620 525 2665 sunt
552 2609 897 2678 Beelphegor;
947 2607 998 2660 id
1027 2616 1127 2671 est,
1184 2607 1326 2663 idolo
1369 2606 1615 2661 Gentium
1655 2619 1845 2663 conse—

278 2705 406 2759 crati
440 2721 454 2757 :
488 2699 552 2756 Et
596 2700 1021 2754 manducaverunt
1065 2699 1318 2768 sacriﬁcia
1351 2699 1368 2729 ¹
1396 2708 1726 2752 mortuarum.
1779 2698 1848 2752 Et

279 2797 593 2850 irritaverant
622 2795 732 2846 enni
776 2791 830 2844 in
873 2788 1303 2843 adinventionibus
1340 2789 1462 2850 suis.
1516 2798 1561 2842 et
1586 2789 1846 2857 multipli-

279 2901 387 2943 cata
415 2899 488 2944 est
515 2889 570 2944 in
599 2890 668 2944 eis
688 2891 854 2944 ruina.
883 2890 1155 2961 Tanquam
1177 2889 1242 2943 ad
1268 2887 1371 2943 hoc
1393 2888 1676 2951 distulerit,
1705 2885 1847 2957 quod

281 2979 768 3035 levaveratmanum
797 2995 954 3051 super
982 2995 1075 3034 eos
1099 2978 1512 3049 proster‘nendu‘s
1541 2979 1592 3032 in
1613 2976 1848 3044 deserto,

280 3084 328 3129 et
351 3074 706 3144 dejiciendum
734 3089 912 3130 semen
930 3089 1114 3130 eorum
1141 3075 1194 3128 in
1216 3061 1536 3138 nationibiis,
1557 3082 1610 3126 et
1636 3071 1847 3140 disper-

282 3170 476 3240 gendos
499 3169 665 3224 eosin
702 3169 1026 3239 regionibus,
1067 3178 1123 3223 ut
1159 3167 1267 3222 dati
1299 3169 1350 3222 in
1393 3167 1678 3232 reprobum
1723 3182 1847 3223 seu-

282 3274 415 3323 sum,
439 3261 600 3315 etiam
641 3259 764 3314 illud
799 3260 1158 3326 admitterent,
1200 3258 1252 3312 in
1274 3274 1379 3329 quo
1408 3258 1850 3314 immaniorecri-

283 3355 420 3408 mine
475 3352 707 3409 evidenti
749 3353 958 3423 iustitia
1002 3353 1334 3423 punirentur,
1399 3351 1846 3423 quemadmodum

284 3445 406 3499 dicit
434 3446 722 3514 Apostolus
756 3464 769 3500 :
803 3445 866 3499 Et
898 3446 1025 3499 sicut
1051 3461 1151 3499 non
1181 3445 1511 3514 probaverunt
1552 3426 1716 3498 Deum
1748 3445 1845 3498 Ita-

285 3536 393 3589 bere
418 3537 469 3590 in
496 3537 747 3602 notitiam,
798 3536 1006 3590 tradidit
1040 3536 1154 3590 illos
1182 3533 1319 3588 Deus
1345 3535 1398 3588 in
1426 3535 1686 3604 reptabant
1708 3550 1850 3588 men-

287 3637 398 3690 tem,
428 3637 482 3680 ut
508 3628 699 3698 faciant
728 3643 838 3696 quia
856 3643 956 3680 non
981 3626 1279 3680 conveniunt
1303 3625 1477 3694 (Rom.
1508 3641 1546 3691 ι,
1575 3623 1690 3696 28).

351 3718 442 3772 26.
472 3718 622 3791 [vers.
652 3715 764 3789 50.]
795 3717 1032 3787 Denique
1063 3726 1267 3772 tantum
1306 3716 1401 3771 fuit
1429 3716 1602 3772 scelus
1641 3729 1847 3782 eorum,

289 3811 424 3879 quod
447 3811 748 3865 consecrati
778 3819 902 3864 sunt
927 3809 1088 3873 idolo,
1131 3818 1180 3864 et
1207 3807 1558 3863 comederunt
1596 3805 1853 3861 sacriﬁcia
1901 3861 1903 3863 ,

290 3915 618 3956 mortuorum
651 3899 725 3973 (id
753 3910 856 3963 est,
878 3901 998 3971 quia
1027 3901 1247 3954 mortuis
1277 3897 1580 3952 hominibus
1605 3904 1852 3966 tauquam

291 3995 390 4047 diis
423 3969 794 4048 sacriﬁcabant
821 3969 1018 4049 Gentes
1039 3993 1105 4062 ²),
1154 3991 1380 4045 ntaliter
1404 4005 1462 4044 se
1491 3989 1684 4058 placari
1717 3989 1854 4044 Deus
1913 3969 1920 3975 ’

261 4086 474 4160 "nollet,
527 4084 630 4138 nisi
653 4083 1060 4154 quomodoeum
1087 4081 1312 4150 placavit
1336 4079 1560 4134 Phinees
1584 4077 1853 4143 sacerdos,

293 4179 379 4247 qui
423 4177 714 4232 masculum
763 4185 816 4231 et
860 4175 1107 4229 feminam
1160 4174 1210 4227 in
1241 4171 1521 4242 complexu
1561 4169 1857 4224 adulterino

294 4268 654 4337 deprehensos
684 4268 880 4337 pariter
907 4264 1173 4320 interemit
1214 4262 1396 4336 (Num.
1428 4278 1551 4329 xxv,
1579 4261 1660 4330 8).
1703 4259 1856 4328 Quod

295 4362 340 4416 si
365 4360 484 4414 odio
504 4374 710 4420 eorum,
741 4375 844 4414 non
865 4357 1143 4413 dilectione
1171 4355 1400 4420 iecisset,
1429 4356 1555 4410 dum
1574 4371 1694 4409 eum
1718 4369 1863 4409 eom-

296 4453 476 4506 etlcret
528 4452 669 4506 zelus
697 4451 884 4504 dulnns
910 4448 1026 4514 Dei,
1077 4463 1179 4502 non
1232 4447 1280 4502 ei
1335 4432 1668 4515 reputaretur
1693 4445 1756 4499 ad
1780 4445 1864 4514 ju-

299 4544 516 4597 stitiam.
545 4543 662 4597 Hoc
687 4544 826 4595 enim
857 4539 1015 4605 facta,
1045 4539 1189 4592 illum
1205 4539 1453 4608 pupulum
1485 4537 1634 4606 cujus
1660 4535 1864 4589 futurus

285 4643 414 4688 ’erat
437 4633 608 4703 major
633 4632 903 4695 interitus,
957 4636 1203 4697 tanquam
1232 4643 1394 4682 unum
1423 4626 1691 4680 hominem
1716 4625 1865 4694 quasi

303 4728 442 4796 virga
480 4725 761 4795 percussit,
811 4731 867 4777 ut
894 4721 1122 4776 animant
1169 4719 1283 4790 ejus
1326 4720 1554 4774 salvaret
1597 4733 1627 4771 a
1672 4725 1864 4772 morte.

306 4817 584 4871 Leniorem
616 4813 826 4884 quidem
869 4812 1100 4867 revelato
1128 4809 1468 4867 Testamento
1512 4809 1661 4864 Novo
1690 4808 1866 4862 Domi-

307 4923 401 4962 nus
423 4907 675 4960 Christus
690 4914 809 4959 “esse
831 4903 997 4957 voluit
1023 4901 1351 4970 disciplinam
1373 4916 1387 4966 ;
1419 4898 1511 4954 sed
1537 4897 1766 4953 atrocior
1785 4905 1870 4952 est

307 4998 648 5052 comminatio
683 4994 959 5066 gehenuai,
999 5007 1156 5062 quam
1196 4998 1320 5044 tunc
1349 4990 1402 5044 in
1449 4990 1551 5044 illis
1579 4988 1870 5043 commina-

311 5090 540 5144 tionibus
571 5087 665 5142 Dci
706 5101 801 5155 pro
826 5094 1123 5155 temporum
1153 5082 1553 5150 diSpensatione
1595 5093 1700 5132 non
1745 5079 1872 5148 legi-
1929 5114 1931 5118 ι

311 5197 444 5237 mus.
478 5179 823 5246 Maltipticata
847 5185 921 5230 est
947 5191 1073 5246 ergo
1102 5175 1156 5228 in
1182 5173 1250 5227 eis
1273 5171 1444 5238 ruina,
1490 5184 1608 5225 cum
1637 5184 1734 5240 pro
1761 5171 1873 5223 suis

312 5273 556 5344 gravibus
580 5270 812 5341 peccatis
840 5268 1070 5339 graviter
1097 5268 1447 5318 vastarentur.
1496 5258 1565 5314 Et
1593 5261 1724 5314 stetit
1747 5259 1873 5314 Phi-

316 5380 446 5429 ttees,
485 5372 531 5416 et
560 5359 796 5432 placauit,
826 5368 874 5413 et
903 5356 1108 5411 cessauit
1133 5350 1411 5425 quassatio.
1431 5350 1679 5408 Breviter
1707 5358 1874 5405 totum

316 5454 466 5521 dixit,
517 5453 639 5523 quia
679 5466 786 5506 non
832 5449 918 5503 hic
941 5447 1242 5504 nescientes
1277 5444 1455 5511 docet,
1504 5443 1597 5502 sed
1637 5455 1876 5498 comme-

383 5670 399 5702 ¹
431 5666 730 5728 Antiquiores
773 5672 860 5712 Mss
897 5699 910 5720 ,
949 5660 1238 5728 sacriﬁcium
1275 5675 1291 5711 :
1323 5661 1466 5723 juxta
1503 5675 1645 5726 gra‘c.
1673 5667 1802 5710 LXX.

385 5733 407 5765 ³
434 5724 745 5790 tun-gemes,
766 5730 904 5774 abest
926 5742 951 5773 ιι
971 5724 1210 5773 nonnullis
1225 5730 1328 5773 uss.

1415 284 1806 352 ENARRATIO
1843 291 1910 346 ΙΝ
1949 286 2268 344 PSALMU.“
2297 287 2405 343 CV.

3385 294 3522 350 MM

1955 411 2123 456 morat
2149 402 2396 456 scientes.
2425 399 2554 466 Quae
2582 409 2760 456 autem
2792 400 2876 456 liic
2908 398 3084 472 posita'
3113 413 3197 458 est
3233 410 3520 474 quassatio,

1947 494 2068 548 lnuc
2094 495 2336 564 superius
2361 492 2646 549 oonl'ractio
2671 512 2684 548 :
2707 510 2830 549 nam
2852 495 2904 549 in
2929 510 3102 565 graeco
3117 514 3278 552 unum
3298 500 3518 556 verbum

1952 597 2056 642 051.

2019 675 2110 730 2η.
2141 675 2287 749 [υεη.
2327 673 2442 748 51
2486 673 2850 743 Etreptttatum
2878 677 3017 731 estei
3057 678 3111 732 in
3142 678 3420 750 justitiam,
3461 683 3516 738 in

1943 768 2319 836 generationem
2350 776 2398 820 et
2425 768 2794 837 generationem
2841 784 2992 837 usque
3037 769 3090 822 in
3133 773 3512 842 sempiternum.

1955 856 2092 910 Deus
2118 856 2216 910 hoc
2244 857 2504 925 reputavit
2543 856 2803 910 sacerdoti
2829 873 2926 912 suo
2954 859 2970 889 ¹
2996 859 3044 912 in
3080 859 3357 928 justitiam,
3409 880 3514 922 non

1951 946 2121 999 solum
2151 945 2397 1015 quamdiu
2431 947 2704 1016 generatio
2727 955 2827 1013 est,
2877 949 2969 1002 sed
2998 965 3147 1020 usque
3165 953 3218 1006 in
3251 957 3511 1024 sempiter-

1952 1051 2109 1102 num;
2139 1037 2229 1106 qui
2262 1052 2354 1091 cor
2380 1047 2664 1102 scrutatur,
2704 1046 2759 1091 et
2801 1039 2945 1093 novit
2975 1042 3283 1110 appendere
3318 1059 3507 1116 quanta

1953 1125 2004 1179 id
2036 1126 2227 1180 factum
2244 1127 2316 1180 sit
2346 1128 2518 1196 populi
2543 1126 2820 1184 cbaritate.

2019 1219 2109 1275 28.
2146 1218 2401 1292 [vers.52,
2433 1219 2546 1292 55.]
2583 1240 2602 1273 ι
2634 1221 2700 1276 Ει
2727 1223 3066 1278 irritaverunt
3091 1240 3222 1289 eum,
3237 1227 3302 1281 ad
3327 1243 3511 1300 aquam

1950 1311 2402 1377 contradictionis,
2435 1322 2489 1366 et
2516 1322 2735 1367 vexatus
2762 1321 2845 1367 est
2885 1313 3095 1385 Moyses
3123 1326 3337 1386 propter
3383 1335 3514 1386 eos;

1949 1401 2070 1471 quia
2105 1401 2556 1458 exacerbaverunt
2607 1403 2848 1472 Spiritum
2898 1405 3034 1474 ejus.
3077 1408 3141 1461 Et
3184 1408 3426 1466 distinxit
3462 1414 3516 1468 in

1952 1491 2104 1577 labiis
2130 1494 2258 1547 suis.
2283 1512 2302 1546 ι
2328 1494 2463 1558 Quid
2490 1503 2591 1558 est,
2623 1495 2898 1550 distinxit?
2923 1497 3083 1564 Quasi
3115 1498 3244 1554 illud
3267 1517 3369 1556 non
3397 1519 3521 1573 pos-

1951 1589 2033 1637 set
2060 1583 2199 1637 Deus
2230 1581 2422 1650 facere,
2465 1585 2553 1653 qui
2586 1594 2726 1638 tanta
2767 1587 2876 1654 jam
2909 1586 3126 1658 iecerat,
3173 1599 3232 1644 ut
3272 1607 3404 1660 aqua
3451 1594 3518 1651 de

1951 1684 2098 1744 petra
2129 1676 2430 1747 proﬁueret.
2465 1679 2772 1733 Dubitanter
2794 1679 2935 1734 enim
2981 1690 3183 1750 petram
3211 1683 3354 1755 virga
3391 1703 3517 1756 per-

1923 1770 2134 1834 cussit,
2165 1779 2220 1824 et
2239 1769 2360 1825 ideo
2387 1771 2488 1824 lioc
2526 1771 2836 1826 miraculum
2865 1772 3110 1827 distinxit
3134 1789 3164 1827 a
3185 1779 3390 1832 caeteris
3418 1779 3518 1834 mi-

1951 1859 2163 1928 raculis,
2206 1861 2258 1914 in
2307 1861 2500 1931 quibus
2534 1873 2637 1916 non
2684 1859 3037 1918 dubitaverat.
3096 1865 3230 1920 [line
3274 1869 3514 1938 olieiidit,

1951 1949 2074 2005 hinc
2099 1950 2282 2006 audire
2306 1954 2498 2006 meruit
2525 1962 2922 2018 utmOreretur,
2971 1971 3038 2010 ne
3067 1956 3288 2012 intraret
3326 1959 3377 2012 in
3405 1971 3512 2014 ter-

1949 2056 2061 2094 ram
2110 2042 2476 2110 promiSsionis
2507 2041 2680 2113 (Deut.
2724 2056 2900 2111 xxx",
2931 2044 3143 2117 49-52).
3175 2047 3518 2106 Perturbatus

1947 2131 2088 2188 enim
2118 2143 2389 2188 murmure
2419 2133 2852 2204 populi-inﬁdelis
2876 2177 2890 2200 ,
2945 2153 3047 2190 non
3076 2139 3242 2192 tenuit
3272 2139 3515 2196 ﬁduciam

1947 2225 2155 2294 qualem
2183 2224 2384 2279 debuit.
2418 2225 2512 2279 Cui
2547 2236 2719 2280 tamen
2751 2227 2888 2281 Deus
2917 2235 3162 2297 tanquam
3189 2230 3361 2285 electo
3390 2247 3506 2298 suo,

1939 2317 2106 2372 etiam
2132 2325 2256 2387 post
2299 2325 2522 2372 mortem
2564 2317 2681 2387 ejus
2734 2318 2928 2374 bonum
2988 2321 3229 2389 perhibet
3276 2325 3519 2380 testimo-

1952 2407 2120 2473 nium,
2149 2415 2209 2462 ut
2233 2407 2587 2478 intelligamus
2632 2408 2774 2462 illam
2824 2409 2943 2464 ﬁdei
2987 2410 3101 2477 ejus
3148 2413 3515 2471 titubationem

1951 2496 2050 2552 hac
2071 2497 2184 2553 sola
2209 2512 2365 2566 paena
2397 2497 2562 2553 fuisse
2583 2507 2905 2568 correptam,
2931 2501 3070 2570 quod
3091 2502 3140 2555 in
3166 2513 3514 2574 eamterram,

1949 2603 2056 2658 quo
2098 2589 2346 2658 populum
2399 2588 2514 2657 ipse
2559 2589 2804 2651 ducebat,
2840 2604 2942 2644 non
2987 2602 3070 2646 est
3111 2594 3396 2660 permissus
3439 2596 3519 2650 in-

1943 2688 2109 2736 trare.
2132 2681 2289 2735 Absit
2307 2690 2482 2736 autem
2501 2691 2556 2735 ut
2571 2697 2693 2736 eum
2714 2682 2992 2738 credamus
3008 2685 3288 2740 alienatum
3313 2704 3340 2741 ιι
3356 2704 3519 2759 regno

1949 2772 2130 2842 gratiae
2161 2772 2277 2838 Dei,
2320 2772 2460 2842 quod
2493 2772 2822 2842 signiﬁcabat
2851 2775 2936 2828 illa
2964 2783 3102 2830 terra
3133 2779 3517 2846 promissionis,

1950 2861 2090 2917 unde
2109 2863 2192 2918 lac
2217 2871 2271 2916 et
2314 2863 2417 2916 mel
2465 2862 2699 2917 deﬂuere
2750 2863 3043 2919 dicebatur.
3095 2867 3206 2921 lloc
3251 2879 3332 2924 est
3374 2871 3515 2926 enim

1935 2953 2124 3031 potius
2197 2961 2574 3009 testamentum
2646 2963 2900 3009 internum
2952 2958 3090 3026 quod
3145 2959 3402 3030 disposuit
3449 2964 3516 3018 ad

1949 3045 2237 3110 Abraham,
2284 3061 2387 3101 non
2417 3047 2709 3103 secundum
2737 3061 2955 3105 carnem
2999 3061 3201 3120 patrem
3255 3063 3515 3122 nostrum,

1950 3136 2044 3192 sed
2074 3136 2362 3194 secundum
2389 3137 2569 3192 ﬁdem.

2018 3227 2110 3283 29.
2142 3226 2291 3299 [vers.
2319 3227 2553 3301 54-56.]
2576 3227 2656 3283 Illi
2704 3238 2879 3285 autem
2907 3229 2970 3285 de
2998 3245 3222 3301 quorum
3266 3234 3517 3306 iniquita-

1950 3316 2093 3372 tibus
2115 3317 2213 3372 iste
2239 3318 2470 3388 loquitur
2492 3319 2747 3388 psalmus,
2773 3335 2895 3375 cum
2919 3321 2969 3375 in
2999 3321 3141 3377 illam
3169 3327 3516 3394 temporalem

1952 3416 2148 3465 terram
2175 3410 2542 3478 promissionis
2568 3410 2876 3478 intrassent,
2906 3431 2926 3464 ‹
2959 3411 3076 3467 Νοιι
3100 3414 3522 3486 disperdiderunt

1952 3499 2168 3566 Gentes,
2200 3515 2334 3570 quas
2357 3499 2492 3556 dixit
2535 3501 2944 3558 Dominus-illis.
2977 3504 3042 3559 Et
3078 3504 3348 3561 commixti
3394 3518 3517 3564 sunt

1953 3591 2091 3646 inter
2119 3591 2340 3659 Gentes,
2384 3603 2438 3647 et
2465 3592 2761 3649 didicerunt
2792 3609 2950 3663 opera
2981 3611 3189 3663 eorum,
3228 3606 3280 3652 et
3318 3599 3520 3654 εει-νίας

1953 3689 2078 3735 runt
2104 3681 2437 3751 sculptilibus
2465 3696 2681 3748 eorum;
2733 3692 2786 3737 et
2814 3683 3008 3738 factum
3047 3694 3130 3739 est
3156 3686 3257 3740 illis
3283 3687 3334 3741 in
3363 3703 3522 3743 scan-

1954 3771 2152 3826 daluin.
2192 3791 2210 3824 ι
2239 3771 2370 3826 illud
2399 3772 2541 3842 quod
2566 3788 2658 3827 eas
2687 3787 2792 3826 non
2829 3772 3276 3842 disperdiderunt,
3325 3777 3417 3833 sed
3444 3781 3523 3836 eis

1955 3864 2228 3918 commixti
2254 3871 2398 3926 sunt,
2429 3863 2626 3918 factum
2655 3873 2740 3919 est
2769 3864 2871 3919 illis
2899 3863 2950 3917 in
2981 3865 3307 3922 scandalum.

2026 3955 2113 4010 30.
2142 3953 2288 4027 [vei-8.
2320 3955 2391 4010 57
2408 3953 2553 4027 40.]
2581 3974 2599 4007 ‹
2629 3956 2692 4010 Ει
2718 3955 3122 4012 immolaverunt
3147 3957 3286 4014 ﬁlios
3315 3974 3440 4014 sues
3466 3972 3520 4018 et

1958 4046 2093 4101 ﬁlias
2117 4061 2240 4102 suas
2267 4045 2546 4101 daemoniis
2577 4064 2590 4101 :
2619 4055 2672 4102 et
2700 4046 3000 4102 effuderunt
3026 4050 3335 4122 sanguinem
3365 4052 3523 4106 inun-

1959 4146 2186 4204 centem,
2232 4137 2539 4207 sanguinem
2566 4136 2792 4192 ﬁliorum
2823 4152 3038 4193 suorum
3068 4139 3368 4196 etﬁliarum
3402 4159 3524 4198 sna-

1960 4246 2099 4295 rum,
2151 4245 2282 4300 quas
2332 4229 2765 4286 sacriﬁcaverunt
2820 4230 3148 4300 sculptilibus
3193 4230 3460 4290 Chanaan.
3500 4253 3522 4289 ι

1963 4320 2273 4375 lmmolasse
2295 4321 2434 4376 ﬁlios
2459 4335 2584 4376 suos
2599 4329 2652 4375 et
2676 4320 2809 4377 ﬁlias
2835 4336 2960 4376 suas
2980 4322 3256 4380 daemoniis
3274 4333 3329 4380 et
3352 4325 3525 4392 idolis,

1965 4426 2070 4464 non
2101 4423 2194 4466 eos
2215 4409 2302 4465 illa
2328 4420 2506 4465 narrat
2546 4409 2799 4478 historia;
2843 4411 2934 4467 sed
2965 4429 3136 4483 neque
3174 4414 3274 4470 iste
3296 4417 3531 4486 psalnms

1965 4501 2173 4556 mentiri
2195 4509 2392 4572 potest,
2422 4516 2594 4586 neque
2620 4501 2918 4571 Prophetai,
2941 4503 3030 4572 qui
3059 4505 3157 4559 hoc
3181 4505 3360 4560 dicunt
3385 4508 3525 4562 mul-

1967 4593 2034 4649 tis
2059 4593 2472 4663 increpationum
2502 4609 2714 4649 suarum
2749 4593 2903 4650 locis.
2933 4593 3190 4651 Habuisse
3218 4613 3345 4652 vero
3376 4599 3528 4654 istnn

1967 4686 2405 4743 consuetudinem
2423 4684 2643 4752 Gentes,
2676 4701 2774 4741 nec
2800 4700 2980 4739 earum
3017 4687 3210 4741 littera:
3229 4697 3527 4744 tacuerunt.

2039 4778 2127 4833 3t.
2160 4777 2264 4833 Sed
2295 4775 2424 4848 quid
2451 4786 2534 4832 est
2569 4775 2709 4846 quod
2746 4776 3030 4845 sequitur?
3059 4776 3127 4832 Et
3166 4777 3425 4848 interfecta
3459 4790 3530 4834 est

1971 4878 2104 4922 terra
2127 4869 2181 4922 in
2204 4867 2546 4939 sanguinibtts.
2581 4867 2892 4920 Putaremus
2911 4867 3061 4930 enim
3087 4869 3360 4937 scriptoris
3387 4885 3527 4924 erro-

1970 4975 2106 5026 rem,
2137 4974 2364 5030 eumque
2387 4957 2684 5012 diceremus
2718 4971 2815 5026 pro
2843 4971 2910 5013 eo
2938 4958 3076 5028 quod
3102 4967 3184 5014 est
3211 4960 3416 5032 infecta,
3465 4962 3524 5013 lc-

1971 5052 2107 5108 cisse
2131 5051 2398 5120 interfecta
2424 5088 2443 5113 ,
2483 5049 2583 5105 nisi
2617 5048 2934 5105 haberemus
2955 5050 3268 5106 beneﬁcium
3303 5051 3416 5115 Dei,
3444 5052 3530 5120 qui

1972 5142 2272 5211 Scripturas
2311 5155 2436 5195 suas
2471 5140 2522 5194 in
2550 5141 2730 5194 multis
2767 5140 2958 5212 linguis
2992 5156 3111 5196 esse
3135 5143 3332 5206 voluit;
3381 5152 3537 5210 atque

1975 5231 2047 5285 ita
2070 5245 2188 5286 esse
2211 5231 2486 5300 scriptum,
2525 5229 2800 5301 Interfecto
2823 5241 2895 5285 est
2917 5241 3049 5286 terra
3101 5233 3153 5286 in
3192 5233 3536 5303 sanguinibus,

1977 5324 2228 5393 inSpectis
2265 5327 2453 5393 graecis
2497 5323 2767 5380 codicibus
2807 5325 3105 5380 videremus
3140 5325 3237 5398 (a).
3280 5326 3413 5393 Quid
3455 5337 3540 5384 est
3608 5349 3609 5352 η
3673 5349 3676 5352 ’

1978 5432 2121 5489 ergo,
2151 5416 2421 5488 Interfecto
2447 5427 2519 5471 est
2543 5427 2694 5484 terra,
2726 5418 2827 5472 nisi
2853 5417 2954 5472 hoc
2984 5417 3238 5472 referatur
3262 5419 3329 5474 ad
3366 5419 3539 5474 homi-

1979 5523 2074 5564 nes
2097 5507 2185 5579 qui
2227 5507 2533 5563 baliitabant
2574 5509 2629 5563 in
2657 5516 2818 5574 terra,
2870 5508 3069 5579 tropica
3107 5509 3394 5580 locutione,
3438 5525 3544 5583 qua

2047 5661 2061 5692 ⁸
2087 5661 2158 5710 sic
2174 5666 2283 5710 Mss.
2307 5667 2358 5709 At
2381 5660 2512 5718 Fdd.,
2536 5659 2804 5711 sacerdotio
2831 5673 2933 5712 suo.

2043 5724 2115 5784 (τι)
2145 5730 2311 5784 Graec"
2335 5720 2734 5782 eplwuoctonétht.
