  <div class='ocr_page' id='page_1' title='image "/cluster/home/n/w/nwhite01/storage/ocr_20150623/37/hvd.32044096580592/203.png"; bbox 0 0 4026 6202; ppageno 0'>
   <div class='ocr_carea' id='block_1_1' title="bbox 489 280 627 342">
    <p class='ocr_par' dir='ltr' id='par_1_1' title="bbox 489 280 627 342">
     <span class='ocr_line' id='line_1_1' title="bbox 489 280 627 342; baseline -0.014 0"><span class='ocrx_word' id='word_1_1' title='bbox 489 280 627 342; x_wconf 67' lang='grc'><strong>1415</strong></span> 
     </span>
    </p>
   </div>
   <div class='ocr_carea' id='block_1_2' title="bbox 488 370 2049 467">
    <p class='ocr_par' dir='ltr' id='par_1_2' title="bbox 488 370 2049 467">
     <span class='ocr_line' id='line_1_2' title="bbox 488 370 2049 467; baseline -0.017 -16"><span class='ocrx_word' id='word_1_2' title='bbox 488 392 814 467; x_wconf 80' lang='lat' dir='ltr'><strong>signiﬁcatur</strong></span> <span class='ocrx_word' id='word_1_3' title='bbox 836 402 928 459; x_wconf 89' lang='lat' dir='ltr'><strong>per</strong></span> <span class='ocrx_word' id='word_1_4' title='bbox 955 386 1006 440; x_wconf 90' lang='lat' dir='ltr'><strong>id</strong></span> <span class='ocrx_word' id='word_1_5' title='bbox 1035 381 1174 453; x_wconf 89' lang='lat' dir='ltr'><strong>quod</strong></span> <span class='ocrx_word' id='word_1_6' title='bbox 1187 378 1448 443; x_wconf 73' lang='lat' dir='ltr'><strong>continet,</strong></span> <span class='ocrx_word' id='word_1_7' title='bbox 1478 376 1531 467; x_wconf 82' lang='lat' dir='ltr'><strong>id</strong></span> <span class='ocrx_word' id='word_1_8' title='bbox 1559 376 1697 445; x_wconf 88' lang='lat' dir='ltr'><strong>quod</strong></span> <span class='ocrx_word' id='word_1_9' title='bbox 1728 370 2049 467; x_wconf 74' lang='lat' dir='ltr'><strong>continetur,</strong></span> 
     </span>
    </p>
   </div>
   <div class='ocr_carea' id='block_1_3' title="bbox 490 464 2055 544">
    <p class='ocr_par' dir='ltr' id='par_1_3' title="bbox 490 464 2055 544">
     <span class='ocr_line' id='line_1_3' title="bbox 490 464 2055 544; baseline -0.018 1"><span class='ocrx_word' id='word_1_10' title='bbox 490 464 626 544; x_wconf 79' lang='lat' dir='ltr'><strong>sicut</strong></span> <span class='ocrx_word' id='word_1_11' title='bbox 652 483 876 541; x_wconf 85' lang='lat' dir='ltr'><strong>dicimus</strong></span> <span class='ocrx_word' id='word_1_12' title='bbox 898 477 1088 534; x_wconf 88' lang='lat' dir='ltr'><strong>malam</strong></span> <span class='ocrx_word' id='word_1_13' title='bbox 1117 474 1354 537; x_wconf 91' lang='lat' dir='ltr'><strong>domum,</strong></span> <span class='ocrx_word' id='word_1_14' title='bbox 1405 472 1457 525; x_wconf 92' lang='lat' dir='ltr'><strong>in</strong></span> <span class='ocrx_word' id='word_1_15' title='bbox 1495 464 1598 540; x_wconf 81' lang='lat' dir='ltr'><strong>qua</strong></span> <span class='ocrx_word' id='word_1_16' title='bbox 1628 467 1753 523; x_wconf 90' lang='lat' dir='ltr'><strong>mali</strong></span> <span class='ocrx_word' id='word_1_17' title='bbox 1798 465 2055 528; x_wconf 89' lang='lat' dir='ltr'><strong>habitant,</strong></span> 
     </span>
    </p>
   </div>
   <div class='ocr_carea' id='block_1_4' title="bbox 492 558 2062 640">
    <p class='ocr_par' dir='ltr' id='par_1_4' title="bbox 492 558 2062 640">
     <span class='ocr_line' id='line_1_4' title="bbox 492 558 2062 640; baseline -0.015 -4"><span class='ocrx_word' id='word_1_18' title='bbox 492 589 546 635; x_wconf 88' lang='lat' dir='ltr'><strong>et</strong></span> <span class='ocrx_word' id='word_1_19' title='bbox 567 580 759 635; x_wconf 82' lang='lat' dir='ltr'><strong>bonam</strong></span> <span class='ocrx_word' id='word_1_20' title='bbox 798 574 851 628; x_wconf 92' lang='lat' dir='ltr'><strong>in</strong></span> <span class='ocrx_word' id='word_1_21' title='bbox 890 585 991 640; x_wconf 89' lang='lat' dir='ltr'><strong>qua</strong></span> <span class='ocrx_word' id='word_1_22' title='bbox 1034 567 1203 622; x_wconf 81' lang='lat' dir='ltr'><strong>boni?</strong></span> <span class='ocrx_word' id='word_1_23' title='bbox 1246 564 1351 636; x_wconf 90' lang='lat' dir='ltr'><strong>lpsi</strong></span> <span class='ocrx_word' id='word_1_24' title='bbox 1399 575 1627 632; x_wconf 79' lang='lat' dir='ltr'><strong>namque</strong></span> <span class='ocrx_word' id='word_1_25' title='bbox 1672 558 2062 615; x_wconf 79' lang='lat' dir='ltr'><strong>interficiebant</strong></span> 
     </span>
    </p>
   </div>
   <div class='ocr_carea' id='block_1_5' title="bbox 492 652 2060 727">
    <p class='ocr_par' dir='ltr' id='par_1_5' title="bbox 492 652 2060 727">
     <span class='ocr_line' id='line_1_5' title="bbox 492 652 2060 727; baseline -0.012 -2"><span class='ocrx_word' id='word_1_26' title='bbox 492 673 693 727; x_wconf 88' lang='lat' dir='ltr'><strong>animas</strong></span> <span class='ocrx_word' id='word_1_27' title='bbox 717 680 838 722; x_wconf 88' lang='lat' dir='ltr'><strong>suas</strong></span> <span class='ocrx_word' id='word_1_28' title='bbox 863 660 1183 718; x_wconf 90' lang='lat' dir='ltr'><strong>immolando</strong></span> <span class='ocrx_word' id='word_1_29' title='bbox 1201 659 1336 714; x_wconf 80' lang='lat' dir='ltr'><strong>ﬁlios</strong></span> <span class='ocrx_word' id='word_1_30' title='bbox 1361 670 1505 722; x_wconf 89' lang='lat' dir='ltr'><strong>suos,</strong></span> <span class='ocrx_word' id='word_1_31' title='bbox 1526 663 1578 709; x_wconf 83' lang='lat' dir='ltr'><strong>et</strong></span> <span class='ocrx_word' id='word_1_32' title='bbox 1601 652 1918 725; x_wconf 76' lang='lat' dir='ltr'><strong>elTundendo</strong></span> <span class='ocrx_word' id='word_1_33' title='bbox 1941 666 2060 707; x_wconf 87' lang='lat' dir='ltr'><strong>san-</strong></span> 
     </span>
    </p>
   </div>
   <div class='ocr_carea' id='block_1_6' title="bbox 490 742 2063 833">
    <p class='ocr_par' dir='ltr' id='par_1_6' title="bbox 490 742 2063 833">
     <span class='ocr_line' id='line_1_6' title="bbox 490 742 2063 833; baseline -0.011 -17"><span class='ocrx_word' id='word_1_34' title='bbox 490 764 701 833; x_wconf 77' lang='lat' dir='ltr'><strong>guinem</strong></span> <span class='ocrx_word' id='word_1_35' title='bbox 729 755 1066 828; x_wconf 84' lang='lat' dir='ltr'><strong>parvulorum</strong></span> <span class='ocrx_word' id='word_1_36' title='bbox 1087 768 1117 808; x_wconf 87' lang='lat' dir='ltr'><strong>a</strong></span> <span class='ocrx_word' id='word_1_37' title='bbox 1142 749 1493 806; x_wconf 84' lang='lat' dir='ltr'><strong>consensione</strong></span> <span class='ocrx_word' id='word_1_38' title='bbox 1516 746 1657 801; x_wconf 89' lang='lat' dir='ltr'><strong>illius</strong></span> <span class='ocrx_word' id='word_1_39' title='bbox 1685 743 1904 800; x_wconf 83' lang='lat' dir='ltr'><strong>sceleris</strong></span> <span class='ocrx_word' id='word_1_40' title='bbox 1934 742 2063 798; x_wconf 84' lang='lat' dir='ltr'><strong>alie-</strong></span> 
     </span>
    </p>
   </div>
   <div class='ocr_carea' id='block_1_7' title="bbox 493 835 2062 912">
    <p class='ocr_par' dir='ltr' id='par_1_7' title="bbox 493 835 2062 912">
     <span class='ocr_line' id='line_1_7' title="bbox 493 835 2062 912; baseline -0.014 0"><span class='ocrx_word' id='word_1_41' title='bbox 493 866 680 912; x_wconf 86' lang='lat' dir='ltr'><strong>norum</strong></span> <span class='ocrx_word' id='word_1_42' title='bbox 707 869 719 904; x_wconf 91' lang='lat'><strong>:</strong></span> <span class='ocrx_word' id='word_1_43' title='bbox 750 848 889 904; x_wconf 89' lang='lat' dir='ltr'><strong>unde</strong></span> <span class='ocrx_word' id='word_1_44' title='bbox 915 848 1110 902; x_wconf 89' lang='lat' dir='ltr'><strong>dictum</strong></span> <span class='ocrx_word' id='word_1_45' title='bbox 1136 846 1237 909; x_wconf 84' lang='lat' dir='ltr'><strong>est,</strong></span> <span class='ocrx_word' id='word_1_46' title='bbox 1265 839 1567 908; x_wconf 71' lang='lat' dir='ltr'><strong>Effuderunt</strong></span> <span class='ocrx_word' id='word_1_47' title='bbox 1590 838 1887 907; x_wconf 86' lang='lat' dir='ltr'><strong>sanguinem</strong></span> <span class='ocrx_word' id='word_1_48' title='bbox 1911 835 2062 890; x_wconf 85' lang='lat' dir='ltr'><strong>inuo-</strong></span> 
     </span>
    </p>
   </div>
   <div class='ocr_carea' id='block_1_8' title="bbox 493 927 2066 1009">
    <p class='ocr_par' dir='ltr' id='par_1_8' title="bbox 493 927 2066 1009">
     <span class='ocr_line' id='line_1_8' title="bbox 493 927 2066 1009; baseline -0.013 -9"><span class='ocrx_word' id='word_1_49' title='bbox 493 953 702 1000; x_wconf 86' lang='lat' dir='ltr'><strong>centem.</strong></span> <span class='ocrx_word' id='word_1_50' title='bbox 752 941 911 1009; x_wconf 77' lang='lat' dir='ltr'><strong>Ergo,</strong></span> <span class='ocrx_word' id='word_1_51' title='bbox 954 937 1227 1005; x_wconf 76' lang='lat' dir='ltr'><strong>Interfecto</strong></span> <span class='ocrx_word' id='word_1_52' title='bbox 1251 941 1323 986; x_wconf 88' lang='lat' dir='ltr'><strong>est</strong></span> <span class='ocrx_word' id='word_1_53' title='bbox 1348 941 1482 986; x_wconf 85' lang='lat' dir='ltr'><strong>terra</strong></span> <span class='ocrx_word' id='word_1_54' title='bbox 1521 930 1577 983; x_wconf 87' lang='lat' dir='ltr'><strong>in</strong></span> <span class='ocrx_word' id='word_1_55' title='bbox 1620 927 1968 1000; x_wconf 85' lang='lat' dir='ltr'><strong>sanguinibus,</strong></span> <span class='ocrx_word' id='word_1_56' title='bbox 2014 935 2066 979; x_wconf 85' lang='lat' dir='ltr'><strong>et</strong></span> 
     </span>
    </p>
   </div>
   <div class='ocr_carea' id='block_1_9' title="bbox 492 1015 2063 1098">
    <p class='ocr_par' dir='ltr' id='par_1_9' title="bbox 492 1015 2063 1098">
     <span class='ocr_line' id='line_1_9' title="bbox 492 1015 2063 1098; baseline -0.012 -9"><span class='ocrx_word' id='word_1_57' title='bbox 492 1033 837 1090; x_wconf 83' lang='lat' dir='ltr'><strong>contaminata</strong></span> <span class='ocrx_word' id='word_1_58' title='bbox 861 1037 931 1083; x_wconf 74' lang='lat' dir='ltr'><strong>est</strong></span> <span class='ocrx_word' id='word_1_59' title='bbox 951 1028 1005 1081; x_wconf 85' lang='lat' dir='ltr'><strong>in</strong></span> <span class='ocrx_word' id='word_1_60' title='bbox 1032 1023 1262 1098; x_wconf 72' lang='lat' dir='ltr'><strong>aper-ibus</strong></span> <span class='ocrx_word' id='word_1_61' title='bbox 1288 1038 1480 1085; x_wconf 85' lang='lat' dir='ltr'><strong>eorum,</strong></span> <span class='ocrx_word' id='word_1_62' title='bbox 1518 1034 1639 1075; x_wconf 90' lang='lat' dir='ltr'><strong>cum</strong></span> <span class='ocrx_word' id='word_1_63' title='bbox 1674 1018 1773 1088; x_wconf 89' lang='lat' dir='ltr'><strong>ipsi</strong></span> <span class='ocrx_word' id='word_1_64' title='bbox 1805 1015 2063 1072; x_wconf 89' lang='lat' dir='ltr'><strong>interfecti</strong></span> 
     </span>
    </p>
   </div>
   <div class='ocr_carea' id='block_1_10' title="bbox 494 1103 2066 1185">
    <p class='ocr_par' dir='ltr' id='par_1_10' title="bbox 494 1103 2066 1185">
     <span class='ocr_line' id='line_1_10' title="bbox 494 1103 2066 1185; baseline -0.015 -3"><span class='ocrx_word' id='word_1_65' title='bbox 494 1135 619 1185; x_wconf 84' lang='lat' dir='ltr'><strong>sunt</strong></span> <span class='ocrx_word' id='word_1_66' title='bbox 645 1125 697 1178; x_wconf 90' lang='lat' dir='ltr'><strong>iu</strong></span> <span class='ocrx_word' id='word_1_67' title='bbox 727 1122 922 1185; x_wconf 90' lang='lat' dir='ltr'><strong>anima,</strong></span> <span class='ocrx_word' id='word_1_68' title='bbox 948 1128 1001 1173; x_wconf 92' lang='lat' dir='ltr'><strong>et</strong></span> <span class='ocrx_word' id='word_1_69' title='bbox 1034 1113 1375 1171; x_wconf 82' lang='lat' dir='ltr'><strong>contaminati</strong></span> <span class='ocrx_word' id='word_1_70' title='bbox 1423 1112 1477 1166; x_wconf 91' lang='lat' dir='ltr'><strong>in</strong></span> <span class='ocrx_word' id='word_1_71' title='bbox 1513 1108 1766 1180; x_wconf 86' lang='lat' dir='ltr'><strong>operibus</strong></span> <span class='ocrx_word' id='word_1_72' title='bbox 1812 1106 1941 1161; x_wconf 65' lang='lat' dir='ltr'><strong>suis”.</strong></span> <span class='ocrx_word' id='word_1_73' title='bbox 1998 1103 2066 1159; x_wconf 84' lang='lat' dir='ltr'><strong>Et</strong></span> 
     </span>
    </p>
   </div>
   <div class='ocr_carea' id='block_1_11' title="bbox 498 1197 2066 1289">
    <p class='ocr_par' dir='ltr' id='par_1_11' title="bbox 498 1197 2066 1289">
     <span class='ocr_line' id='line_1_11' title="bbox 498 1197 2066 1289; baseline -0.013 -17"><span class='ocrx_word' id='word_1_74' title='bbox 498 1216 732 1289; x_wconf 78' lang='lat' dir='ltr'><strong>fornicati</strong></span> <span class='ocrx_word' id='word_1_75' title='bbox 760 1221 874 1268; x_wconf 87' lang='lat' dir='ltr'><strong>sunt</strong></span> <span class='ocrx_word' id='word_1_76' title='bbox 901 1212 953 1264; x_wconf 87' lang='lat' dir='ltr'><strong>in</strong></span> <span class='ocrx_word' id='word_1_77' title='bbox 980 1205 1410 1263; x_wconf 77' lang='lat' dir='ltr'><strong>adinveittionibus</strong></span> <span class='ocrx_word' id='word_1_78' title='bbox 1436 1202 1562 1257; x_wconf 90' lang='lat' dir='ltr'><strong>suis.</strong></span> <span class='ocrx_word' id='word_1_79' title='bbox 1608 1201 1716 1256; x_wconf 86' lang='lat' dir='ltr'><strong>Has</strong></span> <span class='ocrx_word' id='word_1_80' title='bbox 1749 1199 1877 1255; x_wconf 88' lang='lat' dir='ltr'><strong>dicit</strong></span> <span class='ocrx_word' id='word_1_81' title='bbox 1915 1197 2066 1252; x_wconf 86' lang='lat' dir='ltr'><strong>adin-</strong></span> 
     </span>
    </p>
   </div>
   <div class='ocr_carea' id='block_1_12' title="bbox 499 1291 2064 1374">
    <p class='ocr_par' dir='ltr' id='par_1_12' title="bbox 499 1291 2064 1374">
     <span class='ocr_line' id='line_1_12' title="bbox 499 1291 2064 1374; baseline -0.012 -12"><span class='ocrx_word' id='word_1_82' title='bbox 499 1308 793 1370; x_wconf 81' lang='lat' dir='ltr'><strong>ventiones,</strong></span> <span class='ocrx_word' id='word_1_83' title='bbox 836 1316 968 1374; x_wconf 89' lang='lat' dir='ltr'><strong>quas</strong></span> <span class='ocrx_word' id='word_1_84' title='bbox 994 1300 1165 1357; x_wconf 64' lang='lat' dir='ltr'><strong>Graeci</strong></span> <span class='ocrx_word' id='word_1_85' title='bbox 1205 1301 1560 1365; x_wconf 68' lang='grc' dir='ltr'><strong>ἐπιτηδεύματα</strong></span> <span class='ocrx_word' id='word_1_86' title='bbox 1602 1291 1910 1363; x_wconf 89' lang='lat' dir='ltr'><strong>appellant:</strong></span> <span class='ocrx_word' id='word_1_87' title='bbox 1941 1303 2064 1345; x_wconf 89' lang='lat' dir='ltr'><strong>nam</strong></span> 
     </span>
    </p>
   </div>
   <div class='ocr_carea' id='block_1_13' title="bbox 498 1382 2066 1458">
    <p class='ocr_par' dir='ltr' id='par_1_13' title="bbox 498 1382 2066 1458">
     <span class='ocr_line' id='line_1_13' title="bbox 498 1382 2066 1458; baseline -0.015 -1"><span class='ocrx_word' id='word_1_88' title='bbox 498 1402 602 1457; x_wconf 87' lang='lat' dir='ltr'><strong>hoc</strong></span> <span class='ocrx_word' id='word_1_89' title='bbox 625 1397 842 1452; x_wconf 83' lang='lat' dir='ltr'><strong>verbum</strong></span> <span class='ocrx_word' id='word_1_90' title='bbox 866 1404 948 1449; x_wconf 89' lang='lat' dir='ltr'><strong>est</strong></span> <span class='ocrx_word' id='word_1_91' title='bbox 976 1394 1029 1447; x_wconf 89' lang='lat' dir='ltr'><strong>in</strong></span> <span class='ocrx_word' id='word_1_92' title='bbox 1077 1389 1347 1447; x_wconf 81' lang='lat' dir='ltr'><strong>codicibus</strong></span> <span class='ocrx_word' id='word_1_93' title='bbox 1380 1386 1570 1458; x_wconf 70' lang='lat' dir='ltr'><strong>grtecis</strong></span> <span class='ocrx_word' id='word_1_94' title='bbox 1609 1392 1664 1439; x_wconf 90' lang='lat' dir='ltr'><strong>et</strong></span> <span class='ocrx_word' id='word_1_95' title='bbox 1688 1383 1789 1439; x_wconf 90' lang='lat' dir='ltr'><strong>hoc</strong></span> <span class='ocrx_word' id='word_1_96' title='bbox 1831 1382 1968 1447; x_wconf 89' lang='lat' dir='ltr'><strong>loco,</strong></span> <span class='ocrx_word' id='word_1_97' title='bbox 2011 1387 2066 1435; x_wconf 90' lang='lat' dir='ltr'><strong>et</strong></span> 
     </span>
    </p>
   </div>
   <div class='ocr_carea' id='block_1_14' title="bbox 499 1472 2073 1560">
    <p class='ocr_par' dir='ltr' id='par_1_14' title="bbox 499 1472 2073 1560">
     <span class='ocr_line' id='line_1_14' title="bbox 499 1472 2073 1560; baseline -0.015 -14"><span class='ocrx_word' id='word_1_98' title='bbox 499 1488 763 1560; x_wconf 85' lang='lat' dir='ltr'><strong>superius,</strong></span> <span class='ocrx_word' id='word_1_99' title='bbox 793 1487 883 1541; x_wconf 89' lang='lat' dir='ltr'><strong>ubi</strong></span> <span class='ocrx_word' id='word_1_100' title='bbox 911 1484 1108 1540; x_wconf 89' lang='lat' dir='ltr'><strong>dictum</strong></span> <span class='ocrx_word' id='word_1_101' title='bbox 1133 1490 1235 1544; x_wconf 89' lang='lat' dir='ltr'><strong>est,</strong></span> <span class='ocrx_word' id='word_1_102' title='bbox 1264 1478 1597 1534; x_wconf 81' lang='lat' dir='ltr'><strong>Irritarerunt</strong></span> <span class='ocrx_word' id='word_1_103' title='bbox 1616 1491 1728 1530; x_wconf 89' lang='lat' dir='ltr'><strong>eum</strong></span> <span class='ocrx_word' id='word_1_104' title='bbox 1751 1474 1804 1528; x_wconf 92' lang='lat' dir='ltr'><strong>in</strong></span> <span class='ocrx_word' id='word_1_105' title='bbox 1829 1472 2073 1552; x_wconf 25' lang='lat' dir='ltr'><strong>adiuven-l</strong></span> 
     </span>
    </p>
   </div>
   <div class='ocr_carea' id='block_1_15' title="bbox 501 1564 2066 1644">
    <p class='ocr_par' dir='ltr' id='par_1_15' title="bbox 501 1564 2066 1644">
     <span class='ocr_line' id='line_1_15' title="bbox 501 1564 2066 1644; baseline -0.013 -5"><span class='ocrx_word' id='word_1_106' title='bbox 501 1583 715 1639; x_wconf 75' lang='lat' dir='ltr'><strong>tionibus</strong></span> <span class='ocrx_word' id='word_1_107' title='bbox 734 1581 879 1644; x_wconf 86' lang='lat' dir='ltr'><strong>suis;</strong></span> <span class='ocrx_word' id='word_1_108' title='bbox 906 1591 1024 1632; x_wconf 92' lang='lat' dir='ltr'><strong>cum</strong></span> <span class='ocrx_word' id='word_1_109' title='bbox 1053 1584 1108 1631; x_wconf 90' lang='lat' dir='ltr'><strong>et</strong></span> <span class='ocrx_word' id='word_1_110' title='bbox 1133 1574 1244 1629; x_wconf 91' lang='lat' dir='ltr'><strong>illic</strong></span> <span class='ocrx_word' id='word_1_111' title='bbox 1267 1581 1321 1627; x_wconf 90' lang='lat' dir='ltr'><strong>et</strong></span> <span class='ocrx_word' id='word_1_112' title='bbox 1348 1571 1435 1625; x_wconf 89' lang='lat' dir='ltr'><strong>hic</strong></span> <span class='ocrx_word' id='word_1_113' title='bbox 1457 1584 1550 1626; x_wconf 87' lang='lat' dir='ltr'><strong>eas</strong></span> <span class='ocrx_word' id='word_1_114' title='bbox 1574 1568 1715 1623; x_wconf 86' lang='lat' dir='ltr'><strong>dicat</strong></span> <span class='ocrx_word' id='word_1_115' title='bbox 1738 1564 2066 1628; x_wconf 85' lang='lat' dir='ltr'><strong>adiuventio-</strong></span> 
     </span>
    </p>
   </div>
   <div class='ocr_carea' id='block_1_16' title="bbox 502 1654 2066 1741">
    <p class='ocr_par' dir='ltr' id='par_1_16' title="bbox 502 1654 2066 1741">
     <span class='ocr_line' id='line_1_16' title="bbox 502 1654 2066 1741; baseline -0.013 -14"><span class='ocrx_word' id='word_1_116' title='bbox 502 1688 617 1737; x_wconf 90' lang='lat' dir='ltr'><strong>nes,</strong></span> <span class='ocrx_word' id='word_1_117' title='bbox 647 1673 699 1726; x_wconf 91' lang='lat' dir='ltr'><strong>in</strong></span> <span class='ocrx_word' id='word_1_118' title='bbox 720 1670 909 1741; x_wconf 84' lang='lat' dir='ltr'><strong>quibus</strong></span> <span class='ocrx_word' id='word_1_119' title='bbox 929 1667 1064 1721; x_wconf 90' lang='lat' dir='ltr'><strong>alios</strong></span> <span class='ocrx_word' id='word_1_120' title='bbox 1088 1663 1277 1719; x_wconf 85' lang='lat' dir='ltr'><strong>imitati</strong></span> <span class='ocrx_word' id='word_1_121' title='bbox 1302 1670 1445 1718; x_wconf 89' lang='lat' dir='ltr'><strong>sunt.</strong></span> <span class='ocrx_word' id='word_1_122' title='bbox 1466 1659 1581 1715; x_wconf 83' lang='lat' dir='ltr'><strong>Non</strong></span> <span class='ocrx_word' id='word_1_123' title='bbox 1603 1659 1779 1727; x_wconf 87' lang='lat' dir='ltr'><strong>itaque</strong></span> <span class='ocrx_word' id='word_1_124' title='bbox 1797 1656 1873 1711; x_wconf 89' lang='lat' dir='ltr'><strong>sic</strong></span> <span class='ocrx_word' id='word_1_125' title='bbox 1897 1654 2066 1709; x_wconf 89' lang='lat' dir='ltr'><strong>dictas</strong></span> 
     </span>
    </p>
   </div>
   <div class='ocr_carea' id='block_1_17' title="bbox 501 1746 2095 1823">
    <p class='ocr_par' dir='ltr' id='par_1_17' title="bbox 501 1746 2095 1823">
     <span class='ocr_line' id='line_1_17' title="bbox 501 1746 2095 1823; baseline -0.013 -6"><span class='ocrx_word' id='word_1_126' title='bbox 501 1763 820 1817; x_wconf 87' lang='lat' dir='ltr'><strong>arbitremur</strong></span> <span class='ocrx_word' id='word_1_127' title='bbox 842 1755 1264 1819; x_wconf 87' lang='lat' dir='ltr'><strong>adinventiones,</strong></span> <span class='ocrx_word' id='word_1_128' title='bbox 1309 1752 1457 1823; x_wconf 86' lang='lat' dir='ltr'><strong>quasi</strong></span> <span class='ocrx_word' id='word_1_129' title='bbox 1492 1750 1560 1805; x_wconf 91' lang='lat' dir='ltr'><strong>ab</strong></span> <span class='ocrx_word' id='word_1_130' title='bbox 1603 1748 1733 1819; x_wconf 83' lang='lat' dir='ltr'><strong>ipsis</strong></span> <span class='ocrx_word' id='word_1_131' title='bbox 1780 1746 2095 1813; x_wconf 88' lang='lat' dir='ltr'><strong>institutas,_</strong></span> 
     </span>
    </p>
   </div>
   <div class='ocr_carea' id='block_1_18' title="bbox 501 1840 2063 1921">
    <p class='ocr_par' dir='ltr' id='par_1_18' title="bbox 501 1840 2063 1921">
     <span class='ocr_line' id='line_1_18' title="bbox 501 1840 2063 1921; baseline -0.012 -11"><span class='ocrx_word' id='word_1_132' title='bbox 501 1856 650 1910; x_wconf 82' lang='lat' dir='ltr'><strong>nullo</strong></span> <span class='ocrx_word' id='word_1_133' title='bbox 673 1854 725 1908; x_wconf 88' lang='lat' dir='ltr'><strong>in</strong></span> <span class='ocrx_word' id='word_1_134' title='bbox 761 1852 880 1906; x_wconf 88' lang='lat' dir='ltr'><strong>aliis</strong></span> <span class='ocrx_word' id='word_1_135' title='bbox 905 1848 1241 1921; x_wconf 75' lang='lat' dir='ltr'><strong>prmcedente</strong></span> <span class='ocrx_word' id='word_1_136' title='bbox 1263 1845 1402 1916; x_wconf 93' lang='lat' dir='ltr'><strong>quod</strong></span> <span class='ocrx_word' id='word_1_137' title='bbox 1430 1844 1764 1899; x_wconf 83' lang='lat' dir='ltr'><strong>imitarentur</strong></span> <span class='ocrx_word' id='word_1_138' title='bbox 1801 1840 2063 1908; x_wconf 83' lang='lat' dir='ltr'><strong>exemplo.</strong></span> 
     </span>
    </p>
   </div>
   <div class='ocr_carea' id='block_1_19' title="bbox 502 1928 2063 2011">
    <p class='ocr_par' dir='ltr' id='par_1_19' title="bbox 502 1928 2063 2011">
     <span class='ocr_line' id='line_1_19' title="bbox 502 1928 2063 2011; baseline -0.01 -11"><span class='ocrx_word' id='word_1_139' title='bbox 502 1945 656 2002; x_wconf 83' lang='lat' dir='ltr'><strong>Unde</strong></span> <span class='ocrx_word' id='word_1_140' title='bbox 676 1944 765 1998; x_wconf 85' lang='lat' dir='ltr'><strong>alii</strong></span> <span class='ocrx_word' id='word_1_141' title='bbox 790 1944 1105 2011; x_wconf 85' lang='lat' dir='ltr'><strong>interpretes</strong></span> <span class='ocrx_word' id='word_1_142' title='bbox 1131 1938 1317 2002; x_wconf 90' lang='lat' dir='ltr'><strong>nostri,</strong></span> <span class='ocrx_word' id='word_1_143' title='bbox 1369 1951 1475 1990; x_wconf 90' lang='lat' dir='ltr'><strong>non</strong></span> <span class='ocrx_word' id='word_1_144' title='bbox 1504 1933 1925 1997; x_wconf 84' lang='lat' dir='ltr'><strong>adinventiones,</strong></span> <span class='ocrx_word' id='word_1_145' title='bbox 1971 1928 2063 1985; x_wconf 89' lang='lat' dir='ltr'><strong>sed</strong></span> 
     </span>
    </p>
   </div>
   <div class='ocr_carea' id='block_1_20' title="bbox 504 2021 2069 2101">
    <p class='ocr_par' dir='ltr' id='par_1_20' title="bbox 504 2021 2069 2101">
     <span class='ocr_line' id='line_1_20' title="bbox 504 2021 2069 2101; baseline -0.012 -9"><span class='ocrx_word' id='word_1_146' title='bbox 504 2036 713 2101; x_wconf 89' lang='lat' dir='ltr'><strong>studia;</strong></span> <span class='ocrx_word' id='word_1_147' title='bbox 740 2034 827 2090; x_wconf 90' lang='lat' dir='ltr'><strong>alii</strong></span> <span class='ocrx_word' id='word_1_148' title='bbox 852 2047 978 2088; x_wconf 85' lang='lat' dir='ltr'><strong>vero</strong></span> <span class='ocrx_word' id='word_1_149' title='bbox 997 2030 1325 2092; x_wconf 75' lang='lat' dir='ltr'><strong>affectiones,</strong></span> <span class='ocrx_word' id='word_1_150' title='bbox 1352 2026 1441 2083; x_wconf 81' lang='lat' dir='ltr'><strong>vel</strong></span> <span class='ocrx_word' id='word_1_151' title='bbox 1463 2023 1848 2089; x_wconf 76' lang='lat' dir='ltr'><strong>affectationes,</strong></span> <span class='ocrx_word' id='word_1_152' title='bbox 1866 2021 1955 2076; x_wconf 86' lang='lat' dir='ltr'><strong>alii</strong></span> <span class='ocrx_word' id='word_1_153' title='bbox 1975 2034 2069 2075; x_wconf 92' lang='lat' dir='ltr'><strong>vo-</strong></span> 
     </span>
    </p>
   </div>
   <div class='ocr_carea' id='block_1_21' title="bbox 504 2113 2070 2198">
    <p class='ocr_par' dir='ltr' id='par_1_21' title="bbox 504 2113 2070 2198">
     <span class='ocr_line' id='line_1_21' title="bbox 504 2113 2070 2198; baseline -0.011 -15"><span class='ocrx_word' id='word_1_154' title='bbox 504 2129 731 2198; x_wconf 89' lang='lat' dir='ltr'><strong>luptates</strong></span> <span class='ocrx_word' id='word_1_155' title='bbox 756 2126 932 2180; x_wconf 88' lang='lat' dir='ltr'><strong>dicere</strong></span> <span class='ocrx_word' id='word_1_156' title='bbox 957 2124 1255 2177; x_wconf 90' lang='lat' dir='ltr'><strong>maluerunt</strong></span> <span class='ocrx_word' id='word_1_157' title='bbox 1281 2137 1296 2172; x_wconf 91' lang='lat'><strong>:</strong></span> <span class='ocrx_word' id='word_1_158' title='bbox 1323 2126 1378 2174; x_wconf 91' lang='lat' dir='ltr'><strong>et</strong></span> <span class='ocrx_word' id='word_1_159' title='bbox 1400 2117 1557 2172; x_wconf 89' lang='lat' dir='ltr'><strong>iidem</strong></span> <span class='ocrx_word' id='word_1_160' title='bbox 1586 2115 1686 2186; x_wconf 85' lang='lat' dir='ltr'><strong>ipsi</strong></span> <span class='ocrx_word' id='word_1_161' title='bbox 1707 2114 1796 2185; x_wconf 89' lang='lat' dir='ltr'><strong>qui</strong></span> <span class='ocrx_word' id='word_1_162' title='bbox 1821 2113 2070 2169; x_wconf 79' lang='lat' dir='ltr'><strong>dixerunt</strong></span> 
     </span>
    </p>
   </div>
   <div class='ocr_carea' id='block_1_22' title="bbox 503 2206 2071 2280">
    <p class='ocr_par' dir='ltr' id='par_1_22' title="bbox 503 2206 2071 2280">
     <span class='ocr_line' id='line_1_22' title="bbox 503 2206 2071 2280; baseline -0.011 -4"><span class='ocrx_word' id='word_1_163' title='bbox 503 2219 924 2280; x_wconf 88' lang='lat' dir='ltr'><strong>adinventiones,</strong></span> <span class='ocrx_word' id='word_1_164' title='bbox 954 2216 1060 2270; x_wconf 87' lang='lat' dir='ltr'><strong>alio</strong></span> <span class='ocrx_word' id='word_1_165' title='bbox 1080 2214 1200 2269; x_wconf 89' lang='lat' dir='ltr'><strong>loco</strong></span> <span class='ocrx_word' id='word_1_166' title='bbox 1226 2211 1397 2267; x_wconf 90' lang='lat' dir='ltr'><strong>studia</strong></span> <span class='ocrx_word' id='word_1_167' title='bbox 1445 2216 1752 2280; x_wconf 89' lang='lat' dir='ltr'><strong>posuerunt.</strong></span> <span class='ocrx_word' id='word_1_168' title='bbox 1797 2206 1908 2262; x_wconf 84' lang='lat' dir='ltr'><strong>Hoc</strong></span> <span class='ocrx_word' id='word_1_169' title='bbox 1925 2219 2071 2261; x_wconf 91' lang='lat' dir='ltr'><strong>com-</strong></span> 
     </span>
    </p>
   </div>
   <div class='ocr_carea' id='block_1_23' title="bbox 504 2297 2071 2377">
    <p class='ocr_par' dir='ltr' id='par_1_23' title="bbox 504 2297 2071 2377">
     <span class='ocr_line' id='line_1_23' title="bbox 504 2297 2071 2377; baseline -0.01 -9"><span class='ocrx_word' id='word_1_170' title='bbox 504 2325 803 2369; x_wconf 85' lang='lat' dir='ltr'><strong>memorare</strong></span> <span class='ocrx_word' id='word_1_171' title='bbox 823 2308 986 2371; x_wconf 89' lang='lat' dir='ltr'><strong>volui,</strong></span> <span class='ocrx_word' id='word_1_172' title='bbox 1021 2321 1091 2362; x_wconf 91' lang='lat' dir='ltr'><strong>ne</strong></span> <span class='ocrx_word' id='word_1_173' title='bbox 1111 2304 1456 2377; x_wconf 68' lang='lat' dir='ltr'><strong>quaestionem</strong></span> <span class='ocrx_word' id='word_1_174' title='bbox 1480 2301 1681 2357; x_wconf 83' lang='lat' dir='ltr'><strong>iaceret</strong></span> <span class='ocrx_word' id='word_1_175' title='bbox 1706 2314 1899 2356; x_wconf 87' lang='lat' dir='ltr'><strong>nomen</strong></span> <span class='ocrx_word' id='word_1_176' title='bbox 1920 2297 2071 2354; x_wconf 85' lang='lat' dir='ltr'><strong>adin-</strong></span> 
     </span>
    </p>
   </div>
   <div class='ocr_carea' id='block_1_24' title="bbox 503 2390 2068 2469">
    <p class='ocr_par' dir='ltr' id='par_1_24' title="bbox 503 2390 2068 2469">
     <span class='ocr_line' id='line_1_24' title="bbox 503 2390 2068 2469; baseline -0.008 -9"><span class='ocrx_word' id='word_1_177' title='bbox 503 2403 771 2460; x_wconf 86' lang='lat' dir='ltr'><strong>ventionis</strong></span> <span class='ocrx_word' id='word_1_178' title='bbox 812 2405 863 2457; x_wconf 93' lang='lat' dir='ltr'><strong>in</strong></span> <span class='ocrx_word' id='word_1_179' title='bbox 905 2416 965 2456; x_wconf 90' lang='lat' dir='ltr'><strong>ea</strong></span> <span class='ocrx_word' id='word_1_180' title='bbox 1005 2415 1085 2466; x_wconf 89' lang='lat' dir='ltr'><strong>re,</strong></span> <span class='ocrx_word' id='word_1_181' title='bbox 1133 2413 1290 2469; x_wconf 89' lang='lat' dir='ltr'><strong>quam</strong></span> <span class='ocrx_word' id='word_1_182' title='bbox 1316 2411 1422 2452; x_wconf 91' lang='lat' dir='ltr'><strong>non</strong></span> <span class='ocrx_word' id='word_1_183' title='bbox 1464 2410 1494 2450; x_wconf 91' lang='lat' dir='ltr'><strong>a</strong></span> <span class='ocrx_word' id='word_1_184' title='bbox 1521 2390 1710 2465; x_wconf 80' lang='lat' dir='ltr'><strong>seipsis</strong></span> <span class='ocrx_word' id='word_1_185' title='bbox 1735 2391 2068 2465; x_wconf 75' lang='lat' dir='ltr'><strong>excogitave-</strong></span> 
     </span>
    </p>
   </div>
   <div class='ocr_carea' id='block_1_25' title="bbox 503 2491 1299 2562">
    <p class='ocr_par' dir='ltr' id='par_1_25' title="bbox 503 2491 1299 2562">
     <span class='ocr_line' id='line_1_25' title="bbox 503 2491 1299 2562; baseline -0.018 -6"><span class='ocrx_word' id='word_1_186' title='bbox 503 2507 647 2562; x_wconf 76' lang='lat' dir='ltr'><strong>runt,</strong></span> <span class='ocrx_word' id='word_1_187' title='bbox 676 2494 769 2552; x_wconf 90' lang='lat' dir='ltr'><strong>sed</strong></span> <span class='ocrx_word' id='word_1_188' title='bbox 785 2494 917 2550; x_wconf 89' lang='lat' dir='ltr'><strong>alios</strong></span> <span class='ocrx_word' id='word_1_189' title='bbox 937 2491 1122 2547; x_wconf 86' lang='lat' dir='ltr'><strong>imitati</strong></span> <span class='ocrx_word' id='word_1_190' title='bbox 1155 2498 1299 2545; x_wconf 92' lang='lat' dir='ltr'><strong>sunt.</strong></span> 
     </span>
    </p>
   </div>
   <div class='ocr_carea' id='block_1_26' title="bbox 576 2576 2070 2662">
    <p class='ocr_par' dir='ltr' id='par_1_26' title="bbox 576 2576 2070 2662">
     <span class='ocr_line' id='line_1_26' title="bbox 576 2576 2070 2662; baseline -0.01 -16"><span class='ocrx_word' id='word_1_191' title='bbox 576 2582 665 2646; x_wconf 62' lang='grc' dir='ltr'><strong>δε.</strong></span> <span class='ocrx_word' id='word_1_192' title='bbox 690 2588 839 2662; x_wconf 85' lang='lat' dir='ltr'><strong>[vers.</strong></span> <span class='ocrx_word' id='word_1_193' title='bbox 865 2586 935 2642; x_wconf 71' lang='grc'><strong>40</strong></span> <span class='ocrx_word' id='word_1_194' title='bbox 951 2582 1100 2656; x_wconf 72' lang='grc'><strong>-45.]</strong></span> <span class='ocrx_word' id='word_1_195' title='bbox 1132 2581 1201 2637; x_wconf 86' lang='lat' dir='ltr'><strong>Et</strong></span> <span class='ocrx_word' id='word_1_196' title='bbox 1224 2583 1383 2636; x_wconf 86' lang='lat' dir='ltr'><strong>iratus</strong></span> <span class='ocrx_word' id='word_1_197' title='bbox 1414 2590 1485 2635; x_wconf 89' lang='lat' dir='ltr'><strong>est</strong></span> <span class='ocrx_word' id='word_1_198' title='bbox 1511 2584 1682 2652; x_wconf 79' lang='lat' dir='ltr'><strong>furore</strong></span> <span class='ocrx_word' id='word_1_199' title='bbox 1723 2576 1971 2633; x_wconf 90' lang='lat' dir='ltr'><strong>Dominus</strong></span> <span class='ocrx_word' id='word_1_200' title='bbox 2015 2576 2070 2631; x_wconf 85' lang='lat' dir='ltr'><strong>in</strong></span> 
     </span>
    </p>
   </div>
   <div class='ocr_carea' id='block_1_27' title="bbox 507 2667 2071 2756">
    <p class='ocr_par' dir='ltr' id='par_1_27' title="bbox 507 2667 2071 2756">
     <span class='ocr_line' id='line_1_27' title="bbox 507 2667 2071 2756; baseline -0.012 -16"><span class='ocrx_word' id='word_1_201' title='bbox 507 2684 751 2756; x_wconf 80' lang='lat' dir='ltr'><strong>populum</strong></span> <span class='ocrx_word' id='word_1_202' title='bbox 778 2694 945 2734; x_wconf 86' lang='lat' dir='ltr'><strong>suum.</strong></span> <span class='ocrx_word' id='word_1_203' title='bbox 982 2674 1276 2730; x_wconf 82' lang='lat' dir='ltr'><strong>Noluerunt</strong></span> <span class='ocrx_word' id='word_1_204' title='bbox 1302 2672 1512 2743; x_wconf 88' lang='lat' dir='ltr'><strong>quidam</strong></span> <span class='ocrx_word' id='word_1_205' title='bbox 1542 2672 1858 2740; x_wconf 87' lang='lat' dir='ltr'><strong>interpretes</strong></span> <span class='ocrx_word' id='word_1_206' title='bbox 1902 2667 2071 2724; x_wconf 90' lang='lat' dir='ltr'><strong>nostri</strong></span> 
     </span>
    </p>
   </div>
   <div class='ocr_carea' id='block_1_28' title="bbox 468 2758 2070 2843">
    <p class='ocr_par' dir='ltr' id='par_1_28' title="bbox 468 2758 2070 2843">
     <span class='ocr_line' id='line_1_28' title="bbox 468 2758 2070 2843; baseline -0.011 -12"><span class='ocrx_word' id='word_1_207' title='bbox 468 2814 471 2817; x_wconf 91' lang='lat'><strong><em>-</em></strong></span> <span class='ocrx_word' id='word_1_208' title='bbox 508 2778 638 2832; x_wconf 88' lang='lat' dir='ltr'><strong>iram</strong></span> <span class='ocrx_word' id='word_1_209' title='bbox 683 2786 899 2843; x_wconf 85' lang='lat' dir='ltr'><strong>ponere,</strong></span> <span class='ocrx_word' id='word_1_210' title='bbox 943 2767 995 2821; x_wconf 92' lang='lat' dir='ltr'><strong>in</strong></span> <span class='ocrx_word' id='word_1_211' title='bbox 1031 2780 1097 2822; x_wconf 92' lang='lat' dir='ltr'><strong>eo</strong></span> <span class='ocrx_word' id='word_1_212' title='bbox 1135 2764 1276 2834; x_wconf 91' lang='lat' dir='ltr'><strong>quod</strong></span> <span class='ocrx_word' id='word_1_213' title='bbox 1325 2777 1530 2835; x_wconf 77' lang='lat' dir='ltr'><strong>graecus</strong></span> <span class='ocrx_word' id='word_1_214' title='bbox 1573 2761 1733 2816; x_wconf 85' lang='lat' dir='ltr'><strong>habet</strong></span> <span class='ocrx_word' id='word_1_215' title='bbox 1770 2768 1947 2828; x_wconf 76' lang='grc' dir='ltr'><strong>ουμὸςε</strong></span> <span class='ocrx_word' id='word_1_216' title='bbox 1975 2758 2070 2814; x_wconf 89' lang='lat' dir='ltr'><strong>sed</strong></span> 
     </span>
    </p>
   </div>
   <div class='ocr_carea' id='block_1_29' title="bbox 505 2850 2075 2935">
    <p class='ocr_par' dir='ltr' id='par_1_29' title="bbox 505 2850 2075 2935">
     <span class='ocr_line' id='line_1_29' title="bbox 505 2850 2075 2935; baseline -0.012 -13"><span class='ocrx_word' id='word_1_217' title='bbox 505 2866 718 2935; x_wconf 88' lang='lat' dir='ltr'><strong>quidam</strong></span> <span class='ocrx_word' id='word_1_218' title='bbox 748 2866 1036 2934; x_wconf 85' lang='lat' dir='ltr'><strong>posuerunt</strong></span> <span class='ocrx_word' id='word_1_219' title='bbox 1058 2865 1317 2919; x_wconf 85' lang='lat' dir='ltr'><strong>mentem;</strong></span> <span class='ocrx_word' id='word_1_220' title='bbox 1346 2855 1557 2926; x_wconf 82' lang='lat' dir='ltr'><strong>quidam</strong></span> <span class='ocrx_word' id='word_1_221' title='bbox 1595 2868 1722 2908; x_wconf 89' lang='lat' dir='ltr'><strong>vero</strong></span> <span class='ocrx_word' id='word_1_222' title='bbox 1758 2850 2075 2922; x_wconf 54' lang='lat' dir='ltr'><strong>indignatio.</strong></span> 
     </span>
    </p>
   </div>
   <div class='ocr_carea' id='block_1_30' title="bbox 507 2944 2066 3027">
    <p class='ocr_par' dir='ltr' id='par_1_30' title="bbox 507 2944 2066 3027">
     <span class='ocr_line' id='line_1_30' title="bbox 507 2944 2066 3027; baseline -0.01 -13"><span class='ocrx_word' id='word_1_223' title='bbox 507 2975 655 3025; x_wconf 86' lang='lat' dir='ltr'><strong>nem,</strong></span> <span class='ocrx_word' id='word_1_224' title='bbox 688 2955 899 3027; x_wconf 85' lang='lat' dir='ltr'><strong>quidam</strong></span> <span class='ocrx_word' id='word_1_225' title='bbox 955 2952 1190 3006; x_wconf 91' lang='lat' dir='ltr'><strong>animum</strong></span> <span class='ocrx_word' id='word_1_226' title='bbox 1240 2948 1567 3018; x_wconf 90' lang='lat' dir='ltr'><strong>interpretati</strong></span> <span class='ocrx_word' id='word_1_227' title='bbox 1608 2956 1752 3005; x_wconf 91' lang='lat' dir='ltr'><strong>sunt.</strong></span> <span class='ocrx_word' id='word_1_228' title='bbox 1782 2944 2066 3012; x_wconf 85' lang='lat' dir='ltr'><strong>Quodlibet</strong></span> 
     </span>
    </p>
   </div>
   <div class='ocr_carea' id='block_1_31' title="bbox 508 3036 2068 3112">
    <p class='ocr_par' dir='ltr' id='par_1_31' title="bbox 508 3036 2068 3112">
     <span class='ocr_line' id='line_1_31' title="bbox 508 3036 2068 3112; baseline -0.012 -5"><span class='ocrx_word' id='word_1_229' title='bbox 508 3060 685 3107; x_wconf 85' lang='lat' dir='ltr'><strong>autem</strong></span> <span class='ocrx_word' id='word_1_230' title='bbox 710 3048 897 3103; x_wconf 89' lang='lat' dir='ltr'><strong>horum</strong></span> <span class='ocrx_word' id='word_1_231' title='bbox 924 3044 1147 3108; x_wconf 87' lang='lat' dir='ltr'><strong>dicatur,</strong></span> <span class='ocrx_word' id='word_1_232' title='bbox 1165 3040 1490 3112; x_wconf 87' lang='lat' dir='ltr'><strong>perturbatio</strong></span> <span class='ocrx_word' id='word_1_233' title='bbox 1512 3054 1621 3109; x_wconf 76' lang='lat' dir='ltr'><strong>non</strong></span> <span class='ocrx_word' id='word_1_234' title='bbox 1640 3037 1779 3094; x_wconf 86' lang='lat' dir='ltr'><strong>cadit</strong></span> <span class='ocrx_word' id='word_1_235' title='bbox 1804 3037 1855 3091; x_wconf 92' lang='lat' dir='ltr'><strong>in</strong></span> <span class='ocrx_word' id='word_1_236' title='bbox 1869 3036 2068 3101; x_wconf 87' lang='lat' dir='ltr'><strong>Deum;</strong></span> 
     </span>
    </p>
   </div>
   <div class='ocr_carea' id='block_1_32' title="bbox 434 3120 2072 3200">
    <p class='ocr_par' dir='ltr' id='par_1_32' title="bbox 434 3120 2072 3200">
     <span class='ocr_line' id='line_1_32' title="bbox 434 3120 2072 3200; baseline -0.011 -2"><span class='ocrx_word' id='word_1_237' title='bbox 434 3120 443 3127; x_wconf 21' lang='grc' dir='ltr'><strong>κ</strong></span> <span class='ocrx_word' id='word_1_238' title='bbox 509 3138 605 3197; x_wconf 85' lang='lat' dir='ltr'><strong>sed</strong></span> <span class='ocrx_word' id='word_1_239' title='bbox 650 3139 717 3195; x_wconf 86' lang='lat' dir='ltr'><strong>de</strong></span> <span class='ocrx_word' id='word_1_240' title='bbox 761 3135 1139 3193; x_wconf 87' lang='lat' dir='ltr'><strong>consuetudine</strong></span> <span class='ocrx_word' id='word_1_241' title='bbox 1165 3131 1495 3195; x_wconf 86' lang='lat' dir='ltr'><strong>translatum,</strong></span> <span class='ocrx_word' id='word_1_242' title='bbox 1529 3128 1757 3200; x_wconf 88' lang='lat' dir='ltr'><strong>potentia</strong></span> <span class='ocrx_word' id='word_1_243' title='bbox 1774 3122 2072 3181; x_wconf 82' lang='lat' dir='ltr'><strong>vindicandi</strong></span> 
     </span>
    </p>
   </div>
   <div class='ocr_carea' id='block_1_33' title="bbox 506 3226 1075 3295">
    <p class='ocr_par' dir='ltr' id='par_1_33' title="bbox 506 3226 1075 3295">
     <span class='ocr_line' id='line_1_33' title="bbox 506 3226 1075 3295; baseline -0.014 -9"><span class='ocrx_word' id='word_1_244' title='bbox 506 3233 608 3286; x_wconf 91' lang='lat' dir='ltr'><strong>hoc</strong></span> <span class='ocrx_word' id='word_1_245' title='bbox 632 3244 825 3284; x_wconf 85' lang='lat' dir='ltr'><strong>nomen</strong></span> <span class='ocrx_word' id='word_1_246' title='bbox 853 3226 1075 3295; x_wconf 89' lang='lat' dir='ltr'><strong>accepit.</strong></span> 
     </span>
    </p>
   </div>
   <div class='ocr_carea' id='block_1_34' title="bbox 577 3307 2074 3376">
    <p class='ocr_par' dir='ltr' id='par_1_34' title="bbox 577 3307 2074 3376">
     <span class='ocr_line' id='line_1_34' title="bbox 577 3307 2074 3376; baseline -0.009 0"><span class='ocrx_word' id='word_1_247' title='bbox 577 3322 668 3376; x_wconf 76' lang='lat'><strong>3&#39;5.</strong></span> <span class='ocrx_word' id='word_1_248' title='bbox 726 3336 744 3370; x_wconf 79' lang='grc' dir='ltr'>ι</span> <span class='ocrx_word' id='word_1_249' title='bbox 774 3318 842 3371; x_wconf 84' lang='grc' dir='ltr'>Ει</span> <span class='ocrx_word' id='word_1_250' title='bbox 880 3315 1212 3370; x_wconf 84' lang='lat' dir='ltr'><strong>abominatus</strong></span> <span class='ocrx_word' id='word_1_251' title='bbox 1256 3320 1337 3367; x_wconf 89' lang='lat' dir='ltr'><strong>est</strong></span> <span class='ocrx_word' id='word_1_252' title='bbox 1378 3308 1742 3364; x_wconf 69' lang='lat' dir='ltr'><strong>[nereditatem</strong></span> <span class='ocrx_word' id='word_1_253' title='bbox 1782 3321 1952 3361; x_wconf 87' lang='lat' dir='ltr'><strong>suam.</strong></span> <span class='ocrx_word' id='word_1_254' title='bbox 2007 3307 2074 3362; x_wconf 86' lang='lat' dir='ltr'><strong>Et</strong></span> 
     </span>
    </p>
   </div>
   <div class='ocr_carea' id='block_1_35' title="bbox 507 3399 2073 3490">
    <p class='ocr_par' dir='ltr' id='par_1_35' title="bbox 507 3399 2073 3490">
     <span class='ocr_line' id='line_1_35' title="bbox 507 3399 2073 3490; baseline -0.01 -22"><span class='ocrx_word' id='word_1_255' title='bbox 507 3411 723 3469; x_wconf 88' lang='lat' dir='ltr'><strong>tradidit</strong></span> <span class='ocrx_word' id='word_1_256' title='bbox 745 3425 837 3490; x_wconf 74' lang='lat' dir='ltr'><strong>eos</strong></span> <span class='ocrx_word' id='word_1_257' title='bbox 864 3411 915 3462; x_wconf 92' lang='lat' dir='ltr'><strong>in</strong></span> <span class='ocrx_word' id='word_1_258' title='bbox 945 3420 1132 3461; x_wconf 89' lang='lat' dir='ltr'><strong>manus</strong></span> <span class='ocrx_word' id='word_1_259' title='bbox 1160 3404 1432 3465; x_wconf 89' lang='lat' dir='ltr'><strong>Gentium,</strong></span> <span class='ocrx_word' id='word_1_260' title='bbox 1480 3410 1533 3455; x_wconf 88' lang='lat' dir='ltr'><strong>et</strong></span> <span class='ocrx_word' id='word_1_261' title='bbox 1562 3399 1814 3454; x_wconf 88' lang='lat' dir='ltr'><strong>dominati</strong></span> <span class='ocrx_word' id='word_1_262' title='bbox 1839 3409 1959 3454; x_wconf 90' lang='lat' dir='ltr'><strong>sunt</strong></span> <span class='ocrx_word' id='word_1_263' title='bbox 1978 3413 2073 3454; x_wconf 87' lang='lat' dir='ltr'><strong>eo-</strong></span> 
     </span>
    </p>
   </div>
   <div class='ocr_carea' id='block_1_36' title="bbox 507 3490 2079 3571">
    <p class='ocr_par' dir='ltr' id='par_1_36' title="bbox 507 3490 2079 3571">
     <span class='ocr_line' id='line_1_36' title="bbox 507 3490 2079 3571; baseline -0.009 -13"><span class='ocrx_word' id='word_1_264' title='bbox 507 3520 627 3558; x_wconf 90' lang='lat' dir='ltr'><strong>rum</strong></span> <span class='ocrx_word' id='word_1_265' title='bbox 656 3501 742 3571; x_wconf 91' lang='lat' dir='ltr'><strong>qui</strong></span> <span class='ocrx_word' id='word_1_266' title='bbox 775 3500 998 3553; x_wconf 86' lang='lat' dir='ltr'><strong>oderant</strong></span> <span class='ocrx_word' id='word_1_267' title='bbox 1050 3510 1143 3551; x_wconf 90' lang='lat' dir='ltr'><strong>eos</strong></span> <span class='ocrx_word' id='word_1_268' title='bbox 1176 3513 1191 3549; x_wconf 90' lang='lat'><strong>:</strong></span> <span class='ocrx_word' id='word_1_269' title='bbox 1242 3504 1297 3548; x_wconf 90' lang='lat' dir='ltr'><strong>et</strong></span> <span class='ocrx_word' id='word_1_270' title='bbox 1326 3492 1708 3548; x_wconf 88' lang='lat' dir='ltr'><strong>tribulaverunt</strong></span> <span class='ocrx_word' id='word_1_271' title='bbox 1752 3504 1846 3548; x_wconf 86' lang='lat' dir='ltr'><strong>eos</strong></span> <span class='ocrx_word' id='word_1_272' title='bbox 1873 3490 2079 3555; x_wconf 87' lang='lat' dir='ltr'><strong>inimici</strong></span> 
     </span>
    </p>
   </div>
   <div class='ocr_carea' id='block_1_37' title="bbox 504 3580 2072 3657">
    <p class='ocr_par' dir='ltr' id='par_1_37' title="bbox 504 3580 2072 3657">
     <span class='ocr_line' id='line_1_37' title="bbox 504 3580 2072 3657; baseline -0.01 -7"><span class='ocrx_word' id='word_1_273' title='bbox 504 3609 714 3657; x_wconf 87' lang='lat' dir='ltr'><strong>eorum,</strong></span> <span class='ocrx_word' id='word_1_274' title='bbox 732 3600 786 3645; x_wconf 88' lang='lat' dir='ltr'><strong>et</strong></span> <span class='ocrx_word' id='word_1_275' title='bbox 811 3587 1066 3643; x_wconf 87' lang='lat' dir='ltr'><strong>humiliati</strong></span> <span class='ocrx_word' id='word_1_276' title='bbox 1097 3594 1221 3639; x_wconf 90' lang='lat' dir='ltr'><strong>sunt</strong></span> <span class='ocrx_word' id='word_1_277' title='bbox 1239 3583 1338 3638; x_wconf 91' lang='lat' dir='ltr'><strong>sub</strong></span> <span class='ocrx_word' id='word_1_278' title='bbox 1360 3583 1602 3637; x_wconf 86' lang='lat' dir='ltr'><strong>manibus</strong></span> <span class='ocrx_word' id='word_1_279' title='bbox 1620 3597 1824 3636; x_wconf 90' lang='lat' dir='ltr'><strong>eorum.</strong></span> <span class='ocrx_word' id='word_1_280' title='bbox 1853 3600 1872 3633; x_wconf 77' lang='grc' dir='ltr'><strong>ι</strong></span> <span class='ocrx_word' id='word_1_281' title='bbox 1894 3580 2072 3649; x_wconf 81' lang='lat' dir='ltr'><strong>Quan-</strong></span> 
     </span>
    </p>
   </div>
   <div class='ocr_carea' id='block_1_38' title="bbox 503 3671 2072 3743">
    <p class='ocr_par' dir='ltr' id='par_1_38' title="bbox 503 3671 2072 3743">
     <span class='ocr_line' id='line_1_38' title="bbox 503 3671 2072 3743; baseline -0.01 -1"><span class='ocrx_word' id='word_1_282' title='bbox 503 3688 579 3743; x_wconf 88' lang='lat' dir='ltr'><strong>do</strong></span> <span class='ocrx_word' id='word_1_283' title='bbox 598 3701 690 3742; x_wconf 91' lang='lat' dir='ltr'><strong>eos</strong></span> <span class='ocrx_word' id='word_1_284' title='bbox 712 3681 1070 3737; x_wconf 72' lang='lat' dir='ltr'><strong>bzrreditatem</strong></span> <span class='ocrx_word' id='word_1_285' title='bbox 1094 3677 1186 3732; x_wconf 88' lang='lat' dir='ltr'><strong>Dei</strong></span> <span class='ocrx_word' id='word_1_286' title='bbox 1212 3676 1438 3738; x_wconf 88' lang='lat' dir='ltr'><strong>vocavit,</strong></span> <span class='ocrx_word' id='word_1_287' title='bbox 1461 3673 1793 3729; x_wconf 85' lang='lat' dir='ltr'><strong>manifestum</strong></span> <span class='ocrx_word' id='word_1_288' title='bbox 1820 3681 1904 3727; x_wconf 90' lang='lat' dir='ltr'><strong>est</strong></span> <span class='ocrx_word' id='word_1_289' title='bbox 1931 3671 2072 3741; x_wconf 87' lang='lat' dir='ltr'><strong>quod</strong></span> 
     </span>
    </p>
   </div>
   <div class='ocr_carea' id='block_1_39' title="bbox 506 3765 2072 3846">
    <p class='ocr_par' dir='ltr' id='par_1_39' title="bbox 506 3765 2072 3846">
     <span class='ocr_line' id='line_1_39' title="bbox 506 3765 2072 3846; baseline -0.01 -12"><span class='ocrx_word' id='word_1_290' title='bbox 506 3795 616 3834; x_wconf 89' lang='lat' dir='ltr'><strong>non</strong></span> <span class='ocrx_word' id='word_1_291' title='bbox 642 3776 707 3831; x_wconf 90' lang='lat' dir='ltr'><strong>ad</strong></span> <span class='ocrx_word' id='word_1_292' title='bbox 737 3774 1112 3846; x_wconf 84' lang='lat' dir='ltr'><strong>perditionem,</strong></span> <span class='ocrx_word' id='word_1_293' title='bbox 1162 3768 1257 3824; x_wconf 92' lang='lat' dir='ltr'><strong>sed</strong></span> <span class='ocrx_word' id='word_1_294' title='bbox 1279 3767 1345 3823; x_wconf 93' lang='lat' dir='ltr'><strong>ad</strong></span> <span class='ocrx_word' id='word_1_295' title='bbox 1376 3767 1707 3836; x_wconf 86' lang='lat' dir='ltr'><strong>disciplinam</strong></span> <span class='ocrx_word' id='word_1_296' title='bbox 1738 3780 1830 3822; x_wconf 88' lang='lat' dir='ltr'><strong>eos</strong></span> <span class='ocrx_word' id='word_1_297' title='bbox 1864 3765 2072 3820; x_wconf 84' lang='lat' dir='ltr'><strong>abomi-</strong></span> 
     </span>
    </p>
   </div>
   <div class='ocr_carea' id='block_1_40' title="bbox 507 3858 2072 3932">
    <p class='ocr_par' dir='ltr' id='par_1_40' title="bbox 507 3858 2072 3932">
     <span class='ocr_line' id='line_1_40' title="bbox 507 3858 2072 3932; baseline -0.008 -5"><span class='ocrx_word' id='word_1_298' title='bbox 507 3880 664 3927; x_wconf 88' lang='lat' dir='ltr'><strong>natus</strong></span> <span class='ocrx_word' id='word_1_299' title='bbox 693 3877 795 3932; x_wconf 90' lang='lat' dir='ltr'><strong>est,</strong></span> <span class='ocrx_word' id='word_1_300' title='bbox 827 3876 881 3921; x_wconf 90' lang='lat' dir='ltr'><strong>et</strong></span> <span class='ocrx_word' id='word_1_301' title='bbox 908 3863 1119 3919; x_wconf 86' lang='lat' dir='ltr'><strong>tradidit</strong></span> <span class='ocrx_word' id='word_1_302' title='bbox 1144 3861 1196 3917; x_wconf 92' lang='lat' dir='ltr'><strong>in</strong></span> <span class='ocrx_word' id='word_1_303' title='bbox 1230 3875 1418 3916; x_wconf 89' lang='lat' dir='ltr'><strong>manus</strong></span> <span class='ocrx_word' id='word_1_304' title='bbox 1446 3859 1804 3915; x_wconf 89' lang='lat' dir='ltr'><strong>inimicorum.</strong></span> <span class='ocrx_word' id='word_1_305' title='bbox 1836 3858 2072 3928; x_wconf 86' lang='lat' dir='ltr'><strong>Denique</strong></span> 
     </span>
    </p>
   </div>
   <div class='ocr_carea' id='block_1_41' title="bbox 502 3951 1343 4029">
    <p class='ocr_par' dir='ltr' id='par_1_41' title="bbox 502 3951 1343 4029">
     <span class='ocr_line' id='line_1_41' title="bbox 502 3951 1343 4029; baseline -0.017 -12"><span class='ocrx_word' id='word_1_306' title='bbox 502 3960 743 4029; x_wconf 81' lang='lat' dir='ltr'><strong>sequitur</strong></span> <span class='ocrx_word' id='word_1_307' title='bbox 773 3975 786 4010; x_wconf 91' lang='lat'>:</span> <span class='ocrx_word' id='word_1_308' title='bbox 821 3954 971 4025; x_wconf 73' lang='lat' dir='ltr'><strong>Smpe</strong></span> <span class='ocrx_word' id='word_1_309' title='bbox 997 3951 1217 4008; x_wconf 83' lang='lat' dir='ltr'><strong>liberavit</strong></span> <span class='ocrx_word' id='word_1_310' title='bbox 1239 3967 1343 4004; x_wconf 87' lang='lat' dir='ltr'><strong>eos.</strong></span> 
     </span>
    </p>
   </div>
   <div class='ocr_carea' id='block_1_42' title="bbox 575 4040 2071 4120">
    <p class='ocr_par' dir='ltr' id='par_1_42' title="bbox 575 4040 2071 4120">
     <span class='ocr_line' id='line_1_42' title="bbox 575 4040 2071 4120; baseline -0.008 -13"><span class='ocrx_word' id='word_1_311' title='bbox 575 4053 664 4108; x_wconf 74' lang='grc'><strong>⁸54.</strong></span> <span class='ocrx_word' id='word_1_312' title='bbox 695 4049 807 4120; x_wconf 80' lang='lat' dir='ltr'><strong>Ipsi</strong></span> <span class='ocrx_word' id='word_1_313' title='bbox 845 4057 1010 4102; x_wconf 87' lang='lat' dir='ltr'><strong>autem</strong></span> <span class='ocrx_word' id='word_1_314' title='bbox 1038 4043 1461 4099; x_wconf 77' lang='lat' dir='ltr'><strong>exacerbaveruut’</strong></span> <span class='ocrx_word' id='word_1_315' title='bbox 1492 4056 1605 4096; x_wconf 90' lang='lat' dir='ltr'><strong>eum</strong></span> <span class='ocrx_word' id='word_1_316' title='bbox 1628 4041 1680 4094; x_wconf 89' lang='lat' dir='ltr'><strong>in</strong></span> <span class='ocrx_word' id='word_1_317' title='bbox 1723 4040 1931 4094; x_wconf 84' lang='lat' dir='ltr'><strong>consilio</strong></span> <span class='ocrx_word' id='word_1_318' title='bbox 1958 4055 2071 4095; x_wconf 88' lang='lat' dir='ltr'><strong>sua.</strong></span> 
     </span>
    </p>
   </div>
   <div class='ocr_carea' id='block_1_43' title="bbox 502 4132 2073 4211">
    <p class='ocr_par' dir='ltr' id='par_1_43' title="bbox 502 4132 2073 4211">
     <span class='ocr_line' id='line_1_43' title="bbox 502 4132 2073 4211; baseline -0.011 -10"><span class='ocrx_word' id='word_1_319' title='bbox 502 4144 620 4201; x_wconf 64' lang='lat' dir='ltr'><strong>Hoc</strong></span> <span class='ocrx_word' id='word_1_320' title='bbox 649 4152 730 4199; x_wconf 88' lang='lat' dir='ltr'><strong>est</strong></span> <span class='ocrx_word' id='word_1_321' title='bbox 775 4139 914 4211; x_wconf 85' lang='lat' dir='ltr'><strong>quod</strong></span> <span class='ocrx_word' id='word_1_322' title='bbox 945 4138 1186 4207; x_wconf 87' lang='lat' dir='ltr'><strong>superius</strong></span> <span class='ocrx_word' id='word_1_323' title='bbox 1224 4136 1315 4201; x_wconf 88' lang='lat' dir='ltr'><strong>ait,</strong></span> <span class='ocrx_word' id='word_1_324' title='bbox 1368 4134 1488 4189; x_wconf 86' lang='lat' dir='ltr'><strong>Non</strong></span> <span class='ocrx_word' id='word_1_325' title='bbox 1537 4133 1877 4187; x_wconf 81' lang='lat' dir='ltr'><strong>sustinuerunt</strong></span> <span class='ocrx_word' id='word_1_326' title='bbox 1910 4132 2073 4186; x_wconf 87' lang='lat' dir='ltr'><strong>consi-</strong></span> 
     </span>
    </p>
   </div>
   <div class='ocr_carea' id='block_1_44' title="bbox 507 4223 2073 4304">
    <p class='ocr_par' dir='ltr' id='par_1_44' title="bbox 507 4223 2073 4304">
     <span class='ocr_line' id='line_1_44' title="bbox 507 4223 2073 4304; baseline -0.009 -12"><span class='ocrx_word' id='word_1_327' title='bbox 507 4239 632 4292; x_wconf 88' lang='lat' dir='ltr'><strong>lium</strong></span> <span class='ocrx_word' id='word_1_328' title='bbox 661 4236 789 4304; x_wconf 76' lang='lat' dir='ltr'><strong>cjus.</strong></span> <span class='ocrx_word' id='word_1_329' title='bbox 820 4230 1174 4286; x_wconf 86' lang='lat' dir='ltr'><strong>Perniciosum</strong></span> <span class='ocrx_word' id='word_1_330' title='bbox 1204 4236 1378 4280; x_wconf 86' lang='lat' dir='ltr'><strong>autem</strong></span> <span class='ocrx_word' id='word_1_331' title='bbox 1411 4233 1492 4280; x_wconf 89' lang='lat' dir='ltr'><strong>est</strong></span> <span class='ocrx_word' id='word_1_332' title='bbox 1535 4224 1810 4279; x_wconf 85' lang='lat' dir='ltr'><strong>consilium</strong></span> <span class='ocrx_word' id='word_1_333' title='bbox 1845 4223 2073 4278; x_wconf 85' lang='lat' dir='ltr'><strong>hominis</strong></span> 
     </span>
    </p>
   </div>
   <div class='ocr_carea' id='block_1_45' title="bbox 507 4317 2071 4395">
    <p class='ocr_par' dir='ltr' id='par_1_45' title="bbox 507 4317 2071 4395">
     <span class='ocr_line' id='line_1_45' title="bbox 507 4317 2071 4395; baseline -0.008 -14"><span class='ocrx_word' id='word_1_334' title='bbox 507 4327 607 4395; x_wconf 87' lang='lat' dir='ltr'><strong>ipsi</strong></span> <span class='ocrx_word' id='word_1_335' title='bbox 646 4322 867 4382; x_wconf 87' lang='lat' dir='ltr'><strong>homini,</strong></span> <span class='ocrx_word' id='word_1_336' title='bbox 912 4335 1016 4387; x_wconf 87' lang='lat' dir='ltr'><strong>quo</strong></span> <span class='ocrx_word' id='word_1_337' title='bbox 1045 4333 1105 4372; x_wconf 91' lang='lat' dir='ltr'><strong>ea</strong></span> <span class='ocrx_word' id='word_1_338' title='bbox 1134 4317 1323 4386; x_wconf 65' lang='lat' dir='ltr'><strong>quaerit</strong></span> <span class='ocrx_word' id='word_1_339' title='bbox 1351 4330 1468 4384; x_wconf 74' lang='lat' dir='ltr'><strong>qure</strong></span> <span class='ocrx_word' id='word_1_340' title='bbox 1498 4330 1595 4370; x_wconf 86' lang='lat' dir='ltr'><strong>sua</strong></span> <span class='ocrx_word' id='word_1_341' title='bbox 1636 4325 1779 4376; x_wconf 87' lang='lat' dir='ltr'><strong>sunt,</strong></span> <span class='ocrx_word' id='word_1_342' title='bbox 1802 4330 1910 4370; x_wconf 90' lang='lat' dir='ltr'><strong>non</strong></span> <span class='ocrx_word' id='word_1_343' title='bbox 1951 4328 2071 4385; x_wconf 62' lang='lat' dir='ltr'><strong>quae</strong></span> 
     </span>
    </p>
   </div>
   <div class='ocr_carea' id='block_1_46' title="bbox 507 4404 2070 4481">
    <p class='ocr_par' dir='ltr' id='par_1_46' title="bbox 507 4404 2070 4481">
     <span class='ocr_line' id='line_1_46' title="bbox 507 4404 2070 4481; baseline -0.008 -9"><span class='ocrx_word' id='word_1_344' title='bbox 507 4417 602 4472; x_wconf 86' lang='lat' dir='ltr'><strong>Dei</strong></span> <span class='ocrx_word' id='word_1_345' title='bbox 625 4424 747 4468; x_wconf 91' lang='lat' dir='ltr'><strong>sunt</strong></span> <span class='ocrx_word' id='word_1_346' title='bbox 768 4410 1020 4481; x_wconf 80' lang='lat' dir='ltr'><strong>(Philipp.</strong></span> <span class='ocrx_word' id='word_1_347' title='bbox 1053 4423 1110 4470; x_wconf 83' lang='lat' dir='ltr'><strong>It,</strong></span> <span class='ocrx_word' id='word_1_348' title='bbox 1137 4406 1251 4477; x_wconf 68' lang='lat'><strong>2|).</strong></span> <span class='ocrx_word' id='word_1_349' title='bbox 1291 4404 1346 4458; x_wconf 87' lang='lat' dir='ltr'><strong>In</strong></span> <span class='ocrx_word' id='word_1_350' title='bbox 1372 4406 1523 4473; x_wconf 84' lang='lat' dir='ltr'><strong>cujus</strong></span> <span class='ocrx_word' id='word_1_351' title='bbox 1552 4405 1901 4472; x_wconf 45' lang='lat' dir='ltr'><strong>haereditate,</strong></span> <span class='ocrx_word' id='word_1_352' title='bbox 1928 4404 2070 4475; x_wconf 88' lang='lat' dir='ltr'><strong>quod</strong></span> 
     </span>
    </p>
   </div>
   <div class='ocr_carea' id='block_1_47' title="bbox 506 4494 2071 4573">
    <p class='ocr_par' dir='ltr' id='par_1_47' title="bbox 506 4494 2071 4573">
     <span class='ocr_line' id='line_1_47' title="bbox 506 4494 2071 4573; baseline -0.006 -14"><span class='ocrx_word' id='word_1_353' title='bbox 506 4504 623 4573; x_wconf 83' lang='lat' dir='ltr'><strong>ipse</strong></span> <span class='ocrx_word' id='word_1_354' title='bbox 648 4501 802 4556; x_wconf 89' lang='lat' dir='ltr'><strong>nobis</strong></span> <span class='ocrx_word' id='word_1_355' title='bbox 830 4507 932 4562; x_wconf 83' lang='lat' dir='ltr'><strong>est,</strong></span> <span class='ocrx_word' id='word_1_356' title='bbox 976 4512 1093 4551; x_wconf 88' lang='lat' dir='ltr'><strong>cum</strong></span> <span class='ocrx_word' id='word_1_357' title='bbox 1119 4494 1185 4550; x_wconf 92' lang='lat' dir='ltr'><strong>ad</strong></span> <span class='ocrx_word' id='word_1_358' title='bbox 1208 4494 1481 4549; x_wconf 84' lang='lat' dir='ltr'><strong>fruendum</strong></span> <span class='ocrx_word' id='word_1_359' title='bbox 1528 4510 1586 4549; x_wconf 90' lang='lat' dir='ltr'><strong>se</strong></span> <span class='ocrx_word' id='word_1_360' title='bbox 1626 4496 1864 4563; x_wconf 76' lang='lat' dir='ltr'><strong>prmbere</strong></span> <span class='ocrx_word' id='word_1_361' title='bbox 1888 4495 2071 4566; x_wconf 75' lang='lat' dir='ltr'><strong>digna-</strong></span> 
     </span>
    </p>
   </div>
   <div class='ocr_carea' id='block_1_48' title="bbox 503 4586 2065 4661">
    <p class='ocr_par' dir='ltr' id='par_1_48' title="bbox 503 4586 2065 4661">
     <span class='ocr_line' id='line_1_48' title="bbox 503 4586 2065 4661; baseline -0.004 -11"><span class='ocrx_word' id='word_1_362' title='bbox 503 4604 613 4658; x_wconf 87' lang='lat' dir='ltr'><strong>tur,</strong></span> <span class='ocrx_word' id='word_1_363' title='bbox 640 4593 814 4648; x_wconf 88' lang='lat' dir='ltr'><strong>nullas</strong></span> <span class='ocrx_word' id='word_1_364' title='bbox 843 4590 1103 4661; x_wconf 86' lang='lat' dir='ltr'><strong>patiemur</strong></span> <span class='ocrx_word' id='word_1_365' title='bbox 1121 4602 1242 4642; x_wconf 92' lang='lat' dir='ltr'><strong>cum</strong></span> <span class='ocrx_word' id='word_1_366' title='bbox 1269 4586 1466 4641; x_wconf 87' lang='lat' dir='ltr'><strong>sanctis</strong></span> <span class='ocrx_word' id='word_1_367' title='bbox 1492 4586 1759 4641; x_wconf 90' lang='lat' dir='ltr'><strong>societatis</strong></span> <span class='ocrx_word' id='word_1_368' title='bbox 1779 4589 2065 4659; x_wconf 82' lang='lat' dir='ltr'><strong>angustias,</strong></span> 
     </span>
    </p>
   </div>
   <div class='ocr_carea' id='block_1_49' title="bbox 504 4677 2069 4751">
    <p class='ocr_par' dir='ltr' id='par_1_49' title="bbox 504 4677 2069 4751">
     <span class='ocr_line' id='line_1_49' title="bbox 504 4677 2069 4751; baseline -0.004 -9"><span class='ocrx_word' id='word_1_369' title='bbox 504 4686 791 4742; x_wconf 81' lang='lat' dir='ltr'><strong>dilectione</strong></span> <span class='ocrx_word' id='word_1_370' title='bbox 832 4683 910 4738; x_wconf 79' lang='lat' dir='ltr'><strong>rei</strong></span> <span class='ocrx_word' id='word_1_371' title='bbox 951 4691 1147 4736; x_wconf 59' lang='lat' dir='ltr'><strong>nostra:</strong></span> <span class='ocrx_word' id='word_1_372' title='bbox 1193 4679 1341 4751; x_wconf 89' lang='lat' dir='ltr'><strong>quasi</strong></span> <span class='ocrx_word' id='word_1_373' title='bbox 1382 4679 1619 4749; x_wconf 66' lang='lat' dir='ltr'><strong>privatae.</strong></span> <span class='ocrx_word' id='word_1_374' title='bbox 1676 4677 2069 4736; x_wconf 87' lang='lat' dir='ltr'><strong>Gloriosissima</strong></span> 
     </span>
    </p>
   </div>
   <div class='ocr_carea' id='block_1_50' title="bbox 504 4768 2067 4849">
    <p class='ocr_par' dir='ltr' id='par_1_50' title="bbox 504 4768 2067 4849">
     <span class='ocr_line' id='line_1_50' title="bbox 504 4768 2067 4849; baseline -0.004 -16"><span class='ocrx_word' id='word_1_375' title='bbox 504 4779 700 4849; x_wconf 85' lang='lat' dir='ltr'><strong>quippe</strong></span> <span class='ocrx_word' id='word_1_376' title='bbox 729 4776 815 4830; x_wconf 88' lang='lat' dir='ltr'><strong>illa</strong></span> <span class='ocrx_word' id='word_1_377' title='bbox 840 4773 1028 4829; x_wconf 85' lang='lat' dir='ltr'><strong>civitas</strong></span> <span class='ocrx_word' id='word_1_378' title='bbox 1048 4771 1234 4840; x_wconf 85' lang='lat' dir='ltr'><strong>adepta</strong></span> <span class='ocrx_word' id='word_1_379' title='bbox 1270 4769 1579 4840; x_wconf 91' lang='lat' dir='ltr'><strong>promissam</strong></span> <span class='ocrx_word' id='word_1_380' title='bbox 1603 4768 1988 4836; x_wconf 73' lang='lat' dir='ltr'><strong>hatreditatem,</strong></span> <span class='ocrx_word' id='word_1_381' title='bbox 2014 4772 2067 4826; x_wconf 91' lang='lat' dir='ltr'><strong>in</strong></span> 
     </span>
    </p>
   </div>
   <div class='ocr_carea' id='block_1_51' title="bbox 504 4861 2069 4943">
    <p class='ocr_par' dir='ltr' id='par_1_51' title="bbox 504 4861 2069 4943">
     <span class='ocr_line' id='line_1_51' title="bbox 504 4861 2069 4943; baseline -0.005 -17"><span class='ocrx_word' id='word_1_382' title='bbox 504 4884 607 4943; x_wconf 90' lang='lat' dir='ltr'><strong>qua</strong></span> <span class='ocrx_word' id='word_1_383' title='bbox 630 4868 806 4924; x_wconf 88' lang='lat' dir='ltr'><strong>nullus</strong></span> <span class='ocrx_word' id='word_1_384' title='bbox 827 4867 1102 4930; x_wconf 90' lang='lat' dir='ltr'><strong>morietur,</strong></span> <span class='ocrx_word' id='word_1_385' title='bbox 1130 4864 1306 4918; x_wconf 90' lang='lat' dir='ltr'><strong>nullus</strong></span> <span class='ocrx_word' id='word_1_386' title='bbox 1331 4863 1553 4927; x_wconf 89' lang='lat' dir='ltr'><strong>orietur,</strong></span> <span class='ocrx_word' id='word_1_387' title='bbox 1601 4877 1708 4917; x_wconf 88' lang='lat' dir='ltr'><strong>non</strong></span> <span class='ocrx_word' id='word_1_388' title='bbox 1747 4861 1960 4919; x_wconf 89' lang='lat' dir='ltr'><strong>habebit</strong></span> <span class='ocrx_word' id='word_1_389' title='bbox 1986 4864 2069 4918; x_wconf 86' lang='lat' dir='ltr'><strong>ci-</strong></span> 
     </span>
    </p>
   </div>
   <div class='ocr_carea' id='block_1_52' title="bbox 501 4953 2070 5032">
    <p class='ocr_par' dir='ltr' id='par_1_52' title="bbox 501 4953 2070 5032">
     <span class='ocr_line' id='line_1_52' title="bbox 501 4953 2070 5032; baseline -0.004 -15"><span class='ocrx_word' id='word_1_390' title='bbox 501 4977 597 5018; x_wconf 78' lang='lat' dir='ltr'><strong>ves</strong></span> <span class='ocrx_word' id='word_1_391' title='bbox 618 4959 709 5032; x_wconf 92' lang='lat' dir='ltr'><strong>qui</strong></span> <span class='ocrx_word' id='word_1_392' title='bbox 728 4957 918 5028; x_wconf 79' lang='lat' dir='ltr'><strong>singuli</strong></span> <span class='ocrx_word' id='word_1_393' title='bbox 957 4954 1217 5026; x_wconf 78' lang='lat' dir='ltr'><strong>gaudeant.</strong></span> <span class='ocrx_word' id='word_1_394' title='bbox 1255 4955 1365 5010; x_wconf 89' lang='lat' dir='ltr'><strong>suis</strong></span> <span class='ocrx_word' id='word_1_395' title='bbox 1403 4953 1579 5015; x_wconf 87' lang='lat' dir='ltr'><strong>rebus,</strong></span> <span class='ocrx_word' id='word_1_396' title='bbox 1634 4954 1754 5021; x_wconf 88' lang='lat' dir='ltr'><strong>quia</strong></span> <span class='ocrx_word' id='word_1_397' title='bbox 1795 4953 1932 5009; x_wconf 86' lang='lat' dir='ltr'><strong>Deus</strong></span> <span class='ocrx_word' id='word_1_398' title='bbox 1967 4955 2070 5010; x_wconf 89' lang='lat' dir='ltr'><strong>erit</strong></span> 
     </span>
    </p>
   </div>
   <div class='ocr_carea' id='block_1_53' title="bbox 503 5043 2066 5117">
    <p class='ocr_par' dir='ltr' id='par_1_53' title="bbox 503 5043 2066 5117">
     <span class='ocr_line' id='line_1_53' title="bbox 503 5043 2066 5117; baseline -0.004 -9"><span class='ocrx_word' id='word_1_399' title='bbox 503 5052 680 5109; x_wconf 90' lang='lat' dir='ltr'><strong>omnia</strong></span> <span class='ocrx_word' id='word_1_400' title='bbox 705 5050 757 5104; x_wconf 92' lang='lat' dir='ltr'><strong>in</strong></span> <span class='ocrx_word' id='word_1_401' title='bbox 782 5048 1026 5103; x_wconf 86' lang='lat' dir='ltr'><strong>omnibus</strong></span> <span class='ocrx_word' id='word_1_402' title='bbox 1056 5045 1099 5117; x_wconf 94' lang='lat' dir='ltr'><strong>(l</strong></span> <span class='ocrx_word' id='word_1_403' title='bbox 1123 5047 1239 5098; x_wconf 81' lang='lat' dir='ltr'><strong>Cor.</strong></span> <span class='ocrx_word' id='word_1_404' title='bbox 1266 5060 1356 5107; x_wconf 80' lang='lat' dir='ltr'><strong>xv,</strong></span> <span class='ocrx_word' id='word_1_405' title='bbox 1398 5043 1514 5111; x_wconf 67' lang='lat'><strong>28).</strong></span> <span class='ocrx_word' id='word_1_406' title='bbox 1553 5043 1714 5113; x_wconf 82' lang='lat' dir='ltr'><strong>Cujus</strong></span> <span class='ocrx_word' id='word_1_407' title='bbox 1759 5045 2066 5101; x_wconf 87' lang='lat' dir='ltr'><strong>societatem</strong></span> 
     </span>
    </p>
   </div>
   <div class='ocr_carea' id='block_1_54' title="bbox 505 5135 2069 5218">
    <p class='ocr_par' dir='ltr' id='par_1_54' title="bbox 505 5135 2069 5218">
     <span class='ocr_line' id='line_1_54' title="bbox 505 5135 2069 5218; baseline -0.006 -16"><span class='ocrx_word' id='word_1_408' title='bbox 505 5145 745 5218; x_wconf 78' lang='lat' dir='ltr'><strong>quisquis</strong></span> <span class='ocrx_word' id='word_1_409' title='bbox 768 5142 820 5197; x_wconf 90' lang='lat' dir='ltr'><strong>in</strong></span> <span class='ocrx_word' id='word_1_410' title='bbox 848 5142 948 5196; x_wconf 90' lang='lat' dir='ltr'><strong>hac</strong></span> <span class='ocrx_word' id='word_1_411' title='bbox 983 5138 1403 5209; x_wconf 83' lang='lat' dir='ltr'><strong>peregrinatione</strong></span> <span class='ocrx_word' id='word_1_412' title='bbox 1447 5135 1674 5191; x_wconf 80' lang='lat' dir='ltr'><strong>fideliter</strong></span> <span class='ocrx_word' id='word_1_413' title='bbox 1699 5146 1748 5193; x_wconf 88' lang='lat' dir='ltr'><strong>et</strong></span> <span class='ocrx_word' id='word_1_414' title='bbox 1786 5136 2069 5208; x_wconf 82' lang='lat' dir='ltr'><strong>flagranter</strong></span> 
     </span>
    </p>
   </div>
   <div class='ocr_carea' id='block_1_55' title="bbox 504 5229 2069 5301">
    <p class='ocr_par' dir='ltr' id='par_1_55' title="bbox 504 5229 2069 5301">
     <span class='ocr_line' id='line_1_55' title="bbox 504 5229 2069 5301; baseline -0.006 -7"><span class='ocrx_word' id='word_1_415' title='bbox 504 5235 902 5301; x_wconf 87' lang='lat' dir='ltr'><strong>desideraverit,</strong></span> <span class='ocrx_word' id='word_1_416' title='bbox 926 5231 1183 5288; x_wconf 86' lang='lat' dir='ltr'><strong>assuescit</strong></span> <span class='ocrx_word' id='word_1_417' title='bbox 1218 5229 1437 5299; x_wconf 88' lang='lat' dir='ltr'><strong>privatis</strong></span> <span class='ocrx_word' id='word_1_418' title='bbox 1468 5229 1718 5299; x_wconf 68' lang='lat' dir='ltr'><strong>prreferre</strong></span> <span class='ocrx_word' id='word_1_419' title='bbox 1738 5233 2069 5298; x_wconf 82' lang='lat' dir='ltr'><strong>communia,</strong></span> 
     </span>
    </p>
   </div>
   <div class='ocr_carea' id='block_1_56' title="bbox 505 5320 2066 5397">
    <p class='ocr_par' dir='ltr' id='par_1_56' title="bbox 505 5320 2066 5397">
     <span class='ocr_line' id='line_1_56' title="bbox 505 5320 2066 5397; baseline -0.005 -11"><span class='ocrx_word' id='word_1_420' title='bbox 505 5345 610 5386; x_wconf 90' lang='lat' dir='ltr'><strong>non</strong></span> <span class='ocrx_word' id='word_1_421' title='bbox 659 5343 751 5385; x_wconf 88' lang='lat' dir='ltr'><strong>sua</strong></span> <span class='ocrx_word' id='word_1_422' title='bbox 795 5324 1099 5397; x_wconf 63' lang='lat' dir='ltr'><strong>quaerendo,</strong></span> <span class='ocrx_word' id='word_1_423' title='bbox 1127 5322 1219 5391; x_wconf 84' lang='lat' dir='ltr'><strong>sed</strong></span> <span class='ocrx_word' id='word_1_424' title='bbox 1264 5336 1382 5391; x_wconf 79' lang='lat' dir='ltr'><strong>quae</strong></span> <span class='ocrx_word' id='word_1_425' title='bbox 1424 5320 1550 5375; x_wconf 79' lang='lat' dir='ltr'><strong>Jesu</strong></span> <span class='ocrx_word' id='word_1_426' title='bbox 1592 5321 1785 5386; x_wconf 78' lang='lat' dir='ltr'><strong>Christi</strong></span> <span class='ocrx_word' id='word_1_427' title='bbox 1816 5340 1829 5376; x_wconf 90' lang='lat'><strong>:</strong></span> <span class='ocrx_word' id='word_1_428' title='bbox 1858 5338 1926 5379; x_wconf 89' lang='lat' dir='ltr'><strong>ne</strong></span> <span class='ocrx_word' id='word_1_429' title='bbox 1966 5324 2066 5379; x_wconf 87' lang='lat' dir='ltr'><strong>sibi</strong></span> 
     </span>
    </p>
   </div>
   <div class='ocr_carea' id='block_1_57' title="bbox 505 5411 2067 5490">
    <p class='ocr_par' dir='ltr' id='par_1_57' title="bbox 505 5411 2067 5490">
     <span class='ocr_line' id='line_1_57' title="bbox 505 5411 2067 5490; baseline -0.004 -16"><span class='ocrx_word' id='word_1_430' title='bbox 505 5420 717 5490; x_wconf 86' lang='lat' dir='ltr'><strong>sapiens</strong></span> <span class='ocrx_word' id='word_1_431' title='bbox 745 5427 801 5474; x_wconf 92' lang='lat' dir='ltr'><strong>et</strong></span> <span class='ocrx_word' id='word_1_432' title='bbox 830 5417 930 5473; x_wconf 89' lang='lat' dir='ltr'><strong>sibi</strong></span> <span class='ocrx_word' id='word_1_433' title='bbox 958 5414 1260 5483; x_wconf 79' lang='lat' dir='ltr'><strong>consulens,</strong></span> <span class='ocrx_word' id='word_1_434' title='bbox 1305 5411 1586 5466; x_wconf 83' lang='lat' dir='ltr'><strong>exacerbet</strong></span> <span class='ocrx_word' id='word_1_435' title='bbox 1633 5411 1796 5466; x_wconf 89' lang='lat' dir='ltr'><strong>Deum</strong></span> <span class='ocrx_word' id='word_1_436' title='bbox 1842 5414 2067 5468; x_wconf 87' lang='lat' dir='ltr'><strong>consilio</strong></span> 
     </span>
    </p>
   </div>
   <div class='ocr_carea' id='block_1_58' title="bbox 505 5500 2067 5578">
    <p class='ocr_par' dir='ltr' id='par_1_58' title="bbox 505 5500 2067 5578">
     <span class='ocr_line' id='line_1_58' title="bbox 505 5500 2067 5578; baseline -0.003 -16"><span class='ocrx_word' id='word_1_437' title='bbox 505 5524 636 5575; x_wconf 81' lang='lat' dir='ltr'><strong>suo;</strong></span> <span class='ocrx_word' id='word_1_438' title='bbox 666 5507 760 5564; x_wconf 87' lang='lat' dir='ltr'><strong>sed</strong></span> <span class='ocrx_word' id='word_1_439' title='bbox 788 5522 1008 5578; x_wconf 84' lang='lat' dir='ltr'><strong>sperans</strong></span> <span class='ocrx_word' id='word_1_440' title='bbox 1037 5504 1177 5576; x_wconf 87' lang='lat' dir='ltr'><strong>quod</strong></span> <span class='ocrx_word' id='word_1_441' title='bbox 1207 5518 1311 5559; x_wconf 90' lang='lat' dir='ltr'><strong>non</strong></span> <span class='ocrx_word' id='word_1_442' title='bbox 1336 5500 1499 5568; x_wconf 83' lang='lat' dir='ltr'><strong>videt,</strong></span> <span class='ocrx_word' id='word_1_443' title='bbox 1524 5518 1626 5557; x_wconf 89' lang='lat' dir='ltr'><strong>non</strong></span> <span class='ocrx_word' id='word_1_444' title='bbox 1659 5500 1870 5560; x_wconf 89' lang='lat' dir='ltr'><strong>festinet</strong></span> <span class='ocrx_word' id='word_1_445' title='bbox 1888 5504 1954 5559; x_wconf 90' lang='lat' dir='ltr'><strong>de</strong></span> <span class='ocrx_word' id='word_1_446' title='bbox 1984 5504 2067 5559; x_wconf 90' lang='lat' dir='ltr'><strong>his</strong></span> 
     </span>
    </p>
   </div>
   <div class='ocr_carea' id='block_1_59' title="bbox 505 5593 2065 5668">
    <p class='ocr_par' dir='ltr' id='par_1_59' title="bbox 505 5593 2065 5668">
     <span class='ocr_line' id='line_1_59' title="bbox 505 5593 2065 5668; baseline 0 -17"><span class='ocrx_word' id='word_1_447' title='bbox 505 5613 626 5668; x_wconf 67' lang='lat' dir='ltr'><strong>qua</strong></span> <span class='ocrx_word' id='word_1_448' title='bbox 646 5597 892 5652; x_wconf 89' lang='lat' dir='ltr'><strong>videntur</strong></span> <span class='ocrx_word' id='word_1_449' title='bbox 919 5598 1031 5652; x_wconf 82' lang='lat' dir='ltr'><strong>ﬁeri</strong></span> <span class='ocrx_word' id='word_1_450' title='bbox 1052 5597 1259 5660; x_wconf 88' lang='lat' dir='ltr'><strong>beatus,</strong></span> <span class='ocrx_word' id='word_1_451' title='bbox 1286 5604 1444 5665; x_wconf 89' lang='lat' dir='ltr'><strong>atque</strong></span> <span class='ocrx_word' id='word_1_452' title='bbox 1474 5593 1598 5649; x_wconf 89' lang='lat' dir='ltr'><strong>illud</strong></span> <span class='ocrx_word' id='word_1_453' title='bbox 1644 5604 1898 5651; x_wconf 61' lang='lat' dir='ltr'><strong>aeternum</strong></span> <span class='ocrx_word' id='word_1_454' title='bbox 1926 5595 2065 5666; x_wconf 91' lang='lat' dir='ltr'><strong>quod</strong></span> 
     </span>
    </p>
   </div>
   <div class='ocr_carea' id='block_1_60' title="bbox 507 5683 2057 5760">
    <p class='ocr_par' dir='ltr' id='par_1_60' title="bbox 507 5683 2057 5760">
     <span class='ocr_line' id='line_1_60' title="bbox 507 5683 2057 5760; baseline -0.002 -16"><span class='ocrx_word' id='word_1_455' title='bbox 507 5701 615 5744; x_wconf 87' lang='lat' dir='ltr'><strong>non</strong></span> <span class='ocrx_word' id='word_1_456' title='bbox 642 5685 849 5741; x_wconf 87' lang='lat' dir='ltr'><strong>videtur</strong></span> <span class='ocrx_word' id='word_1_457' title='bbox 876 5687 1132 5756; x_wconf 77' lang='lat' dir='ltr'><strong>patienter</strong></span> <span class='ocrx_word' id='word_1_458' title='bbox 1158 5692 1490 5760; x_wconf 78' lang='lat' dir='ltr'><strong>exspectans,</strong></span> <span class='ocrx_word' id='word_1_459' title='bbox 1533 5683 1648 5754; x_wconf 83' lang='lat' dir='ltr'><strong>ejus</strong></span> <span class='ocrx_word' id='word_1_460' title='bbox 1672 5683 1722 5739; x_wconf 91' lang='lat' dir='ltr'><strong>in</strong></span> <span class='ocrx_word' id='word_1_461' title='bbox 1748 5685 2057 5755; x_wconf 86' lang='lat' dir='ltr'><strong>promissio-</strong></span> 
     </span>
    </p>
   </div>
   <div class='ocr_carea' id='block_1_61' title="bbox 1702 257 2502 318">
    <p class='ocr_par' dir='ltr' id='par_1_61' title="bbox 1702 257 2502 318">
     <span class='ocr_line' id='line_1_61' title="bbox 1702 257 2502 318; baseline -0.004 -1"><span class='ocrx_word' id='word_1_462' title='bbox 1702 261 1761 318; x_wconf 89' lang='lat' dir='ltr'><strong>S.</strong></span> <span class='ocrx_word' id='word_1_463' title='bbox 1803 259 1936 317; x_wconf 77' lang='lat' dir='ltr'><strong>AUC</strong></span> <span class='ocrx_word' id='word_1_464' title='bbox 1945 257 2158 316; x_wconf 84' lang='lat' dir='ltr'><strong>USTlNl</strong></span> <span class='ocrx_word' id='word_1_465' title='bbox 2200 257 2502 316; x_wconf 84' lang='lat' dir='ltr'><strong>EPlSCOPl</strong></span> 
     </span>
    </p>
   </div>
   <div class='ocr_carea' id='block_1_62' title="bbox 3596 258 3738 314">
    <p class='ocr_par' dir='ltr' id='par_1_62' title="bbox 3596 258 3738 314">
     <span class='ocr_line' id='line_1_62' title="bbox 3596 258 3738 314; baseline -0.014 0"><span class='ocrx_word' id='word_1_466' title='bbox 3596 258 3738 314; x_wconf 66' lang='grc'><strong>1416</strong></span> 
     </span>
    </p>
   </div>
   <div class='ocr_carea' id='block_1_63' title="bbox 2164 370 3740 443">
    <p class='ocr_par' dir='ltr' id='par_1_63' title="bbox 2164 370 3740 443">
     <span class='ocr_line' id='line_1_63' title="bbox 2164 370 3740 443; baseline 0.001 -19"><span class='ocrx_word' id='word_1_467' title='bbox 2164 370 2320 425; x_wconf 90' lang='lat' dir='ltr'><strong>nibus</strong></span> <span class='ocrx_word' id='word_1_468' title='bbox 2343 380 2595 440; x_wconf 86' lang='lat' dir='ltr'><strong>sequatur</strong></span> <span class='ocrx_word' id='word_1_469' title='bbox 2618 371 2920 438; x_wconf 89' lang='lat' dir='ltr'><strong>consilium,</strong></span> <span class='ocrx_word' id='word_1_470' title='bbox 2946 371 3097 441; x_wconf 81' lang='lat' dir='ltr'><strong>cujus</strong></span> <span class='ocrx_word' id='word_1_471' title='bbox 3117 372 3171 427; x_wconf 91' lang='lat' dir='ltr'><strong>in</strong></span> <span class='ocrx_word' id='word_1_472' title='bbox 3199 371 3587 427; x_wconf 87' lang='lat' dir='ltr'><strong>tentationibus</strong></span> <span class='ocrx_word' id='word_1_473' title='bbox 3610 387 3740 443; x_wconf 81' lang='lat' dir='ltr'><strong>pre—</strong></span> 
     </span>
    </p>
   </div>
   <div class='ocr_carea' id='block_1_64' title="bbox 2163 462 3741 520">
    <p class='ocr_par' dir='ltr' id='par_1_64' title="bbox 2163 462 3741 520">
     <span class='ocr_line' id='line_1_64' title="bbox 2163 462 3741 520; baseline 0.001 -4"><span class='ocrx_word' id='word_1_474' title='bbox 2163 469 2313 516; x_wconf 83' lang='lat' dir='ltr'><strong>eatur</strong></span> <span class='ocrx_word' id='word_1_475' title='bbox 2336 462 2608 518; x_wconf 86' lang='lat' dir='ltr'><strong>auxilium.</strong></span> <span class='ocrx_word' id='word_1_476' title='bbox 2655 462 2726 517; x_wconf 89' lang='lat' dir='ltr'><strong>Ita</strong></span> <span class='ocrx_word' id='word_1_477' title='bbox 2753 464 2856 518; x_wconf 88' lang='lat' dir='ltr'><strong>erit</strong></span> <span class='ocrx_word' id='word_1_478' title='bbox 2880 473 2934 518; x_wconf 89' lang='lat' dir='ltr'><strong>et</strong></span> <span class='ocrx_word' id='word_1_479' title='bbox 2963 463 3178 518; x_wconf 89' lang='lat' dir='ltr'><strong>humilis</strong></span> <span class='ocrx_word' id='word_1_480' title='bbox 3217 464 3270 518; x_wconf 92' lang='lat' dir='ltr'><strong>in</strong></span> <span class='ocrx_word' id='word_1_481' title='bbox 3305 462 3741 520; x_wconf 82' lang='lat' dir='ltr'><strong>confessionibus</strong></span> 
     </span>
    </p>
   </div>
   <div class='ocr_carea' id='block_1_65' title="bbox 2164 553 3742 625">
    <p class='ocr_par' dir='ltr' id='par_1_65' title="bbox 2164 553 3742 625">
     <span class='ocr_line' id='line_1_65' title="bbox 2164 553 3742 625; baseline 0.001 -17"><span class='ocrx_word' id='word_1_482' title='bbox 2164 553 2298 618; x_wconf 87' lang='lat' dir='ltr'><strong>suis,</strong></span> <span class='ocrx_word' id='word_1_483' title='bbox 2339 568 2409 609; x_wconf 90' lang='lat' dir='ltr'><strong>ne</strong></span> <span class='ocrx_word' id='word_1_484' title='bbox 2435 555 2526 608; x_wconf 89' lang='lat' dir='ltr'><strong>liat</strong></span> <span class='ocrx_word' id='word_1_485' title='bbox 2550 554 2771 610; x_wconf 87' lang='lat' dir='ltr'><strong>istorum</strong></span> <span class='ocrx_word' id='word_1_486' title='bbox 2809 554 3020 623; x_wconf 84' lang='lat' dir='ltr'><strong>similis,</strong></span> <span class='ocrx_word' id='word_1_487' title='bbox 3068 554 3137 611; x_wconf 88' lang='lat' dir='ltr'><strong>de</strong></span> <span class='ocrx_word' id='word_1_488' title='bbox 3165 555 3354 625; x_wconf 87' lang='lat' dir='ltr'><strong>quibus</strong></span> <span class='ocrx_word' id='word_1_489' title='bbox 3399 554 3635 612; x_wconf 89' lang='lat' dir='ltr'><strong>dicitur:</strong></span> <span class='ocrx_word' id='word_1_490' title='bbox 3669 554 3742 610; x_wconf 82' lang='lat' dir='ltr'><strong>Et</strong></span> 
     </span>
    </p>
   </div>
   <div class='ocr_carea' id='block_1_66' title="bbox 2165 643 3147 714">
    <p class='ocr_par' dir='ltr' id='par_1_66' title="bbox 2165 643 3147 714">
     <span class='ocr_line' id='line_1_66' title="bbox 2165 643 3147 714; baseline 0.004 -17"><span class='ocrx_word' id='word_1_491' title='bbox 2165 643 2415 699; x_wconf 76' lang='lat' dir='ltr'><strong>humiliati</strong></span> <span class='ocrx_word' id='word_1_492' title='bbox 2437 652 2553 699; x_wconf 87' lang='lat' dir='ltr'><strong>sunt</strong></span> <span class='ocrx_word' id='word_1_493' title='bbox 2577 645 2630 699; x_wconf 86' lang='lat' dir='ltr'><strong>in</strong></span> <span class='ocrx_word' id='word_1_494' title='bbox 2656 645 2997 714; x_wconf 82' lang='lat' dir='ltr'><strong>iniquitatibus</strong></span> <span class='ocrx_word' id='word_1_495' title='bbox 3022 647 3147 702; x_wconf 82' lang='lat' dir='ltr'><strong>suis.</strong></span> 
     </span>
    </p>
   </div>
   <div class='ocr_carea' id='block_1_67' title="bbox 2235 733 3734 808">
    <p class='ocr_par' dir='ltr' id='par_1_67' title="bbox 2235 733 3734 808">
     <span class='ocr_line' id='line_1_67' title="bbox 2235 733 3734 808; baseline -0.001 -18"><span class='ocrx_word' id='word_1_496' title='bbox 2235 735 2324 790; x_wconf 78' lang='lat'><strong>55.</strong></span> <span class='ocrx_word' id='word_1_497' title='bbox 2353 733 2502 808; x_wconf 84' lang='lat' dir='ltr'><strong>[vers.</strong></span> <span class='ocrx_word' id='word_1_498' title='bbox 2526 736 2615 802; x_wconf 70' lang='grc'><strong>44,</strong></span> <span class='ocrx_word' id='word_1_499' title='bbox 2642 735 2756 808; x_wconf 72' lang='grc'><strong>45.]</strong></span> <span class='ocrx_word' id='word_1_500' title='bbox 2783 737 2927 793; x_wconf 89' lang='lat' dir='ltr'><strong>Deus</strong></span> <span class='ocrx_word' id='word_1_501' title='bbox 2944 746 3117 791; x_wconf 90' lang='lat' dir='ltr'><strong>tamen</strong></span> <span class='ocrx_word' id='word_1_502' title='bbox 3136 738 3320 807; x_wconf 86' lang='lat' dir='ltr'><strong>plenus</strong></span> <span class='ocrx_word' id='word_1_503' title='bbox 3336 737 3734 801; x_wconf 81' lang='lat' dir='ltr'><strong>misericordia,</strong></span> 
     </span>
    </p>
   </div>
   <div class='ocr_carea' id='block_1_68' title="bbox 2164 826 3739 896">
    <p class='ocr_par' dir='ltr' id='par_1_68' title="bbox 2164 826 3739 896">
     <span class='ocr_line' id='line_1_68' title="bbox 2164 826 3739 896; baseline -0.001 -15"><span class='ocrx_word' id='word_1_504' title='bbox 2164 839 2271 881; x_wconf 89' lang='lat' dir='ltr'><strong>non</strong></span> <span class='ocrx_word' id='word_1_505' title='bbox 2297 826 2538 896; x_wconf 72' lang='lat' dir='ltr'><strong>neglexit“</strong></span> <span class='ocrx_word' id='word_1_506' title='bbox 2553 841 2648 882; x_wconf 90' lang='lat' dir='ltr'><strong>eos</strong></span> <span class='ocrx_word' id='word_1_507' title='bbox 2677 843 2692 892; x_wconf 88' lang='lat'><strong>;</strong></span> <span class='ocrx_word' id='word_1_508' title='bbox 2726 845 2746 879; x_wconf 86' lang='grc'><strong>‹</strong></span> <span class='ocrx_word' id='word_1_509' title='bbox 2782 826 2848 882; x_wconf 83' lang='lat' dir='ltr'><strong>Et</strong></span> <span class='ocrx_word' id='word_1_510' title='bbox 2875 826 3006 895; x_wconf 82' lang='lat' dir='ltr'><strong>vidit</strong></span> <span class='ocrx_word' id='word_1_511' title='bbox 3030 842 3152 882; x_wconf 93' lang='lat' dir='ltr'><strong>cum</strong></span> <span class='ocrx_word' id='word_1_512' title='bbox 3179 827 3581 896; x_wconf 90' lang='lat' dir='ltr'><strong>tribularentur,</strong></span> <span class='ocrx_word' id='word_1_513' title='bbox 3609 842 3739 883; x_wconf 85' lang='lat' dir='ltr'><strong>cum</strong></span> 
     </span>
    </p>
   </div>
   <div class='ocr_carea' id='block_1_69' title="bbox 2164 915 3745 977">
    <p class='ocr_par' dir='ltr' id='par_1_69' title="bbox 2164 915 3745 977">
     <span class='ocr_line' id='line_1_69' title="bbox 2164 915 3745 977; baseline 0.004 -7"><span class='ocrx_word' id='word_1_514' title='bbox 2164 915 2374 973; x_wconf 85' lang='lat' dir='ltr'><strong>audiret</strong></span> <span class='ocrx_word' id='word_1_515' title='bbox 2396 918 2689 975; x_wconf 87' lang='lat' dir='ltr'><strong>orationem</strong></span> <span class='ocrx_word' id='word_1_516' title='bbox 2712 934 2919 976; x_wconf 88' lang='lat' dir='ltr'><strong>eorum.</strong></span> <span class='ocrx_word' id='word_1_517' title='bbox 2964 919 3035 975; x_wconf 87' lang='lat' dir='ltr'><strong>Et</strong></span> <span class='ocrx_word' id='word_1_518' title='bbox 3061 934 3270 976; x_wconf 89' lang='lat' dir='ltr'><strong>memor</strong></span> <span class='ocrx_word' id='word_1_519' title='bbox 3294 920 3390 975; x_wconf 85' lang='lat' dir='ltr'><strong>fuit</strong></span> <span class='ocrx_word' id='word_1_520' title='bbox 3428 922 3745 977; x_wconf 87' lang='lat' dir='ltr'><strong>testamenti</strong></span> 
     </span>
    </p>
   </div>
   <div class='ocr_carea' id='block_1_70' title="bbox 2166 1008 3745 1080">
    <p class='ocr_par' dir='ltr' id='par_1_70' title="bbox 2166 1008 3745 1080">
     <span class='ocr_line' id='line_1_70' title="bbox 2166 1008 3745 1080; baseline 0.003 -16"><span class='ocrx_word' id='word_1_521' title='bbox 2166 1008 2268 1073; x_wconf 88' lang='lat' dir='ltr'><strong>sui,</strong></span> <span class='ocrx_word' id='word_1_522' title='bbox 2294 1019 2350 1065; x_wconf 92' lang='lat' dir='ltr'><strong>et</strong></span> <span class='ocrx_word' id='word_1_523' title='bbox 2377 1011 2622 1080; x_wconf 73' lang='lat' dir='ltr'><strong>pmnituit</strong></span> <span class='ocrx_word' id='word_1_524' title='bbox 2648 1027 2771 1066; x_wconf 91' lang='lat' dir='ltr'><strong>eum</strong></span> <span class='ocrx_word' id='word_1_525' title='bbox 2794 1010 3085 1068; x_wconf 89' lang='lat' dir='ltr'><strong>secundum</strong></span> <span class='ocrx_word' id='word_1_526' title='bbox 3126 1011 3522 1067; x_wconf 85' lang='lat' dir='ltr'><strong>multitudinem</strong></span> <span class='ocrx_word' id='word_1_527' title='bbox 3568 1012 3745 1068; x_wconf 79' lang='lat' dir='ltr'><strong>mise-</strong></span> 
     </span>
    </p>
   </div>
   <div class='ocr_carea' id='block_1_71' title="bbox 2166 1100 3747 1174">
    <p class='ocr_par' dir='ltr' id='par_1_71' title="bbox 2166 1100 3747 1174">
     <span class='ocr_line' id='line_1_71' title="bbox 2166 1100 3747 1174; baseline 0.003 -18"><span class='ocrx_word' id='word_1_528' title='bbox 2166 1100 2410 1157; x_wconf 64' lang='lat' dir='ltr'><strong>ricordiae</strong></span> <span class='ocrx_word' id='word_1_529' title='bbox 2455 1117 2589 1157; x_wconf 82' lang='lat' dir='ltr'><strong>suae.</strong></span> <span class='ocrx_word' id='word_1_530' title='bbox 2625 1122 2645 1157; x_wconf 73' lang='grc' dir='ltr'><strong><em>ι</em></strong></span> <span class='ocrx_word' id='word_1_531' title='bbox 2688 1102 2932 1158; x_wconf 69' lang='lat' dir='ltr'><strong>Paenituit</strong></span> <span class='ocrx_word' id='word_1_532' title='bbox 2968 1103 3167 1159; x_wconf 88' lang='lat' dir='ltr'><strong>dictum</strong></span> <span class='ocrx_word' id='word_1_533' title='bbox 3199 1111 3302 1169; x_wconf 88' lang='lat' dir='ltr'><strong>est,</strong></span> <span class='ocrx_word' id='word_1_534' title='bbox 3349 1103 3471 1174; x_wconf 90' lang='lat' dir='ltr'><strong>quia</strong></span> <span class='ocrx_word' id='word_1_535' title='bbox 3514 1110 3747 1160; x_wconf 82' lang='lat' dir='ltr'><strong>mutavit</strong></span> 
     </span>
    </p>
   </div>
   <div class='ocr_carea' id='block_1_72' title="bbox 2142 1195 3744 1268">
    <p class='ocr_par' dir='ltr' id='par_1_72' title="bbox 2142 1195 3744 1268">
     <span class='ocr_line' id='line_1_72' title="bbox 2142 1195 3744 1268; baseline 0.002 -19"><span class='ocrx_word' id='word_1_536' title='bbox 2142 1195 2305 1265; x_wconf 58' lang='lat' dir='ltr'><strong>&#39;quod</strong></span> <span class='ocrx_word' id='word_1_537' title='bbox 2329 1209 2426 1251; x_wconf 90' lang='lat' dir='ltr'><strong>eos</strong></span> <span class='ocrx_word' id='word_1_538' title='bbox 2440 1195 2743 1265; x_wconf 89' lang='lat' dir='ltr'><strong>perditurus</strong></span> <span class='ocrx_word' id='word_1_539' title='bbox 2762 1197 3059 1252; x_wconf 87' lang='lat' dir='ltr'><strong>videbatur.</strong></span> <span class='ocrx_word' id='word_1_540' title='bbox 3082 1195 3152 1251; x_wconf 84' lang='lat' dir='ltr'><strong>Et</strong></span> <span class='ocrx_word' id='word_1_541' title='bbox 3174 1196 3312 1267; x_wconf 88' lang='lat' dir='ltr'><strong>apud</strong></span> <span class='ocrx_word' id='word_1_542' title='bbox 3333 1196 3496 1252; x_wconf 88' lang='lat' dir='ltr'><strong>Deum</strong></span> <span class='ocrx_word' id='word_1_543' title='bbox 3518 1197 3744 1268; x_wconf 86' lang='lat' dir='ltr'><strong>quidem</strong></span> 
     </span>
    </p>
   </div>
   <div class='ocr_carea' id='block_1_73' title="bbox 2165 1287 3743 1361">
    <p class='ocr_par' dir='ltr' id='par_1_73' title="bbox 2165 1287 3743 1361">
     <span class='ocr_line' id='line_1_73' title="bbox 2165 1287 3743 1361; baseline 0.002 -19"><span class='ocrx_word' id='word_1_544' title='bbox 2165 1287 2422 1358; x_wconf 87' lang='lat' dir='ltr'><strong>disposita</strong></span> <span class='ocrx_word' id='word_1_545' title='bbox 2447 1296 2502 1343; x_wconf 94' lang='lat' dir='ltr'><strong>et</strong></span> <span class='ocrx_word' id='word_1_546' title='bbox 2543 1288 2647 1343; x_wconf 81' lang='lat' dir='ltr'><strong>lixa</strong></span> <span class='ocrx_word' id='word_1_547' title='bbox 2676 1297 2802 1345; x_wconf 90' lang='lat' dir='ltr'><strong>sunt</strong></span> <span class='ocrx_word' id='word_1_548' title='bbox 2837 1290 3049 1355; x_wconf 80' lang='lat' dir='ltr'><strong>omnia;</strong></span> <span class='ocrx_word' id='word_1_549' title='bbox 3097 1304 3198 1345; x_wconf 89' lang='lat' dir='ltr'><strong>nec</strong></span> <span class='ocrx_word' id='word_1_550' title='bbox 3236 1288 3377 1344; x_wconf 91' lang='lat' dir='ltr'><strong>aliud</strong></span> <span class='ocrx_word' id='word_1_551' title='bbox 3416 1289 3544 1346; x_wconf 88' lang='lat' dir='ltr'><strong>facit</strong></span> <span class='ocrx_word' id='word_1_552' title='bbox 3581 1291 3743 1361; x_wconf 80' lang='lat' dir='ltr'><strong>quasi</strong></span> 
     </span>
    </p>
   </div>
   <div class='ocr_carea' id='block_1_74' title="bbox 2166 1379 3741 1460">
    <p class='ocr_par' dir='ltr' id='par_1_74' title="bbox 2166 1379 3741 1460">
     <span class='ocr_line' id='line_1_74' title="bbox 2166 1379 3741 1460; baseline 0.001 -25"><span class='ocrx_word' id='word_1_553' title='bbox 2166 1379 2392 1435; x_wconf 80' lang='lat' dir='ltr'><strong>consilio</strong></span> <span class='ocrx_word' id='word_1_554' title='bbox 2419 1381 2724 1450; x_wconf 88' lang='lat' dir='ltr'><strong>repentino,</strong></span> <span class='ocrx_word' id='word_1_555' title='bbox 2750 1381 2901 1460; x_wconf 86' lang='lat' dir='ltr'><strong>quod</strong></span> <span class='ocrx_word' id='word_1_556' title='bbox 2929 1396 3036 1437; x_wconf 91' lang='lat' dir='ltr'><strong>non</strong></span> <span class='ocrx_word' id='word_1_557' title='bbox 3063 1395 3131 1437; x_wconf 79' lang='lat' dir='ltr'><strong>ex</strong></span> <span class='ocrx_word' id='word_1_558' title='bbox 3159 1382 3453 1439; x_wconf 80' lang='lat' dir='ltr'><strong>:eternitate</strong></span> <span class='ocrx_word' id='word_1_559' title='bbox 3476 1396 3536 1437; x_wconf 88' lang='lat' dir='ltr'><strong>se</strong></span> <span class='ocrx_word' id='word_1_560' title='bbox 3564 1381 3741 1437; x_wconf 87' lang='lat' dir='ltr'><strong>factu-</strong></span> 
     </span>
    </p>
   </div>
   <div class='ocr_carea' id='block_1_75' title="bbox 2167 1474 3745 1547">
    <p class='ocr_par' dir='ltr' id='par_1_75' title="bbox 2167 1474 3745 1547">
     <span class='ocr_line' id='line_1_75' title="bbox 2167 1474 3745 1547; baseline 0.001 -18"><span class='ocrx_word' id='word_1_561' title='bbox 2167 1488 2285 1529; x_wconf 89' lang='lat' dir='ltr'><strong>rum</strong></span> <span class='ocrx_word' id='word_1_562' title='bbox 2327 1488 2448 1530; x_wconf 89' lang='lat' dir='ltr'><strong>esse</strong></span> <span class='ocrx_word' id='word_1_563' title='bbox 2488 1474 2757 1544; x_wconf 74' lang='lat' dir='ltr'><strong>pmscivit</strong></span> <span class='ocrx_word' id='word_1_564' title='bbox 2786 1492 2800 1530; x_wconf 87' lang='lat'><strong>:</strong></span> <span class='ocrx_word' id='word_1_565' title='bbox 2829 1475 2924 1531; x_wconf 86' lang='lat' dir='ltr'><strong>sed</strong></span> <span class='ocrx_word' id='word_1_566' title='bbox 2973 1476 3025 1530; x_wconf 89' lang='lat' dir='ltr'><strong>in</strong></span> <span class='ocrx_word' id='word_1_567' title='bbox 3055 1486 3314 1531; x_wconf 68' lang='lat' dir='ltr'><strong>creatura:</strong></span> <span class='ocrx_word' id='word_1_568' title='bbox 3350 1475 3745 1547; x_wconf 87' lang='lat' dir='ltr'><strong>temporalibus</strong></span> 
     </span>
    </p>
   </div>
   <div class='ocr_carea' id='block_1_76' title="bbox 2167 1564 3746 1639">
    <p class='ocr_par' dir='ltr' id='par_1_76' title="bbox 2167 1564 3746 1639">
     <span class='ocr_line' id='line_1_76' title="bbox 2167 1564 3746 1639; baseline 0.003 -20"><span class='ocrx_word' id='word_1_569' title='bbox 2167 1564 2420 1633; x_wconf 91' lang='lat' dir='ltr'><strong>motibus,</strong></span> <span class='ocrx_word' id='word_1_570' title='bbox 2452 1580 2612 1636; x_wconf 87' lang='lat' dir='ltr'><strong>quam</strong></span> <span class='ocrx_word' id='word_1_571' title='bbox 2639 1566 2900 1637; x_wconf 73' lang='lat' dir='ltr'><strong>gubernat</strong></span> <span class='ocrx_word' id='word_1_572' title='bbox 2935 1568 3271 1633; x_wconf 84' lang='lat' dir='ltr'><strong>mirabiliter,</strong></span> <span class='ocrx_word' id='word_1_573' title='bbox 3314 1568 3428 1639; x_wconf 87' lang='lat' dir='ltr'><strong>ipse</strong></span> <span class='ocrx_word' id='word_1_574' title='bbox 3452 1584 3563 1625; x_wconf 87' lang='lat' dir='ltr'><strong>non</strong></span> <span class='ocrx_word' id='word_1_575' title='bbox 3601 1576 3746 1624; x_wconf 83' lang='lat' dir='ltr'><strong>tem-</strong></span> 
     </span>
    </p>
   </div>
   <div class='ocr_carea' id='block_1_77' title="bbox 2171 1655 3787 1733">
    <p class='ocr_par' dir='ltr' id='par_1_77' title="bbox 2171 1655 3787 1733">
     <span class='ocr_line' id='line_1_77' title="bbox 2171 1655 3787 1733; baseline 0.004 -24"><span class='ocrx_word' id='word_1_576' title='bbox 2171 1655 2421 1724; x_wconf 88' lang='lat' dir='ltr'><strong>poraliter</strong></span> <span class='ocrx_word' id='word_1_577' title='bbox 2468 1664 2675 1721; x_wconf 85' lang='lat' dir='ltr'><strong>motus,</strong></span> <span class='ocrx_word' id='word_1_578' title='bbox 2714 1657 2865 1727; x_wconf 89' lang='lat' dir='ltr'><strong>quasi</strong></span> <span class='ocrx_word' id='word_1_579' title='bbox 2921 1658 3196 1727; x_wconf 86' lang='lat' dir='ltr'><strong>repentina</strong></span> <span class='ocrx_word' id='word_1_580' title='bbox 3240 1658 3511 1714; x_wconf 82' lang='lat' dir='ltr'><strong>voluntate</strong></span> <span class='ocrx_word' id='word_1_581' title='bbox 3566 1658 3787 1733; x_wconf 32' lang='lat' dir='ltr'><strong>facere,</strong></span> 
     </span>
    </p>
   </div>
   <div class='ocr_carea' id='block_1_78' title="bbox 2168 1745 3744 1816">
    <p class='ocr_par' dir='ltr' id='par_1_78' title="bbox 2168 1745 3744 1816">
     <span class='ocr_line' id='line_1_78' title="bbox 2168 1745 3744 1816; baseline 0.003 -15"><span class='ocrx_word' id='word_1_582' title='bbox 2168 1745 2360 1802; x_wconf 89' lang='lat' dir='ltr'><strong>dicitur</strong></span> <span class='ocrx_word' id='word_1_583' title='bbox 2387 1747 2526 1816; x_wconf 87' lang='lat' dir='ltr'><strong>quod</strong></span> <span class='ocrx_word' id='word_1_584' title='bbox 2548 1748 2806 1804; x_wconf 88' lang='lat' dir='ltr'><strong>ordinatis</strong></span> <span class='ocrx_word' id='word_1_585' title='bbox 2850 1764 3027 1803; x_wconf 90' lang='lat' dir='ltr'><strong>rerum</strong></span> <span class='ocrx_word' id='word_1_586' title='bbox 3066 1749 3240 1804; x_wconf 88' lang='lat' dir='ltr'><strong>causis</strong></span> <span class='ocrx_word' id='word_1_587' title='bbox 3268 1749 3475 1805; x_wconf 88' lang='lat' dir='ltr'><strong>consilii</strong></span> <span class='ocrx_word' id='word_1_588' title='bbox 3523 1750 3607 1805; x_wconf 89' lang='lat' dir='ltr'><strong>sui</strong></span> <span class='ocrx_word' id='word_1_589' title='bbox 3655 1764 3744 1806; x_wconf 84' lang='lat' dir='ltr'><strong>se-</strong></span> 
     </span>
    </p>
   </div>
   <div class='ocr_carea' id='block_1_79' title="bbox 2169 1837 3744 1917">
    <p class='ocr_par' dir='ltr' id='par_1_79' title="bbox 2169 1837 3744 1917">
     <span class='ocr_line' id='line_1_79' title="bbox 2169 1837 3744 1917; baseline 0.002 -25"><span class='ocrx_word' id='word_1_590' title='bbox 2169 1837 2911 1917; x_wconf 69' lang='lat' dir='ltr'><strong>cretissimLimmuutbilitate</strong></span> <span class='ocrx_word' id='word_1_591' title='bbox 2930 1838 3212 1907; x_wconf 87' lang='lat' dir='ltr'><strong>disposuit,</strong></span> <span class='ocrx_word' id='word_1_592' title='bbox 3242 1853 3350 1908; x_wconf 84' lang='lat' dir='ltr'><strong>qua</strong></span> <span class='ocrx_word' id='word_1_593' title='bbox 3382 1839 3493 1895; x_wconf 86' lang='lat' dir='ltr'><strong>suis</strong></span> <span class='ocrx_word' id='word_1_594' title='bbox 3516 1855 3744 1911; x_wconf 65' lang='lat' dir='ltr'><strong>qumque</strong></span> 
     </span>
    </p>
   </div>
   <div class='ocr_carea' id='block_1_80' title="bbox 2171 1929 3743 2001">
    <p class='ocr_par' dir='ltr' id='par_1_80' title="bbox 2171 1929 3743 2001">
     <span class='ocr_line' id='line_1_80' title="bbox 2171 1929 3743 2001; baseline 0 -16"><span class='ocrx_word' id='word_1_595' title='bbox 2171 1930 2497 1999; x_wconf 89' lang='lat' dir='ltr'><strong>temporibus</strong></span> <span class='ocrx_word' id='word_1_596' title='bbox 2516 1930 2711 2001; x_wconf 76' lang='lat' dir='ltr'><strong>agnita,</strong></span> <span class='ocrx_word' id='word_1_597' title='bbox 2732 1939 2785 1985; x_wconf 88' lang='lat' dir='ltr'><strong>et</strong></span> <span class='ocrx_word' id='word_1_598' title='bbox 2811 1930 3086 1999; x_wconf 72' lang='lat' dir='ltr'><strong>prazsentia</strong></span> <span class='ocrx_word' id='word_1_599' title='bbox 3122 1929 3249 1985; x_wconf 83' lang='lat' dir='ltr'><strong>facit</strong></span> <span class='ocrx_word' id='word_1_600' title='bbox 3277 1930 3318 1996; x_wconf 74' lang='grc' dir='ltr'><strong>ί,</strong></span> <span class='ocrx_word' id='word_1_601' title='bbox 3345 1939 3402 1986; x_wconf 90' lang='lat' dir='ltr'><strong>et</strong></span> <span class='ocrx_word' id='word_1_602' title='bbox 3431 1929 3607 1985; x_wconf 86' lang='lat' dir='ltr'><strong>futura</strong></span> <span class='ocrx_word' id='word_1_603' title='bbox 3627 1931 3743 2000; x_wconf 71' lang='lat' dir='ltr'><strong>jam</strong></span> 
     </span>
    </p>
   </div>
   <div class='ocr_carea' id='block_1_81' title="bbox 2140 2019 3741 2103">
    <p class='ocr_par' dir='ltr' id='par_1_81' title="bbox 2140 2019 3741 2103">
     <span class='ocr_line' id='line_1_81' title="bbox 2140 2019 3741 2103; baseline 0.001 -28"><span class='ocrx_word' id='word_1_604' title='bbox 2140 2064 2141 2067; x_wconf 56' lang='grc' dir='ltr'><strong>η</strong></span> <span class='ocrx_word' id='word_1_605' title='bbox 2170 2019 2315 2075; x_wconf 87' lang='lat' dir='ltr'><strong>fecit.</strong></span> <span class='ocrx_word' id='word_1_606' title='bbox 2346 2019 2417 2075; x_wconf 90' lang='lat' dir='ltr'><strong>Et</strong></span> <span class='ocrx_word' id='word_1_607' title='bbox 2438 2019 2503 2076; x_wconf 92' lang='lat' dir='ltr'><strong>ad</strong></span> <span class='ocrx_word' id='word_1_608' title='bbox 2525 2020 2640 2076; x_wconf 69' lang='lat' dir='ltr'><strong>haec</strong></span> <span class='ocrx_word' id='word_1_609' title='bbox 2663 2021 2780 2091; x_wconf 90' lang='lat' dir='ltr'><strong>quis</strong></span> <span class='ocrx_word' id='word_1_610' title='bbox 2803 2020 3048 2076; x_wconf 83' lang='lat' dir='ltr'><strong>idoneus?</strong></span> <span class='ocrx_word' id='word_1_611' title='bbox 3078 2019 3369 2103; x_wconf 78' lang='lat' dir='ltr'><strong>Audiamus</strong></span> <span class='ocrx_word' id='word_1_612' title='bbox 3394 2021 3569 2092; x_wconf 87' lang='lat' dir='ltr'><strong>itaque</strong></span> <span class='ocrx_word' id='word_1_613' title='bbox 3593 2020 3741 2077; x_wconf 51' lang='lat' dir='ltr'><strong>Scri.</strong></span> 
     </span>
    </p>
   </div>
   <div class='ocr_carea' id='block_1_82' title="bbox 2171 2111 3745 2183">
    <p class='ocr_par' dir='ltr' id='par_1_82' title="bbox 2171 2111 3745 2183">
     <span class='ocr_line' id='line_1_82' title="bbox 2171 2111 3745 2183; baseline 0.001 -17"><span class='ocrx_word' id='word_1_614' title='bbox 2171 2119 2403 2182; x_wconf 73' lang='lat' dir='ltr'><strong>pturam,</strong></span> <span class='ocrx_word' id='word_1_615' title='bbox 2432 2111 2704 2169; x_wconf 88' lang='lat' dir='ltr'><strong>humiliter</strong></span> <span class='ocrx_word' id='word_1_616' title='bbox 2724 2112 2932 2169; x_wconf 75' lang='lat' dir='ltr'><strong>excelsa</strong></span> <span class='ocrx_word' id='word_1_617' title='bbox 2960 2112 3248 2176; x_wconf 89' lang='lat' dir='ltr'><strong>dicentem,</strong></span> <span class='ocrx_word' id='word_1_618' title='bbox 3278 2128 3402 2168; x_wconf 91' lang='lat' dir='ltr'><strong>cum</strong></span> <span class='ocrx_word' id='word_1_619' title='bbox 3428 2121 3484 2169; x_wconf 89' lang='lat' dir='ltr'><strong>et</strong></span> <span class='ocrx_word' id='word_1_620' title='bbox 3509 2113 3745 2183; x_wconf 81' lang='lat' dir='ltr'><strong>parvulis</strong></span> 
     </span>
    </p>
   </div>
   <div class='ocr_carea' id='block_1_83' title="bbox 2171 2203 3748 2276">
    <p class='ocr_par' dir='ltr' id='par_1_83' title="bbox 2171 2203 3748 2276">
     <span class='ocr_line' id='line_1_83' title="bbox 2171 2203 3748 2276; baseline 0.001 -17"><span class='ocrx_word' id='word_1_621' title='bbox 2171 2203 2469 2260; x_wconf 86' lang='lat' dir='ltr'><strong>nutriendis</strong></span> <span class='ocrx_word' id='word_1_622' title='bbox 2488 2204 2741 2261; x_wconf 89' lang='lat' dir='ltr'><strong>sumenda</strong></span> <span class='ocrx_word' id='word_1_623' title='bbox 2769 2205 3010 2276; x_wconf 79' lang='lat' dir='ltr'><strong>porrigit,</strong></span> <span class='ocrx_word' id='word_1_624' title='bbox 3034 2215 3089 2261; x_wconf 93' lang='lat' dir='ltr'><strong>et</strong></span> <span class='ocrx_word' id='word_1_625' title='bbox 3107 2205 3396 2275; x_wconf 88' lang='lat' dir='ltr'><strong>majoribus</strong></span> <span class='ocrx_word' id='word_1_626' title='bbox 3421 2205 3748 2262; x_wconf 82' lang='lat' dir='ltr'><strong>exercendis</strong></span> 
     </span>
    </p>
   </div>
   <div class='ocr_carea' id='block_1_84' title="bbox 2172 2282 3752 2368">
    <p class='ocr_par' dir='ltr' id='par_1_84' title="bbox 2172 2282 3752 2368">
     <span class='ocr_line' id='line_1_84' title="bbox 2172 2282 3752 2368; baseline 0 -19"><span class='ocrx_word' id='word_1_627' title='bbox 2172 2295 2553 2364; x_wconf 89' lang='lat' dir='ltr'><strong>perscrutanda</strong></span> <span class='ocrx_word' id='word_1_628' title='bbox 2571 2296 2838 2368; x_wconf 86' lang='lat' dir='ltr'><strong>proponit.</strong></span> <span class='ocrx_word' id='word_1_629' title='bbox 2869 2295 2939 2350; x_wconf 89' lang='lat' dir='ltr'><strong>Et</strong></span> <span class='ocrx_word' id='word_1_630' title='bbox 2954 2282 3084 2352; x_wconf 42' lang='lat' dir='ltr'><strong>&#39;vidit</strong></span> <span class='ocrx_word' id='word_1_631' title='bbox 3097 2313 3212 2351; x_wconf 85' lang='lat' dir='ltr'><strong>cum</strong></span> <span class='ocrx_word' id='word_1_632' title='bbox 3236 2297 3614 2364; x_wconf 83' lang='lat' dir='ltr'><strong>tribularentur,</strong></span> <span class='ocrx_word' id='word_1_633' title='bbox 3628 2314 3752 2351; x_wconf 79' lang='lat' dir='ltr'><strong>cum</strong></span> 
     </span>
    </p>
   </div>
   <div class='ocr_carea' id='block_1_85' title="bbox 2170 2387 3750 2460">
    <p class='ocr_par' dir='ltr' id='par_1_85' title="bbox 2170 2387 3750 2460">
     <span class='ocr_line' id='line_1_85' title="bbox 2170 2387 3750 2460; baseline 0.002 -19"><span class='ocrx_word' id='word_1_634' title='bbox 2170 2387 2369 2442; x_wconf 81' lang='lat' dir='ltr'><strong>audiret</strong></span> <span class='ocrx_word' id='word_1_635' title='bbox 2389 2389 2664 2443; x_wconf 82' lang='lat' dir='ltr'><strong>orationem</strong></span> <span class='ocrx_word' id='word_1_636' title='bbox 2687 2405 2859 2444; x_wconf 88' lang='lat' dir='ltr'><strong>eorum</strong></span> <span class='ocrx_word' id='word_1_637' title='bbox 2878 2407 2898 2455; x_wconf 88' lang='lat'><strong><em>;</em></strong></span> <span class='ocrx_word' id='word_1_638' title='bbox 2920 2399 2965 2444; x_wconf 89' lang='lat' dir='ltr'><strong>et</strong></span> <span class='ocrx_word' id='word_1_639' title='bbox 2992 2406 3183 2444; x_wconf 84' lang='lat' dir='ltr'><strong>memor</strong></span> <span class='ocrx_word' id='word_1_640' title='bbox 3201 2390 3296 2460; x_wconf 78' lang='lat' dir='ltr'><strong>fuit</strong></span> <span class='ocrx_word' id='word_1_641' title='bbox 3320 2390 3597 2445; x_wconf 81' lang='lat' dir='ltr'><strong>testamenti</strong></span> <span class='ocrx_word' id='word_1_642' title='bbox 3626 2392 3750 2444; x_wconf 83' lang='lat' dir='ltr'><strong>sui:</strong></span> 
     </span>
    </p>
   </div>
   <div class='ocr_carea' id='block_1_86' title="bbox 2173 2478 3751 2552">
    <p class='ocr_par' dir='ltr' id='par_1_86' title="bbox 2173 2478 3751 2552">
     <span class='ocr_line' id='line_1_86' title="bbox 2173 2478 3751 2552; baseline 0.001 -18"><span class='ocrx_word' id='word_1_643' title='bbox 2173 2478 2357 2549; x_wconf 86' lang='lat' dir='ltr'><strong>utique</strong></span> <span class='ocrx_word' id='word_1_644' title='bbox 2383 2479 2683 2535; x_wconf 78' lang='lat' dir='ltr'><strong>testamenti</strong></span> <span class='ocrx_word' id='word_1_645' title='bbox 2706 2479 2889 2535; x_wconf 74' lang='lat' dir='ltr'><strong>mterni</strong></span> <span class='ocrx_word' id='word_1_646' title='bbox 2917 2480 3052 2551; x_wconf 78' lang='lat' dir='ltr'><strong>quod</strong></span> <span class='ocrx_word' id='word_1_647' title='bbox 3078 2480 3325 2552; x_wconf 85' lang='lat' dir='ltr'><strong>disposuit</strong></span> <span class='ocrx_word' id='word_1_648' title='bbox 3369 2480 3438 2534; x_wconf 90' lang='lat' dir='ltr'><strong>ad</strong></span> <span class='ocrx_word' id='word_1_649' title='bbox 3467 2480 3751 2543; x_wconf 73' lang='lat' dir='ltr'><strong>Abraham.</strong></span> 
     </span>
    </p>
   </div>
   <div class='ocr_carea' id='block_1_87' title="bbox 2172 2570 3752 2642">
    <p class='ocr_par' dir='ltr' id='par_1_87' title="bbox 2172 2570 3752 2642">
     <span class='ocr_line' id='line_1_87' title="bbox 2172 2570 3752 2642; baseline 0.003 -18"><span class='ocrx_word' id='word_1_650' title='bbox 2172 2584 2278 2625; x_wconf 91' lang='lat' dir='ltr'><strong>non</strong></span> <span class='ocrx_word' id='word_1_651' title='bbox 2300 2570 2495 2626; x_wconf 89' lang='lat' dir='ltr'><strong>veteris</strong></span> <span class='ocrx_word' id='word_1_652' title='bbox 2523 2570 2663 2641; x_wconf 91' lang='lat' dir='ltr'><strong>quod</strong></span> <span class='ocrx_word' id='word_1_653' title='bbox 2701 2570 2961 2637; x_wconf 88' lang='lat' dir='ltr'><strong>aboletur,</strong></span> <span class='ocrx_word' id='word_1_654' title='bbox 3013 2570 3109 2627; x_wconf 89' lang='lat' dir='ltr'><strong>sed</strong></span> <span class='ocrx_word' id='word_1_655' title='bbox 3152 2571 3274 2626; x_wconf 86' lang='lat' dir='ltr'><strong>novi</strong></span> <span class='ocrx_word' id='word_1_656' title='bbox 3304 2570 3444 2642; x_wconf 89' lang='lat' dir='ltr'><strong>quod</strong></span> <span class='ocrx_word' id='word_1_657' title='bbox 3481 2572 3644 2627; x_wconf 88' lang='lat' dir='ltr'><strong>etiam</strong></span> <span class='ocrx_word' id='word_1_658' title='bbox 3695 2572 3752 2628; x_wconf 90' lang='lat' dir='ltr'><strong>in</strong></span> 
     </span>
    </p>
   </div>
   <div class='ocr_carea' id='block_1_88' title="bbox 2171 2659 3752 2745">
    <p class='ocr_par' dir='ltr' id='par_1_88' title="bbox 2171 2659 3752 2745">
     <span class='ocr_line' id='line_1_88' title="bbox 2171 2659 3752 2745; baseline 0.001 -29"><span class='ocrx_word' id='word_1_659' title='bbox 2171 2668 2354 2739; x_wconf 77' lang='lat' dir='ltr'><strong>vetere</strong></span> <span class='ocrx_word' id='word_1_660' title='bbox 2381 2660 2743 2717; x_wconf 86' lang='lat' dir='ltr'><strong>absconditur.</strong></span> <span class='ocrx_word' id='word_1_661' title='bbox 2773 2659 2842 2745; x_wconf 65' lang='lat' dir='ltr'><strong>Et</strong></span> <span class='ocrx_word' id='word_1_662' title='bbox 2862 2662 3092 2733; x_wconf 71' lang='lat' dir='ltr'><strong>paenituit</strong></span> <span class='ocrx_word' id='word_1_663' title='bbox 3119 2678 3237 2716; x_wconf 85' lang='lat' dir='ltr'><strong>eum</strong></span> <span class='ocrx_word' id='word_1_664' title='bbox 3262 2662 3534 2717; x_wconf 83' lang='lat' dir='ltr'><strong>secundum</strong></span> <span class='ocrx_word' id='word_1_665' title='bbox 3573 2664 3752 2717; x_wconf 81' lang='lat' dir='ltr'><strong>mutti-</strong></span> 
     </span>
    </p>
   </div>
   <div class='ocr_carea' id='block_1_89' title="bbox 2172 2752 3749 2824">
    <p class='ocr_par' dir='ltr' id='par_1_89' title="bbox 2172 2752 3749 2824">
     <span class='ocr_line' id='line_1_89' title="bbox 2172 2752 3749 2824; baseline 0.001 -17"><span class='ocrx_word' id='word_1_666' title='bbox 2172 2753 2398 2808; x_wconf 79' lang='lat' dir='ltr'><strong>tudinem</strong></span> <span class='ocrx_word' id='word_1_667' title='bbox 2416 2753 2770 2809; x_wconf 71' lang='lat' dir='ltr'><strong>misericordia:</strong></span> <span class='ocrx_word' id='word_1_668' title='bbox 2792 2769 2919 2809; x_wconf 67' lang='lat' dir='ltr'><strong>suae.</strong></span> <span class='ocrx_word' id='word_1_669' title='bbox 2943 2753 3054 2809; x_wconf 82' lang='lat' dir='ltr'><strong>Hoc</strong></span> <span class='ocrx_word' id='word_1_670' title='bbox 3073 2752 3200 2809; x_wconf 85' lang='lat' dir='ltr'><strong>fecit</strong></span> <span class='ocrx_word' id='word_1_671' title='bbox 3225 2752 3369 2824; x_wconf 87' lang='lat' dir='ltr'><strong>quod</strong></span> <span class='ocrx_word' id='word_1_672' title='bbox 3384 2752 3749 2824; x_wconf 86' lang='lat' dir='ltr'><strong>disposuerat,</strong></span> 
     </span>
    </p>
   </div>
   <div class='ocr_carea' id='block_1_90' title="bbox 2172 2832 3751 2901">
    <p class='ocr_par' dir='ltr' id='par_1_90' title="bbox 2172 2832 3751 2901">
     <span class='ocr_line' id='line_1_90' title="bbox 2172 2832 3751 2901; baseline 0.001 -1"><span class='ocrx_word' id='word_1_673' title='bbox 2172 2843 2268 2900; x_wconf 87' lang='lat' dir='ltr'><strong>sed</strong></span> <span class='ocrx_word' id='word_1_674' title='bbox 2294 2832 2658 2900; x_wconf 86' lang='lat' dir='ltr'><strong>contribulatis</strong></span> <span class='ocrx_word' id='word_1_675' title='bbox 2682 2853 2737 2900; x_wconf 89' lang='lat' dir='ltr'><strong>et</strong></span> <span class='ocrx_word' id='word_1_676' title='bbox 2759 2844 3034 2900; x_wconf 86' lang='lat' dir='ltr'><strong>orantibus</strong></span> <span class='ocrx_word' id='word_1_677' title='bbox 3058 2859 3117 2901; x_wconf 89' lang='lat' dir='ltr'><strong>se</strong></span> <span class='ocrx_word' id='word_1_678' title='bbox 3146 2844 3200 2899; x_wconf 91' lang='lat' dir='ltr'><strong>id</strong></span> <span class='ocrx_word' id='word_1_679' title='bbox 3220 2859 3595 2901; x_wconf 88' lang='lat' dir='ltr'><strong>concessurum</strong></span> <span class='ocrx_word' id='word_1_680' title='bbox 3620 2861 3751 2901; x_wconf 86' lang='lat' dir='ltr'><strong>esse</strong></span> 
     </span>
    </p>
   </div>
   <div class='ocr_carea' id='block_1_91' title="bbox 2174 2937 3751 3009">
    <p class='ocr_par' dir='ltr' id='par_1_91' title="bbox 2174 2937 3751 3009">
     <span class='ocr_line' id='line_1_91' title="bbox 2174 2937 3751 3009; baseline 0 -14"><span class='ocrx_word' id='word_1_681' title='bbox 2174 2939 2548 3009; x_wconf 60' lang='lat' dir='ltr'><strong>praesciverat;</strong></span> <span class='ocrx_word' id='word_1_682' title='bbox 2586 2937 2709 3008; x_wconf 90' lang='lat' dir='ltr'><strong>quia</strong></span> <span class='ocrx_word' id='word_1_683' title='bbox 2735 2947 2790 2992; x_wconf 90' lang='lat' dir='ltr'><strong>et</strong></span> <span class='ocrx_word' id='word_1_684' title='bbox 2813 2938 2925 3007; x_wconf 88' lang='lat' dir='ltr'><strong>ipsa</strong></span> <span class='ocrx_word' id='word_1_685' title='bbox 2953 2938 3126 2994; x_wconf 84' lang='lat' dir='ltr'><strong>oratio</strong></span> <span class='ocrx_word' id='word_1_686' title='bbox 3151 2952 3360 3004; x_wconf 89' lang='lat' dir='ltr'><strong>eorum,</strong></span> <span class='ocrx_word' id='word_1_687' title='bbox 3413 2953 3533 2994; x_wconf 91' lang='lat' dir='ltr'><strong>cum</strong></span> <span class='ocrx_word' id='word_1_688' title='bbox 3568 2938 3751 2995; x_wconf 83' lang='lat' dir='ltr'><strong>adhuc</strong></span> 
     </span>
    </p>
   </div>
   <div class='ocr_carea' id='block_1_92' title="bbox 2174 3026 3750 3100">
    <p class='ocr_par' dir='ltr' id='par_1_92' title="bbox 2174 3026 3750 3100">
     <span class='ocr_line' id='line_1_92' title="bbox 2174 3026 3750 3100; baseline 0 -16"><span class='ocrx_word' id='word_1_689' title='bbox 2174 3044 2283 3084; x_wconf 92' lang='lat' dir='ltr'><strong>non</strong></span> <span class='ocrx_word' id='word_1_690' title='bbox 2310 3026 2473 3096; x_wconf 78' lang='lat' dir='ltr'><strong>esset,</strong></span> <span class='ocrx_word' id='word_1_691' title='bbox 2502 3026 2599 3084; x_wconf 90' lang='lat' dir='ltr'><strong>sed</strong></span> <span class='ocrx_word' id='word_1_692' title='bbox 2626 3027 2801 3084; x_wconf 83' lang='lat' dir='ltr'><strong>futura</strong></span> <span class='ocrx_word' id='word_1_693' title='bbox 2825 3037 2989 3096; x_wconf 85' lang='lat' dir='ltr'><strong>esset,</strong></span> <span class='ocrx_word' id='word_1_694' title='bbox 3038 3028 3205 3084; x_wconf 91' lang='lat' dir='ltr'><strong>Deum</strong></span> <span class='ocrx_word' id='word_1_695' title='bbox 3246 3027 3615 3100; x_wconf 88' lang='lat' dir='ltr'><strong>proculdubio</strong></span> <span class='ocrx_word' id='word_1_696' title='bbox 3633 3044 3750 3085; x_wconf 87' lang='lat' dir='ltr'><strong>non</strong></span> 
     </span>
    </p>
   </div>
   <div class='ocr_carea' id='block_1_93' title="bbox 2174 3121 2732 3199">
    <p class='ocr_par' dir='ltr' id='par_1_93' title="bbox 2174 3121 2732 3199">
     <span class='ocr_line' id='line_1_93' title="bbox 2174 3121 2732 3199; baseline -0.007 -22"><span class='ocrx_word' id='word_1_697' title='bbox 2174 3121 2389 3177; x_wconf 84' lang='lat' dir='ltr'><strong>latebat.</strong></span> <span class='ocrx_word' id='word_1_698' title='bbox 2720 3194 2732 3199; x_wconf 40' lang='lat'><strong>-</strong></span> 
     </span>
    </p>
   </div>
   <div class='ocr_carea' id='block_1_94' title="bbox 2243 3210 3749 3287">
    <p class='ocr_par' dir='ltr' id='par_1_94' title="bbox 2243 3210 3749 3287">
     <span class='ocr_line' id='line_1_94' title="bbox 2243 3210 3749 3287; baseline 0.003 -19"><span class='ocrx_word' id='word_1_699' title='bbox 2243 3213 2334 3268; x_wconf 81' lang='grc'><strong>56.</strong></span> <span class='ocrx_word' id='word_1_700' title='bbox 2373 3210 2521 3286; x_wconf 68' lang='lat' dir='ltr'><strong>[item</strong></span> <span class='ocrx_word' id='word_1_701' title='bbox 2548 3211 2661 3287; x_wconf 66' lang='lat'><strong>46.]</strong></span> <span class='ocrx_word' id='word_1_702' title='bbox 2700 3212 2765 3268; x_wconf 84' lang='lat' dir='ltr'><strong>Et</strong></span> <span class='ocrx_word' id='word_1_703' title='bbox 2794 3213 2931 3267; x_wconf 79' lang='lat' dir='ltr'><strong>dedit</strong></span> <span class='ocrx_word' id='word_1_704' title='bbox 2957 3229 3040 3269; x_wconf 89' lang='lat' dir='ltr'><strong>eos</strong></span> <span class='ocrx_word' id='word_1_705' title='bbox 3066 3213 3120 3268; x_wconf 88' lang='lat' dir='ltr'><strong>in</strong></span> <span class='ocrx_word' id='word_1_706' title='bbox 3148 3215 3530 3270; x_wconf 84' lang='lat' dir='ltr'><strong>misericordias.</strong></span> <span class='ocrx_word' id='word_1_707' title='bbox 3556 3215 3627 3272; x_wconf 89' lang='lat' dir='ltr'><strong>Ut</strong></span> <span class='ocrx_word' id='word_1_708' title='bbox 3650 3231 3749 3272; x_wconf 88' lang='lat' dir='ltr'><strong>es-</strong></span> 
     </span>
    </p>
   </div>
   <div class='ocr_carea' id='block_1_95' title="bbox 2173 3303 3747 3377">
    <p class='ocr_par' dir='ltr' id='par_1_95' title="bbox 2173 3303 3747 3377">
     <span class='ocr_line' id='line_1_95' title="bbox 2173 3303 3747 3377; baseline 0.004 -21"><span class='ocrx_word' id='word_1_709' title='bbox 2173 3311 2292 3357; x_wconf 89' lang='lat' dir='ltr'><strong>sent</strong></span> <span class='ocrx_word' id='word_1_710' title='bbox 2316 3316 2421 3357; x_wconf 90' lang='lat' dir='ltr'><strong>non</strong></span> <span class='ocrx_word' id='word_1_711' title='bbox 2447 3317 2572 3358; x_wconf 87' lang='lat' dir='ltr'><strong>vasa</strong></span> <span class='ocrx_word' id='word_1_712' title='bbox 2599 3304 2690 3357; x_wconf 76' lang='lat' dir='ltr'><strong>ira:</strong></span> <span class='ocrx_word' id='word_1_713' title='bbox 2709 3344 2725 3370; x_wconf 92' lang='lat'><strong>,</strong></span> <span class='ocrx_word' id='word_1_714' title='bbox 2752 3303 2845 3359; x_wconf 91' lang='lat' dir='ltr'><strong>sed</strong></span> <span class='ocrx_word' id='word_1_715' title='bbox 2869 3318 2992 3358; x_wconf 91' lang='lat' dir='ltr'><strong>vasa</strong></span> <span class='ocrx_word' id='word_1_716' title='bbox 3022 3304 3395 3362; x_wconf 71' lang='lat' dir='ltr'><strong>misericordia:</strong></span> <span class='ocrx_word' id='word_1_717' title='bbox 3428 3311 3447 3377; x_wconf 91' lang='lat'><strong>(</strong></span> <span class='ocrx_word' id='word_1_718' title='bbox 3472 3305 3621 3363; x_wconf 84' lang='lat' dir='ltr'><strong>Rom.</strong></span> <span class='ocrx_word' id='word_1_719' title='bbox 3649 3323 3708 3364; x_wconf 66' lang='grc' dir='ltr'><strong>ιλ</strong></span> <span class='ocrx_word' id='word_1_720' title='bbox 3729 3351 3747 3375; x_wconf 88' lang='grc'>,</span> 
     </span>
    </p>
   </div>
   <div class='ocr_carea' id='block_1_96' title="bbox 2173 3394 3748 3467">
    <p class='ocr_par' dir='ltr' id='par_1_96' title="bbox 2173 3394 3748 3467">
     <span class='ocr_line' id='line_1_96' title="bbox 2173 3394 3748 3467; baseline 0.004 -17"><span class='ocrx_word' id='word_1_721' title='bbox 2173 3394 2262 3457; x_wconf 68' lang='lat'><strong>22,</strong></span> <span class='ocrx_word' id='word_1_722' title='bbox 2294 3394 2406 3467; x_wconf 74' lang='lat'><strong>23).</strong></span> <span class='ocrx_word' id='word_1_723' title='bbox 2439 3394 2564 3452; x_wconf 88' lang='lat' dir='ltr'><strong>ldeo</strong></span> <span class='ocrx_word' id='word_1_724' title='bbox 2590 3404 2766 3451; x_wconf 90' lang='lat' dir='ltr'><strong>autem</strong></span> <span class='ocrx_word' id='word_1_725' title='bbox 2793 3404 2920 3465; x_wconf 88' lang='lat' dir='ltr'><strong>puto</strong></span> <span class='ocrx_word' id='word_1_726' title='bbox 2948 3395 3219 3467; x_wconf 89' lang='lat' dir='ltr'><strong>pluraliter</strong></span> <span class='ocrx_word' id='word_1_727' title='bbox 3249 3399 3636 3456; x_wconf 87' lang='lat' dir='ltr'><strong>misericordias</strong></span> <span class='ocrx_word' id='word_1_728' title='bbox 3658 3400 3748 3456; x_wconf 82' lang='lat' dir='ltr'><strong>di-</strong></span> 
     </span>
    </p>
   </div>
   <div class='ocr_carea' id='block_1_97' title="bbox 2173 3486 3747 3562">
    <p class='ocr_par' dir='ltr' id='par_1_97' title="bbox 2173 3486 3747 3562">
     <span class='ocr_line' id='line_1_97' title="bbox 2173 3486 3747 3562; baseline 0.003 -20"><span class='ocrx_word' id='word_1_729' title='bbox 2173 3495 2286 3542; x_wconf 90' lang='lat' dir='ltr'><strong>ctas</strong></span> <span class='ocrx_word' id='word_1_730' title='bbox 2310 3528 2327 3554; x_wconf 92' lang='lat'><strong>,</strong></span> <span class='ocrx_word' id='word_1_731' title='bbox 2372 3486 2423 3540; x_wconf 91' lang='lat' dir='ltr'><strong>in</strong></span> <span class='ocrx_word' id='word_1_732' title='bbox 2452 3501 2584 3557; x_wconf 87' lang='lat' dir='ltr'><strong>quas</strong></span> <span class='ocrx_word' id='word_1_733' title='bbox 2606 3502 2700 3543; x_wconf 90' lang='lat' dir='ltr'><strong>eos</strong></span> <span class='ocrx_word' id='word_1_734' title='bbox 2723 3487 2906 3553; x_wconf 88' lang='lat' dir='ltr'><strong>dedit,</strong></span> <span class='ocrx_word' id='word_1_735' title='bbox 2936 3488 3058 3558; x_wconf 91' lang='lat' dir='ltr'><strong>quia</strong></span> <span class='ocrx_word' id='word_1_736' title='bbox 3087 3488 3447 3560; x_wconf 89' lang='lat' dir='ltr'><strong>unusquisque</strong></span> <span class='ocrx_word' id='word_1_737' title='bbox 3471 3492 3747 3562; x_wconf 86' lang='lat' dir='ltr'><strong>preprium</strong></span> 
     </span>
    </p>
   </div>
   <div class='ocr_carea' id='block_1_98' title="bbox 2173 3579 3746 3653">
    <p class='ocr_par' dir='ltr' id='par_1_98' title="bbox 2173 3579 3746 3653">
     <span class='ocr_line' id='line_1_98' title="bbox 2173 3579 3746 3653; baseline 0.003 -18"><span class='ocrx_word' id='word_1_738' title='bbox 2173 3579 2370 3635; x_wconf 91' lang='lat' dir='ltr'><strong>donum</strong></span> <span class='ocrx_word' id='word_1_739' title='bbox 2398 3579 2558 3635; x_wconf 89' lang='lat' dir='ltr'><strong>habet</strong></span> <span class='ocrx_word' id='word_1_740' title='bbox 2583 3594 2613 3633; x_wconf 90' lang='lat' dir='ltr'><strong>a</strong></span> <span class='ocrx_word' id='word_1_741' title='bbox 2637 3580 2765 3646; x_wconf 90' lang='lat' dir='ltr'><strong>Deo,</strong></span> <span class='ocrx_word' id='word_1_742' title='bbox 2798 3579 2932 3634; x_wconf 88' lang='lat' dir='ltr'><strong>alius</strong></span> <span class='ocrx_word' id='word_1_743' title='bbox 2959 3579 3057 3646; x_wconf 90' lang='lat' dir='ltr'><strong>sic,</strong></span> <span class='ocrx_word' id='word_1_744' title='bbox 3087 3580 3222 3641; x_wconf 87' lang='lat' dir='ltr'><strong>alius</strong></span> <span class='ocrx_word' id='word_1_745' title='bbox 3248 3590 3423 3638; x_wconf 89' lang='lat' dir='ltr'><strong>autem</strong></span> <span class='ocrx_word' id='word_1_746' title='bbox 3450 3582 3529 3637; x_wconf 89' lang='lat' dir='ltr'><strong>sic</strong></span> <span class='ocrx_word' id='word_1_747' title='bbox 3552 3581 3595 3653; x_wconf 90' lang='grc' dir='ltr'><strong>(Ι</strong></span> <span class='ocrx_word' id='word_1_748' title='bbox 3621 3582 3746 3639; x_wconf 85' lang='lat' dir='ltr'><strong>Cor.</strong></span> 
     </span>
    </p>
   </div>
   <div class='ocr_carea' id='block_1_99' title="bbox 2175 3669 3746 3745">
    <p class='ocr_par' dir='ltr' id='par_1_99' title="bbox 2175 3669 3746 3745">
     <span class='ocr_line' id='line_1_99' title="bbox 2175 3669 3746 3745; baseline 0.005 -22"><span class='ocrx_word' id='word_1_749' title='bbox 2175 3679 2244 3726; x_wconf 88' lang='lat' dir='ltr'><strong>vtt</strong></span> <span class='ocrx_word' id='word_1_750' title='bbox 2266 3670 2403 3742; x_wconf 81' lang='lat'><strong>,7).</strong></span> <span class='ocrx_word' id='word_1_751' title='bbox 2435 3669 2583 3725; x_wconf 84' lang='lat' dir='ltr'><strong>Dedit</strong></span> <span class='ocrx_word' id='word_1_752' title='bbox 2605 3686 2734 3739; x_wconf 83' lang='lat' dir='ltr'><strong>ergo</strong></span> <span class='ocrx_word' id='word_1_753' title='bbox 2756 3687 2839 3725; x_wconf 86' lang='lat' dir='ltr'><strong>eos</strong></span> <span class='ocrx_word' id='word_1_754' title='bbox 2877 3671 2931 3724; x_wconf 90' lang='lat' dir='ltr'><strong>in</strong></span> <span class='ocrx_word' id='word_1_755' title='bbox 2971 3671 3366 3740; x_wconf 83' lang='lat' dir='ltr'><strong>misericordias,</strong></span> <span class='ocrx_word' id='word_1_756' title='bbox 3393 3674 3446 3728; x_wconf 88' lang='lat' dir='ltr'><strong>in</strong></span> <span class='ocrx_word' id='word_1_757' title='bbox 3474 3689 3746 3745; x_wconf 84' lang='lat' dir='ltr'><strong>conspectu</strong></span> 
     </span>
    </p>
   </div>
   <div class='ocr_carea' id='block_1_100' title="bbox 2175 3763 3747 3835">
    <p class='ocr_par' dir='ltr' id='par_1_100' title="bbox 2175 3763 3747 3835">
     <span class='ocr_line' id='line_1_100' title="bbox 2175 3763 3747 3835; baseline 0.002 -17"><span class='ocrx_word' id='word_1_758' title='bbox 2175 3764 2396 3818; x_wconf 89' lang='lat' dir='ltr'><strong>omnium</strong></span> <span class='ocrx_word' id='word_1_759' title='bbox 2419 3763 2502 3832; x_wconf 86' lang='lat' dir='ltr'><strong>qui</strong></span> <span class='ocrx_word' id='word_1_760' title='bbox 2530 3772 2761 3833; x_wconf 85' lang='lat' dir='ltr'><strong>ceperant</strong></span> <span class='ocrx_word' id='word_1_761' title='bbox 2786 3778 2887 3816; x_wconf 87' lang='lat' dir='ltr'><strong>eos.</strong></span> <span class='ocrx_word' id='word_1_762' title='bbox 2918 3764 3029 3833; x_wconf 76' lang='lat' dir='ltr'><strong>Age</strong></span> <span class='ocrx_word' id='word_1_763' title='bbox 3059 3778 3230 3829; x_wconf 90' lang='lat' dir='ltr'><strong>nunc,</strong></span> <span class='ocrx_word' id='word_1_764' title='bbox 3257 3763 3493 3835; x_wconf 90' lang='lat' dir='ltr'><strong>quisquis</strong></span> <span class='ocrx_word' id='word_1_765' title='bbox 3520 3765 3637 3821; x_wconf 75' lang='lat' dir='ltr'><strong>bmc</strong></span> <span class='ocrx_word' id='word_1_766' title='bbox 3662 3768 3747 3823; x_wconf 86' lang='lat' dir='ltr'><strong>le-</strong></span> 
     </span>
    </p>
   </div>
   <div class='ocr_carea' id='block_1_101' title="bbox 2174 3853 3771 3926">
    <p class='ocr_par' dir='ltr' id='par_1_101' title="bbox 2174 3853 3771 3926">
     <span class='ocr_line' id='line_1_101' title="bbox 2174 3853 3771 3926; baseline 0.003 -18"><span class='ocrx_word' id='word_1_767' title='bbox 2174 3854 2274 3923; x_wconf 82' lang='lat' dir='ltr'><strong>gis,</strong></span> <span class='ocrx_word' id='word_1_768' title='bbox 2306 3863 2361 3910; x_wconf 88' lang='lat' dir='ltr'><strong>et</strong></span> <span class='ocrx_word' id='word_1_769' title='bbox 2386 3854 2608 3924; x_wconf 73' lang='lat' dir='ltr'><strong>gratiam</strong></span> <span class='ocrx_word' id='word_1_770' title='bbox 2636 3853 2750 3917; x_wconf 89' lang='lat' dir='ltr'><strong>Dei,</strong></span> <span class='ocrx_word' id='word_1_771' title='bbox 2781 3868 2883 3923; x_wconf 87' lang='lat' dir='ltr'><strong>qua</strong></span> <span class='ocrx_word' id='word_1_772' title='bbox 2910 3853 2961 3907; x_wconf 90' lang='lat' dir='ltr'><strong>in</strong></span> <span class='ocrx_word' id='word_1_773' title='bbox 2991 3863 3242 3909; x_wconf 64' lang='lat' dir='ltr'><strong>aeternam</strong></span> <span class='ocrx_word' id='word_1_774' title='bbox 3265 3855 3425 3910; x_wconf 86' lang='lat' dir='ltr'><strong>vitam</strong></span> <span class='ocrx_word' id='word_1_775' title='bbox 3446 3871 3541 3926; x_wconf 89' lang='lat' dir='ltr'><strong>per</strong></span> <span class='ocrx_word' id='word_1_776' title='bbox 3568 3857 3771 3913; x_wconf 61' lang='lat' dir='ltr'><strong>Domi-r</strong></span> 
     </span>
    </p>
   </div>
   <div class='ocr_carea' id='block_1_102' title="bbox 2176 3944 3746 4020">
    <p class='ocr_par' dir='ltr' id='par_1_102' title="bbox 2176 3944 3746 4020">
     <span class='ocr_line' id='line_1_102' title="bbox 2176 3944 3746 4020; baseline 0.003 -21"><span class='ocrx_word' id='word_1_777' title='bbox 2176 3961 2301 4001; x_wconf 89' lang='lat' dir='ltr'><strong>num</strong></span> <span class='ocrx_word' id='word_1_778' title='bbox 2332 3954 2570 4000; x_wconf 70' lang='lat' dir='ltr'><strong>nostrum</strong></span> <span class='ocrx_word' id='word_1_779' title='bbox 2596 3944 2773 3999; x_wconf 83' lang='lat' dir='ltr'><strong>Jesum</strong></span> <span class='ocrx_word' id='word_1_780' title='bbox 2797 3944 3063 4000; x_wconf 87' lang='lat' dir='ltr'><strong>Christum</strong></span> <span class='ocrx_word' id='word_1_781' title='bbox 3084 3944 3414 4013; x_wconf 89' lang='lat' dir='ltr'><strong>redimimur,</strong></span> <span class='ocrx_word' id='word_1_782' title='bbox 3443 3948 3668 4020; x_wconf 79' lang='lat' dir='ltr'><strong>legendo</strong></span> <span class='ocrx_word' id='word_1_783' title='bbox 3693 3950 3746 4005; x_wconf 91' lang='lat' dir='ltr'><strong>in</strong></span> 
     </span>
    </p>
   </div>
   <div class='ocr_carea' id='block_1_103' title="bbox 2173 4035 3749 4105">
    <p class='ocr_par' dir='ltr' id='par_1_103' title="bbox 2173 4035 3749 4105">
     <span class='ocr_line' id='line_1_103' title="bbox 2173 4035 3749 4105; baseline 0.005 -15"><span class='ocrx_word' id='word_1_784' title='bbox 2173 4036 2478 4105; x_wconf 85' lang='lat' dir='ltr'><strong>apostolicis</strong></span> <span class='ocrx_word' id='word_1_785' title='bbox 2516 4035 2762 4100; x_wconf 86' lang='lat' dir='ltr'><strong>Litteris,</strong></span> <span class='ocrx_word' id='word_1_786' title='bbox 2809 4035 2861 4090; x_wconf 92' lang='lat' dir='ltr'><strong>in</strong></span> <span class='ocrx_word' id='word_1_787' title='bbox 2904 4036 3226 4105; x_wconf 88' lang='lat' dir='ltr'><strong>propheticis</strong></span> <span class='ocrx_word' id='word_1_788' title='bbox 3253 4047 3429 4095; x_wconf 89' lang='lat' dir='ltr'><strong>autem</strong></span> <span class='ocrx_word' id='word_1_789' title='bbox 3458 4043 3749 4098; x_wconf 88' lang='lat' dir='ltr'><strong>scrutando</strong></span> 
     </span>
    </p>
   </div>
   <div class='ocr_carea' id='block_1_104' title="bbox 2174 4125 3745 4196">
    <p class='ocr_par' dir='ltr' id='par_1_104' title="bbox 2174 4125 3745 4196">
     <span class='ocr_line' id='line_1_104' title="bbox 2174 4125 3745 4196; baseline 0.006 -15"><span class='ocrx_word' id='word_1_790' title='bbox 2174 4127 2472 4195; x_wconf 72' lang='lat' dir='ltr'><strong>cognoscis,</strong></span> <span class='ocrx_word' id='word_1_791' title='bbox 2498 4135 2553 4182; x_wconf 89' lang='lat' dir='ltr'><strong>et</strong></span> <span class='ocrx_word' id='word_1_792' title='bbox 2575 4125 2738 4181; x_wconf 84' lang='lat' dir='ltr'><strong>Vetus</strong></span> <span class='ocrx_word' id='word_1_793' title='bbox 2760 4126 3153 4183; x_wconf 83' lang='lat' dir='ltr'><strong>Testamentum</strong></span> <span class='ocrx_word' id='word_1_794' title='bbox 3179 4128 3231 4184; x_wconf 91' lang='lat' dir='ltr'><strong>in</strong></span> <span class='ocrx_word' id='word_1_795' title='bbox 3257 4129 3405 4187; x_wconf 84' lang='lat' dir='ltr'><strong>Novo</strong></span> <span class='ocrx_word' id='word_1_796' title='bbox 3428 4133 3745 4196; x_wconf 85' lang='lat' dir='ltr'><strong>revelatum.</strong></span> 
     </span>
    </p>
   </div>
   <div class='ocr_carea' id='block_1_105' title="bbox 2175 4215 3748 4293">
    <p class='ocr_par' dir='ltr' id='par_1_105' title="bbox 2175 4215 3748 4293">
     <span class='ocr_line' id='line_1_105' title="bbox 2175 4215 3748 4293; baseline 0.006 -22"><span class='ocrx_word' id='word_1_797' title='bbox 2175 4219 2227 4271; x_wconf 91' lang='lat' dir='ltr'><strong>in</strong></span> <span class='ocrx_word' id='word_1_798' title='bbox 2258 4216 2451 4273; x_wconf 81' lang='lat' dir='ltr'><strong>Vetere</strong></span> <span class='ocrx_word' id='word_1_799' title='bbox 2473 4215 2675 4271; x_wconf 89' lang='lat' dir='ltr'><strong>Novum</strong></span> <span class='ocrx_word' id='word_1_800' title='bbox 2701 4216 2931 4271; x_wconf 86' lang='lat' dir='ltr'><strong>velatum</strong></span> <span class='ocrx_word' id='word_1_801' title='bbox 2959 4217 3137 4285; x_wconf 85' lang='lat' dir='ltr'><strong>vides;</strong></span> <span class='ocrx_word' id='word_1_802' title='bbox 3167 4221 3344 4277; x_wconf 89' lang='lat' dir='ltr'><strong>recole</strong></span> <span class='ocrx_word' id='word_1_803' title='bbox 3368 4238 3527 4293; x_wconf 88' lang='lat' dir='ltr'><strong>quem</strong></span> <span class='ocrx_word' id='word_1_804' title='bbox 3548 4223 3748 4282; x_wconf 78' lang='lat' dir='ltr'><strong>dixerit</strong></span> 
     </span>
    </p>
   </div>
   <div class='ocr_carea' id='block_1_106' title="bbox 2175 4308 3746 4387">
    <p class='ocr_par' dir='ltr' id='par_1_106' title="bbox 2175 4308 3746 4387">
     <span class='ocr_line' id='line_1_106' title="bbox 2175 4308 3746 4387; baseline 0.008 -26"><span class='ocrx_word' id='word_1_805' title='bbox 2175 4308 2446 4379; x_wconf 91' lang='lat' dir='ltr'><strong>apostolus</strong></span> <span class='ocrx_word' id='word_1_806' title='bbox 2475 4309 2669 4363; x_wconf 88' lang='lat' dir='ltr'><strong>Paulus</strong></span> <span class='ocrx_word' id='word_1_807' title='bbox 2697 4309 2988 4379; x_wconf 86' lang='lat' dir='ltr'><strong>principem</strong></span> <span class='ocrx_word' id='word_1_808' title='bbox 3020 4313 3293 4379; x_wconf 85' lang='lat' dir='ltr'><strong>potestatis</strong></span> <span class='ocrx_word' id='word_1_809' title='bbox 3320 4315 3479 4381; x_wconf 89' lang='lat' dir='ltr'><strong>aeris,</strong></span> <span class='ocrx_word' id='word_1_810' title='bbox 3507 4318 3596 4385; x_wconf 84' lang='lat' dir='ltr'><strong>qui</strong></span> <span class='ocrx_word' id='word_1_811' title='bbox 3621 4335 3746 4387; x_wconf 80' lang='lat' dir='ltr'><strong>ope-</strong></span> 
     </span>
    </p>
   </div>
   <div class='ocr_carea' id='block_1_107' title="bbox 2173 4399 3746 4473">
    <p class='ocr_par' dir='ltr' id='par_1_107' title="bbox 2173 4399 3746 4473">
     <span class='ocr_line' id='line_1_107' title="bbox 2173 4399 3746 4473; baseline 0.006 -18"><span class='ocrx_word' id='word_1_812' title='bbox 2173 4410 2317 4455; x_wconf 88' lang='lat' dir='ltr'><strong>ratur</strong></span> <span class='ocrx_word' id='word_1_813' title='bbox 2337 4400 2391 4454; x_wconf 87' lang='lat' dir='ltr'><strong>in</strong></span> <span class='ocrx_word' id='word_1_814' title='bbox 2414 4399 2534 4469; x_wconf 82' lang='lat' dir='ltr'><strong>ﬁliis</strong></span> <span class='ocrx_word' id='word_1_815' title='bbox 2554 4399 2863 4467; x_wconf 77' lang='lat' dir='ltr'><strong>inﬁdelitatis</strong></span> <span class='ocrx_word' id='word_1_816' title='bbox 2890 4399 3104 4472; x_wconf 81' lang='lat' dir='ltr'><strong>(Ep/tes.</strong></span> <span class='ocrx_word' id='word_1_817' title='bbox 3132 4419 3191 4463; x_wconf 85' lang='lat' dir='ltr'><strong>tt,</strong></span> <span class='ocrx_word' id='word_1_818' title='bbox 3216 4403 3296 4473; x_wconf 72' lang='lat'><strong>2),</strong></span> <span class='ocrx_word' id='word_1_819' title='bbox 3323 4415 3375 4459; x_wconf 86' lang='lat' dir='ltr'><strong>et</strong></span> <span class='ocrx_word' id='word_1_820' title='bbox 3403 4406 3533 4462; x_wconf 88' lang='lat' dir='ltr'><strong>illud</strong></span> <span class='ocrx_word' id='word_1_821' title='bbox 3561 4409 3650 4463; x_wconf 89' lang='lat' dir='ltr'><strong>ubi</strong></span> <span class='ocrx_word' id='word_1_822' title='bbox 3673 4412 3746 4466; x_wconf 90' lang='lat' dir='ltr'><strong>ait</strong></span> 
     </span>
    </p>
   </div>
   <div class='ocr_carea' id='block_1_108' title="bbox 2173 4491 3745 4573">
    <p class='ocr_par' dir='ltr' id='par_1_108' title="bbox 2173 4491 3745 4573">
     <span class='ocr_line' id='line_1_108' title="bbox 2173 4491 3745 4573; baseline 0.004 -26"><span class='ocrx_word' id='word_1_823' title='bbox 2173 4492 2241 4547; x_wconf 90' lang='lat' dir='ltr'><strong>de</strong></span> <span class='ocrx_word' id='word_1_824' title='bbox 2265 4491 2576 4562; x_wconf 89' lang='lat' dir='ltr'><strong>quibusdam</strong></span> <span class='ocrx_word' id='word_1_825' title='bbox 2593 4533 2611 4559; x_wconf 94' lang='lat'><strong>,</strong></span> <span class='ocrx_word' id='word_1_826' title='bbox 2640 4502 2696 4546; x_wconf 90' lang='lat' dir='ltr'><strong>ut</strong></span> <span class='ocrx_word' id='word_1_827' title='bbox 2719 4493 3011 4562; x_wconf 86' lang='lat' dir='ltr'><strong>resipiscant</strong></span> <span class='ocrx_word' id='word_1_828' title='bbox 3036 4494 3099 4547; x_wconf 88' lang='lat' dir='ltr'><strong>de</strong></span> <span class='ocrx_word' id='word_1_829' title='bbox 3129 4495 3318 4551; x_wconf 85' lang='lat' dir='ltr'><strong>diaboli</strong></span> <span class='ocrx_word' id='word_1_830' title='bbox 3340 4496 3549 4563; x_wconf 80' lang='lat' dir='ltr'><strong>laqueis,</strong></span> <span class='ocrx_word' id='word_1_831' title='bbox 3578 4503 3745 4573; x_wconf 68' lang='lat' dir='ltr'><strong>capti.</strong></span> 
     </span>
    </p>
   </div>
   <div class='ocr_carea' id='block_1_109' title="bbox 2173 4584 3742 4665">
    <p class='ocr_par' dir='ltr' id='par_1_109' title="bbox 2173 4584 3742 4665">
     <span class='ocr_line' id='line_1_109' title="bbox 2173 4584 3742 4665; baseline 0.01 -26"><span class='ocrx_word' id='word_1_832' title='bbox 2173 4586 2275 4640; x_wconf 76' lang='lat' dir='ltr'><strong>uati</strong></span> <span class='ocrx_word' id='word_1_833' title='bbox 2301 4584 2364 4639; x_wconf 84' lang='lat' dir='ltr'><strong>ab</strong></span> <span class='ocrx_word' id='word_1_834' title='bbox 2391 4586 2502 4657; x_wconf 86' lang='lat' dir='ltr'><strong>ipso</strong></span> <span class='ocrx_word' id='word_1_835' title='bbox 2527 4587 2795 4641; x_wconf 84' lang='lat' dir='ltr'><strong>secundum</strong></span> <span class='ocrx_word' id='word_1_836' title='bbox 2824 4588 2981 4658; x_wconf 86' lang='lat' dir='ltr'><strong>ipsius</strong></span> <span class='ocrx_word' id='word_1_837' title='bbox 3008 4590 3314 4646; x_wconf 80' lang='lat' dir='ltr'><strong>uoluntatem</strong></span> <span class='ocrx_word' id='word_1_838' title='bbox 3362 4592 3445 4665; x_wconf 88' lang='lat' dir='ltr'><strong>(ll</strong></span> <span class='ocrx_word' id='word_1_839' title='bbox 3486 4594 3624 4652; x_wconf 82' lang='lat' dir='ltr'><strong>Tim.</strong></span> <span class='ocrx_word' id='word_1_840' title='bbox 3672 4615 3742 4662; x_wconf 84' lang='lat' dir='ltr'><strong>tt,</strong></span> 
     </span>
    </p>
   </div>
   <div class='ocr_carea' id='block_1_110' title="bbox 2172 4674 3747 4755">
    <p class='ocr_par' dir='ltr' id='par_1_110' title="bbox 2172 4674 3747 4755">
     <span class='ocr_line' id='line_1_110' title="bbox 2172 4674 3747 4755; baseline 0.009 -25"><span class='ocrx_word' id='word_1_841' title='bbox 2172 4674 2264 4740; x_wconf 77' lang='lat'><strong>26)</strong></span> <span class='ocrx_word' id='word_1_842' title='bbox 2290 4691 2306 4730; x_wconf 90' lang='lat'><strong>:</strong></span> <span class='ocrx_word' id='word_1_843' title='bbox 2329 4685 2385 4731; x_wconf 89' lang='lat' dir='ltr'><strong>et</strong></span> <span class='ocrx_word' id='word_1_844' title='bbox 2406 4676 2565 4732; x_wconf 90' lang='lat' dir='ltr'><strong>verba</strong></span> <span class='ocrx_word' id='word_1_845' title='bbox 2592 4677 2798 4732; x_wconf 89' lang='lat' dir='ltr'><strong>Domini</strong></span> <span class='ocrx_word' id='word_1_846' title='bbox 2823 4675 2950 4733; x_wconf 84' lang='lat' dir='ltr'><strong>Jesu</strong></span> <span class='ocrx_word' id='word_1_847' title='bbox 2972 4678 3185 4742; x_wconf 86' lang='lat' dir='ltr'><strong>Christi,</strong></span> <span class='ocrx_word' id='word_1_848' title='bbox 3210 4681 3297 4736; x_wconf 90' lang='lat' dir='ltr'><strong>ubi</strong></span> <span class='ocrx_word' id='word_1_849' title='bbox 3324 4698 3444 4738; x_wconf 88' lang='lat' dir='ltr'><strong>eum</strong></span> <span class='ocrx_word' id='word_1_850' title='bbox 3469 4689 3747 4755; x_wconf 80' lang='lat' dir='ltr'><strong>expellens</strong></span> 
     </span>
    </p>
   </div>
   <div class='ocr_carea' id='block_1_111' title="bbox 2172 4761 3746 4846">
    <p class='ocr_par' dir='ltr' id='par_1_111' title="bbox 2172 4761 3746 4846">
     <span class='ocr_line' id='line_1_111' title="bbox 2172 4761 3746 4846; baseline 0.008 -26"><span class='ocrx_word' id='word_1_851' title='bbox 2172 4765 2242 4821; x_wconf 91' lang='lat' dir='ltr'><strong>de</strong></span> <span class='ocrx_word' id='word_1_852' title='bbox 2270 4766 2503 4822; x_wconf 87' lang='lat' dir='ltr'><strong>fidelium</strong></span> <span class='ocrx_word' id='word_1_853' title='bbox 2530 4766 2777 4822; x_wconf 89' lang='lat' dir='ltr'><strong>cordibus</strong></span> <span class='ocrx_word' id='word_1_854' title='bbox 2803 4769 2896 4831; x_wconf 87' lang='lat' dir='ltr'><strong>ait,</strong></span> <span class='ocrx_word' id='word_1_855' title='bbox 2928 4761 3079 4823; x_wconf 73' lang='lat' dir='ltr'><strong>Nunc</strong></span> <span class='ocrx_word' id='word_1_856' title='bbox 3106 4771 3336 4840; x_wconf 82' lang='lat' dir='ltr'><strong>princeps</strong></span> <span class='ocrx_word' id='word_1_857' title='bbox 3377 4775 3531 4846; x_wconf 81' lang='lat' dir='ltr'><strong>hujus</strong></span> <span class='ocrx_word' id='word_1_858' title='bbox 3566 4781 3746 4834; x_wconf 87' lang='lat' dir='ltr'><strong>mundi</strong></span> 
     </span>
    </p>
   </div>
   <div class='ocr_carea' id='block_1_112' title="bbox 2173 4858 3747 4940">
    <p class='ocr_par' dir='ltr' id='par_1_112' title="bbox 2173 4858 3747 4940">
     <span class='ocr_line' id='line_1_112' title="bbox 2173 4858 3747 4940; baseline 0.007 -27"><span class='ocrx_word' id='word_1_859' title='bbox 2173 4859 2352 4916; x_wconf 87' lang='lat' dir='ltr'><strong>missus</strong></span> <span class='ocrx_word' id='word_1_860' title='bbox 2379 4869 2453 4915; x_wconf 85' lang='lat' dir='ltr'><strong>est</strong></span> <span class='ocrx_word' id='word_1_861' title='bbox 2480 4858 2812 4931; x_wconf 63' lang='lat' dir='ltr'><strong>forasi(.loan.</strong></span> <span class='ocrx_word' id='word_1_862' title='bbox 2836 4876 2930 4926; x_wconf 84' lang='lat' dir='ltr'><strong>xu,</strong></span> <span class='ocrx_word' id='word_1_863' title='bbox 2962 4861 3074 4931; x_wconf 77' lang='lat' dir='ltr'><strong>5i);</strong></span> <span class='ocrx_word' id='word_1_864' title='bbox 3102 4871 3158 4917; x_wconf 90' lang='lat' dir='ltr'><strong>et</strong></span> <span class='ocrx_word' id='word_1_865' title='bbox 3183 4864 3346 4933; x_wconf 87' lang='lat' dir='ltr'><strong>ipsius</strong></span> <span class='ocrx_word' id='word_1_866' title='bbox 3371 4865 3550 4922; x_wconf 88' lang='lat' dir='ltr'><strong>itidem</strong></span> <span class='ocrx_word' id='word_1_867' title='bbox 3602 4870 3747 4940; x_wconf 58' lang='lat' dir='ltr'><strong>Apoc</strong></span> 
     </span>
    </p>
   </div>
   <div class='ocr_carea' id='block_1_113' title="bbox 2172 4951 3745 5023">
    <p class='ocr_par' dir='ltr' id='par_1_113' title="bbox 2172 4951 3745 5023">
     <span class='ocr_line' id='line_1_113' title="bbox 2172 4951 3745 5023; baseline 0.006 -16"><span class='ocrx_word' id='word_1_868' title='bbox 2172 4952 2298 5007; x_wconf 91' lang='lat' dir='ltr'><strong>stoli</strong></span> <span class='ocrx_word' id='word_1_869' title='bbox 2320 4951 2563 5013; x_wconf 86' lang='lat' dir='ltr'><strong>dicentis,</strong></span> <span class='ocrx_word' id='word_1_870' title='bbox 2586 4951 2683 5017; x_wconf 82' lang='lat' dir='ltr'><strong>Qui</strong></span> <span class='ocrx_word' id='word_1_871' title='bbox 2706 4952 2836 5005; x_wconf 79' lang='lat' dir='ltr'><strong>eruit</strong></span> <span class='ocrx_word' id='word_1_872' title='bbox 2863 4969 2953 5006; x_wconf 84' lang='lat' dir='ltr'><strong>nos</strong></span> <span class='ocrx_word' id='word_1_873' title='bbox 2972 4954 3036 5007; x_wconf 84' lang='lat' dir='ltr'><strong>de</strong></span> <span class='ocrx_word' id='word_1_874' title='bbox 3059 4964 3300 5022; x_wconf 85' lang='lat' dir='ltr'><strong>potestate</strong></span> <span class='ocrx_word' id='word_1_875' title='bbox 3328 4957 3662 5023; x_wconf 82' lang='lat' dir='ltr'><strong>tenebrarum,</strong></span> <span class='ocrx_word' id='word_1_876' title='bbox 3698 4972 3745 5018; x_wconf 74' lang='lat' dir='ltr'><strong>et</strong></span> 
     </span>
    </p>
   </div>
   <div class='ocr_carea' id='block_1_114' title="bbox 2132 5043 3742 5126">
    <p class='ocr_par' dir='ltr' id='par_1_114' title="bbox 2132 5043 3742 5126">
     <span class='ocr_line' id='line_1_114' title="bbox 2132 5043 3742 5126; baseline 0.009 -29"><span class='ocrx_word' id='word_1_877' title='bbox 2132 5060 2137 5069; x_wconf 90' lang='grc'><strong>·</strong></span> <span class='ocrx_word' id='word_1_878' title='bbox 2172 5044 2427 5098; x_wconf 78' lang='lat' dir='ltr'><strong>transtulit</strong></span> <span class='ocrx_word' id='word_1_879' title='bbox 2448 5044 2500 5098; x_wconf 87' lang='lat' dir='ltr'><strong>in</strong></span> <span class='ocrx_word' id='word_1_880' title='bbox 2524 5059 2732 5126; x_wconf 82' lang='lat' dir='ltr'><strong>regnum</strong></span> <span class='ocrx_word' id='word_1_881' title='bbox 2759 5043 2881 5098; x_wconf 76' lang='lat' dir='ltr'><strong>Filii</strong></span> <span class='ocrx_word' id='word_1_882' title='bbox 2910 5046 3168 5101; x_wconf 81' lang='lat' dir='ltr'><strong>charitatis</strong></span> <span class='ocrx_word' id='word_1_883' title='bbox 3187 5063 3293 5102; x_wconf 68' lang='lat' dir='ltr'><strong>sua:</strong></span> <span class='ocrx_word' id='word_1_884' title='bbox 3316 5047 3530 5120; x_wconf 85' lang='lat' dir='ltr'><strong>(Coloss.</strong></span> <span class='ocrx_word' id='word_1_885' title='bbox 3561 5069 3602 5117; x_wconf 80' lang='grc' dir='ltr'><strong>ι,</strong></span> <span class='ocrx_word' id='word_1_886' title='bbox 3632 5054 3742 5126; x_wconf 73' lang='grc'><strong>15).</strong></span> 
     </span>
    </p>
   </div>
   <div class='ocr_carea' id='block_1_115' title="bbox 2176 5119 3743 5205">
    <p class='ocr_par' dir='ltr' id='par_1_115' title="bbox 2176 5119 3743 5205">
     <span class='ocr_line' id='line_1_115' title="bbox 2176 5119 3743 5205; baseline 0.008 -16"><span class='ocrx_word' id='word_1_887' title='bbox 2176 5135 2300 5190; x_wconf 67' lang='lat' dir='ltr'><strong>Haec</strong></span> <span class='ocrx_word' id='word_1_888' title='bbox 2322 5146 2481 5205; x_wconf 91' lang='lat' dir='ltr'><strong>atque</strong></span> <span class='ocrx_word' id='word_1_889' title='bbox 2508 5119 2808 5202; x_wconf 70' lang='lat' dir='ltr'><strong>hujusniodi</strong></span> <span class='ocrx_word' id='word_1_890' title='bbox 2849 5136 3222 5203; x_wconf 86' lang='lat' dir='ltr'><strong>ratiocinatus,</strong></span> <span class='ocrx_word' id='word_1_891' title='bbox 3254 5140 3467 5196; x_wconf 86' lang='lat' dir='ltr'><strong>intende</strong></span> <span class='ocrx_word' id='word_1_892' title='bbox 3504 5119 3743 5202; x_wconf 84' lang='lat' dir='ltr'><strong>animum</strong></span> 
     </span>
    </p>
   </div>
   <div class='ocr_carea' id='block_1_116' title="bbox 2172 5224 3744 5304">
    <p class='ocr_par' dir='ltr' id='par_1_116' title="bbox 2172 5224 3744 5304">
     <span class='ocr_line' id='line_1_116' title="bbox 2172 5224 3744 5304; baseline 0.007 -22"><span class='ocrx_word' id='word_1_893' title='bbox 2172 5236 2227 5282; x_wconf 89' lang='lat' dir='ltr'><strong>et</strong></span> <span class='ocrx_word' id='word_1_894' title='bbox 2255 5228 2307 5281; x_wconf 92' lang='lat' dir='ltr'><strong>in</strong></span> <span class='ocrx_word' id='word_1_895' title='bbox 2337 5226 2537 5281; x_wconf 88' lang='lat' dir='ltr'><strong>litteras</strong></span> <span class='ocrx_word' id='word_1_896' title='bbox 2564 5224 2770 5283; x_wconf 74' lang='lat' dir='ltr'><strong>Veteris</strong></span> <span class='ocrx_word' id='word_1_897' title='bbox 2798 5227 3142 5293; x_wconf 88' lang='lat' dir='ltr'><strong>Testamenti,</strong></span> <span class='ocrx_word' id='word_1_898' title='bbox 3174 5240 3228 5285; x_wconf 90' lang='lat' dir='ltr'><strong>et</strong></span> <span class='ocrx_word' id='word_1_899' title='bbox 3255 5231 3375 5288; x_wconf 87' lang='lat' dir='ltr'><strong>vide</strong></span> <span class='ocrx_word' id='word_1_900' title='bbox 3400 5234 3525 5304; x_wconf 88' lang='lat' dir='ltr'><strong>quid</strong></span> <span class='ocrx_word' id='word_1_901' title='bbox 3553 5246 3744 5293; x_wconf 81' lang='lat' dir='ltr'><strong>cante-</strong></span> 
     </span>
    </p>
   </div>
   <div class='ocr_carea' id='block_1_117' title="bbox 2172 5310 3746 5388">
    <p class='ocr_par' dir='ltr' id='par_1_117' title="bbox 2172 5310 3746 5388">
     <span class='ocr_line' id='line_1_117' title="bbox 2172 5310 3746 5388; baseline 0.006 -16"><span class='ocrx_word' id='word_1_902' title='bbox 2172 5326 2258 5373; x_wconf 90' lang='lat' dir='ltr'><strong>tur</strong></span> <span class='ocrx_word' id='word_1_903' title='bbox 2285 5318 2336 5372; x_wconf 92' lang='lat' dir='ltr'><strong>in</strong></span> <span class='ocrx_word' id='word_1_904' title='bbox 2359 5333 2424 5372; x_wconf 88' lang='lat' dir='ltr'><strong>eo</strong></span> <span class='ocrx_word' id='word_1_905' title='bbox 2448 5314 2652 5387; x_wconf 90' lang='lat' dir='ltr'><strong>psalmo</strong></span> <span class='ocrx_word' id='word_1_906' title='bbox 2674 5317 2825 5386; x_wconf 89' lang='lat' dir='ltr'><strong>cujus</strong></span> <span class='ocrx_word' id='word_1_907' title='bbox 2846 5327 2928 5373; x_wconf 86' lang='lat' dir='ltr'><strong>est</strong></span> <span class='ocrx_word' id='word_1_908' title='bbox 2951 5318 3153 5385; x_wconf 88' lang='lat' dir='ltr'><strong>titulus,</strong></span> <span class='ocrx_word' id='word_1_909' title='bbox 3180 5310 3392 5388; x_wconf 68' lang='lat' dir='ltr'><strong>Quando</strong></span> <span class='ocrx_word' id='word_1_910' title='bbox 3418 5324 3595 5383; x_wconf 84' lang='lat' dir='ltr'><strong>domus</strong></span> <span class='ocrx_word' id='word_1_911' title='bbox 3617 5330 3746 5382; x_wconf 64' lang='grc' dir='ltr'><strong>ωε.</strong></span> 
     </span>
    </p>
   </div>
   <div class='ocr_carea' id='block_1_118' title="bbox 2173 5408 3744 5483">
    <p class='ocr_par' dir='ltr' id='par_1_118' title="bbox 2173 5408 3744 5483">
     <span class='ocr_line' id='line_1_118' title="bbox 2173 5408 3744 5483; baseline 0.008 -20"><span class='ocrx_word' id='word_1_912' title='bbox 2173 5410 2418 5480; x_wconf 76' lang='lat' dir='ltr'><strong>ﬁcabatur</strong></span> <span class='ocrx_word' id='word_1_913' title='bbox 2448 5418 2557 5480; x_wconf 87' lang='lat' dir='ltr'><strong>post</strong></span> <span class='ocrx_word' id='word_1_914' title='bbox 2585 5408 2916 5480; x_wconf 83' lang='lat' dir='ltr'><strong>captivitatem</strong></span> <span class='ocrx_word' id='word_1_915' title='bbox 2945 5427 2966 5465; x_wconf 90' lang='lat'><strong><em>:</em></strong></span> <span class='ocrx_word' id='word_1_916' title='bbox 2997 5411 3067 5467; x_wconf 88' lang='lat' dir='ltr'><strong>ibi</strong></span> <span class='ocrx_word' id='word_1_917' title='bbox 3109 5412 3248 5467; x_wconf 89' lang='lat' dir='ltr'><strong>enim</strong></span> <span class='ocrx_word' id='word_1_918' title='bbox 3279 5413 3489 5483; x_wconf 88' lang='lat' dir='ltr'><strong>dicitur,</strong></span> <span class='ocrx_word' id='word_1_919' title='bbox 3531 5415 3744 5476; x_wconf 74' lang='lat' dir='ltr'><strong>Caritate</strong></span> 
     </span>
    </p>
   </div>
   <div class='ocr_carea' id='block_1_119' title="bbox 2174 5500 3743 5565">
    <p class='ocr_par' dir='ltr' id='par_1_119' title="bbox 2174 5500 3743 5565">
     <span class='ocr_line' id='line_1_119' title="bbox 2174 5500 3743 5565; baseline 0.006 -10"><span class='ocrx_word' id='word_1_920' title='bbox 2174 5500 2389 5555; x_wconf 87' lang='lat' dir='ltr'><strong>Domino</strong></span> <span class='ocrx_word' id='word_1_921' title='bbox 2415 5500 2664 5553; x_wconf 86' lang='lat' dir='ltr'><strong>canticum</strong></span> <span class='ocrx_word' id='word_1_922' title='bbox 2690 5516 2889 5555; x_wconf 77' lang='lat' dir='ltr'><strong>mttunt.</strong></span> <span class='ocrx_word' id='word_1_923' title='bbox 2936 5501 3003 5556; x_wconf 87' lang='lat' dir='ltr'><strong>Et</strong></span> <span class='ocrx_word' id='word_1_924' title='bbox 3040 5517 3107 5557; x_wconf 89' lang='lat' dir='ltr'><strong>ne</strong></span> <span class='ocrx_word' id='word_1_925' title='bbox 3145 5503 3414 5561; x_wconf 76' lang='lat' dir='ltr'><strong>existimes</strong></span> <span class='ocrx_word' id='word_1_926' title='bbox 3454 5509 3521 5561; x_wconf 87' lang='lat' dir='ltr'><strong>ad</strong></span> <span class='ocrx_word' id='word_1_927' title='bbox 3557 5507 3743 5565; x_wconf 65' lang='lat' dir='ltr'><strong>ludan-</strong></span> 
     </span>
    </p>
   </div>
   <div class='ocr_carea' id='block_1_120' title="bbox 2173 5591 3742 5666">
    <p class='ocr_par' dir='ltr' id='par_1_120' title="bbox 2173 5591 3742 5666">
     <span class='ocr_line' id='line_1_120' title="bbox 2173 5591 3742 5666; baseline 0.001 -17"><span class='ocrx_word' id='word_1_928' title='bbox 2173 5608 2324 5649; x_wconf 89' lang='lat' dir='ltr'><strong>orum</strong></span> <span class='ocrx_word' id='word_1_929' title='bbox 2351 5591 2600 5663; x_wconf 90' lang='lat' dir='ltr'><strong>populum</strong></span> <span class='ocrx_word' id='word_1_930' title='bbox 2637 5591 3000 5648; x_wconf 89' lang='lat' dir='ltr'><strong>tantummodo</strong></span> <span class='ocrx_word' id='word_1_931' title='bbox 3038 5596 3301 5663; x_wconf 87' lang='lat' dir='ltr'><strong>pertinere</strong></span> <span class='ocrx_word' id='word_1_932' title='bbox 3331 5614 3344 5651; x_wconf 89' lang='lat'><strong>:</strong></span> <span class='ocrx_word' id='word_1_933' title='bbox 3386 5596 3625 5666; x_wconf 74' lang='lat' dir='ltr'><strong>Cantate,</strong></span> <span class='ocrx_word' id='word_1_934' title='bbox 3656 5600 3742 5659; x_wconf 84' lang='lat' dir='ltr'><strong>in.</strong></span> 
     </span>
    </p>
   </div>
   <div class='ocr_carea' id='block_1_121' title="bbox 2137 5692 3617 5762">
    <p class='ocr_par' dir='ltr' id='par_1_121' title="bbox 2137 5692 3617 5762">
     <span class='ocr_line' id='line_1_121' title="bbox 2137 5692 3617 5762; baseline 0.004 -17"><span class='ocrx_word' id='word_1_935' title='bbox 2137 5745 2147 5753; x_wconf 82' lang='grc'><em>,</em></span> <span class='ocrx_word' id='word_1_936' title='bbox 2238 5697 2255 5729; x_wconf 77' lang='grc'>³</span> <span class='ocrx_word' id='word_1_937' title='bbox 2282 5695 2353 5745; x_wconf 90' lang='lat' dir='ltr'><strong>sic</strong></span> <span class='ocrx_word' id='word_1_938' title='bbox 2374 5702 2479 5745; x_wconf 71' lang='lat' dir='ltr'><strong>uss.</strong></span> <span class='ocrx_word' id='word_1_939' title='bbox 2500 5700 2554 5745; x_wconf 76' lang='lat' dir='ltr'><strong>At</strong></span> <span class='ocrx_word' id='word_1_940' title='bbox 2576 5693 2708 5755; x_wconf 59' lang='lat' dir='ltr'><strong>add,</strong></span> <span class='ocrx_word' id='word_1_941' title='bbox 2732 5692 2893 5757; x_wconf 81' lang='lat' dir='ltr'><strong>agnita</strong></span> <span class='ocrx_word' id='word_1_942' title='bbox 2913 5693 3032 5757; x_wconf 80' lang='lat' dir='ltr'><strong>agit,</strong></span> <span class='ocrx_word' id='word_1_943' title='bbox 3059 5692 3127 5745; x_wconf 88' lang='lat' dir='ltr'><strong>ita</strong></span> <span class='ocrx_word' id='word_1_944' title='bbox 3148 5701 3192 5746; x_wconf 85' lang='lat' dir='ltr'><strong>et</strong></span> <span class='ocrx_word' id='word_1_945' title='bbox 3215 5696 3469 5759; x_wconf 64' lang='lat' dir='ltr'><strong>prementia</strong></span> <span class='ocrx_word' id='word_1_946' title='bbox 3480 5697 3617 5762; x_wconf 79' lang='lat' dir='ltr'><strong>facit.</strong></span> 
     </span>
    </p>
   </div>
  </div>
