  <div class='ocr_page' id='page_1' title='image "/cluster/home/n/w/nwhite01/storage/ocr_20150623/37/hvd.32044096580592/204.png"; bbox 0 0 4026 6202; ppageno 0'>
   <div class='ocr_carea' id='block_1_1' title="bbox 232 399 373 454">
    <p class='ocr_par' dir='ltr' id='par_1_1' title="bbox 232 399 373 454">
     <span class='ocr_line' id='line_1_1' title="bbox 232 399 373 454; baseline -0.007 -2"><span class='ocrx_word' id='word_1_1' title='bbox 232 399 373 454; x_wconf 70' lang='lat' dir='ltr'><strong>Nl?</strong></span> 
     </span>
    </p>
   </div>
   <div class='ocr_carea' id='block_1_2' title="bbox 225 515 1802 585">
    <p class='ocr_par' dir='ltr' id='par_1_2' title="bbox 225 515 1802 585">
     <span class='ocr_line' id='line_1_2' title="bbox 225 515 1802 585; baseline 0.001 -16"><span class='ocrx_word' id='word_1_2' title='bbox 225 518 371 585; x_wconf 78' lang='lat' dir='ltr'><strong>quit,</strong></span> <span class='ocrx_word' id='word_1_3' title='bbox 404 515 638 579; x_wconf 66' lang='lat' dir='ltr'><strong>Dantino,</strong></span> <span class='ocrx_word' id='word_1_4' title='bbox 666 516 826 570; x_wconf 88' lang='lat' dir='ltr'><strong>omnis</strong></span> <span class='ocrx_word' id='word_1_5' title='bbox 853 525 1020 582; x_wconf 85' lang='lat' dir='ltr'><strong>terra;</strong></span> <span class='ocrx_word' id='word_1_6' title='bbox 1044 527 1241 571; x_wconf 85' lang='lat' dir='ltr'><strong>cantate</strong></span> <span class='ocrx_word' id='word_1_7' title='bbox 1272 516 1505 583; x_wconf 87' lang='lat' dir='ltr'><strong>Domino,</strong></span> <span class='ocrx_word' id='word_1_8' title='bbox 1533 517 1802 571; x_wconf 77' lang='lat' dir='ltr'><strong>benedicite</strong></span> 
     </span>
    </p>
   </div>
   <div class='ocr_carea' id='block_1_3' title="bbox 225 608 1804 678">
    <p class='ocr_par' dir='ltr' id='par_1_3' title="bbox 225 608 1804 678">
     <span class='ocr_line' id='line_1_3' title="bbox 225 608 1804 678; baseline 0.001 -18"><span class='ocrx_word' id='word_1_9' title='bbox 225 625 415 677; x_wconf 81' lang='lat' dir='ltr'><strong>nomen</strong></span> <span class='ocrx_word' id='word_1_10' title='bbox 442 609 568 677; x_wconf 86' lang='lat' dir='ltr'><strong>ejus,</strong></span> <span class='ocrx_word' id='word_1_11' title='bbox 602 608 912 671; x_wconf 87' lang='lat' dir='ltr'><strong>mmuntiate,</strong></span> <span class='ocrx_word' id='word_1_12' title='bbox 947 610 1028 662; x_wconf 89' lang='lat' dir='ltr'><strong>vel</strong></span> <span class='ocrx_word' id='word_1_13' title='bbox 1056 610 1250 678; x_wconf 88' lang='lat' dir='ltr'><strong>potius,</strong></span> <span class='ocrx_word' id='word_1_14' title='bbox 1280 610 1398 662; x_wconf 81' lang='lat' dir='ltr'><strong>bene</strong></span> <span class='ocrx_word' id='word_1_15' title='bbox 1422 609 1666 673; x_wconf 76' lang='lat' dir='ltr'><strong>nuntiate,</strong></span> <span class='ocrx_word' id='word_1_16' title='bbox 1697 609 1804 662; x_wconf 86' lang='lat' dir='ltr'><strong>imo</strong></span> 
     </span>
    </p>
   </div>
   <div class='ocr_carea' id='block_1_4' title="bbox 223 700 1802 771">
    <p class='ocr_par' dir='ltr' id='par_1_4' title="bbox 223 700 1802 771">
     <span class='ocr_line' id='line_1_4' title="bbox 223 700 1802 771; baseline 0.001 -16"><span class='ocrx_word' id='word_1_17' title='bbox 223 712 287 755; x_wconf 88' lang='lat' dir='ltr'><strong>ut</strong></span> <span class='ocrx_word' id='word_1_18' title='bbox 319 701 492 769; x_wconf 88' lang='lat' dir='ltr'><strong>ipsum</strong></span> <span class='ocrx_word' id='word_1_19' title='bbox 522 700 741 754; x_wconf 80' lang='lat' dir='ltr'><strong>verbum</strong></span> <span class='ocrx_word' id='word_1_20' title='bbox 772 700 910 771; x_wconf 91' lang='lat' dir='ltr'><strong>quod</strong></span> <span class='ocrx_word' id='word_1_21' title='bbox 942 701 993 755; x_wconf 92' lang='lat' dir='ltr'><strong>in</strong></span> <span class='ocrx_word' id='word_1_22' title='bbox 1020 716 1195 770; x_wconf 63' lang='grc' dir='ltr'><strong>εγωςο</strong></span> <span class='ocrx_word' id='word_1_23' title='bbox 1225 702 1450 770; x_wconf 89' lang='lat' dir='ltr'><strong>positum</strong></span> <span class='ocrx_word' id='word_1_24' title='bbox 1481 710 1595 764; x_wconf 89' lang='lat' dir='ltr'><strong>est,</strong></span> <span class='ocrx_word' id='word_1_25' title='bbox 1630 710 1802 756; x_wconf 78' lang='lat' dir='ltr'><strong>trans-</strong></span> 
     </span>
    </p>
   </div>
   <div class='ocr_carea' id='block_1_5' title="bbox 226 791 1803 863">
    <p class='ocr_par' dir='ltr' id='par_1_5' title="bbox 226 791 1803 863">
     <span class='ocr_line' id='line_1_5' title="bbox 226 791 1803 863; baseline 0.002 -17"><span class='ocrx_word' id='word_1_26' title='bbox 226 791 401 846; x_wconf 85' lang='lat' dir='ltr'><strong>feram</strong></span> <span class='ocrx_word' id='word_1_27' title='bbox 426 833 440 855; x_wconf 94' lang='lat'><strong>,</strong></span> <span class='ocrx_word' id='word_1_28' title='bbox 470 792 805 863; x_wconf 72' lang='lat' dir='ltr'><strong>erangelisate</strong></span> <span class='ocrx_word' id='word_1_29' title='bbox 831 794 964 847; x_wconf 88' lang='lat' dir='ltr'><strong>diem</strong></span> <span class='ocrx_word' id='word_1_30' title='bbox 1003 810 1065 848; x_wconf 73' lang='lat' dir='ltr'><strong>ex</strong></span> <span class='ocrx_word' id='word_1_31' title='bbox 1093 794 1174 848; x_wconf 89' lang='lat' dir='ltr'><strong>die</strong></span> <span class='ocrx_word' id='word_1_32' title='bbox 1198 835 1212 857; x_wconf 86' lang='lat'><strong>,</strong></span> <span class='ocrx_word' id='word_1_33' title='bbox 1243 795 1464 848; x_wconf 84' lang='lat' dir='ltr'><strong>salutare</strong></span> <span class='ocrx_word' id='word_1_34' title='bbox 1498 795 1623 863; x_wconf 84' lang='lat' dir='ltr'><strong>ejus.</strong></span> <span class='ocrx_word' id='word_1_35' title='bbox 1671 793 1803 849; x_wconf 83' lang='lat' dir='ltr'><strong>llinc</strong></span> 
     </span>
    </p>
   </div>
   <div class='ocr_carea' id='block_1_6' title="bbox 224 883 1802 956">
    <p class='ocr_par' dir='ltr' id='par_1_6' title="bbox 224 883 1802 956">
     <span class='ocr_line' id='line_1_6' title="bbox 224 883 1802 956; baseline 0 -17"><span class='ocrx_word' id='word_1_36' title='bbox 224 886 375 939; x_wconf 87' lang='lat' dir='ltr'><strong>enim</strong></span> <span class='ocrx_word' id='word_1_37' title='bbox 404 883 747 953; x_wconf 81' lang='lat' dir='ltr'><strong>Evangelium</strong></span> <span class='ocrx_word' id='word_1_38' title='bbox 788 897 1141 954; x_wconf 86' lang='lat' dir='ltr'><strong>nuncupatum</strong></span> <span class='ocrx_word' id='word_1_39' title='bbox 1170 894 1285 951; x_wconf 85' lang='lat' dir='ltr'><strong>est,</strong></span> <span class='ocrx_word' id='word_1_40' title='bbox 1317 886 1366 940; x_wconf 91' lang='lat' dir='ltr'><strong>in</strong></span> <span class='ocrx_word' id='word_1_41' title='bbox 1395 901 1500 956; x_wconf 90' lang='lat' dir='ltr'><strong>quo</strong></span> <span class='ocrx_word' id='word_1_42' title='bbox 1524 886 1802 940; x_wconf 83' lang='lat' dir='ltr'><strong>annuntia-</strong></span> 
     </span>
    </p>
   </div>
   <div class='ocr_carea' id='block_1_7' title="bbox 227 974 1797 1041">
    <p class='ocr_par' dir='ltr' id='par_1_7' title="bbox 227 974 1797 1041">
     <span class='ocr_line' id='line_1_7' title="bbox 227 974 1797 1041; baseline 0.002 -15"><span class='ocrx_word' id='word_1_43' title='bbox 227 985 322 1029; x_wconf 87' lang='lat' dir='ltr'><strong>tur</strong></span> <span class='ocrx_word' id='word_1_44' title='bbox 348 975 461 1030; x_wconf 88' lang='lat' dir='ltr'><strong>dies</strong></span> <span class='ocrx_word' id='word_1_45' title='bbox 482 990 546 1028; x_wconf 75' lang='lat' dir='ltr'><strong>ex</strong></span> <span class='ocrx_word' id='word_1_46' title='bbox 573 974 678 1040; x_wconf 90' lang='lat' dir='ltr'><strong>die,</strong></span> <span class='ocrx_word' id='word_1_47' title='bbox 713 976 965 1030; x_wconf 86' lang='lat' dir='ltr'><strong>Dominus</strong></span> <span class='ocrx_word' id='word_1_48' title='bbox 990 976 1247 1041; x_wconf 75' lang='lat' dir='ltr'><strong>Christus,</strong></span> <span class='ocrx_word' id='word_1_49' title='bbox 1278 977 1455 1031; x_wconf 83' lang='lat' dir='ltr'><strong>lumen</strong></span> <span class='ocrx_word' id='word_1_50' title='bbox 1485 992 1550 1031; x_wconf 85' lang='lat' dir='ltr'><strong>ex</strong></span> <span class='ocrx_word' id='word_1_51' title='bbox 1580 976 1797 1041; x_wconf 82' lang='lat' dir='ltr'><strong>lumine,</strong></span> 
     </span>
    </p>
   </div>
   <div class='ocr_carea' id='block_1_8' title="bbox 224 1066 1801 1139">
    <p class='ocr_par' dir='ltr' id='par_1_8' title="bbox 224 1066 1801 1139">
     <span class='ocr_line' id='line_1_8' title="bbox 224 1066 1801 1139; baseline 0.001 -18"><span class='ocrx_word' id='word_1_52' title='bbox 224 1066 401 1121; x_wconf 82' lang='lat' dir='ltr'><strong>Filius</strong></span> <span class='ocrx_word' id='word_1_53' title='bbox 430 1083 495 1122; x_wconf 89' lang='lat' dir='ltr'><strong>ex</strong></span> <span class='ocrx_word' id='word_1_54' title='bbox 526 1067 700 1124; x_wconf 81' lang='lat' dir='ltr'><strong>Patre.</strong></span> <span class='ocrx_word' id='word_1_55' title='bbox 746 1068 856 1123; x_wconf 87' lang='lat' dir='ltr'><strong>lloc</strong></span> <span class='ocrx_word' id='word_1_56' title='bbox 894 1069 1033 1123; x_wconf 88' lang='lat' dir='ltr'><strong>enim</strong></span> <span class='ocrx_word' id='word_1_57' title='bbox 1065 1078 1147 1123; x_wconf 88' lang='lat' dir='ltr'><strong>est</strong></span> <span class='ocrx_word' id='word_1_58' title='bbox 1172 1078 1224 1121; x_wconf 79' lang='lat' dir='ltr'><strong>ct</strong></span> <span class='ocrx_word' id='word_1_59' title='bbox 1264 1069 1488 1123; x_wconf 83' lang='lat' dir='ltr'><strong>salutare</strong></span> <span class='ocrx_word' id='word_1_60' title='bbox 1512 1070 1655 1138; x_wconf 83' lang='lat' dir='ltr'><strong>ejus;</strong></span> <span class='ocrx_word' id='word_1_61' title='bbox 1679 1069 1801 1139; x_wconf 87' lang='lat' dir='ltr'><strong>quia</strong></span> 
     </span>
    </p>
   </div>
   <div class='ocr_carea' id='block_1_9' title="bbox 224 1148 1802 1229">
    <p class='ocr_par' dir='ltr' id='par_1_9' title="bbox 224 1148 1802 1229">
     <span class='ocr_line' id='line_1_9' title="bbox 224 1148 1802 1229; baseline 0.001 -18"><span class='ocrx_word' id='word_1_62' title='bbox 224 1157 463 1211; x_wconf 84' lang='lat' dir='ltr'><strong>salutare</strong></span> <span class='ocrx_word' id='word_1_63' title='bbox 496 1148 598 1213; x_wconf 85' lang='lat' dir='ltr'><strong>Dei</strong></span> <span class='ocrx_word' id='word_1_64' title='bbox 642 1158 880 1213; x_wconf 78' lang='lat' dir='ltr'><strong>Christus</strong></span> <span class='ocrx_word' id='word_1_65' title='bbox 923 1167 1038 1221; x_wconf 82' lang='lat' dir='ltr'><strong>est,</strong></span> <span class='ocrx_word' id='word_1_66' title='bbox 1069 1158 1202 1212; x_wconf 86' lang='lat' dir='ltr'><strong>sicut</strong></span> <span class='ocrx_word' id='word_1_67' title='bbox 1231 1168 1285 1214; x_wconf 90' lang='lat' dir='ltr'><strong>ct</strong></span> <span class='ocrx_word' id='word_1_68' title='bbox 1311 1160 1552 1228; x_wconf 87' lang='lat' dir='ltr'><strong>superius</strong></span> <span class='ocrx_word' id='word_1_69' title='bbox 1574 1159 1681 1229; x_wconf 88' lang='lat' dir='ltr'><strong>jam</strong></span> <span class='ocrx_word' id='word_1_70' title='bbox 1708 1158 1802 1213; x_wconf 59' lang='grc' dir='ltr'><strong>(ἴδη</strong></span> 
     </span>
    </p>
   </div>
   <div class='ocr_carea' id='block_1_10' title="bbox 224 1248 1798 1320">
    <p class='ocr_par' dir='ltr' id='par_1_10' title="bbox 224 1248 1798 1320">
     <span class='ocr_line' id='line_1_10' title="bbox 224 1248 1798 1320; baseline 0.001 -19"><span class='ocrx_word' id='word_1_71' title='bbox 224 1248 642 1303; x_wconf 80' lang='lat' dir='ltr'><strong>monstravimus</strong></span> <span class='ocrx_word' id='word_1_72' title='bbox 671 1248 769 1320; x_wconf 89' lang='lat' dir='ltr'><strong>(a).</strong></span> <span class='ocrx_word' id='word_1_73' title='bbox 806 1266 825 1300; x_wconf 73' lang='grc' dir='ltr'><strong>ι</strong></span> <span class='ocrx_word' id='word_1_74' title='bbox 860 1249 1178 1304; x_wconf 81' lang='lat' dir='ltr'><strong>Annuntiate</strong></span> <span class='ocrx_word' id='word_1_75' title='bbox 1207 1250 1257 1303; x_wconf 90' lang='lat' dir='ltr'><strong>in</strong></span> <span class='ocrx_word' id='word_1_76' title='bbox 1292 1248 1539 1317; x_wconf 78' lang='lat' dir='ltr'><strong>gentibus</strong></span> <span class='ocrx_word' id='word_1_77' title='bbox 1575 1250 1798 1319; x_wconf 81' lang='lat' dir='ltr'><strong>gloriam</strong></span> 
     </span>
    </p>
   </div>
   <div class='ocr_carea' id='block_1_11' title="bbox 227 1337 1802 1409">
    <p class='ocr_par' dir='ltr' id='par_1_11' title="bbox 227 1337 1802 1409">
     <span class='ocr_line' id='line_1_11' title="bbox 227 1337 1802 1409; baseline 0.004 -21"><span class='ocrx_word' id='word_1_78' title='bbox 227 1337 367 1405; x_wconf 81' lang='lat' dir='ltr'><strong>ejus,</strong></span> <span class='ocrx_word' id='word_1_79' title='bbox 397 1337 449 1390; x_wconf 91' lang='lat' dir='ltr'><strong>in</strong></span> <span class='ocrx_word' id='word_1_80' title='bbox 474 1337 722 1393; x_wconf 88' lang='lat' dir='ltr'><strong>omnibus</strong></span> <span class='ocrx_word' id='word_1_81' title='bbox 748 1338 952 1409; x_wconf 92' lang='lat' dir='ltr'><strong>populis</strong></span> <span class='ocrx_word' id='word_1_82' title='bbox 976 1338 1235 1393; x_wconf 77' lang='lat' dir='ltr'><strong>mirabilia</strong></span> <span class='ocrx_word' id='word_1_83' title='bbox 1254 1339 1386 1407; x_wconf 86' lang='lat' dir='ltr'><strong>ejus.</strong></span> <span class='ocrx_word' id='word_1_84' title='bbox 1409 1338 1665 1404; x_wconf 83' lang='lat' dir='ltr'><strong>Quoniam</strong></span> <span class='ocrx_word' id='word_1_85' title='bbox 1691 1354 1802 1394; x_wconf 83' lang='lat' dir='ltr'><strong>ma-</strong></span> 
     </span>
    </p>
   </div>
   <div class='ocr_carea' id='block_1_12' title="bbox 226 1427 1799 1499">
    <p class='ocr_par' dir='ltr' id='par_1_12' title="bbox 226 1427 1799 1499">
     <span class='ocr_line' id='line_1_12' title="bbox 226 1427 1799 1499; baseline 0.003 -19"><span class='ocrx_word' id='word_1_86' title='bbox 226 1442 364 1495; x_wconf 87' lang='lat' dir='ltr'><strong>gnus</strong></span> <span class='ocrx_word' id='word_1_87' title='bbox 392 1427 647 1482; x_wconf 88' lang='lat' dir='ltr'><strong>Dominus</strong></span> <span class='ocrx_word' id='word_1_88' title='bbox 674 1437 727 1482; x_wconf 89' lang='lat' dir='ltr'><strong>et</strong></span> <span class='ocrx_word' id='word_1_89' title='bbox 754 1429 1031 1483; x_wconf 88' lang='lat' dir='ltr'><strong>laudabilis</strong></span> <span class='ocrx_word' id='word_1_90' title='bbox 1057 1428 1228 1493; x_wconf 85' lang='lat' dir='ltr'><strong>valde,</strong></span> <span class='ocrx_word' id='word_1_91' title='bbox 1261 1430 1507 1485; x_wconf 88' lang='lat' dir='ltr'><strong>terribilis</strong></span> <span class='ocrx_word' id='word_1_92' title='bbox 1533 1438 1616 1484; x_wconf 89' lang='lat' dir='ltr'><strong>est</strong></span> <span class='ocrx_word' id='word_1_93' title='bbox 1640 1444 1799 1499; x_wconf 86' lang='lat' dir='ltr'><strong>super</strong></span> 
     </span>
    </p>
   </div>
   <div class='ocr_carea' id='block_1_13' title="bbox 228 1519 1792 1590">
    <p class='ocr_par' dir='ltr' id='par_1_13' title="bbox 228 1519 1792 1590">
     <span class='ocr_line' id='line_1_13' title="bbox 228 1519 1792 1590; baseline -0.001 -15"><span class='ocrx_word' id='word_1_94' title='bbox 228 1537 417 1575; x_wconf 75' lang='lat' dir='ltr'><strong>omnes</strong></span> <span class='ocrx_word' id='word_1_95' title='bbox 442 1520 570 1576; x_wconf 89' lang='lat' dir='ltr'><strong>deos</strong></span> <span class='ocrx_word' id='word_1_96' title='bbox 600 1540 615 1576; x_wconf 89' lang='lat'><strong>:</strong></span> <span class='ocrx_word' id='word_1_97' title='bbox 645 1522 887 1590; x_wconf 86' lang='lat' dir='ltr'><strong>quoniam</strong></span> <span class='ocrx_word' id='word_1_98' title='bbox 915 1535 1101 1575; x_wconf 89' lang='lat' dir='ltr'><strong>omnes</strong></span> <span class='ocrx_word' id='word_1_99' title='bbox 1121 1520 1194 1575; x_wconf 86' lang='lat' dir='ltr'><strong>dii</strong></span> <span class='ocrx_word' id='word_1_100' title='bbox 1216 1519 1463 1576; x_wconf 75' lang='lat' dir='ltr'><strong>Gentium</strong></span> <span class='ocrx_word' id='word_1_101' title='bbox 1484 1521 1741 1576; x_wconf 76' lang='lat' dir='ltr'><strong>dzemonia</strong></span> <span class='ocrx_word' id='word_1_102' title='bbox 1773 1541 1792 1574; x_wconf 75' lang='grc' dir='ltr'><strong>ι</strong></span> 
     </span>
    </p>
   </div>
   <div class='ocr_carea' id='block_1_14' title="bbox 228 1610 1798 1682">
    <p class='ocr_par' dir='ltr' id='par_1_14' title="bbox 228 1610 1798 1682">
     <span class='ocr_line' id='line_1_14' title="bbox 228 1610 1798 1682; baseline 0.001 -17"><span class='ocrx_word' id='word_1_103' title='bbox 228 1610 403 1682; x_wconf 80' lang='lat' dir='ltr'><strong>(Psal.</strong></span> <span class='ocrx_word' id='word_1_104' title='bbox 437 1626 562 1677; x_wconf 88' lang='lat' dir='ltr'><strong>xcv,</strong></span> <span class='ocrx_word' id='word_1_105' title='bbox 595 1613 729 1681; x_wconf 79' lang='grc'><strong>1-5).</strong></span> <span class='ocrx_word' id='word_1_106' title='bbox 771 1612 859 1665; x_wconf 90' lang='lat' dir='ltr'><strong>lsti</strong></span> <span class='ocrx_word' id='word_1_107' title='bbox 891 1618 1015 1682; x_wconf 79' lang='lat' dir='ltr'><strong>ergo</strong></span> <span class='ocrx_word' id='word_1_108' title='bbox 1040 1611 1234 1666; x_wconf 88' lang='lat' dir='ltr'><strong>inimici</strong></span> <span class='ocrx_word' id='word_1_109' title='bbox 1263 1626 1382 1665; x_wconf 91' lang='lat' dir='ltr'><strong>cum</strong></span> <span class='ocrx_word' id='word_1_110' title='bbox 1413 1627 1537 1682; x_wconf 87' lang='lat' dir='ltr'><strong>rege</strong></span> <span class='ocrx_word' id='word_1_111' title='bbox 1560 1626 1657 1666; x_wconf 91' lang='lat' dir='ltr'><strong>suo</strong></span> <span class='ocrx_word' id='word_1_112' title='bbox 1682 1611 1798 1666; x_wconf 86' lang='lat' dir='ltr'><strong>dia-</strong></span> 
     </span>
    </p>
   </div>
   <div class='ocr_carea' id='block_1_15' title="bbox 228 1702 1796 1774">
    <p class='ocr_par' dir='ltr' id='par_1_15' title="bbox 228 1702 1796 1774">
     <span class='ocr_line' id='line_1_15' title="bbox 228 1702 1796 1774; baseline 0.001 -18"><span class='ocrx_word' id='word_1_113' title='bbox 228 1704 353 1756; x_wconf 84' lang='lat' dir='ltr'><strong>bolo</strong></span> <span class='ocrx_word' id='word_1_114' title='bbox 378 1706 640 1773; x_wconf 85' lang='lat' dir='ltr'><strong>captivum</strong></span> <span class='ocrx_word' id='word_1_115' title='bbox 683 1702 930 1759; x_wconf 85' lang='lat' dir='ltr'><strong>tenebant</strong></span> <span class='ocrx_word' id='word_1_116' title='bbox 968 1703 1215 1774; x_wconf 80' lang='lat' dir='ltr'><strong>pupulum</strong></span> <span class='ocrx_word' id='word_1_117' title='bbox 1243 1703 1356 1759; x_wconf 88' lang='lat' dir='ltr'><strong>Dei.</strong></span> <span class='ocrx_word' id='word_1_118' title='bbox 1400 1704 1475 1759; x_wconf 87' lang='lat' dir='ltr'><strong>De</strong></span> <span class='ocrx_word' id='word_1_119' title='bbox 1500 1718 1601 1774; x_wconf 87' lang='lat' dir='ltr'><strong>qua</strong></span> <span class='ocrx_word' id='word_1_120' title='bbox 1630 1702 1796 1771; x_wconf 84' lang='lat' dir='ltr'><strong>capti-</strong></span> 
     </span>
    </p>
   </div>
   <div class='ocr_carea' id='block_1_16' title="bbox 228 1793 1797 1864">
    <p class='ocr_par' dir='ltr' id='par_1_16' title="bbox 228 1793 1797 1864">
     <span class='ocr_line' id='line_1_16' title="bbox 228 1793 1797 1864; baseline 0.003 -19"><span class='ocrx_word' id='word_1_121' title='bbox 228 1796 392 1848; x_wconf 79' lang='lat' dir='ltr'><strong>vitate</strong></span> <span class='ocrx_word' id='word_1_122' title='bbox 413 1810 533 1848; x_wconf 88' lang='lat' dir='ltr'><strong>cum</strong></span> <span class='ocrx_word' id='word_1_123' title='bbox 568 1794 896 1860; x_wconf 89' lang='lat' dir='ltr'><strong>redimimur,</strong></span> <span class='ocrx_word' id='word_1_124' title='bbox 932 1803 986 1849; x_wconf 91' lang='lat' dir='ltr'><strong>et</strong></span> <span class='ocrx_word' id='word_1_125' title='bbox 1015 1794 1256 1864; x_wconf 86' lang='lat' dir='ltr'><strong>princeps</strong></span> <span class='ocrx_word' id='word_1_126' title='bbox 1284 1793 1440 1862; x_wconf 87' lang='lat' dir='ltr'><strong>hujus</strong></span> <span class='ocrx_word' id='word_1_127' title='bbox 1468 1794 1648 1849; x_wconf 91' lang='lat' dir='ltr'><strong>mundi</strong></span> <span class='ocrx_word' id='word_1_128' title='bbox 1673 1794 1797 1849; x_wconf 83' lang='lat' dir='ltr'><strong>mit-</strong></span> 
     </span>
    </p>
   </div>
   <div class='ocr_carea' id='block_1_17' title="bbox 229 1884 1797 1954">
    <p class='ocr_par' dir='ltr' id='par_1_17' title="bbox 229 1884 1797 1954">
     <span class='ocr_line' id='line_1_17' title="bbox 229 1884 1797 1954; baseline 0.003 -19"><span class='ocrx_word' id='word_1_129' title='bbox 229 1884 359 1937; x_wconf 89' lang='lat' dir='ltr'><strong>titur</strong></span> <span class='ocrx_word' id='word_1_130' title='bbox 380 1884 542 1950; x_wconf 86' lang='lat' dir='ltr'><strong>foras,</strong></span> <span class='ocrx_word' id='word_1_131' title='bbox 567 1885 860 1938; x_wconf 79' lang='lat' dir='ltr'><strong>:rdificatur</strong></span> <span class='ocrx_word' id='word_1_132' title='bbox 880 1884 1067 1939; x_wconf 88' lang='lat' dir='ltr'><strong>domus</strong></span> <span class='ocrx_word' id='word_1_133' title='bbox 1089 1893 1207 1954; x_wconf 91' lang='lat' dir='ltr'><strong>post</strong></span> <span class='ocrx_word' id='word_1_134' title='bbox 1224 1885 1579 1954; x_wconf 82' lang='lat' dir='ltr'><strong>captivitatem</strong></span> <span class='ocrx_word' id='word_1_135' title='bbox 1609 1902 1622 1938; x_wconf 84' lang='lat'><strong>:</strong></span> <span class='ocrx_word' id='word_1_136' title='bbox 1645 1884 1797 1954; x_wconf 88' lang='lat' dir='ltr'><strong>cujus</strong></span> 
     </span>
    </p>
   </div>
   <div class='ocr_carea' id='block_1_18' title="bbox 227 1974 1793 2045">
    <p class='ocr_par' dir='ltr' id='par_1_18' title="bbox 227 1974 1793 2045">
     <span class='ocr_line' id='line_1_18' title="bbox 227 1974 1793 2045; baseline 0.002 -17"><span class='ocrx_word' id='word_1_137' title='bbox 227 1976 363 2045; x_wconf 79' lang='lat' dir='ltr'><strong>lapis</strong></span> <span class='ocrx_word' id='word_1_138' title='bbox 390 1976 655 2045; x_wconf 86' lang='lat' dir='ltr'><strong>angularis</strong></span> <span class='ocrx_word' id='word_1_139' title='bbox 684 1986 764 2029; x_wconf 90' lang='lat' dir='ltr'><strong>est</strong></span> <span class='ocrx_word' id='word_1_140' title='bbox 787 1974 1048 2042; x_wconf 85' lang='lat' dir='ltr'><strong>Christus,</strong></span> <span class='ocrx_word' id='word_1_141' title='bbox 1079 1976 1166 2045; x_wconf 86' lang='lat' dir='ltr'><strong>qui</strong></span> <span class='ocrx_word' id='word_1_142' title='bbox 1194 1975 1327 2030; x_wconf 89' lang='lat' dir='ltr'><strong>duos</strong></span> <span class='ocrx_word' id='word_1_143' title='bbox 1356 1975 1592 2031; x_wconf 89' lang='lat' dir='ltr'><strong>condidit</strong></span> <span class='ocrx_word' id='word_1_144' title='bbox 1619 1974 1670 2030; x_wconf 90' lang='lat' dir='ltr'><strong>in</strong></span> <span class='ocrx_word' id='word_1_145' title='bbox 1701 1990 1759 2031; x_wconf 89' lang='lat' dir='ltr'><strong>se</strong></span> <span class='ocrx_word' id='word_1_146' title='bbox 1777 2018 1793 2042; x_wconf 94' lang='lat'><strong>,</strong></span> 
     </span>
    </p>
   </div>
   <div class='ocr_carea' id='block_1_19' title="bbox 228 2064 1797 2135">
    <p class='ocr_par' dir='ltr' id='par_1_19' title="bbox 228 2064 1797 2135">
     <span class='ocr_line' id='line_1_19' title="bbox 228 2064 1797 2135; baseline 0.002 -18"><span class='ocrx_word' id='word_1_147' title='bbox 228 2066 279 2118; x_wconf 88' lang='lat' dir='ltr'><strong>in</strong></span> <span class='ocrx_word' id='word_1_148' title='bbox 312 2082 472 2119; x_wconf 82' lang='lat' dir='ltr'><strong>unum</strong></span> <span class='ocrx_word' id='word_1_149' title='bbox 500 2081 693 2118; x_wconf 87' lang='lat' dir='ltr'><strong>novum</strong></span> <span class='ocrx_word' id='word_1_150' title='bbox 722 2064 1007 2128; x_wconf 86' lang='lat' dir='ltr'><strong>hominem,</strong></span> <span class='ocrx_word' id='word_1_151' title='bbox 1032 2064 1229 2119; x_wconf 80' lang='lat' dir='ltr'><strong>faciens</strong></span> <span class='ocrx_word' id='word_1_152' title='bbox 1249 2080 1431 2135; x_wconf 81' lang='lat' dir='ltr'><strong>pacem</strong></span> <span class='ocrx_word' id='word_1_153' title='bbox 1455 2107 1470 2131; x_wconf 94' lang='lat'><strong>,</strong></span> <span class='ocrx_word' id='word_1_154' title='bbox 1499 2079 1656 2135; x_wconf 90' lang='lat' dir='ltr'><strong>quam</strong></span> <span class='ocrx_word' id='word_1_155' title='bbox 1682 2065 1797 2120; x_wconf 88' lang='lat' dir='ltr'><strong>dies</strong></span> 
     </span>
    </p>
   </div>
   <div class='ocr_carea' id='block_1_20' title="bbox 225 2153 1797 2227">
    <p class='ocr_par' dir='ltr' id='par_1_20' title="bbox 225 2153 1797 2227">
     <span class='ocr_line' id='line_1_20' title="bbox 225 2153 1797 2227; baseline 0.001 -17"><span class='ocrx_word' id='word_1_156' title='bbox 225 2172 291 2210; x_wconf 82' lang='lat' dir='ltr'><strong>ex</strong></span> <span class='ocrx_word' id='word_1_157' title='bbox 320 2156 409 2209; x_wconf 87' lang='lat' dir='ltr'><strong>die</strong></span> <span class='ocrx_word' id='word_1_158' title='bbox 425 2156 642 2211; x_wconf 87' lang='lat' dir='ltr'><strong>veniens</strong></span> <span class='ocrx_word' id='word_1_159' title='bbox 670 2156 1047 2226; x_wconf 85' lang='lat' dir='ltr'><strong>cvangelizavit</strong></span> <span class='ocrx_word' id='word_1_160' title='bbox 1069 2153 1145 2211; x_wconf 91' lang='lat' dir='ltr'><strong>eis</strong></span> <span class='ocrx_word' id='word_1_161' title='bbox 1164 2159 1258 2227; x_wconf 87' lang='lat' dir='ltr'><strong>qui</strong></span> <span class='ocrx_word' id='word_1_162' title='bbox 1277 2166 1429 2212; x_wconf 90' lang='lat' dir='ltr'><strong>erant</strong></span> <span class='ocrx_word' id='word_1_163' title='bbox 1446 2172 1627 2227; x_wconf 87' lang='lat' dir='ltr'><strong>prope,</strong></span> <span class='ocrx_word' id='word_1_164' title='bbox 1643 2165 1697 2211; x_wconf 90' lang='lat' dir='ltr'><strong>et</strong></span> <span class='ocrx_word' id='word_1_165' title='bbox 1718 2157 1797 2213; x_wconf 88' lang='lat' dir='ltr'><strong>eis</strong></span> 
     </span>
    </p>
   </div>
   <div class='ocr_carea' id='block_1_21' title="bbox 226 2247 1797 2320">
    <p class='ocr_par' dir='ltr' id='par_1_21' title="bbox 226 2247 1797 2320">
     <span class='ocr_line' id='line_1_21' title="bbox 226 2247 1797 2320; baseline 0.004 -22"><span class='ocrx_word' id='word_1_166' title='bbox 226 2248 314 2306; x_wconf 86' lang='lat' dir='ltr'><strong>qui</strong></span> <span class='ocrx_word' id='word_1_167' title='bbox 344 2256 499 2301; x_wconf 90' lang='lat' dir='ltr'><strong>erant</strong></span> <span class='ocrx_word' id='word_1_168' title='bbox 529 2247 703 2318; x_wconf 84' lang='lat' dir='ltr'><strong>longe,</strong></span> <span class='ocrx_word' id='word_1_169' title='bbox 731 2247 929 2302; x_wconf 81' lang='lat' dir='ltr'><strong>faciens</strong></span> <span class='ocrx_word' id='word_1_170' title='bbox 954 2257 1171 2319; x_wconf 88' lang='lat' dir='ltr'><strong>utraque</strong></span> <span class='ocrx_word' id='word_1_171' title='bbox 1197 2265 1356 2303; x_wconf 90' lang='lat' dir='ltr'><strong>unum</strong></span> <span class='ocrx_word' id='word_1_172' title='bbox 1383 2247 1593 2320; x_wconf 81' lang='lat' dir='ltr'><strong>(Epltes.</strong></span> <span class='ocrx_word' id='word_1_173' title='bbox 1622 2265 1679 2313; x_wconf 86' lang='grc' dir='ltr'>ιι,</span> <span class='ocrx_word' id='word_1_174' title='bbox 1708 2250 1797 2305; x_wconf 77' lang='lat' dir='ltr'><strong>l5-</strong></span> 
     </span>
    </p>
   </div>
   <div class='ocr_carea' id='block_1_22' title="bbox 224 2338 1797 2409">
    <p class='ocr_par' dir='ltr' id='par_1_22' title="bbox 224 2338 1797 2409">
     <span class='ocr_line' id='line_1_22' title="bbox 224 2338 1797 2409; baseline 0.003 -18"><span class='ocrx_word' id='word_1_175' title='bbox 224 2338 350 2408; x_wconf 74' lang='lat'><strong>22);</strong></span> <span class='ocrx_word' id='word_1_176' title='bbox 399 2346 453 2393; x_wconf 89' lang='lat' dir='ltr'><strong>et</strong></span> <span class='ocrx_word' id='word_1_177' title='bbox 493 2338 761 2394; x_wconf 76' lang='lat' dir='ltr'><strong>adducens</strong></span> <span class='ocrx_word' id='word_1_178' title='bbox 803 2339 935 2394; x_wconf 90' lang='lat' dir='ltr'><strong>alias</strong></span> <span class='ocrx_word' id='word_1_179' title='bbox 961 2354 1088 2395; x_wconf 87' lang='lat' dir='ltr'><strong>oves</strong></span> <span class='ocrx_word' id='word_1_180' title='bbox 1116 2355 1235 2409; x_wconf 69' lang='lat' dir='ltr'><strong>qua:</strong></span> <span class='ocrx_word' id='word_1_181' title='bbox 1278 2355 1384 2395; x_wconf 90' lang='lat' dir='ltr'><strong>non</strong></span> <span class='ocrx_word' id='word_1_182' title='bbox 1432 2352 1555 2394; x_wconf 90' lang='lat' dir='ltr'><strong>sunt</strong></span> <span class='ocrx_word' id='word_1_183' title='bbox 1596 2339 1662 2395; x_wconf 89' lang='lat' dir='ltr'><strong>de</strong></span> <span class='ocrx_word' id='word_1_184' title='bbox 1696 2339 1797 2395; x_wconf 87' lang='lat' dir='ltr'><strong>hoc</strong></span> 
     </span>
    </p>
   </div>
   <div class='ocr_carea' id='block_1_23' title="bbox 227 2429 1794 2503">
    <p class='ocr_par' dir='ltr' id='par_1_23' title="bbox 227 2429 1794 2503">
     <span class='ocr_line' id='line_1_23' title="bbox 227 2429 1794 2503; baseline 0.005 -25"><span class='ocrx_word' id='word_1_185' title='bbox 227 2433 346 2484; x_wconf 76' lang='lat' dir='ltr'><strong>ovili</strong></span> <span class='ocrx_word' id='word_1_186' title='bbox 366 2471 381 2491; x_wconf 89' lang='lat'><strong>,</strong></span> <span class='ocrx_word' id='word_1_187' title='bbox 414 2440 473 2485; x_wconf 91' lang='lat' dir='ltr'><strong>ut</strong></span> <span class='ocrx_word' id='word_1_188' title='bbox 500 2432 569 2485; x_wconf 90' lang='lat' dir='ltr'><strong>sit</strong></span> <span class='ocrx_word' id='word_1_189' title='bbox 598 2447 731 2485; x_wconf 90' lang='lat' dir='ltr'><strong>unus</strong></span> <span class='ocrx_word' id='word_1_190' title='bbox 759 2446 884 2501; x_wconf 77' lang='lat' dir='ltr'><strong>grex</strong></span> <span class='ocrx_word' id='word_1_191' title='bbox 911 2439 965 2486; x_wconf 91' lang='lat' dir='ltr'><strong>ct</strong></span> <span class='ocrx_word' id='word_1_192' title='bbox 1004 2446 1141 2486; x_wconf 88' lang='lat' dir='ltr'><strong>unus</strong></span> <span class='ocrx_word' id='word_1_193' title='bbox 1167 2440 1347 2501; x_wconf 88' lang='lat' dir='ltr'><strong>pastor</strong></span> <span class='ocrx_word' id='word_1_194' title='bbox 1374 2430 1549 2501; x_wconf 83' lang='lat' dir='ltr'><strong>(Joan.</strong></span> <span class='ocrx_word' id='word_1_195' title='bbox 1580 2447 1615 2486; x_wconf 82' lang='lat' dir='ltr'><strong>x</strong></span> <span class='ocrx_word' id='word_1_196' title='bbox 1634 2473 1650 2497; x_wconf 92' lang='lat'><strong>,</strong></span> <span class='ocrx_word' id='word_1_197' title='bbox 1683 2429 1794 2503; x_wconf 80' lang='lat' dir='ltr'><strong>i6).</strong></span> 
     </span>
    </p>
   </div>
   <div class='ocr_carea' id='block_1_24' title="bbox 228 2523 1793 2593">
    <p class='ocr_par' dir='ltr' id='par_1_24' title="bbox 228 2523 1793 2593">
     <span class='ocr_line' id='line_1_24' title="bbox 228 2523 1793 2593; baseline 0.003 -18"><span class='ocrx_word' id='word_1_198' title='bbox 228 2523 290 2576; x_wconf 73' lang='lat' dir='ltr'><strong>Et</strong></span> <span class='ocrx_word' id='word_1_199' title='bbox 315 2525 387 2575; x_wconf 87' lang='lat' dir='ltr'><strong>ita</strong></span> <span class='ocrx_word' id='word_1_200' title='bbox 416 2523 557 2578; x_wconf 89' lang='lat' dir='ltr'><strong>Deus</strong></span> <span class='ocrx_word' id='word_1_201' title='bbox 585 2523 722 2577; x_wconf 82' lang='lat' dir='ltr'><strong>dedit</strong></span> <span class='ocrx_word' id='word_1_202' title='bbox 747 2524 797 2577; x_wconf 88' lang='lat' dir='ltr'><strong>in</strong></span> <span class='ocrx_word' id='word_1_203' title='bbox 828 2523 1194 2577; x_wconf 73' lang='lat' dir='ltr'><strong>misericordias</strong></span> <span class='ocrx_word' id='word_1_204' title='bbox 1219 2524 1619 2593; x_wconf 83' lang='lat' dir='ltr'><strong>praedestinatos</strong></span> <span class='ocrx_word' id='word_1_205' title='bbox 1638 2540 1793 2588; x_wconf 88' lang='lat' dir='ltr'><strong>suos;</strong></span> 
     </span>
    </p>
   </div>
   <div class='ocr_carea' id='block_1_25' title="bbox 227 2614 1797 2684">
    <p class='ocr_par' dir='ltr' id='par_1_25' title="bbox 227 2614 1797 2684">
     <span class='ocr_line' id='line_1_25' title="bbox 227 2614 1797 2684; baseline 0.004 -22"><span class='ocrx_word' id='word_1_206' title='bbox 227 2616 340 2681; x_wconf 81' lang='lat' dir='ltr'><strong>quia</strong></span> <span class='ocrx_word' id='word_1_207' title='bbox 369 2631 470 2667; x_wconf 89' lang='lat' dir='ltr'><strong>non</strong></span> <span class='ocrx_word' id='word_1_208' title='bbox 495 2614 703 2667; x_wconf 78' lang='lat' dir='ltr'><strong>volentis</strong></span> <span class='ocrx_word' id='word_1_209' title='bbox 727 2630 884 2684; x_wconf 85' lang='lat' dir='ltr'><strong>neque</strong></span> <span class='ocrx_word' id='word_1_210' title='bbox 906 2614 1172 2680; x_wconf 83' lang='lat' dir='ltr'><strong>currentis,</strong></span> <span class='ocrx_word' id='word_1_211' title='bbox 1200 2614 1288 2667; x_wconf 78' lang='lat' dir='ltr'><strong>sed</strong></span> <span class='ocrx_word' id='word_1_212' title='bbox 1311 2614 1585 2669; x_wconf 87' lang='lat' dir='ltr'><strong>miserentis</strong></span> <span class='ocrx_word' id='word_1_213' title='bbox 1611 2622 1681 2670; x_wconf 83' lang='lat' dir='ltr'><strong>est</strong></span> <span class='ocrx_word' id='word_1_214' title='bbox 1704 2614 1797 2669; x_wconf 89' lang='lat' dir='ltr'><strong>Dei</strong></span> 
     </span>
    </p>
   </div>
   <div class='ocr_carea' id='block_1_26' title="bbox 225 2700 1792 2775">
    <p class='ocr_par' dir='ltr' id='par_1_26' title="bbox 225 2700 1792 2775">
     <span class='ocr_line' id='line_1_26' title="bbox 225 2700 1792 2775; baseline 0 -18"><span class='ocrx_word' id='word_1_215' title='bbox 225 2705 403 2773; x_wconf 77' lang='lat' dir='ltr'><strong>(Rom.</strong></span> <span class='ocrx_word' id='word_1_216' title='bbox 431 2721 482 2758; x_wconf 69' lang='lat' dir='ltr'><strong>1X</strong></span> <span class='ocrx_word' id='word_1_217' title='bbox 502 2744 516 2763; x_wconf 85' lang='grc'><strong>.</strong></span> <span class='ocrx_word' id='word_1_218' title='bbox 552 2700 682 2775; x_wconf 77' lang='grc'><strong>16)’;</strong></span> <span class='ocrx_word' id='word_1_219' title='bbox 714 2706 765 2758; x_wconf 91' lang='lat' dir='ltr'><strong>in</strong></span> <span class='ocrx_word' id='word_1_220' title='bbox 791 2714 1056 2775; x_wconf 80' lang='lat' dir='ltr'><strong>conspectu</strong></span> <span class='ocrx_word' id='word_1_221' title='bbox 1081 2705 1302 2758; x_wconf 87' lang='lat' dir='ltr'><strong>omnium</strong></span> <span class='ocrx_word' id='word_1_222' title='bbox 1326 2707 1411 2775; x_wconf 84' lang='lat' dir='ltr'><strong>qui</strong></span> <span class='ocrx_word' id='word_1_223' title='bbox 1430 2716 1660 2775; x_wconf 77' lang='lat' dir='ltr'><strong>ceperant</strong></span> <span class='ocrx_word' id='word_1_224' title='bbox 1687 2723 1792 2761; x_wconf 88' lang='lat' dir='ltr'><strong>eos.</strong></span> 
     </span>
    </p>
   </div>
   <div class='ocr_carea' id='block_1_27' title="bbox 224 2794 1798 2865">
    <p class='ocr_par' dir='ltr' id='par_1_27' title="bbox 224 2794 1798 2865">
     <span class='ocr_line' id='line_1_27' title="bbox 224 2794 1798 2865; baseline 0.003 -18"><span class='ocrx_word' id='word_1_225' title='bbox 224 2794 285 2847; x_wconf 85' lang='lat' dir='ltr'><strong>ili</strong></span> <span class='ocrx_word' id='word_1_226' title='bbox 316 2810 443 2865; x_wconf 73' lang='lat' dir='ltr'><strong>ergo</strong></span> <span class='ocrx_word' id='word_1_227' title='bbox 472 2795 689 2859; x_wconf 85' lang='lat' dir='ltr'><strong>inimici,</strong></span> <span class='ocrx_word' id='word_1_228' title='bbox 723 2795 964 2849; x_wconf 87' lang='lat' dir='ltr'><strong>diabolus</strong></span> <span class='ocrx_word' id='word_1_229' title='bbox 989 2802 1043 2850; x_wconf 90' lang='lat' dir='ltr'><strong>et</strong></span> <span class='ocrx_word' id='word_1_230' title='bbox 1070 2795 1239 2865; x_wconf 82' lang='lat' dir='ltr'><strong>angeli</strong></span> <span class='ocrx_word' id='word_1_231' title='bbox 1269 2795 1384 2863; x_wconf 89' lang='lat' dir='ltr'><strong>ejus</strong></span> <span class='ocrx_word' id='word_1_232' title='bbox 1406 2796 1798 2865; x_wconf 86' lang='lat' dir='ltr'><strong>captivaverant</strong></span> 
     </span>
    </p>
   </div>
   <div class='ocr_carea' id='block_1_28' title="bbox 228 2886 1797 2959">
    <p class='ocr_par' dir='ltr' id='par_1_28' title="bbox 228 2886 1797 2959">
     <span class='ocr_line' id='line_1_28' title="bbox 228 2886 1797 2959; baseline 0 -18"><span class='ocrx_word' id='word_1_233' title='bbox 228 2887 630 2957; x_wconf 71' lang='lat' dir='ltr'><strong>prmdestinatos</strong></span> <span class='ocrx_word' id='word_1_234' title='bbox 668 2888 719 2941; x_wconf 91' lang='lat' dir='ltr'><strong>in</strong></span> <span class='ocrx_word' id='word_1_235' title='bbox 762 2887 857 2942; x_wconf 84' lang='lat' dir='ltr'><strong>Dei</strong></span> <span class='ocrx_word' id='word_1_236' title='bbox 886 2904 1105 2959; x_wconf 87' lang='lat' dir='ltr'><strong>regnum</strong></span> <span class='ocrx_word' id='word_1_237' title='bbox 1136 2897 1189 2943; x_wconf 83' lang='lat' dir='ltr'><strong>et</strong></span> <span class='ocrx_word' id='word_1_238' title='bbox 1214 2887 1433 2957; x_wconf 88' lang='lat' dir='ltr'><strong>gloriam</strong></span> <span class='ocrx_word' id='word_1_239' title='bbox 1463 2904 1477 2941; x_wconf 86' lang='lat'><strong>:</strong></span> <span class='ocrx_word' id='word_1_240' title='bbox 1509 2902 1538 2941; x_wconf 88' lang='lat' dir='ltr'><strong>a</strong></span> <span class='ocrx_word' id='word_1_241' title='bbox 1565 2886 1797 2943; x_wconf 84' lang='lat' dir='ltr'><strong>Redem-</strong></span> 
     </span>
    </p>
   </div>
   <div class='ocr_carea' id='block_1_29' title="bbox 225 2976 1793 3049">
    <p class='ocr_par' dir='ltr' id='par_1_29' title="bbox 225 2976 1793 3049">
     <span class='ocr_line' id='line_1_29' title="bbox 225 2976 1793 3049; baseline 0 -17"><span class='ocrx_word' id='word_1_242' title='bbox 225 2990 377 3049; x_wconf 90' lang='lat' dir='ltr'><strong>ptorc</strong></span> <span class='ocrx_word' id='word_1_243' title='bbox 404 2988 582 3033; x_wconf 83' lang='lat' dir='ltr'><strong>autem</strong></span> <span class='ocrx_word' id='word_1_244' title='bbox 613 2988 793 3033; x_wconf 89' lang='lat' dir='ltr'><strong>nostro</strong></span> <span class='ocrx_word' id='word_1_245' title='bbox 821 2978 960 3033; x_wconf 88' lang='lat' dir='ltr'><strong>foras</strong></span> <span class='ocrx_word' id='word_1_246' title='bbox 987 2979 1135 3033; x_wconf 90' lang='lat' dir='ltr'><strong>missi</strong></span> <span class='ocrx_word' id='word_1_247' title='bbox 1159 2978 1248 3049; x_wconf 89' lang='lat' dir='ltr'><strong>qui</strong></span> <span class='ocrx_word' id='word_1_248' title='bbox 1272 2977 1533 3033; x_wconf 83' lang='lat' dir='ltr'><strong>dominari</strong></span> <span class='ocrx_word' id='word_1_249' title='bbox 1563 2976 1793 3032; x_wconf 82' lang='lat' dir='ltr'><strong>inﬁdeli-</strong></span> 
     </span>
    </p>
   </div>
   <div class='ocr_carea' id='block_1_30' title="bbox 227 3062 1793 3140">
    <p class='ocr_par' dir='ltr' id='par_1_30' title="bbox 227 3062 1793 3140">
     <span class='ocr_line' id='line_1_30' title="bbox 227 3062 1793 3140; baseline 0.003 -18"><span class='ocrx_word' id='word_1_250' title='bbox 227 3069 319 3124; x_wconf 87' lang='lat' dir='ltr'><strong>bus</strong></span> <span class='ocrx_word' id='word_1_251' title='bbox 341 3062 585 3125; x_wconf 78' lang='lat' dir='ltr'><strong>Solebant</strong></span> <span class='ocrx_word' id='word_1_252' title='bbox 610 3070 924 3125; x_wconf 89' lang='lat' dir='ltr'><strong>intrinsecus</strong></span> <span class='ocrx_word' id='word_1_253' title='bbox 942 3110 957 3133; x_wconf 89' lang='lat'><strong>,</strong></span> <span class='ocrx_word' id='word_1_254' title='bbox 988 3070 1173 3125; x_wconf 82' lang='lat' dir='ltr'><strong>ﬁdeles</strong></span> <span class='ocrx_word' id='word_1_255' title='bbox 1198 3078 1501 3140; x_wconf 82' lang='lat' dir='ltr'><strong>oppugnant</strong></span> <span class='ocrx_word' id='word_1_256' title='bbox 1526 3070 1793 3127; x_wconf 82' lang='lat' dir='ltr'><strong>extrinse-</strong></span> 
     </span>
    </p>
   </div>
   <div class='ocr_carea' id='block_1_31' title="bbox 222 3161 1797 3233">
    <p class='ocr_par' dir='ltr' id='par_1_31' title="bbox 222 3161 1797 3233">
     <span class='ocr_line' id='line_1_31' title="bbox 222 3161 1797 3233; baseline 0.002 -20"><span class='ocrx_word' id='word_1_257' title='bbox 222 3176 333 3215; x_wconf 94' lang='lat' dir='ltr'><strong>cus.</strong></span> <span class='ocrx_word' id='word_1_258' title='bbox 361 3161 465 3217; x_wconf 86' lang='lat' dir='ltr'><strong>Sed</strong></span> <span class='ocrx_word' id='word_1_259' title='bbox 496 3169 1255 3232; x_wconf 69' lang='lat' dir='ltr'><strong>oppugnantmmtexpugnant</strong></span> <span class='ocrx_word' id='word_1_260' title='bbox 1278 3175 1373 3217; x_wconf 90' lang='lat' dir='ltr'><strong>eos</strong></span> <span class='ocrx_word' id='word_1_261' title='bbox 1390 3161 1478 3230; x_wconf 92' lang='lat' dir='ltr'><strong>qui</strong></span> <span class='ocrx_word' id='word_1_262' title='bbox 1505 3161 1797 3233; x_wconf 83' lang='lat' dir='ltr'><strong>apprchen-</strong></span> 
     </span>
    </p>
   </div>
   <div class='ocr_carea' id='block_1_32' title="bbox 220 3250 1791 3332">
    <p class='ocr_par' dir='ltr' id='par_1_32' title="bbox 220 3250 1791 3332">
     <span class='ocr_line' id='line_1_32' title="bbox 220 3250 1791 3332; baseline 0.001 -26"><span class='ocrx_word' id='word_1_263' title='bbox 220 3253 349 3307; x_wconf 86' lang='lat' dir='ltr'><strong>dunt</strong></span> <span class='ocrx_word' id='word_1_264' title='bbox 379 3262 577 3308; x_wconf 85' lang='lat' dir='ltr'><strong>turrem</strong></span> <span class='ocrx_word' id='word_1_265' title='bbox 604 3251 975 3307; x_wconf 86' lang='lat' dir='ltr'><strong>fortitudinisa</strong></span> <span class='ocrx_word' id='word_1_266' title='bbox 1002 3250 1136 3306; x_wconf 89' lang='lat' dir='ltr'><strong>facie</strong></span> <span class='ocrx_word' id='word_1_267' title='bbox 1162 3252 1358 3307; x_wconf 90' lang='lat' dir='ltr'><strong>inimici</strong></span> <span class='ocrx_word' id='word_1_268' title='bbox 1389 3250 1557 3325; x_wconf 77' lang='lat' dir='ltr'><strong>(Psal.</strong></span> <span class='ocrx_word' id='word_1_269' title='bbox 1591 3269 1677 3316; x_wconf 74' lang='lat' dir='ltr'><strong>1.x,</strong></span> <span class='ocrx_word' id='word_1_270' title='bbox 1711 3262 1791 3332; x_wconf 72' lang='grc'><strong>4).</strong></span> 
     </span>
    </p>
   </div>
   <div class='ocr_carea' id='block_1_33' title="bbox 226 3343 1793 3414">
    <p class='ocr_par' dir='ltr' id='par_1_33' title="bbox 226 3343 1793 3414">
     <span class='ocr_line' id='line_1_33' title="bbox 226 3343 1793 3414; baseline -0.002 -15"><span class='ocrx_word' id='word_1_271' title='bbox 226 3344 291 3399; x_wconf 78' lang='lat' dir='ltr'><strong>Ut</strong></span> <span class='ocrx_word' id='word_1_272' title='bbox 314 3355 491 3400; x_wconf 90' lang='lat' dir='ltr'><strong>autem</strong></span> <span class='ocrx_word' id='word_1_273' title='bbox 522 3352 873 3414; x_wconf 85' lang='lat' dir='ltr'><strong>oppugnent,</strong></span> <span class='ocrx_word' id='word_1_274' title='bbox 892 3343 1127 3398; x_wconf 89' lang='lat' dir='ltr'><strong>sentiunt</strong></span> <span class='ocrx_word' id='word_1_275' title='bbox 1165 3344 1214 3396; x_wconf 93' lang='lat' dir='ltr'><strong>in</strong></span> <span class='ocrx_word' id='word_1_276' title='bbox 1244 3343 1397 3398; x_wconf 91' lang='lat' dir='ltr'><strong>nobis</strong></span> <span class='ocrx_word' id='word_1_277' title='bbox 1425 3357 1544 3398; x_wconf 90' lang='lat' dir='ltr'><strong>esse</strong></span> <span class='ocrx_word' id='word_1_278' title='bbox 1570 3343 1793 3398; x_wconf 86' lang='lat' dir='ltr'><strong>infirmi-</strong></span> 
     </span>
    </p>
   </div>
   <div class='ocr_carea' id='block_1_34' title="bbox 226 3434 1795 3507">
    <p class='ocr_par' dir='ltr' id='par_1_34' title="bbox 226 3434 1795 3507">
     <span class='ocr_line' id='line_1_34' title="bbox 226 3434 1795 3507; baseline 0.001 -19"><span class='ocrx_word' id='word_1_279' title='bbox 226 3438 343 3491; x_wconf 82' lang='lat' dir='ltr'><strong>tatis</strong></span> <span class='ocrx_word' id='word_1_280' title='bbox 382 3437 665 3507; x_wconf 86' lang='lat' dir='ltr'><strong>reliquias,</strong></span> <span class='ocrx_word' id='word_1_281' title='bbox 693 3445 912 3507; x_wconf 89' lang='lat' dir='ltr'><strong>propter</strong></span> <span class='ocrx_word' id='word_1_282' title='bbox 939 3449 1070 3506; x_wconf 90' lang='lat' dir='ltr'><strong>quas</strong></span> <span class='ocrx_word' id='word_1_283' title='bbox 1095 3435 1322 3489; x_wconf 88' lang='lat' dir='ltr'><strong>dicimus</strong></span> <span class='ocrx_word' id='word_1_284' title='bbox 1341 3476 1355 3497; x_wconf 86' lang='lat'><strong>,</strong></span> <span class='ocrx_word' id='word_1_285' title='bbox 1406 3434 1617 3490; x_wconf 81' lang='lat' dir='ltr'><strong>Dimitte</strong></span> <span class='ocrx_word' id='word_1_286' title='bbox 1652 3435 1795 3490; x_wconf 83' lang='lat' dir='ltr'><strong>nobis</strong></span> 
     </span>
    </p>
   </div>
   <div class='ocr_carea' id='block_1_35' title="bbox 221 3523 1794 3596">
    <p class='ocr_par' dir='ltr' id='par_1_35' title="bbox 221 3523 1794 3596">
     <span class='ocr_line' id='line_1_35' title="bbox 221 3523 1794 3596; baseline 0.002 -17"><span class='ocrx_word' id='word_1_287' title='bbox 221 3527 379 3580; x_wconf 63' lang='lat' dir='ltr'><strong>debita</strong></span> <span class='ocrx_word' id='word_1_288' title='bbox 401 3539 612 3591; x_wconf 86' lang='lat' dir='ltr'><strong>nostra;</strong></span> <span class='ocrx_word' id='word_1_289' title='bbox 644 3537 857 3596; x_wconf 84' lang='lat' dir='ltr'><strong>propter</strong></span> <span class='ocrx_word' id='word_1_290' title='bbox 880 3540 1011 3596; x_wconf 89' lang='lat' dir='ltr'><strong>quas</strong></span> <span class='ocrx_word' id='word_1_291' title='bbox 1036 3526 1280 3589; x_wconf 85' lang='lat' dir='ltr'><strong>dicimus,</strong></span> <span class='ocrx_word' id='word_1_292' title='bbox 1311 3523 1392 3579; x_wconf 87' lang='lat' dir='ltr'><strong>Ne</strong></span> <span class='ocrx_word' id='word_1_293' title='bbox 1415 3542 1505 3579; x_wconf 90' lang='lat' dir='ltr'><strong>nos</strong></span> <span class='ocrx_word' id='word_1_294' title='bbox 1530 3526 1718 3596; x_wconf 79' lang='lat' dir='ltr'><strong>inferas</strong></span> <span class='ocrx_word' id='word_1_295' title='bbox 1741 3527 1794 3582; x_wconf 87' lang='lat' dir='ltr'><strong>in</strong></span> 
     </span>
    </p>
   </div>
   <div class='ocr_carea' id='block_1_36' title="bbox 224 3616 1791 3687">
    <p class='ocr_par' dir='ltr' id='par_1_36' title="bbox 224 3616 1791 3687">
     <span class='ocr_line' id='line_1_36' title="bbox 224 3616 1791 3687; baseline 0.002 -17"><span class='ocrx_word' id='word_1_296' title='bbox 224 3621 537 3673; x_wconf 64' lang='lat' dir='ltr'><strong>testationem</strong></span> <span class='ocrx_word' id='word_1_297' title='bbox 556 3661 571 3684; x_wconf 95' lang='lat'><strong>,</strong></span> <span class='ocrx_word' id='word_1_298' title='bbox 604 3618 694 3673; x_wconf 82' lang='lat' dir='ltr'><strong>sed</strong></span> <span class='ocrx_word' id='word_1_299' title='bbox 717 3618 871 3673; x_wconf 84' lang='lat' dir='ltr'><strong>libera</strong></span> <span class='ocrx_word' id='word_1_300' title='bbox 890 3634 979 3671; x_wconf 92' lang='lat' dir='ltr'><strong>nos</strong></span> <span class='ocrx_word' id='word_1_301' title='bbox 1005 3634 1036 3671; x_wconf 92' lang='lat' dir='ltr'><strong>a</strong></span> <span class='ocrx_word' id='word_1_302' title='bbox 1062 3618 1193 3671; x_wconf 74' lang='lat' dir='ltr'><strong>maio</strong></span> <span class='ocrx_word' id='word_1_303' title='bbox 1220 3616 1430 3682; x_wconf 74' lang='lat' dir='ltr'><strong>(Matth.</strong></span> <span class='ocrx_word' id='word_1_304' title='bbox 1452 3633 1523 3681; x_wconf 73' lang='lat' dir='ltr'><strong>Vl,</strong></span> <span class='ocrx_word' id='word_1_305' title='bbox 1556 3617 1647 3683; x_wconf 67' lang='lat'><strong>{2,</strong></span> <span class='ocrx_word' id='word_1_306' title='bbox 1675 3619 1791 3687; x_wconf 80' lang='grc'><strong>15).</strong></span> 
     </span>
    </p>
   </div>
   <div class='ocr_carea' id='block_1_37' title="bbox 229 3707 1792 3782">
    <p class='ocr_par' dir='ltr' id='par_1_37' title="bbox 229 3707 1792 3782">
     <span class='ocr_line' id='line_1_37' title="bbox 229 3707 1792 3782; baseline -0.001 -19"><span class='ocrx_word' id='word_1_307' title='bbox 229 3711 315 3763; x_wconf 88' lang='lat' dir='ltr'><strong>llis</strong></span> <span class='ocrx_word' id='word_1_308' title='bbox 336 3711 513 3782; x_wconf 84' lang='lat' dir='ltr'><strong>itaque</strong></span> <span class='ocrx_word' id='word_1_309' title='bbox 539 3710 769 3765; x_wconf 89' lang='lat' dir='ltr'><strong>inimicis</strong></span> <span class='ocrx_word' id='word_1_310' title='bbox 798 3709 1003 3779; x_wconf 83' lang='lat' dir='ltr'><strong>ejectis,</strong></span> <span class='ocrx_word' id='word_1_311' title='bbox 1036 3707 1266 3778; x_wconf 72' lang='lat' dir='ltr'><strong>perfecit</strong></span> <span class='ocrx_word' id='word_1_312' title='bbox 1280 3708 1531 3763; x_wconf 90' lang='lat' dir='ltr'><strong>Dominus</strong></span> <span class='ocrx_word' id='word_1_313' title='bbox 1552 3707 1792 3764; x_wconf 89' lang='lat' dir='ltr'><strong>Christus</strong></span> 
     </span>
    </p>
   </div>
   <div class='ocr_carea' id='block_1_38' title="bbox 220 3800 1791 3871">
    <p class='ocr_par' dir='ltr' id='par_1_38' title="bbox 220 3800 1791 3871">
     <span class='ocr_line' id='line_1_38' title="bbox 220 3800 1791 3871; baseline -0.003 -14"><span class='ocrx_word' id='word_1_314' title='bbox 220 3804 467 3859; x_wconf 80' lang='lat' dir='ltr'><strong>sanitates</strong></span> <span class='ocrx_word' id='word_1_315' title='bbox 496 3804 553 3857; x_wconf 83' lang='lat' dir='ltr'><strong>in</strong></span> <span class='ocrx_word' id='word_1_316' title='bbox 579 3816 830 3870; x_wconf 88' lang='lat' dir='ltr'><strong>corpore,</strong></span> <span class='ocrx_word' id='word_1_317' title='bbox 860 3801 945 3858; x_wconf 90' lang='lat' dir='ltr'><strong>cui</strong></span> <span class='ocrx_word' id='word_1_318' title='bbox 973 3810 1133 3871; x_wconf 86' lang='lat' dir='ltr'><strong>caput</strong></span> <span class='ocrx_word' id='word_1_319' title='bbox 1156 3809 1239 3854; x_wconf 89' lang='lat' dir='ltr'><strong>est</strong></span> <span class='ocrx_word' id='word_1_320' title='bbox 1266 3800 1377 3870; x_wconf 91' lang='lat' dir='ltr'><strong>ipsc</strong></span> <span class='ocrx_word' id='word_1_321' title='bbox 1397 3800 1640 3855; x_wconf 83' lang='lat' dir='ltr'><strong>Salvator</strong></span> <span class='ocrx_word' id='word_1_322' title='bbox 1668 3814 1791 3855; x_wconf 87' lang='lat' dir='ltr'><strong>cor-</strong></span> 
     </span>
    </p>
   </div>
   <div class='ocr_carea' id='block_1_39' title="bbox 227 3892 1788 3968">
    <p class='ocr_par' dir='ltr' id='par_1_39' title="bbox 227 3892 1788 3968">
     <span class='ocr_line' id='line_1_39' title="bbox 227 3892 1788 3968; baseline -0.002 -19"><span class='ocrx_word' id='word_1_323' title='bbox 227 3896 361 3963; x_wconf 90' lang='lat' dir='ltr'><strong>poris</strong></span> <span class='ocrx_word' id='word_1_324' title='bbox 384 3894 604 3968; x_wconf 82' lang='lat' dir='ltr'><strong>(Ephes.</strong></span> <span class='ocrx_word' id='word_1_325' title='bbox 635 3911 688 3962; x_wconf 92' lang='lat' dir='ltr'><strong>v,</strong></span> <span class='ocrx_word' id='word_1_326' title='bbox 713 3893 829 3967; x_wconf 71' lang='lat'><strong>23),</strong></span> <span class='ocrx_word' id='word_1_327' title='bbox 861 3905 917 3949; x_wconf 92' lang='lat' dir='ltr'><strong>ut</strong></span> <span class='ocrx_word' id='word_1_328' title='bbox 948 3894 1002 3948; x_wconf 88' lang='lat' dir='ltr'><strong>in</strong></span> <span class='ocrx_word' id='word_1_329' title='bbox 1034 3908 1099 3948; x_wconf 90' lang='lat' dir='ltr'><strong>eo</strong></span> <span class='ocrx_word' id='word_1_330' title='bbox 1126 3893 1239 3961; x_wconf 90' lang='lat' dir='ltr'><strong>ipso</strong></span> <span class='ocrx_word' id='word_1_331' title='bbox 1263 3906 1487 3960; x_wconf 87' lang='lat' dir='ltr'><strong>corpore</strong></span> <span class='ocrx_word' id='word_1_332' title='bbox 1514 3906 1610 3945; x_wconf 89' lang='lat' dir='ltr'><strong>suo</strong></span> <span class='ocrx_word' id='word_1_333' title='bbox 1638 3892 1788 3946; x_wconf 89' lang='lat' dir='ltr'><strong>tertia</strong></span> 
     </span>
    </p>
   </div>
   <div class='ocr_carea' id='block_1_40' title="bbox 224 3983 1789 4053">
    <p class='ocr_par' dir='ltr' id='par_1_40' title="bbox 224 3983 1789 4053">
     <span class='ocr_line' id='line_1_40' title="bbox 224 3983 1789 4053; baseline -0.002 -13"><span class='ocrx_word' id='word_1_334' title='bbox 224 3996 633 4045; x_wconf 78' lang='lat' dir='ltr'><strong>consummatur.</strong></span> <span class='ocrx_word' id='word_1_335' title='bbox 653 3986 741 4042; x_wconf 83' lang='lat' dir='ltr'><strong>Sic</strong></span> <span class='ocrx_word' id='word_1_336' title='bbox 767 3986 908 4041; x_wconf 86' lang='lat' dir='ltr'><strong>enim</strong></span> <span class='ocrx_word' id='word_1_337' title='bbox 935 3985 1087 4049; x_wconf 90' lang='lat' dir='ltr'><strong>dixit,</strong></span> <span class='ocrx_word' id='word_1_338' title='bbox 1111 3983 1241 4038; x_wconf 86' lang='lat' dir='ltr'><strong>Ecce</strong></span> <span class='ocrx_word' id='word_1_339' title='bbox 1255 3983 1401 4053; x_wconf 87' lang='lat' dir='ltr'><strong>ejicio</strong></span> <span class='ocrx_word' id='word_1_340' title='bbox 1430 3983 1710 4047; x_wconf 65' lang='lat' dir='ltr'><strong>daemonia,</strong></span> <span class='ocrx_word' id='word_1_341' title='bbox 1742 3992 1789 4037; x_wconf 83' lang='lat' dir='ltr'><strong>et</strong></span> 
     </span>
    </p>
   </div>
   <div class='ocr_carea' id='block_1_41' title="bbox 222 4076 1789 4149">
    <p class='ocr_par' dir='ltr' id='par_1_41' title="bbox 222 4076 1789 4149">
     <span class='ocr_line' id='line_1_41' title="bbox 222 4076 1789 4149; baseline 0 -19"><span class='ocrx_word' id='word_1_342' title='bbox 222 4080 449 4133; x_wconf 69' lang='lat' dir='ltr'><strong>inanitates</strong></span> <span class='ocrx_word' id='word_1_343' title='bbox 491 4079 699 4149; x_wconf 81' lang='lat' dir='ltr'><strong>perﬁcio</strong></span> <span class='ocrx_word' id='word_1_344' title='bbox 745 4078 891 4133; x_wconf 84' lang='lat' dir='ltr'><strong>hodie</strong></span> <span class='ocrx_word' id='word_1_345' title='bbox 936 4087 981 4132; x_wconf 88' lang='lat' dir='ltr'><strong>et</strong></span> <span class='ocrx_word' id='word_1_346' title='bbox 1014 4093 1161 4140; x_wconf 83' lang='lat' dir='ltr'><strong>cras,</strong></span> <span class='ocrx_word' id='word_1_347' title='bbox 1209 4086 1255 4130; x_wconf 86' lang='lat' dir='ltr'><strong>et</strong></span> <span class='ocrx_word' id='word_1_348' title='bbox 1284 4076 1431 4130; x_wconf 90' lang='lat' dir='ltr'><strong>tertia</strong></span> <span class='ocrx_word' id='word_1_349' title='bbox 1471 4091 1789 4130; x_wconf 86' lang='lat' dir='ltr'><strong>consummor</strong></span> 
     </span>
    </p>
   </div>
   <div class='ocr_carea' id='block_1_42' title="bbox 218 4166 1789 4239">
    <p class='ocr_par' dir='ltr' id='par_1_42' title="bbox 218 4166 1789 4239">
     <span class='ocr_line' id='line_1_42' title="bbox 218 4166 1789 4239; baseline 0 -18"><span class='ocrx_word' id='word_1_350' title='bbox 218 4168 365 4239; x_wconf 84' lang='lat' dir='ltr'><strong>(Luc.</strong></span> <span class='ocrx_word' id='word_1_351' title='bbox 382 4187 496 4235; x_wconf 90' lang='lat' dir='ltr'><strong>xm,</strong></span> <span class='ocrx_word' id='word_1_352' title='bbox 516 4169 605 4239; x_wconf 71' lang='grc'><strong>52)</strong></span> <span class='ocrx_word' id='word_1_353' title='bbox 626 4185 641 4234; x_wconf 90' lang='lat'><strong>;</strong></span> <span class='ocrx_word' id='word_1_354' title='bbox 665 4169 715 4224; x_wconf 90' lang='lat' dir='ltr'><strong>id</strong></span> <span class='ocrx_word' id='word_1_355' title='bbox 729 4178 830 4233; x_wconf 87' lang='lat' dir='ltr'><strong>est,</strong></span> <span class='ocrx_word' id='word_1_356' title='bbox 854 4169 1117 4239; x_wconf 83' lang='lat' dir='ltr'><strong>periicior,</strong></span> <span class='ocrx_word' id='word_1_357' title='bbox 1129 4166 1528 4222; x_wconf 87' lang='lat' dir='ltr'><strong>occurrentibus</strong></span> <span class='ocrx_word' id='word_1_358' title='bbox 1542 4168 1789 4238; x_wconf 83' lang='lat' dir='ltr'><strong>omnibus</strong></span> 
     </span>
    </p>
   </div>
   <div class='ocr_carea' id='block_1_43' title="bbox 222 4259 1787 4332">
    <p class='ocr_par' dir='ltr' id='par_1_43' title="bbox 222 4259 1787 4332">
     <span class='ocr_line' id='line_1_43' title="bbox 222 4259 1787 4332; baseline 0 -18"><span class='ocrx_word' id='word_1_359' title='bbox 222 4261 367 4316; x_wconf 88' lang='lat' dir='ltr'><strong>nobis</strong></span> <span class='ocrx_word' id='word_1_360' title='bbox 392 4262 443 4316; x_wconf 91' lang='lat' dir='ltr'><strong>in</strong></span> <span class='ocrx_word' id='word_1_361' title='bbox 468 4262 641 4316; x_wconf 87' lang='lat' dir='ltr'><strong>virum</strong></span> <span class='ocrx_word' id='word_1_362' title='bbox 674 4259 983 4332; x_wconf 79' lang='lat' dir='ltr'><strong>perfectum,</strong></span> <span class='ocrx_word' id='word_1_363' title='bbox 1012 4261 1063 4315; x_wconf 88' lang='lat' dir='ltr'><strong>in</strong></span> <span class='ocrx_word' id='word_1_364' title='bbox 1094 4274 1397 4316; x_wconf 87' lang='lat' dir='ltr'><strong>mensuram</strong></span> <span class='ocrx_word' id='word_1_365' title='bbox 1426 4259 1596 4314; x_wconf 63' lang='lat' dir='ltr'><strong>{etatis</strong></span> <span class='ocrx_word' id='word_1_366' title='bbox 1617 4259 1787 4330; x_wconf 88' lang='lat' dir='ltr'><strong>pleni-</strong></span> 
     </span>
    </p>
   </div>
   <div class='ocr_carea' id='block_1_44' title="bbox 222 4350 1149 4423">
    <p class='ocr_par' dir='ltr' id='par_1_44' title="bbox 222 4350 1149 4423">
     <span class='ocr_line' id='line_1_44' title="bbox 222 4350 1149 4423; baseline -0.001 -18"><span class='ocrx_word' id='word_1_367' title='bbox 222 4352 412 4408; x_wconf 85' lang='lat' dir='ltr'><strong>tudinis</strong></span> <span class='ocrx_word' id='word_1_368' title='bbox 431 4353 625 4408; x_wconf 86' lang='lat' dir='ltr'><strong>Christi</strong></span> <span class='ocrx_word' id='word_1_369' title='bbox 654 4352 672 4423; x_wconf 96' lang='lat'><strong>(</strong></span> <span class='ocrx_word' id='word_1_370' title='bbox 696 4351 884 4423; x_wconf 79' lang='lat' dir='ltr'><strong>Epltes.</strong></span> <span class='ocrx_word' id='word_1_371' title='bbox 909 4368 960 4406; x_wconf 85' lang='lat' dir='ltr'><strong>tv</strong></span> <span class='ocrx_word' id='word_1_372' title='bbox 987 4393 998 4415; x_wconf 92' lang='lat'><strong>,</strong></span> <span class='ocrx_word' id='word_1_373' title='bbox 1030 4350 1149 4421; x_wconf 79' lang='grc'><strong>15).</strong></span> 
     </span>
    </p>
   </div>
   <div class='ocr_carea' id='block_1_45' title="bbox 286 4435 1782 4516">
    <p class='ocr_par' dir='ltr' id='par_1_45' title="bbox 286 4435 1782 4516">
     <span class='ocr_line' id='line_1_45' title="bbox 286 4435 1782 4516; baseline -0.002 -16"><span class='ocrx_word' id='word_1_374' title='bbox 286 4445 373 4500; x_wconf 76' lang='lat'><strong>57.</strong></span> <span class='ocrx_word' id='word_1_375' title='bbox 397 4443 565 4516; x_wconf 69' lang='grc' dir='ltr'><strong>[νει-ε.</strong></span> <span class='ocrx_word' id='word_1_376' title='bbox 591 4445 658 4500; x_wconf 70' lang='grc'><strong>4⁸7</strong></span> <span class='ocrx_word' id='word_1_377' title='bbox 681 4486 696 4510; x_wconf 85' lang='grc'><em>,</em></span> <span class='ocrx_word' id='word_1_378' title='bbox 715 4435 1026 4513; x_wconf 70' lang='grc' dir='ltr'><strong>Δ8.]Ιιειῳιε</strong></span> <span class='ocrx_word' id='word_1_379' title='bbox 1053 4443 1237 4513; x_wconf 86' lang='lat' dir='ltr'><strong>ejectis</strong></span> <span class='ocrx_word' id='word_1_380' title='bbox 1263 4442 1540 4499; x_wconf 65' lang='lat' dir='ltr'><strong>daemoniis</strong></span> <span class='ocrx_word' id='word_1_381' title='bbox 1561 4485 1576 4510; x_wconf 95' lang='lat'><strong>,</strong></span> <span class='ocrx_word' id='word_1_382' title='bbox 1605 4458 1634 4496; x_wconf 76' lang='grc' dir='ltr'>τι</span> <span class='ocrx_word' id='word_1_383' title='bbox 1664 4444 1782 4513; x_wconf 89' lang='lat' dir='ltr'><strong>qui-</strong></span> 
     </span>
    </p>
   </div>
   <div class='ocr_carea' id='block_1_46' title="bbox 214 4532 1783 4607">
    <p class='ocr_par' dir='ltr' id='par_1_46' title="bbox 214 4532 1783 4607">
     <span class='ocr_line' id='line_1_46' title="bbox 214 4532 1783 4607; baseline -0.001 -16"><span class='ocrx_word' id='word_1_384' title='bbox 214 4536 313 4591; x_wconf 88' lang='lat' dir='ltr'><strong>bus</strong></span> <span class='ocrx_word' id='word_1_385' title='bbox 363 4536 551 4607; x_wconf 87' lang='lat' dir='ltr'><strong>captivi</strong></span> <span class='ocrx_word' id='word_1_386' title='bbox 597 4536 941 4601; x_wconf 87' lang='lat' dir='ltr'><strong>tenebamur,</strong></span> <span class='ocrx_word' id='word_1_387' title='bbox 987 4534 1195 4605; x_wconf 85' lang='lat' dir='ltr'><strong>perficit</strong></span> <span class='ocrx_word' id='word_1_388' title='bbox 1236 4536 1508 4591; x_wconf 84' lang='lat' dir='ltr'><strong>sanitates.</strong></span> <span class='ocrx_word' id='word_1_389' title='bbox 1560 4532 1682 4590; x_wconf 84' lang='lat' dir='ltr'><strong>ideo</strong></span> <span class='ocrx_word' id='word_1_390' title='bbox 1727 4544 1783 4589; x_wconf 89' lang='lat' dir='ltr'><strong>et</strong></span> 
     </span>
    </p>
   </div>
   <div class='ocr_carea' id='block_1_47' title="bbox 211 4627 1781 4692">
    <p class='ocr_par' dir='ltr' id='par_1_47' title="bbox 211 4627 1781 4692">
     <span class='ocr_line' id='line_1_47' title="bbox 211 4627 1781 4692; baseline 0.001 -11"><span class='ocrx_word' id='word_1_391' title='bbox 211 4628 301 4682; x_wconf 85' lang='lat' dir='ltr'><strong>hic</strong></span> <span class='ocrx_word' id='word_1_392' title='bbox 328 4644 443 4682; x_wconf 89' lang='lat' dir='ltr'><strong>cum</strong></span> <span class='ocrx_word' id='word_1_393' title='bbox 466 4629 720 4691; x_wconf 87' lang='lat' dir='ltr'><strong>dixisset,</strong></span> <span class='ocrx_word' id='word_1_394' title='bbox 745 4627 808 4681; x_wconf 87' lang='lat' dir='ltr'><strong>Et</strong></span> <span class='ocrx_word' id='word_1_395' title='bbox 828 4628 962 4682; x_wconf 81' lang='lat' dir='ltr'><strong>dedit</strong></span> <span class='ocrx_word' id='word_1_396' title='bbox 983 4644 1065 4682; x_wconf 90' lang='lat' dir='ltr'><strong>eos</strong></span> <span class='ocrx_word' id='word_1_397' title='bbox 1086 4628 1137 4681; x_wconf 87' lang='lat' dir='ltr'><strong>in</strong></span> <span class='ocrx_word' id='word_1_398' title='bbox 1162 4628 1555 4692; x_wconf 75' lang='lat' dir='ltr'><strong>misericordias,</strong></span> <span class='ocrx_word' id='word_1_399' title='bbox 1586 4628 1639 4681; x_wconf 86' lang='lat' dir='ltr'><strong>in</strong></span> <span class='ocrx_word' id='word_1_400' title='bbox 1655 4644 1781 4682; x_wconf 82' lang='lat' dir='ltr'><strong>con-</strong></span> 
     </span>
    </p>
   </div>
   <div class='ocr_carea' id='block_1_48' title="bbox 213 4719 1775 4791">
    <p class='ocr_par' dir='ltr' id='par_1_48' title="bbox 213 4719 1775 4791">
     <span class='ocr_line' id='line_1_48' title="bbox 213 4719 1775 4791; baseline 0.001 -19"><span class='ocrx_word' id='word_1_401' title='bbox 213 4729 383 4787; x_wconf 81' lang='lat' dir='ltr'><strong>spectu</strong></span> <span class='ocrx_word' id='word_1_402' title='bbox 404 4721 628 4773; x_wconf 88' lang='lat' dir='ltr'><strong>omnium</strong></span> <span class='ocrx_word' id='word_1_403' title='bbox 653 4720 741 4791; x_wconf 81' lang='lat' dir='ltr'><strong>qui</strong></span> <span class='ocrx_word' id='word_1_404' title='bbox 768 4728 998 4789; x_wconf 80' lang='lat' dir='ltr'><strong>ceperant</strong></span> <span class='ocrx_word' id='word_1_405' title='bbox 1028 4735 1146 4783; x_wconf 89' lang='lat' dir='ltr'><strong>eos;</strong></span> <span class='ocrx_word' id='word_1_406' title='bbox 1179 4730 1424 4789; x_wconf 87' lang='lat' dir='ltr'><strong>tanquam</strong></span> <span class='ocrx_word' id='word_1_407' title='bbox 1452 4719 1636 4789; x_wconf 87' lang='lat' dir='ltr'><strong>ejectis</strong></span> <span class='ocrx_word' id='word_1_408' title='bbox 1665 4719 1775 4773; x_wconf 72' lang='lat' dir='ltr'><strong>dte-</strong></span> 
     </span>
    </p>
   </div>
   <div class='ocr_carea' id='block_1_49' title="bbox 212 4812 1773 4882">
    <p class='ocr_par' dir='ltr' id='par_1_49' title="bbox 212 4812 1773 4882">
     <span class='ocr_line' id='line_1_49' title="bbox 212 4812 1773 4882; baseline 0.001 -15"><span class='ocrx_word' id='word_1_409' title='bbox 212 4815 400 4867; x_wconf 86' lang='lat' dir='ltr'><strong>moniis</strong></span> <span class='ocrx_word' id='word_1_410' title='bbox 422 4814 510 4882; x_wconf 89' lang='lat' dir='ltr'><strong>qui</strong></span> <span class='ocrx_word' id='word_1_411' title='bbox 540 4824 794 4882; x_wconf 88' lang='lat' dir='ltr'><strong>ceperant</strong></span> <span class='ocrx_word' id='word_1_412' title='bbox 816 4855 831 4877; x_wconf 93' lang='lat'><strong>,</strong></span> <span class='ocrx_word' id='word_1_413' title='bbox 863 4813 922 4867; x_wconf 85' lang='lat' dir='ltr'><strong>fit</strong></span> <span class='ocrx_word' id='word_1_414' title='bbox 945 4813 1115 4866; x_wconf 85' lang='lat' dir='ltr'><strong>oratio</strong></span> <span class='ocrx_word' id='word_1_415' title='bbox 1140 4822 1196 4865; x_wconf 90' lang='lat' dir='ltr'><strong>ut</strong></span> <span class='ocrx_word' id='word_1_416' title='bbox 1232 4812 1475 4882; x_wconf 90' lang='lat' dir='ltr'><strong>perticiat</strong></span> <span class='ocrx_word' id='word_1_417' title='bbox 1498 4813 1773 4868; x_wconf 85' lang='lat' dir='ltr'><strong>sanitates.</strong></span> 
     </span>
    </p>
   </div>
   <div class='ocr_carea' id='block_1_50' title="bbox 214 4902 1775 4976">
    <p class='ocr_par' dir='ltr' id='par_1_50' title="bbox 214 4902 1775 4976">
     <span class='ocr_line' id='line_1_50' title="bbox 214 4902 1775 4976; baseline 0.001 -19"><span class='ocrx_word' id='word_1_418' title='bbox 214 4904 392 4958; x_wconf 81' lang='lat' dir='ltr'><strong>Salvos</strong></span> <span class='ocrx_word' id='word_1_419' title='bbox 418 4922 511 4959; x_wconf 78' lang='lat' dir='ltr'><strong>nos</strong></span> <span class='ocrx_word' id='word_1_420' title='bbox 536 4908 619 4975; x_wconf 81' lang='lat' dir='ltr'><strong>[ac</strong></span> <span class='ocrx_word' id='word_1_421' title='bbox 642 4944 657 4968; x_wconf 94' lang='lat'><strong>,</strong></span> <span class='ocrx_word' id='word_1_422' title='bbox 689 4902 901 4957; x_wconf 86' lang='lat' dir='ltr'><strong>Domine</strong></span> <span class='ocrx_word' id='word_1_423' title='bbox 926 4902 1060 4957; x_wconf 86' lang='lat' dir='ltr'><strong>Deus</strong></span> <span class='ocrx_word' id='word_1_424' title='bbox 1090 4914 1287 4969; x_wconf 87' lang='lat' dir='ltr'><strong>noster,</strong></span> <span class='ocrx_word' id='word_1_425' title='bbox 1321 4914 1368 4958; x_wconf 88' lang='lat' dir='ltr'><strong>et</strong></span> <span class='ocrx_word' id='word_1_426' title='bbox 1410 4921 1655 4976; x_wconf 84' lang='lat' dir='ltr'><strong>congrega</strong></span> <span class='ocrx_word' id='word_1_427' title='bbox 1685 4922 1775 4960; x_wconf 85' lang='lat' dir='ltr'><strong>nos</strong></span> 
     </span>
    </p>
   </div>
   <div class='ocr_carea' id='block_1_51' title="bbox 207 4993 1772 5061">
    <p class='ocr_par' dir='ltr' id='par_1_51' title="bbox 207 4993 1772 5061">
     <span class='ocr_line' id='line_1_51' title="bbox 207 4993 1772 5061; baseline 0.002 -15"><span class='ocrx_word' id='word_1_428' title='bbox 207 4995 274 5047; x_wconf 84' lang='lat' dir='ltr'><strong>de</strong></span> <span class='ocrx_word' id='word_1_429' title='bbox 297 4996 577 5050; x_wconf 74' lang='lat' dir='ltr'><strong>nationibus</strong></span> <span class='ocrx_word' id='word_1_430' title='bbox 599 5036 615 5060; x_wconf 93' lang='lat'><strong>,</strong></span> <span class='ocrx_word' id='word_1_431' title='bbox 643 4995 759 5059; x_wconf 85' lang='lat' dir='ltr'><strong>vel,</strong></span> <span class='ocrx_word' id='word_1_432' title='bbox 783 4996 917 5050; x_wconf 90' lang='lat' dir='ltr'><strong>sicut</strong></span> <span class='ocrx_word' id='word_1_433' title='bbox 942 4994 1029 5048; x_wconf 90' lang='lat' dir='ltr'><strong>alii</strong></span> <span class='ocrx_word' id='word_1_434' title='bbox 1056 4995 1267 5049; x_wconf 92' lang='lat' dir='ltr'><strong>codices</strong></span> <span class='ocrx_word' id='word_1_435' title='bbox 1296 4994 1527 5061; x_wconf 86' lang='lat' dir='ltr'><strong>habent,</strong></span> <span class='ocrx_word' id='word_1_436' title='bbox 1552 4998 1613 5048; x_wconf 86' lang='lat' dir='ltr'><strong>de</strong></span> <span class='ocrx_word' id='word_1_437' title='bbox 1639 4993 1772 5049; x_wconf 67' lang='lat' dir='ltr'><strong>Ger.-</strong></span> 
     </span>
    </p>
   </div>
   <div class='ocr_carea' id='block_1_52' title="bbox 209 5087 1768 5158">
    <p class='ocr_par' dir='ltr' id='par_1_52' title="bbox 209 5087 1768 5158">
     <span class='ocr_line' id='line_1_52' title="bbox 209 5087 1768 5158; baseline 0.002 -20"><span class='ocrx_word' id='word_1_438' title='bbox 209 5088 374 5151; x_wconf 78' lang='lat' dir='ltr'><strong>tibus;</strong></span> <span class='ocrx_word' id='word_1_439' title='bbox 398 5098 453 5143; x_wconf 88' lang='lat' dir='ltr'><strong>ut</strong></span> <span class='ocrx_word' id='word_1_440' title='bbox 479 5089 809 5155; x_wconf 76' lang='lat' dir='ltr'><strong>conﬁteantur</strong></span> <span class='ocrx_word' id='word_1_441' title='bbox 846 5087 1034 5141; x_wconf 83' lang='lat' dir='ltr'><strong>nomini</strong></span> <span class='ocrx_word' id='word_1_442' title='bbox 1061 5096 1236 5140; x_wconf 85' lang='lat' dir='ltr'><strong>sancto</strong></span> <span class='ocrx_word' id='word_1_443' title='bbox 1268 5097 1351 5140; x_wconf 90' lang='lat' dir='ltr'><strong>tuo</strong></span> <span class='ocrx_word' id='word_1_444' title='bbox 1376 5129 1390 5151; x_wconf 96' lang='lat'><strong>,</strong></span> <span class='ocrx_word' id='word_1_445' title='bbox 1422 5098 1469 5141; x_wconf 91' lang='lat' dir='ltr'><strong>et</strong></span> <span class='ocrx_word' id='word_1_446' title='bbox 1494 5088 1768 5158; x_wconf 85' lang='lat' dir='ltr'><strong>gloriemur</strong></span> 
     </span>
    </p>
   </div>
   <div class='ocr_carea' id='block_1_53' title="bbox 208 5178 1769 5249">
    <p class='ocr_par' dir='ltr' id='par_1_53' title="bbox 208 5178 1769 5249">
     <span class='ocr_line' id='line_1_53' title="bbox 208 5178 1769 5249; baseline 0.001 -19"><span class='ocrx_word' id='word_1_447' title='bbox 208 5181 261 5231; x_wconf 82' lang='lat' dir='ltr'><strong>in</strong></span> <span class='ocrx_word' id='word_1_448' title='bbox 286 5179 431 5233; x_wconf 75' lang='lat' dir='ltr'><strong>laude</strong></span> <span class='ocrx_word' id='word_1_449' title='bbox 453 5190 559 5234; x_wconf 87' lang='lat' dir='ltr'><strong>tua.</strong></span> <span class='ocrx_word' id='word_1_450' title='bbox 594 5179 792 5235; x_wconf 88' lang='lat' dir='ltr'><strong>Deinde</strong></span> <span class='ocrx_word' id='word_1_451' title='bbox 816 5178 1048 5233; x_wconf 84' lang='lat' dir='ltr'><strong>breviter</strong></span> <span class='ocrx_word' id='word_1_452' title='bbox 1074 5178 1299 5247; x_wconf 83' lang='lat' dir='ltr'><strong>subjecit</strong></span> <span class='ocrx_word' id='word_1_453' title='bbox 1328 5179 1497 5249; x_wconf 85' lang='lat' dir='ltr'><strong>ipsam</strong></span> <span class='ocrx_word' id='word_1_454' title='bbox 1529 5180 1732 5233; x_wconf 87' lang='lat' dir='ltr'><strong>laudem</strong></span> <span class='ocrx_word' id='word_1_455' title='bbox 1753 5220 1769 5244; x_wconf 93' lang='lat'><strong>,</strong></span> 
     </span>
    </p>
   </div>
   <div class='ocr_carea' id='block_1_54' title="bbox 208 5270 1772 5342">
    <p class='ocr_par' dir='ltr' id='par_1_54' title="bbox 208 5270 1772 5342">
     <span class='ocr_line' id='line_1_54' title="bbox 208 5270 1772 5342; baseline -0.001 -18"><span class='ocrx_word' id='word_1_456' title='bbox 208 5270 501 5327; x_wconf 81' lang='lat' dir='ltr'><strong>Benedictus</strong></span> <span class='ocrx_word' id='word_1_457' title='bbox 539 5271 786 5325; x_wconf 82' lang='lat' dir='ltr'><strong>Dominus</strong></span> <span class='ocrx_word' id='word_1_458' title='bbox 810 5270 943 5326; x_wconf 85' lang='lat' dir='ltr'><strong>Deus</strong></span> <span class='ocrx_word' id='word_1_459' title='bbox 972 5270 1139 5324; x_wconf 82' lang='lat' dir='ltr'><strong>Israel</strong></span> <span class='ocrx_word' id='word_1_460' title='bbox 1156 5312 1169 5332; x_wconf 92' lang='lat'><strong>,</strong></span> <span class='ocrx_word' id='word_1_461' title='bbox 1196 5286 1227 5322; x_wconf 92' lang='lat' dir='ltr'><strong>a</strong></span> <span class='ocrx_word' id='word_1_462' title='bbox 1254 5272 1436 5324; x_wconf 74' lang='lat' dir='ltr'><strong>swcuto</strong></span> <span class='ocrx_word' id='word_1_463' title='bbox 1460 5281 1506 5323; x_wconf 91' lang='lat' dir='ltr'><strong>et</strong></span> <span class='ocrx_word' id='word_1_464' title='bbox 1533 5287 1687 5342; x_wconf 84' lang='lat' dir='ltr'><strong>usque</strong></span> <span class='ocrx_word' id='word_1_465' title='bbox 1722 5272 1772 5323; x_wconf 89' lang='lat' dir='ltr'><strong>in</strong></span> 
     </span>
    </p>
   </div>
   <div class='ocr_carea' id='block_1_55' title="bbox 207 5362 1769 5434">
    <p class='ocr_par' dir='ltr' id='par_1_55' title="bbox 207 5362 1769 5434">
     <span class='ocr_line' id='line_1_55' title="bbox 207 5362 1769 5434; baseline 0.001 -19"><span class='ocrx_word' id='word_1_466' title='bbox 207 5364 439 5417; x_wconf 72' lang='lat' dir='ltr'><strong>malum</strong></span> <span class='ocrx_word' id='word_1_467' title='bbox 476 5381 493 5419; x_wconf 93' lang='lat'><strong><em>:</em></strong></span> <span class='ocrx_word' id='word_1_468' title='bbox 530 5364 672 5434; x_wconf 88' lang='lat' dir='ltr'><strong>quod</strong></span> <span class='ocrx_word' id='word_1_469' title='bbox 719 5363 1098 5433; x_wconf 80' lang='lat' dir='ltr'><strong>intelligimus,</strong></span> <span class='ocrx_word' id='word_1_470' title='bbox 1146 5362 1213 5416; x_wconf 89' lang='lat' dir='ltr'><strong>ab</strong></span> <span class='ocrx_word' id='word_1_471' title='bbox 1254 5371 1457 5417; x_wconf 62' lang='grc' dir='ltr'>(Βιριηο</span> <span class='ocrx_word' id='word_1_472' title='bbox 1502 5378 1670 5431; x_wconf 86' lang='lat' dir='ltr'><strong>usque</strong></span> <span class='ocrx_word' id='word_1_473' title='bbox 1717 5363 1769 5416; x_wconf 90' lang='lat' dir='ltr'><strong>in</strong></span> 
     </span>
    </p>
   </div>
   <div class='ocr_carea' id='block_1_56' title="bbox 207 5453 1770 5526">
    <p class='ocr_par' dir='ltr' id='par_1_56' title="bbox 207 5453 1770 5526">
     <span class='ocr_line' id='line_1_56' title="bbox 207 5453 1770 5526; baseline 0.002 -21"><span class='ocrx_word' id='word_1_474' title='bbox 207 5463 494 5518; x_wconf 80' lang='lat' dir='ltr'><strong>:rternum;</strong></span> <span class='ocrx_word' id='word_1_475' title='bbox 537 5456 657 5526; x_wconf 85' lang='lat' dir='ltr'><strong>quia</strong></span> <span class='ocrx_word' id='word_1_476' title='bbox 687 5455 801 5510; x_wconf 87' lang='lat' dir='ltr'><strong>sine</strong></span> <span class='ocrx_word' id='word_1_477' title='bbox 832 5455 934 5510; x_wconf 87' lang='lat' dir='ltr'><strong>line</strong></span> <span class='ocrx_word' id='word_1_478' title='bbox 961 5453 1261 5509; x_wconf 85' lang='lat' dir='ltr'><strong>laudabitur</strong></span> <span class='ocrx_word' id='word_1_479' title='bbox 1290 5454 1356 5507; x_wconf 91' lang='lat' dir='ltr'><strong>ab</strong></span> <span class='ocrx_word' id='word_1_480' title='bbox 1384 5454 1462 5508; x_wconf 88' lang='lat' dir='ltr'><strong>eis</strong></span> <span class='ocrx_word' id='word_1_481' title='bbox 1490 5454 1554 5508; x_wconf 89' lang='lat' dir='ltr'><strong>de</strong></span> <span class='ocrx_word' id='word_1_482' title='bbox 1579 5455 1770 5524; x_wconf 89' lang='lat' dir='ltr'><strong>quibus</strong></span> 
     </span>
    </p>
   </div>
   <div class='ocr_carea' id='block_1_57' title="bbox 205 5544 1770 5615">
    <p class='ocr_par' dir='ltr' id='par_1_57' title="bbox 205 5544 1770 5615">
     <span class='ocr_line' id='line_1_57' title="bbox 205 5544 1770 5615; baseline 0.003 -18"><span class='ocrx_word' id='word_1_483' title='bbox 205 5545 415 5609; x_wconf 84' lang='lat' dir='ltr'><strong>dicitur,</strong></span> <span class='ocrx_word' id='word_1_484' title='bbox 447 5545 590 5600; x_wconf 83' lang='lat' dir='ltr'><strong>Beati</strong></span> <span class='ocrx_word' id='word_1_485' title='bbox 611 5548 696 5615; x_wconf 87' lang='lat' dir='ltr'><strong>qui</strong></span> <span class='ocrx_word' id='word_1_486' title='bbox 724 5546 948 5600; x_wconf 77' lang='lat' dir='ltr'><strong>habitant</strong></span> <span class='ocrx_word' id='word_1_487' title='bbox 969 5548 1021 5601; x_wconf 89' lang='lat' dir='ltr'><strong>in</strong></span> <span class='ocrx_word' id='word_1_488' title='bbox 1041 5544 1191 5600; x_wconf 79' lang='lat' dir='ltr'><strong>domo</strong></span> <span class='ocrx_word' id='word_1_489' title='bbox 1228 5556 1313 5600; x_wconf 85' lang='lat' dir='ltr'><strong>tua</strong></span> <span class='ocrx_word' id='word_1_490' title='bbox 1332 5586 1346 5609; x_wconf 90' lang='lat'><strong>,</strong></span> <span class='ocrx_word' id='word_1_491' title='bbox 1373 5547 1424 5600; x_wconf 91' lang='lat' dir='ltr'><strong>in</strong></span> <span class='ocrx_word' id='word_1_492' title='bbox 1454 5550 1636 5601; x_wconf 68' lang='lat' dir='ltr'><strong>sarcula</strong></span> <span class='ocrx_word' id='word_1_493' title='bbox 1674 5564 1770 5601; x_wconf 81' lang='lat' dir='ltr'><strong>sa:-</strong></span> 
     </span>
    </p>
   </div>
   <div class='ocr_carea' id='block_1_58' title="bbox 210 5636 1770 5708">
    <p class='ocr_par' dir='ltr' id='par_1_58' title="bbox 210 5636 1770 5708">
     <span class='ocr_line' id='line_1_58' title="bbox 210 5636 1770 5708; baseline 0.005 -24"><span class='ocrx_word' id='word_1_494' title='bbox 210 5637 431 5689; x_wconf 64' lang='lat' dir='ltr'><strong>Clllurul&quot;</strong></span> <span class='ocrx_word' id='word_1_495' title='bbox 461 5636 737 5691; x_wconf 83' lang='lat' dir='ltr'><strong>laudabunt</strong></span> <span class='ocrx_word' id='word_1_496' title='bbox 767 5647 813 5690; x_wconf 87' lang='lat' dir='ltr'><strong>te</strong></span> <span class='ocrx_word' id='word_1_497' title='bbox 838 5636 1017 5707; x_wconf 82' lang='lat' dir='ltr'><strong>(Psal.</strong></span> <span class='ocrx_word' id='word_1_498' title='bbox 1038 5654 1233 5692; x_wconf 80' lang='lat' dir='ltr'><strong>Lxxxm</strong></span> <span class='ocrx_word' id='word_1_499' title='bbox 1254 5678 1267 5699; x_wconf 92' lang='lat'><strong>,</strong></span> <span class='ocrx_word' id='word_1_500' title='bbox 1295 5639 1326 5692; x_wconf 79' lang='grc'>5</span> <span class='ocrx_word' id='word_1_501' title='bbox 1345 5637 1383 5707; x_wconf 94' lang='grc'><strong>).</strong></span> <span class='ocrx_word' id='word_1_502' title='bbox 1416 5637 1529 5708; x_wconf 82' lang='lat' dir='ltr'><strong>Ipsa</strong></span> <span class='ocrx_word' id='word_1_503' title='bbox 1557 5648 1640 5693; x_wconf 77' lang='lat' dir='ltr'><strong>est</strong></span> <span class='ocrx_word' id='word_1_504' title='bbox 1666 5649 1770 5693; x_wconf 90' lang='lat' dir='ltr'><strong>tcr-</strong></span> 
     </span>
    </p>
   </div>
   <div class='ocr_carea' id='block_1_59' title="bbox 209 5725 1771 5799">
    <p class='ocr_par' dir='ltr' id='par_1_59' title="bbox 209 5725 1771 5799">
     <span class='ocr_line' id='line_1_59' title="bbox 209 5725 1771 5799; baseline 0.004 -20"><span class='ocrx_word' id='word_1_505' title='bbox 209 5725 289 5777; x_wconf 80' lang='lat' dir='ltr'><strong>tia</strong></span> <span class='ocrx_word' id='word_1_506' title='bbox 310 5730 690 5782; x_wconf 82' lang='lat' dir='ltr'><strong>consummatio</strong></span> <span class='ocrx_word' id='word_1_507' title='bbox 705 5732 943 5799; x_wconf 84' lang='lat' dir='ltr'><strong>corporis</strong></span> <span class='ocrx_word' id='word_1_508' title='bbox 964 5730 1180 5795; x_wconf 86' lang='lat' dir='ltr'><strong>Christi,</strong></span> <span class='ocrx_word' id='word_1_509' title='bbox 1215 5730 1396 5799; x_wconf 80' lang='lat' dir='ltr'><strong>ejectis</strong></span> <span class='ocrx_word' id='word_1_510' title='bbox 1417 5730 1692 5786; x_wconf 54' lang='lat' dir='ltr'><strong>tla‘tnoniis</strong></span> <span class='ocrx_word' id='word_1_511' title='bbox 1714 5742 1771 5787; x_wconf 89' lang='lat' dir='ltr'><strong>et</strong></span> 
     </span>
    </p>
   </div>
   <div class='ocr_carea' id='block_1_60' title="bbox 269 5834 672 5901">
    <p class='ocr_par' dir='ltr' id='par_1_60' title="bbox 269 5834 672 5901">
     <span class='ocr_line' id='line_1_60' title="bbox 269 5834 672 5901; baseline 0.01 -18"><span class='ocrx_word' id='word_1_512' title='bbox 269 5834 340 5897; x_wconf 79' lang='grc' dir='ltr'><strong>(α)</strong></span> <span class='ocrx_word' id='word_1_513' title='bbox 360 5842 525 5901; x_wconf 72' lang='lat' dir='ltr'><strong>supra,</strong></span> <span class='ocrx_word' id='word_1_514' title='bbox 549 5852 601 5889; x_wconf 85' lang='grc' dir='ltr'>ιι.</span> <span class='ocrx_word' id='word_1_515' title='bbox 623 5840 672 5889; x_wconf 89' lang='grc'><strong>5.</strong></span> 
     </span>
    </p>
   </div>
   <div class='ocr_carea' id='block_1_61' title="bbox 509 5913 1140 5982">
    <p class='ocr_par' dir='ltr' id='par_1_61' title="bbox 509 5913 1140 5982">
     <span class='ocr_line' id='line_1_61' title="bbox 509 5913 1140 5982; baseline -0.011 -3"><span class='ocrx_word' id='word_1_516' title='bbox 509 5920 771 5980; x_wconf 63' lang='lat' dir='ltr'><strong>Parnm.</strong></span> <span class='ocrx_word' id='word_1_517' title='bbox 818 5920 933 5982; x_wconf 72' lang='lat' dir='ltr'><strong>XX</strong></span> <span class='ocrx_word' id='word_1_518' title='bbox 945 5913 1140 5978; x_wconf 74' lang='lat' dir='ltr'><strong>.\&#39;Vll.</strong></span> 
     </span>
    </p>
   </div>
   <div class='ocr_carea' id='block_1_62' title="bbox 1319 401 2304 465">
    <p class='ocr_par' dir='ltr' id='par_1_62' title="bbox 1319 401 2304 465">
     <span class='ocr_line' id='line_1_62' title="bbox 1319 401 2304 465; baseline 0.003 -6"><span class='ocrx_word' id='word_1_519' title='bbox 1319 401 1705 459; x_wconf 65' lang='lat' dir='ltr'><strong>ENARBATIO</strong></span> <span class='ocrx_word' id='word_1_520' title='bbox 1745 401 1806 455; x_wconf 80' lang='grc' dir='ltr'><strong>ΙΝ</strong></span> <span class='ocrx_word' id='word_1_521' title='bbox 1846 402 2161 462; x_wconf 76' lang='lat' dir='ltr'><strong>PSALMUM</strong></span> <span class='ocrx_word' id='word_1_522' title='bbox 2198 408 2304 465; x_wconf 76' lang='lat' dir='ltr'><strong>CV.</strong></span> 
     </span>
    </p>
   </div>
   <div class='ocr_carea' id='block_1_63' title="bbox 3338 423 3531 497">
    <p class='ocr_par' dir='ltr' id='par_1_63' title="bbox 3338 423 3531 497">
     <span class='ocr_line' id='line_1_63' title="bbox 3338 423 3531 497; baseline 0.01 -18"><span class='ocrx_word' id='word_1_523' title='bbox 3338 423 3472 497; x_wconf 72' lang='lat' dir='ltr'><strong>tua</strong></span> <span class='ocrx_word' id='word_1_524' title='bbox 3522 464 3531 465; x_wconf 59' lang='grc' dir='ltr'><em>η</em></span> 
     </span>
    </p>
   </div>
   <div class='ocr_carea' id='block_1_64' title="bbox 1915 519 3471 604">
    <p class='ocr_par' dir='ltr' id='par_1_64' title="bbox 1915 519 3471 604">
     <span class='ocr_line' id='line_1_64' title="bbox 1915 519 3471 604; baseline 0.014 -33"><span class='ocrx_word' id='word_1_525' title='bbox 1915 519 2159 586; x_wconf 81' lang='lat' dir='ltr'><strong>perfectis</strong></span> <span class='ocrx_word' id='word_1_526' title='bbox 2188 524 2498 579; x_wconf 85' lang='lat' dir='ltr'><strong>sanitatibus</strong></span> <span class='ocrx_word' id='word_1_527' title='bbox 2520 568 2535 592; x_wconf 92' lang='lat'><strong>,</strong></span> <span class='ocrx_word' id='word_1_528' title='bbox 2584 542 2748 598; x_wconf 86' lang='lat' dir='ltr'><strong>usque</strong></span> <span class='ocrx_word' id='word_1_529' title='bbox 2777 527 2844 585; x_wconf 89' lang='lat' dir='ltr'><strong>ad</strong></span> <span class='ocrx_word' id='word_1_530' title='bbox 2872 529 3036 601; x_wconf 89' lang='lat' dir='ltr'><strong>ipsius</strong></span> <span class='ocrx_word' id='word_1_531' title='bbox 3081 535 3320 604; x_wconf 82' lang='lat' dir='ltr'><strong>corporis</strong></span> <span class='ocrx_word' id='word_1_532' title='bbox 3361 538 3471 593; x_wconf 81' lang='lat' dir='ltr'><strong>int-</strong></span> 
     </span>
    </p>
   </div>
   <div class='ocr_carea' id='block_1_65' title="bbox 1908 611 3469 693">
    <p class='ocr_par' dir='ltr' id='par_1_65' title="bbox 1908 611 3469 693">
     <span class='ocr_line' id='line_1_65' title="bbox 1908 611 3469 693; baseline 0.015 -33"><span class='ocrx_word' id='word_1_533' title='bbox 1908 611 2297 678; x_wconf 86' lang='lat' dir='ltr'><strong>mortalitatem,</strong></span> <span class='ocrx_word' id='word_1_534' title='bbox 2327 630 2545 685; x_wconf 82' lang='lat' dir='ltr'><strong>regnum</strong></span> <span class='ocrx_word' id='word_1_535' title='bbox 2574 617 2959 688; x_wconf 84' lang='lat' dir='ltr'><strong>sempiternum</strong></span> <span class='ocrx_word' id='word_1_536' title='bbox 2982 624 3217 693; x_wconf 77' lang='lat' dir='ltr'><strong>perfecte</strong></span> <span class='ocrx_word' id='word_1_537' title='bbox 3253 627 3469 689; x_wconf 82' lang='lat' dir='ltr'><strong>laudan-</strong></span> 
     </span>
    </p>
   </div>
   <div class='ocr_carea' id='block_1_66' title="bbox 1907 700 3472 783">
    <p class='ocr_par' dir='ltr' id='par_1_66' title="bbox 1907 700 3472 783">
     <span class='ocr_line' id='line_1_66' title="bbox 1907 700 3472 783; baseline 0.015 -29"><span class='ocrx_word' id='word_1_538' title='bbox 1907 700 2057 769; x_wconf 91' lang='lat' dir='ltr'><strong>tium,</strong></span> <span class='ocrx_word' id='word_1_539' title='bbox 2086 705 2205 774; x_wconf 89' lang='lat' dir='ltr'><strong>quia</strong></span> <span class='ocrx_word' id='word_1_540' title='bbox 2229 705 2460 775; x_wconf 87' lang='lat' dir='ltr'><strong>perfectc</strong></span> <span class='ocrx_word' id='word_1_541' title='bbox 2480 710 2798 765; x_wconf 87' lang='lat' dir='ltr'><strong>amantium:</strong></span> <span class='ocrx_word' id='word_1_542' title='bbox 2838 714 3067 783; x_wconf 82' lang='lat' dir='ltr'><strong>perfecte</strong></span> <span class='ocrx_word' id='word_1_543' title='bbox 3090 728 3265 773; x_wconf 89' lang='lat' dir='ltr'><strong>autem</strong></span> <span class='ocrx_word' id='word_1_544' title='bbox 3287 736 3472 778; x_wconf 89' lang='lat' dir='ltr'><strong>aman-</strong></span> 
     </span>
    </p>
   </div>
   <div class='ocr_carea' id='block_1_67' title="bbox 1907 794 3471 876">
    <p class='ocr_par' dir='ltr' id='par_1_67' title="bbox 1907 794 3471 876">
     <span class='ocr_line' id='line_1_67' title="bbox 1907 794 3471 876; baseline 0.015 -31"><span class='ocrx_word' id='word_1_545' title='bbox 1907 794 2056 858; x_wconf 90' lang='lat' dir='ltr'><strong>tium,</strong></span> <span class='ocrx_word' id='word_1_546' title='bbox 2076 796 2193 864; x_wconf 89' lang='lat' dir='ltr'><strong>quia</strong></span> <span class='ocrx_word' id='word_1_547' title='bbox 2219 797 2349 852; x_wconf 88' lang='lat' dir='ltr'><strong>facie</strong></span> <span class='ocrx_word' id='word_1_548' title='bbox 2370 799 2433 852; x_wconf 90' lang='lat' dir='ltr'><strong>ad</strong></span> <span class='ocrx_word' id='word_1_549' title='bbox 2456 799 2639 855; x_wconf 88' lang='lat' dir='ltr'><strong>faciem</strong></span> <span class='ocrx_word' id='word_1_550' title='bbox 2656 806 3141 876; x_wconf 88' lang='lat' dir='ltr'><strong>contemplantium.</strong></span> <span class='ocrx_word' id='word_1_551' title='bbox 3162 811 3309 866; x_wconf 88' lang='lat' dir='ltr'><strong>Tunc</strong></span> <span class='ocrx_word' id='word_1_552' title='bbox 3328 815 3471 870; x_wconf 88' lang='lat' dir='ltr'><strong>enim</strong></span> 
     </span>
    </p>
   </div>
   <div class='ocr_carea' id='block_1_68' title="bbox 1912 881 3469 968">
    <p class='ocr_par' dir='ltr' id='par_1_68' title="bbox 1912 881 3469 968">
     <span class='ocr_line' id='line_1_68' title="bbox 1912 881 3469 968; baseline 0.016 -34"><span class='ocrx_word' id='word_1_553' title='bbox 1912 881 2209 950; x_wconf 83' lang='lat' dir='ltr'><strong>perficietur</strong></span> <span class='ocrx_word' id='word_1_554' title='bbox 2251 886 2391 955; x_wconf 92' lang='lat' dir='ltr'><strong>quod</strong></span> <span class='ocrx_word' id='word_1_555' title='bbox 2436 888 2486 941; x_wconf 92' lang='lat' dir='ltr'><strong>in</strong></span> <span class='ocrx_word' id='word_1_556' title='bbox 2527 890 2813 958; x_wconf 90' lang='lat' dir='ltr'><strong>primordio</strong></span> <span class='ocrx_word' id='word_1_557' title='bbox 2836 896 3029 965; x_wconf 87' lang='lat' dir='ltr'><strong>psalmi</strong></span> <span class='ocrx_word' id='word_1_558' title='bbox 3060 899 3215 968; x_wconf 90' lang='lat' dir='ltr'><strong>hujus</strong></span> <span class='ocrx_word' id='word_1_559' title='bbox 3258 912 3469 959; x_wconf 89' lang='lat' dir='ltr'><strong>oratum</strong></span> 
     </span>
    </p>
   </div>
   <div class='ocr_carea' id='block_1_69' title="bbox 1910 974 3477 1063">
    <p class='ocr_par' dir='ltr' id='par_1_69' title="bbox 1910 974 3477 1063">
     <span class='ocr_line' id='line_1_69' title="bbox 1910 974 3477 1063; baseline 0.014 -36"><span class='ocrx_word' id='word_1_560' title='bbox 1910 981 1992 1027; x_wconf 89' lang='lat' dir='ltr'><strong>est</strong></span> <span class='ocrx_word' id='word_1_561' title='bbox 2018 990 2030 1025; x_wconf 90' lang='lat'><strong>:</strong></span> <span class='ocrx_word' id='word_1_562' title='bbox 2069 992 2087 1025; x_wconf 84' lang='lat' dir='ltr'><strong>t</strong></span> <span class='ocrx_word' id='word_1_563' title='bbox 2111 974 2375 1031; x_wconf 88' lang='lat' dir='ltr'><strong>Memento</strong></span> <span class='ocrx_word' id='word_1_564' title='bbox 2404 980 2605 1044; x_wconf 91' lang='lat' dir='ltr'><strong>nostri,</strong></span> <span class='ocrx_word' id='word_1_565' title='bbox 2651 981 2908 1051; x_wconf 88' lang='lat' dir='ltr'><strong>Domine,</strong></span> <span class='ocrx_word' id='word_1_566' title='bbox 2940 985 2991 1040; x_wconf 91' lang='lat' dir='ltr'><strong>in</strong></span> <span class='ocrx_word' id='word_1_567' title='bbox 3032 988 3357 1059; x_wconf 83' lang='lat' dir='ltr'><strong>beneplacito</strong></span> <span class='ocrx_word' id='word_1_568' title='bbox 3378 1008 3477 1063; x_wconf 57' lang='lat' dir='ltr'><strong>po.</strong></span> 
     </span>
    </p>
   </div>
   <div class='ocr_carea' id='block_1_70' title="bbox 1903 1064 3473 1142">
    <p class='ocr_par' dir='ltr' id='par_1_70' title="bbox 1903 1064 3473 1142">
     <span class='ocr_line' id='line_1_70' title="bbox 1903 1064 3473 1142; baseline 0.015 -25"><span class='ocrx_word' id='word_1_569' title='bbox 1903 1064 2014 1131; x_wconf 88' lang='lat' dir='ltr'><strong>puli</strong></span> <span class='ocrx_word' id='word_1_570' title='bbox 2062 1065 2135 1120; x_wconf 93' lang='lat' dir='ltr'><strong>tui</strong></span> <span class='ocrx_word' id='word_1_571' title='bbox 2160 1082 2174 1131; x_wconf 91' lang='lat'><strong>;</strong></span> <span class='ocrx_word' id='word_1_572' title='bbox 2204 1068 2357 1123; x_wconf 88' lang='lat' dir='ltr'><strong>visita</strong></span> <span class='ocrx_word' id='word_1_573' title='bbox 2386 1085 2485 1125; x_wconf 91' lang='lat' dir='ltr'><strong>nos</strong></span> <span class='ocrx_word' id='word_1_574' title='bbox 2514 1072 2565 1125; x_wconf 91' lang='lat' dir='ltr'><strong>in</strong></span> <span class='ocrx_word' id='word_1_575' title='bbox 2603 1074 2817 1129; x_wconf 89' lang='lat' dir='ltr'><strong>salutari</strong></span> <span class='ocrx_word' id='word_1_576' title='bbox 2840 1084 2930 1131; x_wconf 92' lang='lat' dir='ltr'><strong>tuo</strong></span> <span class='ocrx_word' id='word_1_577' title='bbox 2950 1119 2963 1141; x_wconf 92' lang='lat'><strong>,</strong></span> <span class='ocrx_word' id='word_1_578' title='bbox 2995 1079 3061 1133; x_wconf 92' lang='lat' dir='ltr'><strong>ad</strong></span> <span class='ocrx_word' id='word_1_579' title='bbox 3090 1081 3371 1139; x_wconf 90' lang='lat' dir='ltr'><strong>videndum</strong></span> <span class='ocrx_word' id='word_1_580' title='bbox 3416 1086 3473 1142; x_wconf 86' lang='lat' dir='ltr'><strong>in</strong></span> 
     </span>
    </p>
   </div>
   <div class='ocr_carea' id='block_1_71' title="bbox 1903 1153 3467 1231">
    <p class='ocr_par' dir='ltr' id='par_1_71' title="bbox 1903 1153 3467 1231">
     <span class='ocr_line' id='line_1_71' title="bbox 1903 1153 3467 1231; baseline 0.016 -25"><span class='ocrx_word' id='word_1_581' title='bbox 1903 1153 2137 1210; x_wconf 90' lang='lat' dir='ltr'><strong>bonitate</strong></span> <span class='ocrx_word' id='word_1_582' title='bbox 2165 1157 2454 1213; x_wconf 88' lang='lat' dir='ltr'><strong>electorum</strong></span> <span class='ocrx_word' id='word_1_583' title='bbox 2495 1170 2739 1229; x_wconf 90' lang='lat' dir='ltr'><strong>tuorum,</strong></span> <span class='ocrx_word' id='word_1_584' title='bbox 2770 1165 2835 1220; x_wconf 91' lang='lat' dir='ltr'><strong>ad</strong></span> <span class='ocrx_word' id='word_1_585' title='bbox 2875 1166 3156 1225; x_wconf 82' lang='lat' dir='ltr'><strong>laetandum</strong></span> <span class='ocrx_word' id='word_1_586' title='bbox 3195 1173 3249 1227; x_wconf 91' lang='lat' dir='ltr'><strong>in</strong></span> <span class='ocrx_word' id='word_1_587' title='bbox 3291 1174 3467 1231; x_wconf 79' lang='lat' dir='ltr'><strong>laetitia</strong></span> 
     </span>
    </p>
   </div>
   <div class='ocr_carea' id='block_1_72' title="bbox 1906 1247 3471 1323">
    <p class='ocr_par' dir='ltr' id='par_1_72' title="bbox 1906 1247 3471 1323">
     <span class='ocr_line' id='line_1_72' title="bbox 1906 1247 3471 1323; baseline 0.016 -25"><span class='ocrx_word' id='word_1_588' title='bbox 1906 1247 2075 1315; x_wconf 87' lang='lat' dir='ltr'><strong>gentis</strong></span> <span class='ocrx_word' id='word_1_589' title='bbox 2120 1257 2222 1302; x_wconf 72' lang='lat' dir='ltr'><strong>tuae</strong></span> <span class='ocrx_word' id='word_1_590' title='bbox 2244 1290 2260 1315; x_wconf 91' lang='lat'><strong>,</strong></span> <span class='ocrx_word' id='word_1_591' title='bbox 2284 1258 2343 1303; x_wconf 90' lang='lat' dir='ltr'><strong>ut</strong></span> <span class='ocrx_word' id='word_1_592' title='bbox 2384 1250 2614 1308; x_wconf 88' lang='lat' dir='ltr'><strong>lauderis</strong></span> <span class='ocrx_word' id='word_1_593' title='bbox 2654 1269 2772 1309; x_wconf 90' lang='lat' dir='ltr'><strong>cum</strong></span> <span class='ocrx_word' id='word_1_594' title='bbox 2822 1256 3131 1317; x_wconf 81' lang='lat' dir='ltr'><strong>haereditate</strong></span> <span class='ocrx_word' id='word_1_595' title='bbox 3167 1272 3274 1318; x_wconf 82' lang='lat' dir='ltr'><strong>tua.</strong></span> <span class='ocrx_word' id='word_1_596' title='bbox 3301 1284 3320 1318; x_wconf 83' lang='grc' dir='ltr'><strong>ι</strong></span> <span class='ocrx_word' id='word_1_597' title='bbox 3353 1266 3471 1323; x_wconf 85' lang='grc' dir='ltr'>Νοιι</span> 
     </span>
    </p>
   </div>
   <div class='ocr_carea' id='block_1_73' title="bbox 1901 1337 3465 1425">
    <p class='ocr_par' dir='ltr' id='par_1_73' title="bbox 1901 1337 3465 1425">
     <span class='ocr_line' id='line_1_73' title="bbox 1901 1337 3465 1425; baseline 0.014 -34"><span class='ocrx_word' id='word_1_598' title='bbox 1901 1337 2041 1391; x_wconf 90' lang='lat' dir='ltr'><strong>enim</strong></span> <span class='ocrx_word' id='word_1_599' title='bbox 2069 1337 2135 1393; x_wconf 88' lang='lat' dir='ltr'><strong>de</strong></span> <span class='ocrx_word' id='word_1_600' title='bbox 2160 1338 2420 1396; x_wconf 88' lang='lat' dir='ltr'><strong>Gentibus</strong></span> <span class='ocrx_word' id='word_1_601' title='bbox 2449 1345 2465 1374; x_wconf 82' lang='grc'>¹</span> <span class='ocrx_word' id='word_1_602' title='bbox 2496 1344 2639 1399; x_wconf 89' lang='lat' dir='ltr'><strong>solas</strong></span> <span class='ocrx_word' id='word_1_603' title='bbox 2676 1360 2963 1420; x_wconf 84' lang='lat' dir='ltr'><strong>congregat</strong></span> <span class='ocrx_word' id='word_1_604' title='bbox 2990 1366 3116 1407; x_wconf 91' lang='lat' dir='ltr'><strong>oves</strong></span> <span class='ocrx_word' id='word_1_605' title='bbox 3142 1370 3258 1425; x_wconf 73' lang='lat' dir='ltr'><strong>qum</strong></span> <span class='ocrx_word' id='word_1_606' title='bbox 3290 1358 3465 1425; x_wconf 86' lang='lat' dir='ltr'><strong>perie-</strong></span> 
     </span>
    </p>
   </div>
   <div class='ocr_carea' id='block_1_74' title="bbox 1900 1429 3469 1512">
    <p class='ocr_par' dir='ltr' id='par_1_74' title="bbox 1900 1429 3469 1512">
     <span class='ocr_line' id='line_1_74' title="bbox 1900 1429 3469 1512; baseline 0.012 -32"><span class='ocrx_word' id='word_1_607' title='bbox 1900 1435 2026 1482; x_wconf 90' lang='lat' dir='ltr'><strong>runt</strong></span> <span class='ocrx_word' id='word_1_608' title='bbox 2062 1429 2252 1485; x_wconf 88' lang='lat' dir='ltr'><strong>domus</strong></span> <span class='ocrx_word' id='word_1_609' title='bbox 2296 1431 2457 1489; x_wconf 84' lang='lat' dir='ltr'><strong>lsrael</strong></span> <span class='ocrx_word' id='word_1_610' title='bbox 2487 1433 2710 1506; x_wconf 79' lang='lat' dir='ltr'><strong>(Matth.</strong></span> <span class='ocrx_word' id='word_1_611' title='bbox 2743 1454 2843 1506; x_wconf 81' lang='lat' dir='ltr'><strong>xv,</strong></span> <span class='ocrx_word' id='word_1_612' title='bbox 2868 1440 2940 1495; x_wconf 75' lang='grc'><strong>24</strong></span> <span class='ocrx_word' id='word_1_613' title='bbox 2962 1442 3009 1512; x_wconf 94' lang='grc'>),</span> <span class='ocrx_word' id='word_1_614' title='bbox 3044 1444 3136 1498; x_wconf 90' lang='lat' dir='ltr'><strong>sed</strong></span> <span class='ocrx_word' id='word_1_615' title='bbox 3176 1445 3333 1500; x_wconf 88' lang='lat' dir='ltr'><strong>etiam</strong></span> <span class='ocrx_word' id='word_1_616' title='bbox 3377 1463 3469 1502; x_wconf 79' lang='lat' dir='ltr'><strong>eas</strong></span> 
     </span>
    </p>
   </div>
   <div class='ocr_carea' id='block_1_75' title="bbox 1900 1525 3473 1604">
    <p class='ocr_par' dir='ltr' id='par_1_75' title="bbox 1900 1525 3473 1604">
     <span class='ocr_line' id='line_1_75' title="bbox 1900 1525 3473 1604; baseline 0.013 -31"><span class='ocrx_word' id='word_1_617' title='bbox 1900 1536 2017 1590; x_wconf 74' lang='lat' dir='ltr'><strong>qua:</strong></span> <span class='ocrx_word' id='word_1_618' title='bbox 2042 1538 2145 1576; x_wconf 91' lang='lat' dir='ltr'><strong>non</strong></span> <span class='ocrx_word' id='word_1_619' title='bbox 2178 1532 2301 1578; x_wconf 90' lang='lat' dir='ltr'><strong>sunt</strong></span> <span class='ocrx_word' id='word_1_620' title='bbox 2327 1525 2394 1580; x_wconf 89' lang='lat' dir='ltr'><strong>de</strong></span> <span class='ocrx_word' id='word_1_621' title='bbox 2440 1526 2528 1581; x_wconf 91' lang='lat' dir='ltr'><strong>illo</strong></span> <span class='ocrx_word' id='word_1_622' title='bbox 2555 1529 2717 1595; x_wconf 90' lang='lat' dir='ltr'><strong>ovili;</strong></span> <span class='ocrx_word' id='word_1_623' title='bbox 2749 1539 2806 1585; x_wconf 89' lang='lat' dir='ltr'><strong>ut</strong></span> <span class='ocrx_word' id='word_1_624' title='bbox 2832 1532 2902 1587; x_wconf 90' lang='lat' dir='ltr'><strong>sit</strong></span> <span class='ocrx_word' id='word_1_625' title='bbox 2947 1549 3075 1604; x_wconf 87' lang='lat' dir='ltr'><strong>grex</strong></span> <span class='ocrx_word' id='word_1_626' title='bbox 3108 1551 3272 1604; x_wconf 91' lang='lat' dir='ltr'><strong>unus,</strong></span> <span class='ocrx_word' id='word_1_627' title='bbox 3302 1546 3359 1593; x_wconf 91' lang='lat' dir='ltr'><strong>ut</strong></span> <span class='ocrx_word' id='word_1_628' title='bbox 3386 1539 3473 1593; x_wconf 85' lang='lat' dir='ltr'><strong>di-</strong></span> 
     </span>
    </p>
   </div>
   <div class='ocr_carea' id='block_1_76' title="bbox 1899 1619 3472 1697">
    <p class='ocr_par' dir='ltr' id='par_1_76' title="bbox 1899 1619 3472 1697">
     <span class='ocr_line' id='line_1_76' title="bbox 1899 1619 3472 1697; baseline 0.013 -34"><span class='ocrx_word' id='word_1_629' title='bbox 1899 1621 2041 1666; x_wconf 90' lang='lat' dir='ltr'><strong>ctum</strong></span> <span class='ocrx_word' id='word_1_630' title='bbox 2071 1620 2185 1677; x_wconf 88' lang='lat' dir='ltr'><strong>est,</strong></span> <span class='ocrx_word' id='word_1_631' title='bbox 2214 1624 2267 1670; x_wconf 90' lang='lat' dir='ltr'><strong>et</strong></span> <span class='ocrx_word' id='word_1_632' title='bbox 2294 1631 2428 1671; x_wconf 89' lang='lat' dir='ltr'><strong>unus</strong></span> <span class='ocrx_word' id='word_1_633' title='bbox 2456 1627 2654 1687; x_wconf 88' lang='lat' dir='ltr'><strong>pastor.</strong></span> <span class='ocrx_word' id='word_1_634' title='bbox 2682 1619 2850 1676; x_wconf 78' lang='lat' dir='ltr'><strong>Judzei</strong></span> <span class='ocrx_word' id='word_1_635' title='bbox 2878 1638 3005 1678; x_wconf 90' lang='lat' dir='ltr'><strong>vero</strong></span> <span class='ocrx_word' id='word_1_636' title='bbox 3047 1640 3166 1680; x_wconf 92' lang='lat' dir='ltr'><strong>cum</strong></span> <span class='ocrx_word' id='word_1_637' title='bbox 3194 1638 3377 1697; x_wconf 88' lang='lat' dir='ltr'><strong>putant</strong></span> <span class='ocrx_word' id='word_1_638' title='bbox 3404 1630 3472 1685; x_wconf 89' lang='lat' dir='ltr'><strong>ad</strong></span> 
     </span>
    </p>
   </div>
   <div class='ocr_carea' id='block_1_77' title="bbox 1898 1708 3468 1789">
    <p class='ocr_par' dir='ltr' id='par_1_77' title="bbox 1898 1708 3468 1789">
     <span class='ocr_line' id='line_1_77' title="bbox 1898 1708 3468 1789; baseline 0.013 -34"><span class='ocrx_word' id='word_1_639' title='bbox 1898 1718 2051 1758; x_wconf 91' lang='lat' dir='ltr'><strong>suum</strong></span> <span class='ocrx_word' id='word_1_640' title='bbox 2094 1720 2314 1777; x_wconf 86' lang='lat' dir='ltr'><strong>regnum</strong></span> <span class='ocrx_word' id='word_1_641' title='bbox 2345 1708 2556 1766; x_wconf 88' lang='lat' dir='ltr'><strong>visibile</strong></span> <span class='ocrx_word' id='word_1_642' title='bbox 2585 1711 2739 1767; x_wconf 91' lang='lat' dir='ltr'><strong>istam</strong></span> <span class='ocrx_word' id='word_1_643' title='bbox 2788 1715 3054 1784; x_wconf 89' lang='lat' dir='ltr'><strong>pertinere</strong></span> <span class='ocrx_word' id='word_1_644' title='bbox 3096 1719 3468 1789; x_wconf 87' lang='lat' dir='ltr'><strong>prophetiam,</strong></span> 
     </span>
    </p>
   </div>
   <div class='ocr_carea' id='block_1_78' title="bbox 1898 1795 3467 1879">
    <p class='ocr_par' dir='ltr' id='par_1_78' title="bbox 1898 1795 3467 1879">
     <span class='ocr_line' id='line_1_78' title="bbox 1898 1795 3467 1879; baseline 0.014 -32"><span class='ocrx_word' id='word_1_645' title='bbox 1898 1795 2020 1863; x_wconf 90' lang='lat' dir='ltr'><strong>quia</strong></span> <span class='ocrx_word' id='word_1_646' title='bbox 2052 1810 2147 1865; x_wconf 88' lang='lat' dir='ltr'><strong>spe</strong></span> <span class='ocrx_word' id='word_1_647' title='bbox 2175 1797 2517 1855; x_wconf 90' lang='lat' dir='ltr'><strong>invisibilium</strong></span> <span class='ocrx_word' id='word_1_648' title='bbox 2553 1801 2812 1859; x_wconf 93' lang='lat' dir='ltr'><strong>bonorum</strong></span> <span class='ocrx_word' id='word_1_649' title='bbox 2839 1807 3069 1877; x_wconf 85' lang='lat' dir='ltr'><strong>gaudere</strong></span> <span class='ocrx_word' id='word_1_650' title='bbox 3107 1825 3213 1865; x_wconf 90' lang='lat' dir='ltr'><strong>non</strong></span> <span class='ocrx_word' id='word_1_651' title='bbox 3242 1826 3467 1879; x_wconf 90' lang='lat' dir='ltr'><strong>norunt;</strong></span> 
     </span>
    </p>
   </div>
   <div class='ocr_carea' id='block_1_79' title="bbox 1900 1887 3465 1972">
    <p class='ocr_par' dir='ltr' id='par_1_79' title="bbox 1900 1887 3465 1972">
     <span class='ocr_line' id='line_1_79' title="bbox 1900 1887 3465 1972; baseline 0.015 -33"><span class='ocrx_word' id='word_1_652' title='bbox 1900 1887 1951 1940; x_wconf 90' lang='lat' dir='ltr'><strong>in</strong></span> <span class='ocrx_word' id='word_1_653' title='bbox 1979 1887 2195 1958; x_wconf 89' lang='lat' dir='ltr'><strong>laqueos</strong></span> <span class='ocrx_word' id='word_1_654' title='bbox 2222 1891 2360 1947; x_wconf 92' lang='lat' dir='ltr'><strong>illius</strong></span> <span class='ocrx_word' id='word_1_655' title='bbox 2403 1895 2590 1951; x_wconf 79' lang='lat' dir='ltr'><strong>ruituri</strong></span> <span class='ocrx_word' id='word_1_656' title='bbox 2619 1907 2772 1965; x_wconf 92' lang='lat' dir='ltr'><strong>sunt,</strong></span> <span class='ocrx_word' id='word_1_657' title='bbox 2806 1899 2874 1955; x_wconf 91' lang='lat' dir='ltr'><strong>de</strong></span> <span class='ocrx_word' id='word_1_658' title='bbox 2914 1916 3019 1972; x_wconf 92' lang='lat' dir='ltr'><strong>quo</strong></span> <span class='ocrx_word' id='word_1_659' title='bbox 3049 1903 3304 1961; x_wconf 91' lang='lat' dir='ltr'><strong>Dominus</strong></span> <span class='ocrx_word' id='word_1_660' title='bbox 3348 1908 3421 1963; x_wconf 91' lang='lat' dir='ltr'><strong>ait</strong></span> <span class='ocrx_word' id='word_1_661' title='bbox 3450 1925 3465 1963; x_wconf 89' lang='lat'><strong>:</strong></span> 
     </span>
    </p>
   </div>
   <div class='ocr_carea' id='block_1_80' title="bbox 1905 1980 3467 2068">
    <p class='ocr_par' dir='ltr' id='par_1_80' title="bbox 1905 1980 3467 2068">
     <span class='ocr_line' id='line_1_80' title="bbox 1905 1980 3467 2068; baseline 0.015 -36"><span class='ocrx_word' id='word_1_662' title='bbox 1905 1998 1924 2031; x_wconf 76' lang='lat' dir='ltr'><strong>t</strong></span> <span class='ocrx_word' id='word_1_663' title='bbox 1953 1980 2065 2050; x_wconf 89' lang='lat' dir='ltr'><strong>Ego</strong></span> <span class='ocrx_word' id='word_1_664' title='bbox 2094 1983 2208 2037; x_wconf 89' lang='lat' dir='ltr'><strong>veni</strong></span> <span class='ocrx_word' id='word_1_665' title='bbox 2236 1984 2290 2039; x_wconf 90' lang='lat' dir='ltr'><strong>in</strong></span> <span class='ocrx_word' id='word_1_666' title='bbox 2315 1988 2529 2043; x_wconf 90' lang='lat' dir='ltr'><strong>nomine</strong></span> <span class='ocrx_word' id='word_1_667' title='bbox 2558 1989 2725 2045; x_wconf 85' lang='lat' dir='ltr'><strong>Patris</strong></span> <span class='ocrx_word' id='word_1_668' title='bbox 2758 1992 2863 2047; x_wconf 88' lang='lat' dir='ltr'><strong>mei</strong></span> <span class='ocrx_word' id='word_1_669' title='bbox 2887 2034 2901 2059; x_wconf 96' lang='lat'><strong>,</strong></span> <span class='ocrx_word' id='word_1_670' title='bbox 2929 2002 2984 2048; x_wconf 90' lang='lat' dir='ltr'><strong>et</strong></span> <span class='ocrx_word' id='word_1_671' title='bbox 3011 2010 3116 2049; x_wconf 90' lang='lat' dir='ltr'><strong>non</strong></span> <span class='ocrx_word' id='word_1_672' title='bbox 3159 2000 3467 2068; x_wconf 89' lang='lat' dir='ltr'><strong>suscepistis</strong></span> 
     </span>
    </p>
   </div>
   <div class='ocr_carea' id='block_1_81' title="bbox 1901 2073 3463 2159">
    <p class='ocr_par' dir='ltr' id='par_1_81' title="bbox 1901 2073 3463 2159">
     <span class='ocr_line' id='line_1_81' title="bbox 1901 2073 3463 2159; baseline 0.013 -35"><span class='ocrx_word' id='word_1_673' title='bbox 1901 2086 2014 2135; x_wconf 89' lang='lat' dir='ltr'><strong>me;</strong></span> <span class='ocrx_word' id='word_1_674' title='bbox 2046 2073 2183 2130; x_wconf 89' lang='lat' dir='ltr'><strong>alius</strong></span> <span class='ocrx_word' id='word_1_675' title='bbox 2207 2077 2385 2131; x_wconf 82' lang='lat' dir='ltr'><strong>veniet</strong></span> <span class='ocrx_word' id='word_1_676' title='bbox 2429 2078 2483 2133; x_wconf 92' lang='lat' dir='ltr'><strong>in</strong></span> <span class='ocrx_word' id='word_1_677' title='bbox 2532 2081 2745 2137; x_wconf 87' lang='lat' dir='ltr'><strong>nomine</strong></span> <span class='ocrx_word' id='word_1_678' title='bbox 2788 2096 2884 2137; x_wconf 90' lang='lat' dir='ltr'><strong>suo</strong></span> <span class='ocrx_word' id='word_1_679' title='bbox 2908 2125 2922 2148; x_wconf 89' lang='lat'><strong>,</strong></span> <span class='ocrx_word' id='word_1_680' title='bbox 2954 2083 3093 2140; x_wconf 87' lang='lat' dir='ltr'><strong>hunc</strong></span> <span class='ocrx_word' id='word_1_681' title='bbox 3112 2088 3410 2159; x_wconf 80' lang='lat' dir='ltr'><strong>Suscipietis</strong></span> <span class='ocrx_word' id='word_1_682' title='bbox 3441 2110 3463 2144; x_wconf 73' lang='grc' dir='ltr'><strong>ι</strong></span> 
     </span>
    </p>
   </div>
   <div class='ocr_carea' id='block_1_82' title="bbox 1903 2162 3467 2249">
    <p class='ocr_par' dir='ltr' id='par_1_82' title="bbox 1903 2162 3467 2249">
     <span class='ocr_line' id='line_1_82' title="bbox 1903 2162 3467 2249; baseline 0.015 -35"><span class='ocrx_word' id='word_1_683' title='bbox 1903 2162 2074 2232; x_wconf 86' lang='lat' dir='ltr'><strong>(Joan.</strong></span> <span class='ocrx_word' id='word_1_684' title='bbox 2116 2180 2163 2228; x_wconf 80' lang='grc' dir='ltr'><strong>ν,</strong></span> <span class='ocrx_word' id='word_1_685' title='bbox 2197 2166 2266 2221; x_wconf 69' lang='grc'><strong>45</strong></span> <span class='ocrx_word' id='word_1_686' title='bbox 2288 2169 2327 2236; x_wconf 91' lang='grc'><strong>).</strong></span> <span class='ocrx_word' id='word_1_687' title='bbox 2359 2169 2431 2224; x_wconf 89' lang='lat' dir='ltr'><strong>De</strong></span> <span class='ocrx_word' id='word_1_688' title='bbox 2451 2185 2557 2240; x_wconf 89' lang='lat' dir='ltr'><strong>quo</strong></span> <span class='ocrx_word' id='word_1_689' title='bbox 2586 2174 2857 2239; x_wconf 88' lang='lat' dir='ltr'><strong>apostolus</strong></span> <span class='ocrx_word' id='word_1_690' title='bbox 2878 2174 3073 2231; x_wconf 91' lang='lat' dir='ltr'><strong>Paulus</strong></span> <span class='ocrx_word' id='word_1_691' title='bbox 3101 2178 3249 2246; x_wconf 86' lang='lat' dir='ltr'><strong>dicit,</strong></span> <span class='ocrx_word' id='word_1_692' title='bbox 3289 2200 3309 2234; x_wconf 75' lang='grc' dir='ltr'><strong>ι</strong></span> <span class='ocrx_word' id='word_1_693' title='bbox 3334 2182 3467 2249; x_wconf 82' lang='lat' dir='ltr'><strong>Quia</strong></span> 
     </span>
    </p>
   </div>
   <div class='ocr_carea' id='block_1_83' title="bbox 1898 2255 3467 2342">
    <p class='ocr_par' dir='ltr' id='par_1_83' title="bbox 1898 2255 3467 2342">
     <span class='ocr_line' id='line_1_83' title="bbox 1898 2255 3467 2342; baseline 0.015 -35"><span class='ocrx_word' id='word_1_694' title='bbox 1898 2255 2216 2311; x_wconf 87' lang='lat' dir='ltr'><strong>revelabitur</strong></span> <span class='ocrx_word' id='word_1_695' title='bbox 2243 2259 2402 2313; x_wconf 89' lang='lat' dir='ltr'><strong>homo</strong></span> <span class='ocrx_word' id='word_1_696' title='bbox 2432 2264 2664 2330; x_wconf 84' lang='lat' dir='ltr'><strong>peccati,</strong></span> <span class='ocrx_word' id='word_1_697' title='bbox 2696 2264 2835 2322; x_wconf 76' lang='lat' dir='ltr'><strong>ﬁlius</strong></span> <span class='ocrx_word' id='word_1_698' title='bbox 2861 2267 3128 2337; x_wconf 90' lang='lat' dir='ltr'><strong>interitus,</strong></span> <span class='ocrx_word' id='word_1_699' title='bbox 3158 2273 3244 2342; x_wconf 89' lang='lat' dir='ltr'><strong>qui</strong></span> <span class='ocrx_word' id='word_1_700' title='bbox 3272 2273 3467 2329; x_wconf 89' lang='lat' dir='ltr'><strong>adver-</strong></span> 
     </span>
    </p>
   </div>
   <div class='ocr_carea' id='block_1_84' title="bbox 1897 2353 3468 2431">
    <p class='ocr_par' dir='ltr' id='par_1_84' title="bbox 1897 2353 3468 2431">
     <span class='ocr_line' id='line_1_84' title="bbox 1897 2353 3468 2431; baseline 0.014 -33"><span class='ocrx_word' id='word_1_701' title='bbox 1897 2354 2044 2400; x_wconf 87' lang='lat' dir='ltr'><strong>satur</strong></span> <span class='ocrx_word' id='word_1_702' title='bbox 2094 2357 2146 2401; x_wconf 93' lang='lat' dir='ltr'><strong>et</strong></span> <span class='ocrx_word' id='word_1_703' title='bbox 2194 2353 2627 2419; x_wconf 90' lang='lat' dir='ltr'><strong>superextollitur</strong></span> <span class='ocrx_word' id='word_1_704' title='bbox 2674 2371 2832 2425; x_wconf 89' lang='lat' dir='ltr'><strong>supra</strong></span> <span class='ocrx_word' id='word_1_705' title='bbox 2882 2374 3041 2415; x_wconf 89' lang='lat' dir='ltr'><strong>omne</strong></span> <span class='ocrx_word' id='word_1_706' title='bbox 3087 2362 3227 2431; x_wconf 90' lang='lat' dir='ltr'><strong>quod</strong></span> <span class='ocrx_word' id='word_1_707' title='bbox 3269 2365 3468 2421; x_wconf 87' lang='lat' dir='ltr'><strong>dicitur</strong></span> 
     </span>
    </p>
   </div>
   <div class='ocr_carea' id='block_1_85' title="bbox 1904 2436 3465 2524">
    <p class='ocr_par' dir='ltr' id='par_1_85' title="bbox 1904 2436 3465 2524">
     <span class='ocr_line' id='line_1_85' title="bbox 1904 2436 3465 2524; baseline 0.015 -34"><span class='ocrx_word' id='word_1_708' title='bbox 1904 2436 2075 2503; x_wconf 92' lang='lat' dir='ltr'><strong>Deus,</strong></span> <span class='ocrx_word' id='word_1_709' title='bbox 2104 2442 2357 2511; x_wconf 90' lang='lat' dir='ltr'><strong>autquod</strong></span> <span class='ocrx_word' id='word_1_710' title='bbox 2387 2445 2597 2508; x_wconf 88' lang='lat' dir='ltr'><strong>colitur,</strong></span> <span class='ocrx_word' id='word_1_711' title='bbox 2630 2447 2701 2501; x_wconf 90' lang='lat' dir='ltr'><strong>ita</strong></span> <span class='ocrx_word' id='word_1_712' title='bbox 2727 2456 2784 2502; x_wconf 92' lang='lat' dir='ltr'><strong>ut</strong></span> <span class='ocrx_word' id='word_1_713' title='bbox 2822 2450 2872 2503; x_wconf 88' lang='lat' dir='ltr'><strong>in</strong></span> <span class='ocrx_word' id='word_1_714' title='bbox 2902 2452 3101 2522; x_wconf 90' lang='lat' dir='ltr'><strong>templo</strong></span> <span class='ocrx_word' id='word_1_715' title='bbox 3129 2454 3219 2508; x_wconf 88' lang='lat' dir='ltr'><strong>Dei</strong></span> <span class='ocrx_word' id='word_1_716' title='bbox 3246 2457 3465 2524; x_wconf 87' lang='lat' dir='ltr'><strong>sedeat,</strong></span> 
     </span>
    </p>
   </div>
   <div class='ocr_carea' id='block_1_86' title="bbox 1902 2529 3469 2615">
    <p class='ocr_par' dir='ltr' id='par_1_86' title="bbox 1902 2529 3469 2615">
     <span class='ocr_line' id='line_1_86' title="bbox 1902 2529 3469 2615; baseline 0.013 -33"><span class='ocrx_word' id='word_1_717' title='bbox 1902 2529 2191 2586; x_wconf 89' lang='lat' dir='ltr'><strong>ostendens</strong></span> <span class='ocrx_word' id='word_1_718' title='bbox 2207 2542 2524 2604; x_wconf 89' lang='lat' dir='ltr'><strong>setanquam</strong></span> <span class='ocrx_word' id='word_1_719' title='bbox 2549 2537 2618 2591; x_wconf 87' lang='lat' dir='ltr'><strong>sit</strong></span> <span class='ocrx_word' id='word_1_720' title='bbox 2642 2538 2798 2593; x_wconf 87' lang='lat' dir='ltr'><strong>Deus.</strong></span> <span class='ocrx_word' id='word_1_721' title='bbox 2815 2560 2833 2592; x_wconf 86' lang='grc' dir='ltr'><strong>ι</strong></span> <span class='ocrx_word' id='word_1_722' title='bbox 2855 2541 2924 2595; x_wconf 88' lang='lat' dir='ltr'><strong>Et</strong></span> <span class='ocrx_word' id='word_1_723' title='bbox 2940 2545 3096 2611; x_wconf 86' lang='lat' dir='ltr'><strong>paulo</strong></span> <span class='ocrx_word' id='word_1_724' title='bbox 3108 2555 3247 2615; x_wconf 90' lang='lat' dir='ltr'><strong>post,</strong></span> <span class='ocrx_word' id='word_1_725' title='bbox 3281 2565 3300 2599; x_wconf 77' lang='lat' dir='ltr'><strong>t</strong></span> <span class='ocrx_word' id='word_1_726' title='bbox 3320 2547 3469 2604; x_wconf 88' lang='lat' dir='ltr'><strong>Tunc</strong></span> 
     </span>
    </p>
   </div>
   <div class='ocr_carea' id='block_1_87' title="bbox 1898 2621 3468 2703">
    <p class='ocr_par' dir='ltr' id='par_1_87' title="bbox 1898 2621 3468 2703">
     <span class='ocr_line' id='line_1_87' title="bbox 1898 2621 3468 2703; baseline 0.015 -30"><span class='ocrx_word' id='word_1_727' title='bbox 1898 2621 2288 2691; x_wconf 63' lang='lat' dir='ltr'><strong>revelabitur,»</strong></span> <span class='ocrx_word' id='word_1_728' title='bbox 2320 2626 2507 2698; x_wconf 90' lang='lat' dir='ltr'><strong>inquit,</strong></span> <span class='ocrx_word' id='word_1_729' title='bbox 2541 2646 2559 2680; x_wconf 75' lang='grc' dir='ltr'><strong>ι</strong></span> <span class='ocrx_word' id='word_1_730' title='bbox 2584 2630 2816 2702; x_wconf 88' lang='lat' dir='ltr'><strong>iniquus,</strong></span> <span class='ocrx_word' id='word_1_731' title='bbox 2844 2648 3000 2703; x_wconf 90' lang='lat' dir='ltr'><strong>quem</strong></span> <span class='ocrx_word' id='word_1_732' title='bbox 3033 2636 3287 2695; x_wconf 91' lang='lat' dir='ltr'><strong>Dominus</strong></span> <span class='ocrx_word' id='word_1_733' title='bbox 3314 2641 3468 2698; x_wconf 82' lang='lat' dir='ltr'><strong>Jesus</strong></span> 
     </span>
    </p>
   </div>
   <div class='ocr_carea' id='block_1_88' title="bbox 1896 2712 3467 2791">
    <p class='ocr_par' dir='ltr' id='par_1_88' title="bbox 1896 2712 3467 2791">
     <span class='ocr_line' id='line_1_88' title="bbox 1896 2712 3467 2791; baseline 0.013 -22"><span class='ocrx_word' id='word_1_734' title='bbox 1896 2712 2176 2772; x_wconf 78' lang='lat' dir='ltr'><strong>interﬁciat</strong></span> <span class='ocrx_word' id='word_1_735' title='bbox 2203 2718 2390 2788; x_wconf 90' lang='lat' dir='ltr'><strong>spiritu</strong></span> <span class='ocrx_word' id='word_1_736' title='bbox 2420 2722 2528 2777; x_wconf 91' lang='lat' dir='ltr'><strong>oris</strong></span> <span class='ocrx_word' id='word_1_737' title='bbox 2553 2723 2667 2790; x_wconf 88' lang='lat' dir='ltr'><strong>sui,</strong></span> <span class='ocrx_word' id='word_1_738' title='bbox 2702 2734 2756 2780; x_wconf 91' lang='lat' dir='ltr'><strong>ct</strong></span> <span class='ocrx_word' id='word_1_739' title='bbox 2779 2729 3056 2783; x_wconf 89' lang='lat' dir='ltr'><strong>evacuabit</strong></span> <span class='ocrx_word' id='word_1_740' title='bbox 3082 2730 3467 2791; x_wconf 87' lang='lat' dir='ltr'><strong>illuminatione</strong></span> 
     </span>
    </p>
   </div>
   <div class='ocr_carea' id='block_1_89' title="bbox 1882 2808 3469 2889">
    <p class='ocr_par' dir='ltr' id='par_1_89' title="bbox 1882 2808 3469 2889">
     <span class='ocr_line' id='line_1_89' title="bbox 1882 2808 3469 2889; baseline 0.015 -31"><span class='ocrx_word' id='word_1_741' title='bbox 1882 2808 2191 2873; x_wconf 66' lang='lat' dir='ltr'><strong>praesentiae</strong></span> <span class='ocrx_word' id='word_1_742' title='bbox 2218 2824 2330 2865; x_wconf 73' lang='lat' dir='ltr'><strong>sua:</strong></span> <span class='ocrx_word' id='word_1_743' title='bbox 2363 2827 2516 2880; x_wconf 90' lang='lat' dir='ltr'><strong>eum,</strong></span> <span class='ocrx_word' id='word_1_744' title='bbox 2561 2816 2711 2885; x_wconf 90' lang='lat' dir='ltr'><strong>cujus</strong></span> <span class='ocrx_word' id='word_1_745' title='bbox 2740 2826 2822 2873; x_wconf 90' lang='lat' dir='ltr'><strong>est</strong></span> <span class='ocrx_word' id='word_1_746' title='bbox 2866 2822 3146 2889; x_wconf 67' lang='lat' dir='ltr'><strong>praesentia</strong></span> <span class='ocrx_word' id='word_1_747' title='bbox 3174 2826 3469 2882; x_wconf 88' lang='lat' dir='ltr'><strong>secundum</strong></span> 
     </span>
    </p>
   </div>
   <div class='ocr_carea' id='block_1_90' title="bbox 1895 2897 3470 2987">
    <p class='ocr_par' dir='ltr' id='par_1_90' title="bbox 1895 2897 3470 2987">
     <span class='ocr_line' id='line_1_90' title="bbox 1895 2897 3470 2987; baseline 0.013 -34"><span class='ocrx_word' id='word_1_748' title='bbox 1895 2897 2258 2966; x_wconf 88' lang='lat' dir='ltr'><strong>operationem</strong></span> <span class='ocrx_word' id='word_1_749' title='bbox 2286 2911 2505 2969; x_wconf 63' lang='lat' dir='ltr'><strong>satanat,</strong></span> <span class='ocrx_word' id='word_1_750' title='bbox 2536 2904 2588 2958; x_wconf 91' lang='lat' dir='ltr'><strong>in</strong></span> <span class='ocrx_word' id='word_1_751' title='bbox 2614 2907 2757 2960; x_wconf 91' lang='lat' dir='ltr'><strong>omni</strong></span> <span class='ocrx_word' id='word_1_752' title='bbox 2786 2908 2978 2964; x_wconf 86' lang='lat' dir='ltr'><strong>virtute</strong></span> <span class='ocrx_word' id='word_1_753' title='bbox 3005 2918 3061 2966; x_wconf 90' lang='lat' dir='ltr'><strong>et</strong></span> <span class='ocrx_word' id='word_1_754' title='bbox 3084 2911 3248 2983; x_wconf 85' lang='lat' dir='ltr'><strong>signis</strong></span> <span class='ocrx_word' id='word_1_755' title='bbox 3272 2926 3325 2970; x_wconf 91' lang='lat' dir='ltr'><strong>et</strong></span> <span class='ocrx_word' id='word_1_756' title='bbox 3348 2932 3470 2987; x_wconf 84' lang='lat' dir='ltr'><strong>pro-</strong></span> 
     </span>
    </p>
   </div>
   <div class='ocr_carea' id='block_1_91' title="bbox 1896 2986 3471 3074">
    <p class='ocr_par' dir='ltr' id='par_1_91' title="bbox 1896 2986 3471 3074">
     <span class='ocr_line' id='line_1_91' title="bbox 1896 2986 3471 3074; baseline 0.015 -33"><span class='ocrx_word' id='word_1_757' title='bbox 1896 2986 2049 3058; x_wconf 87' lang='lat' dir='ltr'><strong>digiis</strong></span> <span class='ocrx_word' id='word_1_758' title='bbox 2075 2990 2369 3058; x_wconf 90' lang='lat' dir='ltr'><strong>mendacii,</strong></span> <span class='ocrx_word' id='word_1_759' title='bbox 2397 3002 2450 3048; x_wconf 92' lang='lat' dir='ltr'><strong>et</strong></span> <span class='ocrx_word' id='word_1_760' title='bbox 2477 2994 2529 3048; x_wconf 89' lang='lat' dir='ltr'><strong>in</strong></span> <span class='ocrx_word' id='word_1_761' title='bbox 2560 2998 2701 3051; x_wconf 90' lang='lat' dir='ltr'><strong>omni</strong></span> <span class='ocrx_word' id='word_1_762' title='bbox 2731 2998 3039 3057; x_wconf 89' lang='lat' dir='ltr'><strong>seductione</strong></span> <span class='ocrx_word' id='word_1_763' title='bbox 3066 2986 3357 3074; x_wconf 85' lang='lat' dir='ltr'><strong>iniquitatis</strong></span> <span class='ocrx_word' id='word_1_764' title='bbox 3384 3009 3471 3065; x_wconf 87' lang='lat' dir='ltr'><strong>his</strong></span> 
     </span>
    </p>
   </div>
   <div class='ocr_carea' id='block_1_92' title="bbox 1896 3079 3467 3158">
    <p class='ocr_par' dir='ltr' id='par_1_92' title="bbox 1896 3079 3467 3158">
     <span class='ocr_line' id='line_1_92' title="bbox 1896 3079 3467 3158; baseline 0.016 -26"><span class='ocrx_word' id='word_1_765' title='bbox 1896 3079 1985 3151; x_wconf 87' lang='lat' dir='ltr'><strong>qui</strong></span> <span class='ocrx_word' id='word_1_766' title='bbox 2015 3092 2276 3150; x_wconf 88' lang='lat' dir='ltr'><strong>pereunt,</strong></span> <span class='ocrx_word' id='word_1_767' title='bbox 2317 3099 2415 3154; x_wconf 90' lang='lat' dir='ltr'><strong>pro</strong></span> <span class='ocrx_word' id='word_1_768' title='bbox 2450 3100 2515 3141; x_wconf 91' lang='lat' dir='ltr'><strong>eo</strong></span> <span class='ocrx_word' id='word_1_769' title='bbox 2559 3088 2701 3157; x_wconf 90' lang='lat' dir='ltr'><strong>quod</strong></span> <span class='ocrx_word' id='word_1_770' title='bbox 2726 3088 3065 3148; x_wconf 87' lang='lat' dir='ltr'><strong>dilectionem</strong></span> <span class='ocrx_word' id='word_1_771' title='bbox 3094 3098 3330 3153; x_wconf 87' lang='lat' dir='ltr'><strong>veritatis</strong></span> <span class='ocrx_word' id='word_1_772' title='bbox 3360 3117 3467 3158; x_wconf 91' lang='lat' dir='ltr'><strong>non</strong></span> 
     </span>
    </p>
   </div>
   <div class='ocr_carea' id='block_1_93' title="bbox 1897 3175 3466 3248">
    <p class='ocr_par' dir='ltr' id='par_1_93' title="bbox 1897 3175 3466 3248">
     <span class='ocr_line' id='line_1_93' title="bbox 1897 3175 3466 3248; baseline 0.015 -25"><span class='ocrx_word' id='word_1_773' title='bbox 1897 3180 2241 3242; x_wconf 83' lang='lat' dir='ltr'><strong>receperunt,</strong></span> <span class='ocrx_word' id='word_1_774' title='bbox 2267 3184 2326 3229; x_wconf 88' lang='lat' dir='ltr'><strong>ut</strong></span> <span class='ocrx_word' id='word_1_775' title='bbox 2349 3175 2483 3230; x_wconf 89' lang='lat' dir='ltr'><strong>salvi</strong></span> <span class='ocrx_word' id='word_1_776' title='bbox 2514 3177 2735 3247; x_wconf 84' lang='lat' dir='ltr'><strong>tierent;</strong></span> <span class='ocrx_word' id='word_1_777' title='bbox 2768 3190 2822 3237; x_wconf 89' lang='lat' dir='ltr'><strong>et</strong></span> <span class='ocrx_word' id='word_1_778' title='bbox 2853 3184 2973 3239; x_wconf 88' lang='lat' dir='ltr'><strong>ideo</strong></span> <span class='ocrx_word' id='word_1_779' title='bbox 3002 3186 3174 3243; x_wconf 87' lang='lat' dir='ltr'><strong>mittet</strong></span> <span class='ocrx_word' id='word_1_780' title='bbox 3198 3189 3300 3245; x_wconf 90' lang='lat' dir='ltr'><strong>illis</strong></span> <span class='ocrx_word' id='word_1_781' title='bbox 3322 3192 3466 3248; x_wconf 76' lang='lat' dir='ltr'><strong>Deus</strong></span> 
     </span>
    </p>
   </div>
   <div class='ocr_carea' id='block_1_94' title="bbox 1898 3263 3468 3353">
    <p class='ocr_par' dir='ltr' id='par_1_94' title="bbox 1898 3263 3468 3353">
     <span class='ocr_line' id='line_1_94' title="bbox 1898 3263 3468 3353; baseline 0.016 -39"><span class='ocrx_word' id='word_1_782' title='bbox 1898 3263 2258 3331; x_wconf 89' lang='lat' dir='ltr'><strong>operationem</strong></span> <span class='ocrx_word' id='word_1_783' title='bbox 2289 3268 2522 3335; x_wconf 90' lang='lat' dir='ltr'><strong>erroris,</strong></span> <span class='ocrx_word' id='word_1_784' title='bbox 2554 3278 2615 3324; x_wconf 92' lang='lat' dir='ltr'><strong>ut</strong></span> <span class='ocrx_word' id='word_1_785' title='bbox 2642 3272 2861 3328; x_wconf 84' lang='lat' dir='ltr'><strong>credant</strong></span> <span class='ocrx_word' id='word_1_786' title='bbox 2903 3277 3211 3346; x_wconf 86' lang='lat' dir='ltr'><strong>mendacio,</strong></span> <span class='ocrx_word' id='word_1_787' title='bbox 3243 3290 3299 3336; x_wconf 86' lang='lat' dir='ltr'><strong>et</strong></span> <span class='ocrx_word' id='word_1_788' title='bbox 3318 3282 3468 3353; x_wconf 74' lang='lat' dir='ltr'><strong>Judi-</strong></span> 
     </span>
    </p>
   </div>
   <div class='ocr_carea' id='block_1_95' title="bbox 1893 3358 3469 3435">
    <p class='ocr_par' dir='ltr' id='par_1_95' title="bbox 1893 3358 3469 3435">
     <span class='ocr_line' id='line_1_95' title="bbox 1893 3358 3469 3435; baseline 0.015 -28"><span class='ocrx_word' id='word_1_789' title='bbox 1893 3362 2081 3409; x_wconf 91' lang='lat' dir='ltr'><strong>centur</strong></span> <span class='ocrx_word' id='word_1_790' title='bbox 2102 3370 2291 3411; x_wconf 88' lang='lat' dir='ltr'><strong>omnes</strong></span> <span class='ocrx_word' id='word_1_791' title='bbox 2320 3358 2409 3428; x_wconf 90' lang='lat' dir='ltr'><strong>qui</strong></span> <span class='ocrx_word' id='word_1_792' title='bbox 2439 3376 2542 3414; x_wconf 91' lang='lat' dir='ltr'><strong>non</strong></span> <span class='ocrx_word' id='word_1_793' title='bbox 2573 3358 2915 3420; x_wconf 78' lang='lat' dir='ltr'><strong>crediderunt</strong></span> <span class='ocrx_word' id='word_1_794' title='bbox 2941 3370 3185 3435; x_wconf 87' lang='lat' dir='ltr'><strong>veritati,</strong></span> <span class='ocrx_word' id='word_1_795' title='bbox 3214 3374 3306 3428; x_wconf 88' lang='lat' dir='ltr'><strong>sed</strong></span> <span class='ocrx_word' id='word_1_796' title='bbox 3333 3391 3469 3431; x_wconf 89' lang='lat' dir='ltr'><strong>con-</strong></span> 
     </span>
    </p>
   </div>
   <div class='ocr_carea' id='block_1_96' title="bbox 1897 3448 3463 3531">
    <p class='ocr_par' dir='ltr' id='par_1_96' title="bbox 1897 3448 3463 3531">
     <span class='ocr_line' id='line_1_96' title="bbox 1897 3448 3463 3531; baseline 0.015 -33"><span class='ocrx_word' id='word_1_797' title='bbox 1897 3454 2179 3500; x_wconf 88' lang='lat' dir='ltr'><strong>senserunt</strong></span> <span class='ocrx_word' id='word_1_798' title='bbox 2220 3448 2478 3519; x_wconf 89' lang='lat' dir='ltr'><strong>iniquitati</strong></span> <span class='ocrx_word' id='word_1_799' title='bbox 2509 3470 2528 3503; x_wconf 85' lang='grc' dir='ltr'><strong>ι</strong></span> <span class='ocrx_word' id='word_1_800' title='bbox 2564 3450 2629 3525; x_wconf 75' lang='grc' dir='ltr'>(ιι</span> <span class='ocrx_word' id='word_1_801' title='bbox 2662 3453 2836 3509; x_wconf 82' lang='lat' dir='ltr'><strong>Thess.</strong></span> <span class='ocrx_word' id='word_1_802' title='bbox 2860 3472 2917 3523; x_wconf 77' lang='grc' dir='ltr'>ιι,</span> <span class='ocrx_word' id='word_1_803' title='bbox 2946 3459 3128 3531; x_wconf 82' lang='grc'><strong>5-11).</strong></span> <span class='ocrx_word' id='word_1_804' title='bbox 3159 3462 3263 3518; x_wconf 85' lang='lat' dir='ltr'><strong>Per</strong></span> <span class='ocrx_word' id='word_1_805' title='bbox 3303 3465 3463 3522; x_wconf 87' lang='lat' dir='ltr'><strong>istum</strong></span> 
     </span>
    </p>
   </div>
   <div class='ocr_carea' id='block_1_97' title="bbox 1897 3536 3469 3628">
    <p class='ocr_par' dir='ltr' id='par_1_97' title="bbox 1897 3536 3469 3628">
     <span class='ocr_line' id='line_1_97' title="bbox 1897 3536 3469 3628; baseline 0.016 -39"><span class='ocrx_word' id='word_1_806' title='bbox 1897 3536 2131 3606; x_wconf 85' lang='lat' dir='ltr'><strong>refugam</strong></span> <span class='ocrx_word' id='word_1_807' title='bbox 2154 3580 2169 3602; x_wconf 94' lang='lat'><strong>,</strong></span> <span class='ocrx_word' id='word_1_808' title='bbox 2198 3554 2295 3608; x_wconf 85' lang='lat' dir='ltr'><strong>per</strong></span> <span class='ocrx_word' id='word_1_809' title='bbox 2318 3541 2475 3596; x_wconf 89' lang='lat' dir='ltr'><strong>istum</strong></span> <span class='ocrx_word' id='word_1_810' title='bbox 2499 3544 2588 3613; x_wconf 92' lang='lat' dir='ltr'><strong>qui</strong></span> <span class='ocrx_word' id='word_1_811' title='bbox 2617 3559 2677 3599; x_wconf 89' lang='lat' dir='ltr'><strong>se</strong></span> <span class='ocrx_word' id='word_1_812' title='bbox 2701 3548 2906 3603; x_wconf 81' lang='lat' dir='ltr'><strong>extollit</strong></span> <span class='ocrx_word' id='word_1_813' title='bbox 2952 3564 3109 3623; x_wconf 89' lang='lat' dir='ltr'><strong>supra</strong></span> <span class='ocrx_word' id='word_1_814' title='bbox 3145 3569 3302 3612; x_wconf 88' lang='lat' dir='ltr'><strong>omne</strong></span> <span class='ocrx_word' id='word_1_815' title='bbox 3326 3560 3469 3628; x_wconf 84' lang='lat' dir='ltr'><strong>quod</strong></span> 
     </span>
    </p>
   </div>
   <div class='ocr_carea' id='block_1_98' title="bbox 1897 3627 3466 3719">
    <p class='ocr_par' dir='ltr' id='par_1_98' title="bbox 1897 3627 3466 3719">
     <span class='ocr_line' id='line_1_98' title="bbox 1897 3627 3466 3719; baseline 0.017 -38"><span class='ocrx_word' id='word_1_816' title='bbox 1897 3627 2089 3684; x_wconf 89' lang='lat' dir='ltr'><strong>dicitur</strong></span> <span class='ocrx_word' id='word_1_817' title='bbox 2114 3631 2269 3696; x_wconf 89' lang='lat' dir='ltr'><strong>Deus,</strong></span> <span class='ocrx_word' id='word_1_818' title='bbox 2305 3642 2395 3688; x_wconf 89' lang='lat' dir='ltr'><strong>aut</strong></span> <span class='ocrx_word' id='word_1_819' title='bbox 2418 3636 2556 3705; x_wconf 90' lang='lat' dir='ltr'><strong>quod</strong></span> <span class='ocrx_word' id='word_1_820' title='bbox 2588 3639 2799 3706; x_wconf 90' lang='lat' dir='ltr'><strong>colitur,</strong></span> <span class='ocrx_word' id='word_1_821' title='bbox 2834 3642 3038 3699; x_wconf 88' lang='lat' dir='ltr'><strong>videtur</strong></span> <span class='ocrx_word' id='word_1_822' title='bbox 3060 3646 3186 3700; x_wconf 88' lang='lat' dir='ltr'><strong>mihi</strong></span> <span class='ocrx_word' id='word_1_823' title='bbox 3217 3653 3466 3719; x_wconf 86' lang='lat' dir='ltr'><strong>populum</strong></span> 
     </span>
    </p>
   </div>
   <div class='ocr_carea' id='block_1_99' title="bbox 1896 3721 3466 3812">
    <p class='ocr_par' dir='ltr' id='par_1_99' title="bbox 1896 3721 3466 3812">
     <span class='ocr_line' id='line_1_99' title="bbox 1896 3721 3466 3812; baseline 0.016 -38"><span class='ocrx_word' id='word_1_824' title='bbox 1896 3721 2249 3778; x_wconf 86' lang='lat' dir='ltr'><strong>lsraelitarum</strong></span> <span class='ocrx_word' id='word_1_825' title='bbox 2278 3728 2569 3783; x_wconf 87' lang='lat' dir='ltr'><strong>carnalium</strong></span> <span class='ocrx_word' id='word_1_826' title='bbox 2598 3741 2896 3798; x_wconf 89' lang='lat' dir='ltr'><strong>putaturum</strong></span> <span class='ocrx_word' id='word_1_827' title='bbox 2922 3734 3127 3804; x_wconf 90' lang='lat' dir='ltr'><strong>impleri</strong></span> <span class='ocrx_word' id='word_1_828' title='bbox 3155 3738 3306 3794; x_wconf 87' lang='lat' dir='ltr'><strong>istam</strong></span> <span class='ocrx_word' id='word_1_829' title='bbox 3334 3758 3466 3812; x_wconf 89' lang='lat' dir='ltr'><strong>pro-</strong></span> 
     </span>
    </p>
   </div>
   <div class='ocr_carea' id='block_1_100' title="bbox 1899 3812 3465 3896">
    <p class='ocr_par' dir='ltr' id='par_1_100' title="bbox 1899 3812 3465 3896">
     <span class='ocr_line' id='line_1_100' title="bbox 1899 3812 3465 3896; baseline 0.016 -32"><span class='ocrx_word' id='word_1_830' title='bbox 1899 3812 2127 3881; x_wconf 82' lang='lat' dir='ltr'><strong>phetiam</strong></span> <span class='ocrx_word' id='word_1_831' title='bbox 2156 3831 2257 3885; x_wconf 89' lang='lat' dir='ltr'><strong>qua</strong></span> <span class='ocrx_word' id='word_1_832' title='bbox 2283 3816 2481 3873; x_wconf 91' lang='lat' dir='ltr'><strong>dictum</strong></span> <span class='ocrx_word' id='word_1_833' title='bbox 2508 3828 2590 3874; x_wconf 87' lang='lat' dir='ltr'><strong>est</strong></span> <span class='ocrx_word' id='word_1_834' title='bbox 2610 3860 2623 3883; x_wconf 91' lang='lat'><strong>,</strong></span> <span class='ocrx_word' id='word_1_835' title='bbox 2650 3820 2829 3876; x_wconf 79' lang='lat' dir='ltr'><strong>Salvos</strong></span> <span class='ocrx_word' id='word_1_836' title='bbox 2850 3840 2940 3877; x_wconf 86' lang='lat' dir='ltr'><strong>nos</strong></span> <span class='ocrx_word' id='word_1_837' title='bbox 2963 3828 3064 3896; x_wconf 75' lang='lat' dir='ltr'><strong>fac,</strong></span> <span class='ocrx_word' id='word_1_838' title='bbox 3092 3826 3311 3885; x_wconf 85' lang='lat' dir='ltr'><strong>Domine</strong></span> <span class='ocrx_word' id='word_1_839' title='bbox 3333 3832 3465 3890; x_wconf 84' lang='lat' dir='ltr'><strong>Deus</strong></span> 
     </span>
    </p>
   </div>
   <div class='ocr_carea' id='block_1_101' title="bbox 1897 3914 3459 3994">
    <p class='ocr_par' dir='ltr' id='par_1_101' title="bbox 1897 3914 3459 3994">
     <span class='ocr_line' id='line_1_101' title="bbox 1897 3914 3459 3994; baseline 0.016 -37"><span class='ocrx_word' id='word_1_840' title='bbox 1897 3917 2083 3973; x_wconf 85' lang='lat' dir='ltr'><strong>noster,</strong></span> <span class='ocrx_word' id='word_1_841' title='bbox 2113 3918 2159 3962; x_wconf 88' lang='lat' dir='ltr'><strong>et</strong></span> <span class='ocrx_word' id='word_1_842' title='bbox 2186 3925 2434 3980; x_wconf 79' lang='lat' dir='ltr'><strong>congrega</strong></span> <span class='ocrx_word' id='word_1_843' title='bbox 2472 3929 2563 3967; x_wconf 78' lang='lat' dir='ltr'><strong>nos</strong></span> <span class='ocrx_word' id='word_1_844' title='bbox 2599 3914 2663 3968; x_wconf 86' lang='lat' dir='ltr'><strong>de</strong></span> <span class='ocrx_word' id='word_1_845' title='bbox 2689 3914 2967 3982; x_wconf 82' lang='lat' dir='ltr'><strong>Gentibus;</strong></span> <span class='ocrx_word' id='word_1_846' title='bbox 3001 3921 3143 3990; x_wconf 89' lang='lat' dir='ltr'><strong>quod</strong></span> <span class='ocrx_word' id='word_1_847' title='bbox 3170 3923 3259 3978; x_wconf 88' lang='lat' dir='ltr'><strong>illo</strong></span> <span class='ocrx_word' id='word_1_848' title='bbox 3286 3924 3420 3982; x_wconf 88' lang='lat' dir='ltr'><strong>duce</strong></span> <span class='ocrx_word' id='word_1_849' title='bbox 3440 3970 3459 3994; x_wconf 94' lang='lat'><strong>,</strong></span> 
     </span>
    </p>
   </div>
   <div class='ocr_carea' id='block_1_102' title="bbox 1894 4004 3461 4089">
    <p class='ocr_par' dir='ltr' id='par_1_102' title="bbox 1894 4004 3461 4089">
     <span class='ocr_line' id='line_1_102' title="bbox 1894 4004 3461 4089; baseline 0.013 -33"><span class='ocrx_word' id='word_1_850' title='bbox 1894 4004 2037 4060; x_wconf 66' lang='lat' dir='ltr'><strong>velut</strong></span> <span class='ocrx_word' id='word_1_851' title='bbox 2083 4006 2133 4060; x_wconf 90' lang='lat' dir='ltr'><strong>in</strong></span> <span class='ocrx_word' id='word_1_852' title='bbox 2177 4018 2465 4077; x_wconf 87' lang='lat' dir='ltr'><strong>conspectu</strong></span> <span class='ocrx_word' id='word_1_853' title='bbox 2504 4010 2837 4067; x_wconf 87' lang='lat' dir='ltr'><strong>inimicorum</strong></span> <span class='ocrx_word' id='word_1_854' title='bbox 2872 4028 3088 4070; x_wconf 86' lang='lat' dir='ltr'><strong>suorum</strong></span> <span class='ocrx_word' id='word_1_855' title='bbox 3131 4018 3417 4075; x_wconf 88' lang='lat' dir='ltr'><strong>visibilium</strong></span> <span class='ocrx_word' id='word_1_856' title='bbox 3442 4065 3461 4089; x_wconf 89' lang='lat'><strong>,</strong></span> 
     </span>
    </p>
   </div>
   <div class='ocr_carea' id='block_1_103' title="bbox 1893 4096 3462 4170">
    <p class='ocr_par' dir='ltr' id='par_1_103' title="bbox 1893 4096 3462 4170">
     <span class='ocr_line' id='line_1_103' title="bbox 1893 4096 3462 4170; baseline 0.011 -20"><span class='ocrx_word' id='word_1_857' title='bbox 1893 4096 1984 4165; x_wconf 89' lang='lat' dir='ltr'><strong>qui</strong></span> <span class='ocrx_word' id='word_1_858' title='bbox 2011 4112 2105 4152; x_wconf 90' lang='lat' dir='ltr'><strong>eos</strong></span> <span class='ocrx_word' id='word_1_859' title='bbox 2158 4099 2437 4155; x_wconf 86' lang='lat' dir='ltr'><strong>visibiliter</strong></span> <span class='ocrx_word' id='word_1_860' title='bbox 2479 4102 2904 4170; x_wconf 88' lang='lat' dir='ltr'><strong>captivaverant,</strong></span> <span class='ocrx_word' id='word_1_861' title='bbox 2931 4104 3160 4162; x_wconf 84' lang='lat' dir='ltr'><strong>habituri</strong></span> <span class='ocrx_word' id='word_1_862' title='bbox 3203 4109 3309 4163; x_wconf 91' lang='lat' dir='ltr'><strong>sint</strong></span> <span class='ocrx_word' id='word_1_863' title='bbox 3333 4112 3462 4166; x_wconf 81' lang='lat' dir='ltr'><strong>visi-</strong></span> 
     </span>
    </p>
   </div>
   <div class='ocr_carea' id='block_1_104' title="bbox 1892 4187 3459 4270">
    <p class='ocr_par' dir='ltr' id='par_1_104' title="bbox 1892 4187 3459 4270">
     <span class='ocr_line' id='line_1_104' title="bbox 1892 4187 3459 4270; baseline 0.01 -27"><span class='ocrx_word' id='word_1_864' title='bbox 1892 4187 2049 4244; x_wconf 91' lang='lat' dir='ltr'><strong>bilem</strong></span> <span class='ocrx_word' id='word_1_865' title='bbox 2079 4191 2321 4259; x_wconf 85' lang='lat' dir='ltr'><strong>gloriam.</strong></span> <span class='ocrx_word' id='word_1_866' title='bbox 2367 4193 2454 4249; x_wconf 88' lang='lat' dir='ltr'><strong>Sic</strong></span> <span class='ocrx_word' id='word_1_867' title='bbox 2483 4194 2703 4249; x_wconf 87' lang='lat' dir='ltr'><strong>credent</strong></span> <span class='ocrx_word' id='word_1_868' title='bbox 2726 4197 3002 4254; x_wconf 88' lang='lat' dir='ltr'><strong>mendacio</strong></span> <span class='ocrx_word' id='word_1_869' title='bbox 3023 4239 3039 4265; x_wconf 92' lang='lat'><strong>,</strong></span> <span class='ocrx_word' id='word_1_870' title='bbox 3067 4201 3185 4270; x_wconf 90' lang='lat' dir='ltr'><strong>quia</strong></span> <span class='ocrx_word' id='word_1_871' title='bbox 3212 4200 3459 4257; x_wconf 86' lang='lat' dir='ltr'><strong>dilectio-</strong></span> 
     </span>
    </p>
   </div>
   <div class='ocr_carea' id='block_1_105' title="bbox 1892 4286 3456 4358">
    <p class='ocr_par' dir='ltr' id='par_1_105' title="bbox 1892 4286 3456 4358">
     <span class='ocr_line' id='line_1_105' title="bbox 1892 4286 3456 4358; baseline 0.007 -22"><span class='ocrx_word' id='word_1_872' title='bbox 1892 4297 2011 4337; x_wconf 89' lang='lat' dir='ltr'><strong>nem</strong></span> <span class='ocrx_word' id='word_1_873' title='bbox 2038 4286 2272 4339; x_wconf 86' lang='lat' dir='ltr'><strong>veritatis</strong></span> <span class='ocrx_word' id='word_1_874' title='bbox 2297 4300 2401 4339; x_wconf 86' lang='lat' dir='ltr'><strong>non</strong></span> <span class='ocrx_word' id='word_1_875' title='bbox 2432 4297 2780 4357; x_wconf 80' lang='lat' dir='ltr'><strong>receperunt,</strong></span> <span class='ocrx_word' id='word_1_876' title='bbox 2810 4299 2871 4343; x_wconf 89' lang='lat' dir='ltr'><strong>ut</strong></span> <span class='ocrx_word' id='word_1_877' title='bbox 2898 4305 3003 4344; x_wconf 91' lang='lat' dir='ltr'><strong>non</strong></span> <span class='ocrx_word' id='word_1_878' title='bbox 3034 4292 3170 4345; x_wconf 88' lang='lat' dir='ltr'><strong>bona</strong></span> <span class='ocrx_word' id='word_1_879' title='bbox 3199 4294 3456 4358; x_wconf 87' lang='lat' dir='ltr'><strong>carnalia,</strong></span> 
     </span>
    </p>
   </div>
   <div class='ocr_carea' id='block_1_106' title="bbox 1889 4374 3459 4448">
    <p class='ocr_par' dir='ltr' id='par_1_106' title="bbox 1889 4374 3459 4448">
     <span class='ocr_line' id='line_1_106' title="bbox 1889 4374 3459 4448; baseline 0.008 -20"><span class='ocrx_word' id='word_1_880' title='bbox 1889 4374 1979 4429; x_wconf 90' lang='lat' dir='ltr'><strong>sed</strong></span> <span class='ocrx_word' id='word_1_881' title='bbox 2005 4376 2296 4444; x_wconf 87' lang='lat' dir='ltr'><strong>spiritualia</strong></span> <span class='ocrx_word' id='word_1_882' title='bbox 2320 4379 2776 4448; x_wconf 88' lang='lat' dir='ltr'><strong>concupiscerent.</strong></span> <span class='ocrx_word' id='word_1_883' title='bbox 2806 4381 2895 4435; x_wconf 89' lang='lat' dir='ltr'><strong>Sic</strong></span> <span class='ocrx_word' id='word_1_884' title='bbox 2918 4381 3058 4436; x_wconf 89' lang='lat' dir='ltr'><strong>enim</strong></span> <span class='ocrx_word' id='word_1_885' title='bbox 3084 4397 3113 4435; x_wconf 87' lang='lat' dir='ltr'><strong>a</strong></span> <span class='ocrx_word' id='word_1_886' title='bbox 3140 4383 3349 4438; x_wconf 81' lang='lat' dir='ltr'><strong>diabolo</strong></span> <span class='ocrx_word' id='word_1_887' title='bbox 3371 4384 3459 4440; x_wconf 90' lang='lat' dir='ltr'><strong>de-</strong></span> 
     </span>
    </p>
   </div>
   <div class='ocr_carea' id='block_1_107' title="bbox 1886 4468 3455 4544">
    <p class='ocr_par' dir='ltr' id='par_1_107' title="bbox 1886 4468 3455 4544">
     <span class='ocr_line' id='line_1_107' title="bbox 1886 4468 3455 4544; baseline 0.006 -22"><span class='ocrx_word' id='word_1_888' title='bbox 1886 4468 2023 4537; x_wconf 91' lang='lat' dir='ltr'><strong>cepti</strong></span> <span class='ocrx_word' id='word_1_889' title='bbox 2048 4477 2204 4532; x_wconf 90' lang='lat' dir='ltr'><strong>sunt,</strong></span> <span class='ocrx_word' id='word_1_890' title='bbox 2236 4480 2291 4524; x_wconf 92' lang='lat' dir='ltr'><strong>ut</strong></span> <span class='ocrx_word' id='word_1_891' title='bbox 2310 4471 2613 4526; x_wconf 86' lang='lat' dir='ltr'><strong>occiderent</strong></span> <span class='ocrx_word' id='word_1_892' title='bbox 2631 4470 2896 4527; x_wconf 90' lang='lat' dir='ltr'><strong>Christum</strong></span> <span class='ocrx_word' id='word_1_893' title='bbox 2918 4516 2932 4538; x_wconf 95' lang='lat'><strong>,</strong></span> <span class='ocrx_word' id='word_1_894' title='bbox 2957 4474 3167 4544; x_wconf 91' lang='lat' dir='ltr'><strong>quando</strong></span> <span class='ocrx_word' id='word_1_895' title='bbox 3188 4475 3455 4540; x_wconf 78' lang='lat' dir='ltr'><strong>dixerunt,</strong></span> 
     </span>
    </p>
   </div>
   <div class='ocr_carea' id='block_1_108' title="bbox 1892 4560 3459 4631">
    <p class='ocr_par' dir='ltr' id='par_1_108' title="bbox 1892 4560 3459 4631">
     <span class='ocr_line' id='line_1_108' title="bbox 1892 4560 3459 4631; baseline 0.007 -20"><span class='ocrx_word' id='word_1_896' title='bbox 1892 4578 1910 4611; x_wconf 81' lang='lat' dir='ltr'><strong>t</strong></span> <span class='ocrx_word' id='word_1_897' title='bbox 1940 4561 1996 4616; x_wconf 91' lang='lat' dir='ltr'><strong>Si</strong></span> <span class='ocrx_word' id='word_1_898' title='bbox 2025 4560 2338 4616; x_wconf 84' lang='lat' dir='ltr'><strong>dimittimus</strong></span> <span class='ocrx_word' id='word_1_899' title='bbox 2362 4579 2481 4617; x_wconf 88' lang='lat' dir='ltr'><strong>cutn</strong></span> <span class='ocrx_word' id='word_1_900' title='bbox 2508 4563 2620 4626; x_wconf 89' lang='lat' dir='ltr'><strong>sic,</strong></span> <span class='ocrx_word' id='word_1_901' title='bbox 2650 4580 2836 4620; x_wconf 88' lang='lat' dir='ltr'><strong>omnes</strong></span> <span class='ocrx_word' id='word_1_902' title='bbox 2864 4566 3084 4620; x_wconf 88' lang='lat' dir='ltr'><strong>credent</strong></span> <span class='ocrx_word' id='word_1_903' title='bbox 3111 4568 3161 4620; x_wconf 91' lang='lat' dir='ltr'><strong>in</strong></span> <span class='ocrx_word' id='word_1_904' title='bbox 3203 4582 3322 4621; x_wconf 88' lang='lat' dir='ltr'><strong>cum</strong></span> <span class='ocrx_word' id='word_1_905' title='bbox 3351 4608 3367 4631; x_wconf 96' lang='lat'><strong>,</strong></span> <span class='ocrx_word' id='word_1_906' title='bbox 3401 4580 3459 4622; x_wconf 86' lang='lat' dir='ltr'><strong>et</strong></span> 
     </span>
    </p>
   </div>
   <div class='ocr_carea' id='block_1_109' title="bbox 1885 4652 3450 4730">
    <p class='ocr_par' dir='ltr' id='par_1_109' title="bbox 1885 4652 3450 4730">
     <span class='ocr_line' id='line_1_109' title="bbox 1885 4652 3450 4730; baseline 0.008 -28"><span class='ocrx_word' id='word_1_907' title='bbox 1885 4652 2094 4707; x_wconf 86' lang='lat' dir='ltr'><strong>venient</strong></span> <span class='ocrx_word' id='word_1_908' title='bbox 2114 4653 2371 4720; x_wconf 84' lang='lat' dir='ltr'><strong>Romani,</strong></span> <span class='ocrx_word' id='word_1_909' title='bbox 2404 4665 2455 4710; x_wconf 92' lang='lat' dir='ltr'><strong>et</strong></span> <span class='ocrx_word' id='word_1_910' title='bbox 2484 4656 2669 4711; x_wconf 80' lang='lat' dir='ltr'><strong>tollem</strong></span> <span class='ocrx_word' id='word_1_911' title='bbox 2699 4666 2935 4711; x_wconf 88' lang='lat' dir='ltr'><strong>nostrum</strong></span> <span class='ocrx_word' id='word_1_912' title='bbox 2961 4668 3015 4713; x_wconf 89' lang='lat' dir='ltr'><strong>et</strong></span> <span class='ocrx_word' id='word_1_913' title='bbox 3044 4660 3219 4714; x_wconf 90' lang='lat' dir='ltr'><strong>locum</strong></span> <span class='ocrx_word' id='word_1_914' title='bbox 3245 4670 3299 4715; x_wconf 86' lang='lat' dir='ltr'><strong>et</strong></span> <span class='ocrx_word' id='word_1_915' title='bbox 3321 4676 3450 4730; x_wconf 86' lang='lat' dir='ltr'><strong>gen-</strong></span> 
     </span>
    </p>
   </div>
   <div class='ocr_carea' id='block_1_110' title="bbox 1884 4744 3455 4819">
    <p class='ocr_par' dir='ltr' id='par_1_110' title="bbox 1884 4744 3455 4819">
     <span class='ocr_line' id='line_1_110' title="bbox 1884 4744 3455 4819; baseline 0.005 -22"><span class='ocrx_word' id='word_1_916' title='bbox 1884 4752 2022 4798; x_wconf 84' lang='lat' dir='ltr'><strong>tem:</strong></span> <span class='ocrx_word' id='word_1_917' title='bbox 2047 4763 2065 4797; x_wconf 85' lang='grc' dir='ltr'><strong>ι</strong></span> <span class='ocrx_word' id='word_1_918' title='bbox 2099 4745 2309 4815; x_wconf 88' lang='lat' dir='ltr'><strong>quando</strong></span> <span class='ocrx_word' id='word_1_919' title='bbox 2337 4764 2354 4795; x_wconf 72' lang='grc' dir='ltr'><strong>ι</strong></span> <span class='ocrx_word' id='word_1_920' title='bbox 2373 4744 2600 4814; x_wconf 80' lang='lat' dir='ltr'><strong>Caipltas</strong></span> <span class='ocrx_word' id='word_1_921' title='bbox 2623 4762 2756 4800; x_wconf 88' lang='lat' dir='ltr'><strong>unus</strong></span> <span class='ocrx_word' id='word_1_922' title='bbox 2771 4763 2833 4801; x_wconf 84' lang='lat' dir='ltr'><strong>ex</strong></span> <span class='ocrx_word' id='word_1_923' title='bbox 2851 4748 2996 4817; x_wconf 86' lang='lat' dir='ltr'><strong>ipsis,</strong></span> <span class='ocrx_word' id='word_1_924' title='bbox 3014 4764 3133 4811; x_wconf 84' lang='lat' dir='ltr'><strong>cum</strong></span> <span class='ocrx_word' id='word_1_925' title='bbox 3150 4761 3292 4804; x_wconf 90' lang='lat' dir='ltr'><strong>esset</strong></span> <span class='ocrx_word' id='word_1_926' title='bbox 3320 4766 3455 4819; x_wconf 86' lang='lat' dir='ltr'><strong>pon-</strong></span> 
     </span>
    </p>
   </div>
   <div class='ocr_carea' id='block_1_111' title="bbox 1884 4836 3447 4911">
    <p class='ocr_par' dir='ltr' id='par_1_111' title="bbox 1884 4836 3447 4911">
     <span class='ocr_line' id='line_1_111' title="bbox 1884 4836 3447 4911; baseline 0.005 -23"><span class='ocrx_word' id='word_1_927' title='bbox 1884 4836 2004 4890; x_wconf 80' lang='lat' dir='ltr'><strong>tifex</strong></span> <span class='ocrx_word' id='word_1_928' title='bbox 2032 4837 2155 4891; x_wconf 91' lang='lat' dir='ltr'><strong>anni</strong></span> <span class='ocrx_word' id='word_1_929' title='bbox 2184 4838 2321 4893; x_wconf 91' lang='lat' dir='ltr'><strong>illius</strong></span> <span class='ocrx_word' id='word_1_930' title='bbox 2341 4879 2356 4901; x_wconf 92' lang='lat'><strong>,</strong></span> <span class='ocrx_word' id='word_1_931' title='bbox 2403 4837 2537 4892; x_wconf 79' lang='lat' dir='ltr'><strong>dixit</strong></span> <span class='ocrx_word' id='word_1_932' title='bbox 2560 4839 2635 4892; x_wconf 91' lang='lat' dir='ltr'><strong>eis</strong></span> <span class='ocrx_word' id='word_1_933' title='bbox 2660 4879 2674 4901; x_wconf 93' lang='lat'><strong>,</strong></span> <span class='ocrx_word' id='word_1_934' title='bbox 2721 4838 2826 4892; x_wconf 81' lang='lat' dir='ltr'><strong>Vos</strong></span> <span class='ocrx_word' id='word_1_935' title='bbox 2856 4841 3070 4893; x_wconf 85' lang='lat' dir='ltr'><strong>nescitis</strong></span> <span class='ocrx_word' id='word_1_936' title='bbox 3117 4842 3404 4911; x_wconf 87' lang='lat' dir='ltr'><strong>quidquam</strong></span> <span class='ocrx_word' id='word_1_937' title='bbox 3432 4887 3447 4909; x_wconf 93' lang='lat'><strong>,</strong></span> 
     </span>
    </p>
   </div>
   <div class='ocr_carea' id='block_1_112' title="bbox 1884 4928 3453 4998">
    <p class='ocr_par' dir='ltr' id='par_1_112' title="bbox 1884 4928 3453 4998">
     <span class='ocr_line' id='line_1_112' title="bbox 1884 4928 3453 4998; baseline 0.004 -17"><span class='ocrx_word' id='word_1_938' title='bbox 1884 4943 1982 4982; x_wconf 83' lang='lat' dir='ltr'><strong>nec</strong></span> <span class='ocrx_word' id='word_1_939' title='bbox 2023 4930 2267 4998; x_wconf 86' lang='lat' dir='ltr'><strong>cogitatis</strong></span> <span class='ocrx_word' id='word_1_940' title='bbox 2294 4929 2412 4997; x_wconf 85' lang='lat' dir='ltr'><strong>quia</strong></span> <span class='ocrx_word' id='word_1_941' title='bbox 2444 4928 2657 4998; x_wconf 81' lang='lat' dir='ltr'><strong>expedit</strong></span> <span class='ocrx_word' id='word_1_942' title='bbox 2696 4928 2848 4985; x_wconf 88' lang='lat' dir='ltr'><strong>nobis</strong></span> <span class='ocrx_word' id='word_1_943' title='bbox 2875 4932 2894 4961; x_wconf 74' lang='lat'><strong>’</strong></span> <span class='ocrx_word' id='word_1_944' title='bbox 2926 4938 2982 4985; x_wconf 90' lang='lat' dir='ltr'><strong>ut</strong></span> <span class='ocrx_word' id='word_1_945' title='bbox 3019 4932 3274 4987; x_wconf 87' lang='lat' dir='ltr'><strong>moriatur</strong></span> <span class='ocrx_word' id='word_1_946' title='bbox 3318 4950 3453 4987; x_wconf 88' lang='lat' dir='ltr'><strong>unus</strong></span> 
     </span>
    </p>
   </div>
   <div class='ocr_carea' id='block_1_113' title="bbox 1884 5020 3445 5092">
    <p class='ocr_par' dir='ltr' id='par_1_113' title="bbox 1884 5020 3445 5092">
     <span class='ocr_line' id='line_1_113' title="bbox 1884 5020 3445 5092; baseline 0.001 -19"><span class='ocrx_word' id='word_1_947' title='bbox 1884 5020 2042 5074; x_wconf 90' lang='lat' dir='ltr'><strong>homo</strong></span> <span class='ocrx_word' id='word_1_948' title='bbox 2062 5037 2156 5089; x_wconf 89' lang='lat' dir='ltr'><strong>pro</strong></span> <span class='ocrx_word' id='word_1_949' title='bbox 2175 5022 2385 5090; x_wconf 87' lang='lat' dir='ltr'><strong>populo,</strong></span> <span class='ocrx_word' id='word_1_950' title='bbox 2405 5030 2572 5074; x_wconf 88' lang='lat' dir='ltr'><strong>etnon</strong></span> <span class='ocrx_word' id='word_1_951' title='bbox 2589 5030 2695 5075; x_wconf 88' lang='lat' dir='ltr'><strong>tota</strong></span> <span class='ocrx_word' id='word_1_952' title='bbox 2719 5037 2848 5092; x_wconf 80' lang='lat' dir='ltr'><strong>gens</strong></span> <span class='ocrx_word' id='word_1_953' title='bbox 2864 5032 3063 5092; x_wconf 90' lang='lat' dir='ltr'><strong>pereat.</strong></span> <span class='ocrx_word' id='word_1_954' title='bbox 3084 5024 3192 5078; x_wconf 86' lang='lat' dir='ltr'><strong>lloc</strong></span> <span class='ocrx_word' id='word_1_955' title='bbox 3213 5032 3410 5081; x_wconf 89' lang='lat' dir='ltr'><strong>autem.</strong></span> <span class='ocrx_word' id='word_1_956' title='bbox 3426 5043 3445 5074; x_wconf 78' lang='grc' dir='ltr'><strong>ι</strong></span> 
     </span>
    </p>
   </div>
   <div class='ocr_carea' id='block_1_114' title="bbox 1880 5112 3449 5183">
    <p class='ocr_par' dir='ltr' id='par_1_114' title="bbox 1880 5112 3449 5183">
     <span class='ocr_line' id='line_1_114' title="bbox 1880 5112 3449 5183; baseline 0.003 -20"><span class='ocrx_word' id='word_1_957' title='bbox 1880 5112 2015 5165; x_wconf 79' lang='lat' dir='ltr'><strong>sicut</strong></span> <span class='ocrx_word' id='word_1_958' title='bbox 2041 5112 2372 5181; x_wconf 82' lang='lat' dir='ltr'><strong>Evangelista</strong></span> <span class='ocrx_word' id='word_1_959' title='bbox 2399 5112 2689 5176; x_wconf 72' lang='lat' dir='ltr'><strong>intellexit,</strong></span> <span class='ocrx_word' id='word_1_960' title='bbox 2722 5133 2739 5165; x_wconf 79' lang='grc' dir='ltr'><strong>ι</strong></span> <span class='ocrx_word' id='word_1_961' title='bbox 2762 5129 2863 5168; x_wconf 90' lang='lat' dir='ltr'><strong>non</strong></span> <span class='ocrx_word' id='word_1_962' title='bbox 2890 5129 2918 5167; x_wconf 76' lang='grc' dir='ltr'>ει</span> <span class='ocrx_word' id='word_1_963' title='bbox 2949 5114 3127 5183; x_wconf 88' lang='lat' dir='ltr'><strong>seipso</strong></span> <span class='ocrx_word' id='word_1_964' title='bbox 3152 5114 3321 5178; x_wconf 82' lang='lat' dir='ltr'><strong>dixit,</strong></span> <span class='ocrx_word' id='word_1_965' title='bbox 3354 5116 3449 5168; x_wconf 88' lang='lat' dir='ltr'><strong>sed</strong></span> 
     </span>
    </p>
   </div>
   <div class='ocr_carea' id='block_1_115' title="bbox 1881 5202 3447 5274">
    <p class='ocr_par' dir='ltr' id='par_1_115' title="bbox 1881 5202 3447 5274">
     <span class='ocr_line' id='line_1_115' title="bbox 1881 5202 3447 5274; baseline 0.001 -19"><span class='ocrx_word' id='word_1_966' title='bbox 1881 5220 1998 5255; x_wconf 84' lang='lat' dir='ltr'><strong>cum</strong></span> <span class='ocrx_word' id='word_1_967' title='bbox 2029 5212 2170 5256; x_wconf 84' lang='lat' dir='ltr'><strong>esset</strong></span> <span class='ocrx_word' id='word_1_968' title='bbox 2193 5202 2426 5271; x_wconf 82' lang='lat' dir='ltr'><strong>pontifex</strong></span> <span class='ocrx_word' id='word_1_969' title='bbox 2456 5204 2577 5257; x_wconf 90' lang='lat' dir='ltr'><strong>anni</strong></span> <span class='ocrx_word' id='word_1_970' title='bbox 2612 5204 2770 5268; x_wconf 78' lang='lat' dir='ltr'><strong>iilius,</strong></span> <span class='ocrx_word' id='word_1_971' title='bbox 2793 5205 3127 5273; x_wconf 88' lang='lat' dir='ltr'><strong>prophetavit</strong></span> <span class='ocrx_word' id='word_1_972' title='bbox 3146 5206 3265 5274; x_wconf 90' lang='lat' dir='ltr'><strong>quia</strong></span> <span class='ocrx_word' id='word_1_973' title='bbox 3291 5204 3447 5259; x_wconf 86' lang='lat' dir='ltr'><strong>Jesus</strong></span> 
     </span>
    </p>
   </div>
   <div class='ocr_carea' id='block_1_116' title="bbox 1882 5294 3439 5365">
    <p class='ocr_par' dir='ltr' id='par_1_116' title="bbox 1882 5294 3439 5365">
     <span class='ocr_line' id='line_1_116' title="bbox 1882 5294 3439 5365; baseline 0 -18"><span class='ocrx_word' id='word_1_974' title='bbox 1882 5294 2168 5348; x_wconf 86' lang='lat' dir='ltr'><strong>moriturus</strong></span> <span class='ocrx_word' id='word_1_975' title='bbox 2193 5304 2309 5348; x_wconf 83' lang='lat' dir='ltr'><strong>erat</strong></span> <span class='ocrx_word' id='word_1_976' title='bbox 2339 5310 2432 5363; x_wconf 91' lang='lat' dir='ltr'><strong>pro</strong></span> <span class='ocrx_word' id='word_1_977' title='bbox 2457 5306 2642 5363; x_wconf 85' lang='lat' dir='ltr'><strong>gente;</strong></span> <span class='ocrx_word' id='word_1_978' title='bbox 2669 5304 2722 5349; x_wconf 88' lang='lat' dir='ltr'><strong>et</strong></span> <span class='ocrx_word' id='word_1_979' title='bbox 2752 5310 2853 5349; x_wconf 93' lang='lat' dir='ltr'><strong>non</strong></span> <span class='ocrx_word' id='word_1_980' title='bbox 2878 5303 3077 5349; x_wconf 89' lang='lat' dir='ltr'><strong>tantum</strong></span> <span class='ocrx_word' id='word_1_981' title='bbox 3102 5310 3197 5363; x_wconf 91' lang='lat' dir='ltr'><strong>pro</strong></span> <span class='ocrx_word' id='word_1_982' title='bbox 3225 5304 3439 5365; x_wconf 65' lang='lat' dir='ltr'><strong>gente,»</strong></span> 
     </span>
    </p>
   </div>
   <div class='ocr_carea' id='block_1_117' title="bbox 1881 5384 3446 5454">
    <p class='ocr_par' dir='ltr' id='par_1_117' title="bbox 1881 5384 3446 5454">
     <span class='ocr_line' id='line_1_117' title="bbox 1881 5384 3446 5454; baseline 0.001 -16"><span class='ocrx_word' id='word_1_983' title='bbox 1881 5384 1932 5438; x_wconf 90' lang='lat' dir='ltr'><strong>id</strong></span> <span class='ocrx_word' id='word_1_984' title='bbox 1953 5395 2054 5445; x_wconf 86' lang='lat' dir='ltr'><strong>est.</strong></span> <span class='ocrx_word' id='word_1_985' title='bbox 2071 5399 2165 5453; x_wconf 86' lang='lat' dir='ltr'><strong>pro</strong></span> <span class='ocrx_word' id='word_1_986' title='bbox 2184 5384 2369 5439; x_wconf 87' lang='lat' dir='ltr'><strong>ovibus</strong></span> <span class='ocrx_word' id='word_1_987' title='bbox 2389 5400 2507 5454; x_wconf 64' lang='lat' dir='ltr'><strong>quae</strong></span> <span class='ocrx_word' id='word_1_988' title='bbox 2529 5386 2792 5453; x_wconf 86' lang='lat' dir='ltr'><strong>perierant</strong></span> <span class='ocrx_word' id='word_1_989' title='bbox 2811 5385 3000 5439; x_wconf 89' lang='lat' dir='ltr'><strong>domus</strong></span> <span class='ocrx_word' id='word_1_990' title='bbox 3017 5385 3196 5448; x_wconf 84' lang='lat' dir='ltr'><strong>Israel,</strong></span> <span class='ocrx_word' id='word_1_991' title='bbox 3231 5403 3250 5435; x_wconf 85' lang='grc'><strong>‹</strong></span> <span class='ocrx_word' id='word_1_992' title='bbox 3270 5386 3360 5439; x_wconf 86' lang='lat' dir='ltr'><strong>sed</strong></span> <span class='ocrx_word' id='word_1_993' title='bbox 3385 5398 3446 5440; x_wconf 87' lang='lat' dir='ltr'><strong>ut</strong></span> 
     </span>
    </p>
   </div>
   <div class='ocr_carea' id='block_1_118' title="bbox 1880 5474 3443 5544">
    <p class='ocr_par' dir='ltr' id='par_1_118' title="bbox 1880 5474 3443 5544">
     <span class='ocr_line' id='line_1_118' title="bbox 1880 5474 3443 5544; baseline 0.001 -15"><span class='ocrx_word' id='word_1_994' title='bbox 1880 5475 2015 5529; x_wconf 83' lang='lat' dir='ltr'><strong>lilios</strong></span> <span class='ocrx_word' id='word_1_995' title='bbox 2056 5474 2149 5531; x_wconf 81' lang='lat' dir='ltr'><strong>Dei</strong></span> <span class='ocrx_word' id='word_1_996' title='bbox 2184 5475 2273 5544; x_wconf 86' lang='lat' dir='ltr'><strong>qui</strong></span> <span class='ocrx_word' id='word_1_997' title='bbox 2318 5483 2471 5529; x_wconf 85' lang='lat' dir='ltr'><strong>erant</strong></span> <span class='ocrx_word' id='word_1_998' title='bbox 2498 5474 2746 5543; x_wconf 89' lang='lat' dir='ltr'><strong>dispersi,</strong></span> <span class='ocrx_word' id='word_1_999' title='bbox 2779 5484 3122 5543; x_wconf 83' lang='lat' dir='ltr'><strong>congregaret</strong></span> <span class='ocrx_word' id='word_1_1000' title='bbox 3148 5474 3198 5528; x_wconf 93' lang='lat' dir='ltr'><strong>in</strong></span> <span class='ocrx_word' id='word_1_1001' title='bbox 3235 5490 3395 5529; x_wconf 91' lang='lat' dir='ltr'><strong>unum</strong></span> <span class='ocrx_word' id='word_1_1002' title='bbox 3420 5493 3443 5530; x_wconf 78' lang='grc' dir='ltr'><strong>ι</strong></span> 
     </span>
    </p>
   </div>
   <div class='ocr_carea' id='block_1_119' title="bbox 1881 5564 3448 5637">
    <p class='ocr_par' dir='ltr' id='par_1_119' title="bbox 1881 5564 3448 5637">
     <span class='ocr_line' id='line_1_119' title="bbox 1881 5564 3448 5637; baseline 0.001 -18"><span class='ocrx_word' id='word_1_1003' title='bbox 1881 5566 2071 5637; x_wconf 73' lang='lat' dir='ltr'><strong>(1mm.</strong></span> <span class='ocrx_word' id='word_1_1004' title='bbox 2126 5582 2211 5627; x_wconf 76' lang='lat' dir='ltr'><strong>XI,</strong></span> <span class='ocrx_word' id='word_1_1005' title='bbox 2266 5564 2484 5634; x_wconf 64' lang='lat'><strong>48~5‘2).</strong></span> <span class='ocrx_word' id='word_1_1006' title='bbox 2513 5565 2751 5619; x_wconf 86' lang='lat' dir='ltr'><strong>Habebat</strong></span> <span class='ocrx_word' id='word_1_1007' title='bbox 2796 5565 2937 5618; x_wconf 87' lang='lat' dir='ltr'><strong>enim</strong></span> <span class='ocrx_word' id='word_1_1008' title='bbox 2978 5565 3109 5618; x_wconf 87' lang='lat' dir='ltr'><strong>alias</strong></span> <span class='ocrx_word' id='word_1_1009' title='bbox 3149 5579 3278 5619; x_wconf 89' lang='lat' dir='ltr'><strong>oves</strong></span> <span class='ocrx_word' id='word_1_1010' title='bbox 3328 5581 3448 5635; x_wconf 72' lang='lat' dir='ltr'><strong>qua:</strong></span> 
     </span>
    </p>
   </div>
   <div class='ocr_carea' id='block_1_120' title="bbox 1944 5705 3446 5772">
    <p class='ocr_par' dir='ltr' id='par_1_120' title="bbox 1944 5705 3446 5772">
     <span class='ocr_line' id='line_1_120' title="bbox 1944 5705 3446 5772; baseline -0.003 -9"><span class='ocrx_word' id='word_1_1011' title='bbox 1944 5716 1957 5746; x_wconf 87' lang='grc'>¹</span> <span class='ocrx_word' id='word_1_1012' title='bbox 1986 5723 2084 5763; x_wconf 81' lang='lat' dir='ltr'><strong>Am.</strong></span> <span class='ocrx_word' id='word_1_1013' title='bbox 2110 5723 2161 5763; x_wconf 86' lang='lat' dir='ltr'><strong>ct</strong></span> <span class='ocrx_word' id='word_1_1014' title='bbox 2182 5718 2313 5772; x_wconf 83' lang='lat' dir='ltr'><strong>Lov.,</strong></span> <span class='ocrx_word' id='word_1_1015' title='bbox 2336 5709 2395 5760; x_wconf 81' lang='lat' dir='ltr'><strong>de</strong></span> <span class='ocrx_word' id='word_1_1016' title='bbox 2417 5705 2618 5759; x_wconf 70' lang='lat' dir='ltr'><strong>Judwis.</strong></span> <span class='ocrx_word' id='word_1_1017' title='bbox 2656 5706 2825 5758; x_wconf 69' lang='lat' dir='ltr'><strong>Helius</strong></span> <span class='ocrx_word' id='word_1_1018' title='bbox 2846 5714 2920 5757; x_wconf 76' lang='lat' dir='ltr'><strong>Er.</strong></span> <span class='ocrx_word' id='word_1_1019' title='bbox 2946 5716 2998 5758; x_wconf 84' lang='lat' dir='ltr'><strong>et</strong></span> <span class='ocrx_word' id='word_1_1020' title='bbox 3033 5715 3159 5770; x_wconf 73' lang='lat' dir='ltr'><strong>uss,</strong></span> <span class='ocrx_word' id='word_1_1021' title='bbox 3204 5709 3265 5763; x_wconf 82' lang='lat' dir='ltr'><strong>de</strong></span> <span class='ocrx_word' id='word_1_1022' title='bbox 3287 5718 3398 5761; x_wconf 83' lang='lat' dir='ltr'><strong>Cen.</strong></span> <span class='ocrx_word' id='word_1_1023' title='bbox 3413 5726 3446 5759; x_wconf 88' lang='grc' dir='ltr'>ι-</span> 
     </span>
    </p>
   </div>
   <div class='ocr_carea' id='block_1_121' title="bbox 1875 5778 3003 5899">
    <p class='ocr_par' dir='ltr' id='par_1_121' title="bbox 1875 5778 3003 5899">
     <span class='ocr_line' id='line_1_121' title="bbox 1875 5778 3003 5899; baseline -0.009 -9"><span class='ocrx_word' id='word_1_1024' title='bbox 1875 5778 2115 5899; x_wconf 45' lang='grc' dir='ltr'><strong>Μῗεύὰη</strong></span> <span class='ocrx_word' id='word_1_1025' title='bbox 2140 5836 2277 5888; x_wconf 71' lang='lat' dir='ltr'><strong>vobis.</strong></span> <span class='ocrx_word' id='word_1_1026' title='bbox 2309 5842 2359 5883; x_wconf 77' lang='grc' dir='ltr'>Αι</span> <span class='ocrx_word' id='word_1_1027' title='bbox 2376 5841 2479 5883; x_wconf 70' lang='lat' dir='ltr'><strong>Mss.</strong></span> <span class='ocrx_word' id='word_1_1028' title='bbox 2508 5834 2645 5896; x_wconf 81' lang='lat' dir='ltr'><strong>juxta</strong></span> <span class='ocrx_word' id='word_1_1029' title='bbox 2667 5838 2835 5892; x_wconf 68' lang='lat' dir='ltr'><strong>Gneo,</strong></span> <span class='ocrx_word' id='word_1_1030' title='bbox 2852 5831 3003 5884; x_wconf 69' lang='lat' dir='ltr'><strong>nobis.</strong></span> 
     </span>
    </p>
   </div>
   <div class='ocr_carea' id='block_1_122' title="bbox 2595 5916 3197 5996">
    <p class='ocr_par' dir='ltr' id='par_1_122' title="bbox 2595 5916 3197 5996">
     <span class='ocr_line' id='line_1_122' title="bbox 2595 5916 3197 5996; baseline -0.005 -17"><span class='ocrx_word' id='word_1_1031' title='bbox 2595 5920 3155 5996; x_wconf 74' lang='lat' dir='ltr'><strong>(Quumnte—ctnq.</strong></span> <span class='ocrx_word' id='word_1_1032' title='bbox 3183 5916 3197 5956; x_wconf 77' lang='grc'><strong><em>³</em></strong></span> 
     </span>
    </p>
   </div>
  </div>
