4026 6202
249 321 268 375 Ι
288 322 374 378 5‘2!

243 446 470 490 constat.
504 437 769 510 Quidquid
801 455 944 511 ergo,
975 455 1092 496 cum
1122 441 1328 511 loquor,
1360 444 1639 513 agnoveris
1667 445 1717 498 in
1748 453 1817 509 to,

241 525 480 596 quisquis
510 539 761 598 expertus
787 545 844 585 es
865 574 877 594 ,
912 531 1020 585 noli
1049 533 1330 602 cogitando
1356 535 1505 603 quasi
1544 549 1819 589 remanere

243 618 292 672 in
326 631 377 674 te
399 662 414 683 ,
446 630 500 674 et
525 630 711 687 putare
737 623 878 692 quod
915 623 967 678 in
997 624 1114 678 solo
1145 636 1195 679 te
1220 626 1510 696 contingit;
1540 627 1633 682 sed
1660 625 1817 683 crede

240 709 336 761 ista
359 711 669 780 contingere
692 724 784 766 aut
809 714 858 766 in
885 714 1156 779 omnibus,
1184 725 1274 770 aut
1299 730 1463 786 prope
1490 717 1540 771 in
1567 718 1814 773 omnibus

237 799 322 868 qui
350 801 566 855 veniunt
592 803 657 855 ad
690 803 831 858 hunc
872 806 1120 873 populmn
1143 848 1157 869 ,
1187 814 1241 859 ct
1273 806 1342 861 de
1370 822 1529 861 manu
1569 808 1812 862 inimico-

237 907 352 943 rum
385 893 619 959 pretioso
645 896 900 964 sanguine
928 897 1278 951 redimuntur.
1729 943 1731 946 .

300 983 355 1035 4.
402 982 741 1052 Repetiturus
771 996 850 1041 est
888 989 1030 1042 enim
1072 988 1285 1042 assidue
1313 989 1455 1058 quod
1485 991 1812 1045 cautavimus

236 1075 391 1130 modo
425 1095 438 1131 :
466 1076 812 1146 Conﬁteantur
847 1079 1064 1134 Domino
1098 1082 1440 1138 miserationes
1469 1083 1578 1154 ejus
1597 1126 1612 1148 ,
1640 1094 1685 1137 et
1711 1084 1814 1136 mi-‘

241 1167 417 1220 rabilia
442 1170 550 1238 ejus
580 1171 700 1238 ﬁliis
726 1171 1003 1226 hominum.
1038 1174 1170 1230 Istos
1195 1190 1408 1240 versus,
1437 1187 1690 1246 quantum
1717 1178 1813 1232 atl-

233 1267 438 1314 vertere
476 1261 655 1329 potui,
688 1263 829 1332 quod
868 1264 1089 1333 potestis
1117 1273 1172 1319 ct
1201 1281 1322 1331 vos,
1353 1276 1540 1335 quater
1578 1267 1804 1336 repetit;

235 1349 280 1404 in
305 1364 412 1419 quo
440 1366 694 1422 numero,
724 1362 976 1422 quantum
1009 1354 1237 1410 Domino
1266 1357 1555 1426 adjuvaute
1581 1347 1804 1413 scrutari

232 1439 490 1494 valuimus
509 1483 522 1502 ,
551 1441 814 1511 signiﬁcat
844 1445 998 1498 nobis
1024 1456 1249 1515 quatuor
1273 1443 1527 1515 quasdam
1557 1449 1807 1504 tentatio-

233 1548 342 1596 nes,
378 1548 445 1586 ex
475 1534 666 1602 quibus
693 1550 790 1588 nos
820 1535 1007 1591 liberat
1034 1539 1116 1592 cui
1146 1537 1468 1594 conﬁtentur
1495 1554 1606 1594 sua:
1636 1543 1801 1598 mise-

231 1623 472 1678 rationes.
502 1623 608 1680 Fac
630 1625 771 1680 enim
801 1624 1070 1680 hominem
1094 1627 1264 1695 primo
1292 1628 1420 1683 nihil
1447 1640 1798 1699 quatrentem,

228 1713 510 1768 secundum
555 1715 712 1769 vitam
767 1726 996 1773 veterem
1046 1717 1345 1774 seductoria
1393 1722 1678 1779 securitate
1723 1726 1800 1778 vi-

228 1817 458 1868 ventem,
488 1808 622 1862 nihil
662 1809 932 1878 putantem
973 1810 1115 1866 aliud
1153 1827 1273 1866 esse
1314 1822 1433 1881 post
1470 1813 1607 1869 hanc
1635 1816 1795 1871 vitam

227 1897 531 1968 quandoque
572 1899 887 1967 ﬁniendam;
929 1901 1278 1972 negligentem
1309 1904 1590 1972 quemdam
1617 1913 1674 1961 et
1709 1921 1797 1962 so-

227 1988 430 2044 cordem
449 2033 465 2056 ,
494 1991 738 2046 obrutum
765 2007 861 2048 cor
893 1992 1173 2048 habentem
1206 1994 1470 2051 illecebris
1499 1996 1712 2061 mundi,
1739 2007 1796 2053 et

225 2079 505 2135 mortiferis
541 2071 980 2139 delectationibus
1019 2084 1351 2154 consopitum
1391 2103 1404 2138 :
1441 2095 1506 2167 ut
1535 2087 1795 2142 excitetur

226 2168 311 2225 iste
337 2170 410 2224 ad
435 2172 772 2241 qurerendam
800 2175 1024 2244 gratiam
1064 2175 1189 2240 Dei,
1220 2183 1278 2229 ut
1305 2175 1395 2230 ﬁat
1420 2176 1708 2243 sollicitus,
1739 2188 1793 2234 et

227 2272 466 2333 tanquam
495 2266 561 2319 de
589 2281 778 2321 somno
801 2267 1031 2337 evigilet,
1061 2284 1238 2323 nonne
1262 2283 1452 2325 manus
1481 2271 1572 2325 Dei
1598 2272 1791 2326 excitat

223 2369 326 2407 eum
345 2357 371 2408 1’
403 2354 508 2410 Sed
538 2364 712 2411 tamen
739 2371 768 2410 a
797 2371 902 2427 quo
930 2358 999 2411 sit
1023 2359 1313 2428 excitatus,
1345 2361 1569 2431 ignorat.
1603 2363 1790 2434 Incipit

227 2453 393 2499 autem
415 2459 533 2500 esse
556 2445 665 2514 jam
695 2446 784 2501 Dei
809 2448 847 2511 ¹,
873 2463 992 2501 cum
1013 2449 1321 2518 cognoverit
1343 2451 1579 2506 veritatis
1605 2451 1782 2508 ﬁdem.

222 2533 312 2589 Sed
337 2547 620 2606 antequam
650 2548 957 2607 cognoscat,
990 2538 1138 2594 dolet
1162 2555 1398 2597 errorem
1427 2557 1603 2597 suum.
1632 2543 1784 2600 Inve-

221 2629 283 2682 nit
304 2631 448 2684 enim
476 2643 535 2684 se
561 2629 612 2683 in
637 2645 838 2693 errore.
861 2631 973 2684 vult
999 2645 1324 2702 cognoscere
1343 2637 1642 2703 veritatem,
1670 2639 1786 2706 pul-

219 2729 289 2772 sat
311 2719 403 2773 ubi
443 2729 648 2790 potest,
679 2728 844 2775 tentat
871 2721 1252 2791 quod-potest,
1289 2733 1507 2794 vagatur
1542 2741 1643 2795 qua
1684 2742 1780 2797 po-

219 2819 327 2875 test,
352 2809 545 2866 famem
571 2811 727 2866 etiam
757 2813 951 2880 patitur
976 2813 1139 2882 ipsius
1164 2814 1424 2870 veritatis.
1452 2815 1628 2871 Prima
1653 2833 1781 2888 ergo

218 2902 423 2955 tentatio
447 2912 528 2956 est
555 2904 753 2957 erroris
779 2912 830 2958 et
857 2902 1030 2959 famis.
1059 2903 1156 2960 Ubi
1184 2905 1236 2958 in
1264 2905 1361 2960 hac
1388 2908 1678 2964 tentatioue
1702 2909 1778 2964 fa-

217 2993 393 3061 tigatus
426 2995 812 3050 exclamaverit‘
841 2995 906 3049 ad
950 2997 1114 3052 Deum
1138 3039 1152 3063 ,
1192 2998 1500 3067 perducitur
1533 3001 1600 3064 ad
1638 3003 1776 3064 viam

215 3083 341 3144 ﬁdei,
367 3084 513 3140 unde
541 3085 756 3154 incipiat
782 3101 1001 3156 pergere
1023 3087 1090 3142 ad
1112 3087 1382 3144 civitatem
1410 3090 1620 3160 quietis.
1648 3093 1776 3149 Per-

213 3176 407 3232 ducitur
443 3193 570 3247 ergo
613 3177 678 3232 ad
726 3177 1026 3244 Christum,
1063 3181 1151 3250 qui
1192 3181 1323 3236 dixit
1353 3202 1368 3236 :
1396 3181 1508 3255 Ego
1546 3201 1659 3239 sum
1695 3187 1775 3241 tria

214 3261 376 3338 (Joun.
406 3287 514 3335 xw,
542 3270 622 3341 6).

271 3363 320 3416 5.
351 3362 483 3416 Cum
510 3377 638 3432 ergo
668 3361 738 3417 ibi
765 3361 958 3427 fuerit,
990 3362 1097 3432 jam
1129 3364 1304 3420 sciens
1335 3366 1461 3436 quid
1490 3367 1773 3426 observare

209 3451 406 3518 debeat,
434 3468 812 3522 nonnunquam
840 3453 1062 3507 multum
1088 3455 1187 3509 sibi
1215 3455 1519 3525 tribuendo,
1546 3467 1598 3514 et
1619 3463 1769 3530 quasi

207 3543 265 3597 de
300 3545 408 3599 suis
445 3544 644 3598 viribus
680 3545 1084 3614 praesumendo,
1117 3546 1298 3617 incipit
1323 3549 1609 3620 confligere
1636 3554 1772 3610 velle

207 3645 372 3690 contra
403 3644 614 3706 peccata
634 3677 650 3700 ,
677 3645 731 3690 et
763 3645 978 3706 prepter
1001 3639 1300 3707 superbiam
1329 3644 1584 3712 superari.
1612 3643 1768 3701 luve-

207 3727 274 3780 nit
293 3743 417 3798 ergo
443 3743 503 3783 se
528 3729 740 3798 ligatum
767 3727 1166 3784 difﬁcultatibus
1190 3732 1554 3800 cupiditatum,
1582 3746 1636 3791 et
1661 3751 1765 3792 non

206 3831 347 3883 posse
371 3819 506 3874 viam
539 3830 753 3889 prepter
779 3820 1061 3890 compedes
1086 3823 1391 3880 ambulare:
1418 3826 1678 3883 inclusum
1709 3844 1769 3885 se

203 3912 352 3964 sentit
375 3911 686 3967 difﬁcultate
713 3911 959 3966 vitiorum
983 3929 999 3978 ;
1027 3923 1082 3969 et
1107 3921 1356 3985 tanquam
1387 3932 1540 3972 muro
1566 3919 1767 3990 impos-

202 4001 450 4058 sibilitatis
477 4012 679 4064 erecto,
710 4003 979 4074 portisque
1006 4003 1216 4072 clausis,
1245 4021 1347 4076 qua
1376 4007 1566 4063 evadat
1593 4019 1647 4064 ut
1676 4026 1765 4066 re-

201 4099 274 4143 cte
300 4092 470 4154 vivat,
503 4108 606 4146 non
644 4093 864 4146 invenit.
892 4092 1007 4147 Jam
1035 4093 1136 4148 scit
1161 4095 1428 4164 quomodo
1458 4097 1638 4153 vivere
1667 4100 1764 4154 de-

200 4179 312 4235 beat
336 4199 352 4236 :
380 4183 524 4251 prius
551 4182 690 4238 enim
728 4182 779 4236 in
805 4197 988 4238 errore
1027 4191 1168 4248 erat,
1200 4192 1257 4239 et
1293 4184 1482 4240 famem
1525 4188 1765 4244 veritatis

200 4272 510 4336 patiebatur;
541 4273 742 4342 accepit
767 4286 940 4330 autem
965 4274 1073 4343 jam
1101 4275 1275 4331 cibum
1303 4277 1559 4341 veritatis.
1591 4289 1646 4334 et
1672 4296 1764 4350 po-

198 4361 317 4415 situs
356 4374 433 4416 est
471 4364 523 4417 in
558 4363 642 4417 via
677 4381 692 4419 :
722 4364 895 4430 audit,
928 4365 1058 4421 Vive
1095 4365 1262 4431 bene,
1302 4369 1590 4424 secundum
1621 4373 1761 4441 quod
1805 4387 1816 4392 ·

198 4452 362 4515 nosti;
392 4461 541 4507 antea
568 4454 709 4508 enim
741 4470 844 4509 non
883 4471 1106 4510 noveras
1141 4458 1581 4526 quemadmodum
1613 4462 1760 4516 vive-

196 4558 290 4607 res,
323 4545 479 4600 modo
504 4547 751 4616 accepisti
780 4558 832 4602 et
861 4549 1017 4602 nosti.
1048 4548 1299 4616 Conatur,
1328 4567 1434 4605 non
1465 4561 1666 4621 potest;
1695 4555 1760 4609 li-

193 4650 364 4704 gatum
385 4653 440 4693 se
461 4641 641 4701 sentit,
667 4639 927 4696 exclamat
951 4640 1017 4695 ad
1049 4641 1346 4698 Dominum.
1372 4643 1610 4700 Secunda
1635 4662 1760 4717 ergo

196 4731 402 4785 tentatio
431 4740 515 4786 est
549 4731 873 4786 difﬁcultatis
911 4733 963 4786 in
1005 4733 1136 4788 bene
1171 4735 1468 4802 operando,
1503 4737 1639 4792 sicut
1671 4739 1758 4795 illa

197 4822 352 4887 prima
379 4823 580 4877 erroris
607 4831 662 4878 et
691 4823 858 4894 famis.
890 4823 1163 4878 Exclamat
1189 4832 1243 4878 et
1280 4825 1331 4879 in
1362 4825 1460 4880 bac
1487 4827 1553 4882 ad
1583 4829 1759 4884 Domi-

198 4929 312 4967 num
344 4932 358 4969 :
387 4915 576 4969 liberat
607 4915 858 4970 Dominus
883 4914 948 4970 de
977 4914 1395 4980 necessitatibus,
1421 4918 1616 4988 rumpit
1643 4921 1756 4974 vin-

195 5004 302 5057 cula
326 5005 671 5070 difﬁcultatis,
696 5006 963 5061 constituit
984 5007 1036 5061 in
1057 5007 1362 5071 operatione
1381 5009 1658 5078 mquitatis.
1683 5010 1757 5065 ln-

195 5093 313 5161 cipit
337 5094 383 5148 ei
409 5095 515 5164 jam
547 5095 699 5149 facile
725 5108 843 5150 esse
870 5095 1010 5166 quod
1038 5094 1250 5150 difﬁcile
1277 5095 1463 5162 fuerat,
1492 5098 1756 5154 abstinere

191 5201 218 5236 a
248 5188 417 5252 malis,
456 5203 562 5242 non
589 5186 908 5254 adulterare,
935 5203 1037 5242 non
1068 5186 1262 5242 furtum
1295 5189 1489 5254 facere,
1522 5207 1624 5246 non
1659 5194 1750 5246 ho-

195 5279 484 5348 micidium,
525 5296 632 5334 non
673 5281 1033 5351 sacrilegium,
1080 5296 1183 5335 non
1229 5282 1456 5338 alienum
1501 5299 1737 5354 εοιιειψι-

195 5385 335 5426 scere
363 5389 376 5426 :
406 5372 539 5427 facta
577 5383 659 5427 est
686 5371 906 5428 facultas
931 5388 1046 5440 quae
1075 5372 1246 5427 fuerit
1269 5384 1422 5429 antea
1449 5374 1749 5429 difﬁcultas.

194 5461 362 5518 Potuit
389 5465 489 5520 hoc
515 5465 769 5520 Dominus
793 5467 906 5520 sine
938 5465 1245 5540 difﬁcultate
1269 5477 1554 5536 praestare;
1584 5469 1676 5523 sed
1707 5470 1750 5522 si

193 5551 287 5606 hoc
311 5553 422 5608 sine
440 5555 749 5610 difﬁcultate
771 5555 1105 5621 haberemus,
1132 5555 1429 5626 largitorem
1455 5558 1610 5627 hujus
1630 5558 1750 5613 boni

253 5661 268 5692 ι
293 5662 364 5710 sic
384 5670 490 5713 Mss.
513 5671 687 5732 AtAm.
710 5677 724 5712 :
746 5661 925 5732 incipit
947 5669 1103 5714 autem
1129 5665 1222 5732 Dei
1237 5667 1513 5717 suavitatem
1530 5675 1753 5732 gustare;

192 5732 296 5769 (tun
318 5724 597 5790 cognoverit,
626 5733 719 5774 etc.
742 5731 815 5775 Er.
843 5735 893 5776 et
917 5733 1046 5784 lov.,
1071 5726 1238 5790 Incipit
1267 5737 1423 5778 autem
1441 5724 1552 5778 m"
1569 5730 1654 5778 Dei
1668 5745 1686 5790 ;
1707 5724 1752 5781 ct

193 5794 288 5842 qus
307 5788 578 5837 saturitatem
597 5793 804 5850 gustare,
829 5795 921 5835 etc.

1351 325 1738 382 ENARRATIO
1777 327 1840 381 IN
1881 328 2198 391 PSALMUM
2234 337 2362 394 CVI.

3361 371 3500 430 1422

1931 466 2032 505 non
2058 469 2482 523 agnosceremus.
2511 465 2566 521 Si
2586 471 2723 526 enim
2748 475 3008 544 primitus,
3033 497 3148 541 cum
3171 488 3348 558 vellet,
3378 511 3500 564 pos.

1925 553 2024 610 set,
2051 555 2104 651 et
2128 563 2244 654 non.
2258 556 2476 609 sentiret
2497 557 2746 618 adversus
2766 579 2824 622 se
2843 569 3141 631 obnitentes
3159 553 3496 654 cupiditates,

1924 651 2023 691 nec
2053 641 2276 698 vinculis
2299 646 2408 701 suis
2441 663 2655 718 gravata
2682 658 2854 714 anima
2884 641 3248 738 collideretur';
3276 677 3386 731 suis
3413 641 3494 733 vi:

1921 727 2066 784 ribus
2093 733 2345 790 tribueret
2369 742 2506 807 quod
2530 758 2590 797 se
2619 761 2772 814 posse
2796 757 3033 821 sentiret,
3062 773 3115 816 et
3144 727 3248 819 non
3274 770 3493 829 conﬁte-

1921 830 2102 876 rentur
2131 824 2352 881 Domino
2379 831 2743 902 miserationes
2771 841 2901 910 ejus.
2948 893 2953 899 .

1989 912 2040 966 6.
2070 914 2193 970 Post
2224 917 2317 973 has
2340 921 2468 977 duas
2497 929 2828 998 tentationes,
2862 938 3082 1004 primam
3110 949 3308 1005 erroris
3331 963 3490 1025 atque

1918 1003 2107 1108 inopia:
2130 1008 2380 1078 veritatis,
2400 1019 2684 1074 secundam
2709 1003 3031 1084 difﬁcultatis
3059 1033 3190 1092 bene
3211 1003 3486 1110 Opera-nidi:

1916 1097 2328 1207 tertia-tentatio
2366 1108 2560 1207 excipit
2598 1111 2864 1171 hominem
2901 1138 2914 1174 :
2945 1123 2990 1175 ei
3033 1097 3339 1202 loquorqui

1917 1188 2122 1241 transiit
2146 1189 2241 1246 has
2265 1192 2415 1250 duas.
2445 1197 2574 1253 Nam
2602 1202 2714 1259 isne
2739 1206 2876 1274 dum,
2905 1188 3305 1280 fateor,-multils
3349 1188 3487 1282 n'o‘tai

1911 1288 2054 1332 sunt.
2086 1281 2212 1348 Quis
2251 1287 2390 1342 enim
2436 1295 2604 1348 nescit
2646 1311 2706 1353 se
2742 1300 2808 1355 ab
2849 1301 3142 1373 ignorantia
3179 1317 3384 1372 venisse
3419 1323 3485 1377 ad

1911 1374 2183 1430 veritatem
2206 1419 2223 1442 ,
2250 1379 2316 1433 ab
2344 1396 2523 1440 errore
2555 1386 2620 1441 ad
2662 1391 2831 1459 viam,
2861 1410 2889 1449 a
2935 1397 3072 1455 fame
3109 1405 3379 1474 sapientia:
3418 1413 3482 1467 ad

1909 1464 2126 1556 verbum
2160 1469 2317 1524 fidei?
2345 1472 2542 1532 Deinde
2569 1479 2717 1536 multi
2752 1483 3019 1544 luctantur
3046 1464 3482 1556 cumldifﬁculta:

1909 1552 2046 1609 tibus
2077 1557 2321 1616 vitiorum
2361 1578 2577 1622 suorum
2597 1611 2611 1636 ,
2644 1581 2697 1626 et
2725 1574 2896 1632 adhuc
2925 1587 3303 1645 consuetudine
3332 1595 3484 1649 Colli-

1905 1645 2008 1750 gati
2055 1661 2272 1717 gemunt
2321 1663 2568 1728 tanquam
2618 1663 2670 1717 in
2725 1666 2966 1724 clausura
3015 1685 3070 1729 et
3112 1645 3482 1750 compedibus.

1904 1738 2214 1846 ng‘poscuot
2235 1756 2289 1801 et
2315 1747 2470 1805 istam
2501 1757 2865 1828 tentationem,
2888 1738 3255 1840 quamvisjam
3277 1738 3475 1846 dicani,

1902 1829 1945 1882 si
1973 1830 2108 1888 forte
2135 1834 2317 1891 dicunt
2344 1858 2357 1893 :
2386 1839 2578 1914 Infelix
2603 1862 2695 1917 ego
2722 1829 3035 1926 horum—quis
3063 1829 3477 1928 nte-libaab—ii-de

1899 1937 2108 2021 corpore
2131 1931 2306 1984 mortis
2330 1933 2484 2003 hujus
2509 1937 2682 2009 (Rom.
2709 1958 2797 2005 vn,
2825 1944 2918 2017 24)
2936 1948 2960 2002 ἲ
2981 1950 3110 2006 Nam
3141 1957 3260 2013 vide
3283 1964 3475 2021 arctis‘

1898 2013 2029 2070 sima
2061 2019 2269 2075 vincula
2300 2040 2314 2078 :
2341 2024 2489 2092 Coro,
2516 2029 2704 2100 inquit,
2733 2041 3040 2110 concupiscit
3063 2045 3299 2106 adversus
3325 2057 3474 2125 spiri-

1897 2115 2021 2213 tum,
2049 2119 2094 2161 et
2122 2112 2329 2179 spiritus
2351 2117 2589 2174 adversus
2611 2139 2854 2194 carnem;
2881 2142 2933 2184 ut
2958 2150 3057 2188 non
3083 2154 3140 2191 ea
3163 2149 3277 2209 qua:
3300 2112 3470 2213 vultis,

1896 2193 1984 2308 illa
2012 2199 2210 2302 facietis
2239 2201 2430 2273 (Galat.
2461 2225 2510 2273 ν,
2557 2211 2664 2283 l7).
2693 2193 2922 2276 Proinde
2950 2226 3038 2294 qui
3073 2193 3470 2308 austrini:

1895 2293 1976 2340 tus
2003 2289 2208 2392 spiritu,
2239 2306 2296 2348 ut
2324 2301 2767 2365 quemadmodum
2798 2289 3111 2375 noluit-esse
3135 2323 3360 2394 adulter,
3377 2289 3468 2388 ‘sic

1892 2392 1994 2433 non
2023 2381 2122 2481 sit;
2153 2390 2418 2454 quomodo
2447 2394 2612 2449 noluit
2635 2412 2756 2454 esse
2785 2399 2886 2468 fur,
2915 2406 2991 2461 sic
3017 2423 3121 2464 non
3151 2414 3247 2481 sit;
3276 2428 3329 2471 et
3348 2381 3464 2475 ἐιυ-

1892 2477 2000 2580 ξρξθ
2026 2469 2111 2526 illa
2132 2476 2327 2542 omnia,
2352 2494 2470 2549 quas
2501 2484 2682 2542 volunt
2713 2487 2952 2550 homines
2983 2498 3213 2568 vincere,
3235 2469 3294 2562 et
3321 2523 3465 2580 stupe

1887 2558 2064 2618 inﬂexi
2095 2578 2431 2657 superantur,
2465 2583 2522 2630 ut
2556 2580 2854 2638 exclament
2879 2586 2944 2640 ad
2975 2589 3156 2655 Deum,
3191 2558 3464 2657 {nos};

1886 2655 2219 2712 cessitatibus
2258 2675 2442 2719 eorum
2479 2677 2629 2724 eruat
2653 2685 2778 2740 eos,
2812 2686 2864 2730 et
2904 2677 3026 2734 inde
3055 2681 3260 2741 liberati
3288 2655 3462 2745 conli-

1886 2750 2096 2800 tcantur
2117 2748 2339 2808 Domino
2363 2755 2729 2818 miserationes
2753 2764 2905 2834 ejus:
2929 2770 3164 2842 quisquis
3189 2791 3314 2848 ergo
3340 2783 3460 2837 talis

1882 2844 1986 2901 est,
2012 2849 2066 2893 et
2092 2839 2216 2895 vicit
2239 2844 2353 2899 illas
2377 2847 2730 2921 difficultates,
2758 2866 2809 2911 et
2833 2839 3177 2928 probabiliter
3197 2839 3306 2939 join
3333 2887 3459 2928 con-

1882 2939 2122 2986 versatur
2159 2932 2297 2989 inter
2337 2936 2613 3010 homines,
2652 2947 2768 3003 sine
2804 2951 2905 3004 ulla
2944 2959 3161 3024 querela
3198 2932 3455 3020 malorum

1881 3033 2116 3087 morum,
2148 3024 2410 3095 excipitur
2436 3033 2724 3092 tentatioue
2751 3040 2901 3095 tertia
2933 3047 3069 3100 taedii
3099 3050 3370 3120 cujusdam
3402 3057 3454 3112 in

1880 3125 2027 3164 mora
2057 3111 2213 3183 hujus
2235 3117 2376 3185 vitae,
2406 3119 2475 3175 ita
2500 3132 2556 3178 ut
2578 3124 2862 3197 aliquando
2886 3147 3004 3190 eum
3034 3154 3131 3194 nec
3157 3111 3328 3214 legere
3355 3111 3456 3203 nec

1877 3217 2032 3261 orare
2056 3205 2303 3264 delectet.
2335 3212 2509 3270 Tertia
2537 3222 2756 3278 tentatio
2782 3225 2942 3295 priori
2968 3205 3232 3292 contraria
3262 3256 3275 3293 :
3310 3243 3456 3311 prius

1877 3295 2016 3395 enim
2037 3297 2434 3368 periclitabatur
2451 3308 2608 3376 fame,
2632 3323 2813 3383 postea
2835 3317 3062 3378 fastidio.
3084 3326 3233 3386 Unde
3253 3295 3452 3395 etlhoc.

1875 3387 1993 3484 nisi
2016 3389 2095 3484 de
2122 3393 2348 3463 quodam
2389 3398 2638 3471 languore
2674 3410 2903 3466 animas?
2929 3413 3044 3470 Jam
3076 3435 3180 3475 non
3219 3431 3268 3478 te
3305 3387 3456 3484 illicit

1873 3477 2209 3549 adulterium,
2239 3501 2336 3542 nec
2359 3500 2532 3547 tamen
2558 3493 2784 3556 delectat
2810 3501 2900 3559 Dei
2929 3477 3454 3586 verbum.

1873 3574 2163 3673 periculum
2185 3578 2460 3650 imperitia:
2479 3593 2532 3640 et
2552 3592 3012 3664 concupiscentim,
3037 3599 3102 3655 de
3119 3605 3306 3673 quibus
3327 3574 3453 3663 uo-

1873 3662 1972 3720 bus
2001 3674 2052 3720 te
2083 3670 2313 3725 evasisse
2342 3673 2534 3730 laetaris
2554 3718 2567 3739 ,
2596 3679 2714 3735 vide
2739 3697 2806 3737 ne
2834 3662 3044 3742 taedium
3074 3662 3451 3767 fastidiumque

1873 3761 1924 3808 te
1953 3767 2124 3812 necet.
2153 3757 2268 3814 Non
2297 3772 2380 3818 est
2404 3773 2458 3819 et
2486 3766 2581 3820 ista
2614 3767 2744 3824 levis
2775 3777 2993 3831 tentatio
3023 3797 3036 3831 :
3063 3795 3289 3852 agnosce
3316 3757 3448 3845 te'in

1871 3844 1956 3898 illa
1977 3888 1992 3912 ,
2033 3856 2088 3902 et
2128 3851 2363 3906 exclama
2399 3855 2464 3909 ad
2504 3857 2783 3916 Dominum
2804 3905 2819 3930 ,
2852 3876 2908 3920 ιιι
2943 3867 3009 3923 de
3043 3844 3448 3934 necessitatibus

1869 3937 1981 3991 tuis
2003 3939 2160 3993 etiam
2191 3941 2275 3998 hic
2303 3944 2490 4002 liberet
2519 3959 2605 4015 te;
2632 3960 2686 4006 et
2709 3953 2777 4009 de
2815 3955 2913 4012 hac
2944 3964 3228 4022 tentatioue
3255 3968 3447 4025 libera-

1870 4032 1953 4080 tus
1977 4041 2096 4083 cum
2123 4029 2305 4096 fueris,
2333 4035 2684 4096 conﬁteantur
2709 4042 2784 4098 illi
2812 4047 3176 4109 miserationes
3198 4056 3333 4128 ejus.

1939 4121 1990 4173 7.
2023 4119 2299 4180 Liberatus
2325 4136 2499 4183 autem
2533 4132 2601 4187 ab
2626 4151 2828 4206 errore,
2861 4139 3112 4200 liberatus
3150 4163 3179 4202 a
3211 4119 3441 4208 difﬁcul-

1868 4218 1974 4310 Elii-3
1990 4211 2123 4310 bene
2149 4217 2422 4310 operandi,
2452 4220 2704 4280 liberatus
2718 4242 2748 4282 a
2768 4230 2925 4285 ttedio
2952 4233 3264 4310 fastidioquc
3283 4246 3438 4301 verbi

1869 4300 1982 4367 Dei,
2013 4301 2253 4361 fortassis
2296 4308 2485 4380 dignus
2511 4314 2618 4370 eris
2661 4319 2744 4372 cui
2786 4322 3009 4392 populus
3037 4300 3436 4404 committatur;

1865 4394 2202 4451 constitueris
2223 4398 2274 4452 in
2295 4401 2664 4470 gubernaculis
2683 4413 2852 4480 navis,
2871 4426 3112 4476 recturus
3126 4394 3436 4482 Ecclesium:

1867 4486 1940 4540 lbi
1955 4500 2137 4558 quarta
2152 4495 2390 4550 tentatio.
2406 4496 2770 4569 Tempestates
2781 4509 3244 4581 marisquatientes
3257 4518 3439 4576 Eccle-

1865 4579 2018 4645 siam,
2047 4582 2258 4638 turbant
2284 4586 2709 4656 gubernatorem.
2734 4579 3098 4668 Deniquevtres
3124 4605 3239 4662 illas
3261 4617 3434 4664 tenta-

1865 4673 2035 4729 tiones
2058 4678 2287 4746 experiri
2316 4686 2678 4750 potestomnis
2696 4687 2812 4756 pius
2832 4689 3000 4746 ﬁdelis
3019 4695 3067 4747 in
3093 4698 3284 4766 populo
3306 4701 3433 4768 Dei;

1863 4775 2046 4835 quarta
2079 4768 2177 4823 ista
2207 4780 2387 4827 nostra
2417 4782 2515 4828 est.
2541 4775 2754 4843 Quanto
2773 4781 2912 4836 enim
2941 4783 3057 4854 plus
3084 4785 3430 4861 honoramur,

1863 4867 2008 4914 tanto
2055 4861 2175 4931 plus
2220 4865 2596 4933 periclitamur.
2647 4868 2980 4930 Metuendum
3009 4887 3094 4932 est
3122 4896 3190 4936 ne
3229 4895 3434 4941 avertat

1860 4951 2087 5022 aliquem
2118 4964 2349 5009 vestrum
2389 4972 2418 5011 a
2455 4960 2674 5015 veritate
2722 4965 3010 5032 periculum
3053 4975 3287 5041 erroris;
3316 4994 3432 5034 me-

1861 5045 2109 5100 tuendum
2152 5056 2232 5102 est
2262 5063 2328 5101 ne
2353 5049 2527 5104 vincat
2567 5067 2991 5128 unumquemque
3013 5065 3271 5131 cupiditas
3297 5083 3390 5122 sua
3410 5111 3427 5135 ,

1860 5145 1912 5190 et
1938 5137 2094 5205 eligat
2121 5152 2238 5192 eam
2266 5141 2437 5208 sequi,
2482 5157 2639 5211 quam
2665 5161 2730 5199 ex
2762 5147 2878 5217 ejus
2905 5149 3297 5210 difﬁcultatibus
3328 5174 3425 5211 cx-

1858 5230 2086 5283 clamare
2130 5229 2196 5283 ad
2226 5232 2501 5287 Dominum
2527 5251 2542 5298 ;
2569 5241 2909 5296 metuendum
2939 5252 3020 5297 est
3050 5262 3116 5300 ne
3146 5249 3428 5319 unicuique

1859 5329 2089 5374 vestrum
2117 5322 2290 5375 minus
2321 5325 2492 5393 sapiat
2515 5327 2732 5382 verbum
2761 5331 2877 5406 Dei,
2903 5343 2956 5387 et
2988 5334 3195 5391 fastidio
3225 5342 3424 5394 moria-

1861 5422 1941 5465 tur
1969 5431 1983 5467 :
2015 5413 2230 5467 tentatio
2270 5429 2398 5469 vero
2435 5417 2781 5486 gubernandi,
2811 5424 3030 5479 tentatio
3071 5429 3424 5494 periculorum

1860 5507 1909 5559 in
1940 5506 2164 5577 regenda
2192 5507 2426 5564 Ecclesia
2455 5525 2551 5566 nos
2577 5513 2906 5582 potissimum
2937 5519 3117 5587 tangit.
3151 5519 3255 5576 Sed
3290 5541 3426 5593 quo-

1857 5598 2014 5652 modo
2039 5608 2091 5652 et
2119 5613 2213 5653 vos
2236 5599 2393 5655 alieni
2423 5603 2588 5669 eritis,
2617 5604 2660 5657 si
2689 5612 2795 5658 tota
2822 5609 2970 5661 navis
3001 5611 3426 5679 periclitabitur?

1856 5689 2004 5756 Quod
2029 5688 2147 5743 ideo
2174 5689 2301 5753 dixi,
2329 5706 2395 5744 ne
2423 5692 2477 5746 in
2507 5693 2604 5748 hac
2621 5703 2804 5764 quarta
2829 5701 3137 5767 tentatioue,
3173 5714 3425 5778 tanquam

1859 5789 2034 5835 nostra
2079 5783 2287 5850 propria
2333 5782 2441 5855 (ubi
2485 5800 2618 5854 opus
2651 5797 2731 5841 est
2759 5797 2816 5843 ut
2851 5789 2918 5845 ab
2962 5795 3292 5855 orationibus
3320 5817 3422 5856 non
