4026 6202
509 307 540 362 1
563 303 654 359 125

509 412 803 478 desislalis,
836 426 953 464 nam
988 423 1080 462 vos
1109 406 1279 476 primo
1309 403 1630 475 naufragatis
1657 405 1696 474 ί)
1727 446 1741 470 ,
1772 405 1946 459 minus
1976 406 2086 459 sol-

515 509 648 564 liciti
674 508 808 567 sitis,
834 513 888 559 et
918 517 1011 572 pro
1040 500 1192 554 nobis
1221 499 1393 554 minus
1413 500 1597 553 oretis.
1626 497 1762 564 Quid
1788 498 1950 560 enim,
1983 499 2088 550 fra-

514 613 642 662 tres,
671 599 788 670 quia
815 596 878 650 ad
926 593 1112 648 eadem
1139 593 1492 663 gubernacula
1519 609 1621 645 non
1649 590 1865 653 sedetis.
1900 607 2004 648 non
2036 591 2089 647 in

509 697 693 750 eadem
725 690 840 745 navi
878 686 1175 758 navigatis?
1853 681 1864 692 '

585 788 636 840 8.
664 786 786 839 Post
818 782 913 837 has
953 790 1178 851 quatuor
1206 777 1540 837 tentatioucs.
1572 785 1799 845 quatuor
1820 791 2088 830 exclanm-

512 883 703 938 tiones,
735 883 962 946 quatuor
1009 869 1366 934 liberatioues,
1413 861 1642 937 quatuor
1687 867 2086 922 miserationum

511 953 892 1022 dominicarum
921 962 1299 1025 confessiones,
1325 959 1646 1030 generaliter
1673 959 1723 1012 in
1754 959 1855 1014 hoc
1882 960 2088 1029 psalmo

509 1066 898 1128 consequenter
924 1056 1034 1125 ipsa
1060 1050 1460 1107 commendatur
1487 1051 1723 1105 Ecclesia
1749 1067 1762 1114 ;
1793 1059 1849 1104 ut
1871 1049 2090 1104 eviden-

509 1154 711 1207 tissime
740 1149 1014 1212 noveritis,
1047 1146 1112 1201 de
1141 1161 1242 1216 qua
1271 1144 1514 1199 Psalmus
1551 1145 1618 1199 ab
1658 1143 1877 1198 exordio
1903 1143 2080 1212 loque-

508 1243 683 1296 batur.
711 1237 1125 1294 Commendatur
1152 1245 1327 1289 autem
1359 1237 1427 1288 ita
1461 1246 1515 1288 ιιι
1544 1234 1694 1288 nobis
1726 1234 1776 1288 in
1805 1233 2088 1287 omnibus'

511 1339 600 1392 Dei
646 1337 812 1405 gratia
842 1333 1175 1404 praedicetur,
1203 1331 1290 1399 qui
1320 1330 1546 1400 superbis
1587 1329 1789 1394 resistit,
1822 1327 2091 1382 humilibus

508 1441 676 1481 autem
697 1429 781 1480 dat
805 1425 1017 1496 gratiam
1045 1422 1245 1492 (Jacobi
1293 1437 1362 1486 tv,
1389 1421 1443 1491 6)
1475 1438 1488 1476 :
1517 1422 1636 1490 quia
1660 1420 1782 1476 ideo
1808 1420 1897 1475 ille
1922 1420 2085 1485 venit,

509 1531 560 1573 nt
578 1520 661 1590 qui
680 1535 777 1572 non
801 1517 985 1580 vident,
1017 1515 1236 1580 rideant,
1255 1523 1300 1567 et
1319 1515 1402 1584 qui
1426 1512 1611 1576 vident,
1625 1512 1744 1566 caeci
1765 1513 1889 1580 [iant
1907 1510 2083 1581 (Joan.

512 1629 583 1675 Ix,
617 1611 746 1675 3'2);
778 1623 897 1680 quia
949 1607 1111 1660 omnis
1139 1605 1284 1660 vallis
1330 1603 1633 1673 implebitur,
1670 1612 1716 1658 et
1755 1603 1916 1657 omnis
1945 1617 2086 1655 mons

509 1714 556 1754 et
581 1702 724 1754 collis
753 1697 1091 1752 Immiliabitur
1119 1695 1272 1764 (Isai.
1315 1711 1407 1759 xc,
1439 1694 1516 1764 4).
1545 1693 1660 1762 Quo
1685 1692 2086 1756 commendato,

509 1795 700 1848 dicitur
725 1791 940 1860 aliquid,
972 1789 1113 1860 quod
1138 1789 1298 1843 etiam
1324 1787 1392 1842 de
1425 1785 1687 1841 haereticis
1715 1786 2042 1854 intelligatur
2067 1826 2083 1851 ,

505 1887 700 1956 quibus
737 1893 981 1952 tanquam
1012 1881 1255 1935 civilibus
1295 1878 1448 1933 bellis
1473 1877 1705 1947 quatitur
1733 1876 1968 1931 Ecclesia
1993 1891 2007 1940 ;
2037 1884 2090 1928 et

510 1976 843 2032 concluditur
868 1971 1128 2036 Psalmus,
1157 1985 1312 2040 quem
1336 1969 1444 2039 jam
1469 1967 1711 2037 exposui,
1742 1967 1952 2021 brevius
1981 1965 2090 2019 for-

514 2078 654 2120 tasse
693 2079 850 2135 quam
877 2061 1156 2133 putabatis.
1186 2059 1316 2113 Nam
1345 2072 1514 2127 usque
1543 2057 1679 2112 adeo
1708 2072 1794 2111 me
1821 2057 1976 2110 istum
2005 2064 2088 2109 to-

513 2169 621 2212 tum
652 2156 910 2227 psalmum
940 2153 1268 2222 aliquantum
1305 2149 1565 2220 prolixum
1601 2149 1911 2217 exposuisse
1943 2146 2087 2200 arbi-

514 2263 643 2314 tror,
668 2257 722 2302 ut
737 2247 844 2318 jam
858 2243 1093 2300 officium
1110 2257 1139 2295 a
1161 2257 1247 2296 me
1267 2255 1370 2295 non
1387 2239 1708 2309 exspectetis
1721 2239 2086 2308 disputatoris,

511 2340 602 2396 sed
623 2353 758 2410 pene
783 2336 1019 2400 lectoris,
1044 2335 1086 2388 si
1107 2332 1296 2388 tenetis
1315 2347 1434 2400 quae
1459 2330 1588 2384 disi.
1621 2329 1756 2384 Puto
1779 2330 1940 2394 enim,
1965 2337 2092 2385 sunt

511 2441 634 2488 ante
662 2429 845 2485 oculos
889 2438 1096 2482 vestros
1122 2424 1445 2489 constituta;
1493 2421 1586 2476 sed
1612 2429 1670 2475 ut
1712 2421 1912 2488 melius
1937 2434 2085 2475 com-

511 2522 849 2586 mcndentur,
872 2519 1102 2574 breviter
1124 2516 1466 2586 repliccntur.
1499 2513 1673 2566 Prima
1702 2512 1925 2566 tentatio
1941 2527 2090 2566 erro-

510 2618 585 2671 ris
613 2625 666 2671 ει
695 2614 847 2673 famis
883 2612 1029 2666 verbi
1055 2628 1070 2676 ;
1102 2607 1332 2664 secunda
1363 2605 1688 2661 difficultatis
1714 2603 2086 2659 vincendarmn

510 2703 1057 2777 concupiscentiarum
1081 2718 1095 2766 ;
1130 2699 1282 2754 tertia
1305 2696 1444 2752 tardii
1467 2706 1623 2767 atque
1645 2694 1838 2749 fastidii
1863 2710 1878 2760 ;
1902 2704 2086 2765 quarta

513 2798 838 2870 tempestatis
879 2804 934 2851 et
958 2793 1310 2865 periculorum
1338 2791 1388 2844 in
1415 2787 1768 2861 gubernandis
1793 2786 2084 2842 Ecelesiis:

511 2894 642 2948 etin
683 2892 764 2946 bis
790 2889 1036 2945 omnibus
1076 2883 1508 2947 exclamationes,
1536 2890 1590 2935 et
1629 2879 1995 2945 liberationes,
2034 2887 2089 2933 et

512 2985 907 3040 miserationum
936 2979 1030 3034 Dei
1060 2976 1444 3034 confessiones.
1475 2973 1557 3028 Ad
1583 2981 1881 3028 extremum
1921 2971 2089 3041 ipsius

514 3075 760 3130 Ecclesia:
789 3073 848 3133 fit
871 3068 1282 3134 commendatio,
1313 3080 1432 3137 qua:
1460 3073 1514 3120 et
1533 3063 1677 3119 salva
1719 3061 1854 3117 facta
1879 3071 1964 3119 est
1991 3077 2088 3132 per

510 3167 731 3238 gratiam
762 3164 856 3220 Dei
883 3163 1070 3227 nostri,
1097 3176 1205 3215 non
1235 3173 1330 3230 per
1358 3157 1606 3212 meritum
1631 3170 1784 3209 suum
1811 3170 1825 3209 :
1853 3162 1907 3209 et
1933 3169 2085 3209 com-

510 3266 835 3314 memoratur
860 3256 1192 3310 inimicorum
1237 3247 1454 3304 afflictio
1481 3257 1698 3318 propter
1738 3245 2082 3314 superbiam;

511 3352 702 3421 quibus
728 3349 1017 3411 exstinctis,
1051 3356 1230 3402 erecta
1257 3353 1339 3399 est
1369 3342 1606 3398 Ecclesia
1637 3357 1651 3394 :
1679 3350 1732 3395 et
1757 3348 1975 3411 propter
2005 3339 2085 3393 iu-

509 3444 667 3497 sidias
698 3441 951 3513 quasdam
993 3437 1375 3494 deminutionis
1399 3435 1466 3489 ab
1504 3433 1790 3500 haereticis,
1821 3440 1877 3488 et
1916 3431 2081 3486 detri-

510 3544 807 3590 mentorum
857 3527 1246 3602 quodammodo
1293 3526 1736 3590 domesticorum,
1782 3531 1837 3578 et
1884 3539 1950 3578 ex
1999 3522 2082 3578 bis

507 3628 649 3682 circa
675 3623 964 3681 Ecelesiam
985 3621 1160 3678 divina
1181 3618 1470 3684 beneficia;
1492 3624 1548 3672 et
1571 3615 1768 3670 Psalmi
1788 3613 2080 3670 conclusio.

510 3719 768 3788 Legamus
801 3715 908 3786 jam
935 3713 1100 3783 magis
1128 3725 1284 3781 quam
1311 3708 1657 3764 disseramus.

578 3811 631 3868 9.
656 3829 675 3862 ι
706 3811 889 3864 Dicant
917 3806 1006 3877 qui
1033 3801 1293 3874 redempti
1319 3809 1442 3857 sunt
1466 3815 1495 3853 a
1520 3799 1764 3864 Domino,
1797 3812 1930 3868 quos
1955 3797 2081 3853 red-

512 3903 642 3959 emit
666 3901 733 3956 de
759 3914 916 3955 manu
945 3895 1317 3959 inimicorum;
1362 3891 1430 3946 de
1458 3889 1764 3961 regionibus
1795 3902 2083 3959 congrega-

508 3997 582 4050 vit
609 4009 722 4061 eos,
753 3993 819 4048 ab
846 3991 1050 4046 oriente
1075 3997 1127 4044 et
1156 4000 1365 4048 occasu,
1395 3991 1450 4038 et
1491 3982 1741 4053 aquilone
1766 3990 1822 4034 et
1868 3980 2021 4034 mari.
2057 3997 2077 4032 ι

506 4086 788 4144 Christiani
819 4099 944 4155 ergo
985 4082 1084 4152 ipsi
1112 4081 1312 4146 dicant,
1353 4077 1419 4132 de
1450 4084 1561 4130 toto
1605 4074 1737 4130 orbe
1780 4073 2078 4128 convocati.

507 4180 814 4234 Erraverunt
869 4176 923 4228 in
966 4172 1231 4228 solitudine
1259 4211 1274 4236 ,
1332 4169 1384 4222 in
1419 4165 1660 4232 siccitate,
1704 4165 1835 4220 viam
1871 4164 2082 4218 civitatis

508 4271 824 4328 habitationis
850 4285 949 4323 non
983 4268 1288 4320 invenerunt.
1316 4263 1564 4316 Errorem
1591 4257 1944 4315 miserabilem
1981 4271 2080 4310 au-

507 4365 733 4417 divimus
761 4379 774 4414 :
804 4357 928 4428 quid
953 4355 1020 4410 de
1045 4353 1258 4422 inopia?
1281 4350 1568 4404 Esnrientes
1589 4359 1635 4404 et
1653 4349 1889 4411 sitientes,
1909 4347 2081 4402 anima

504 4471 677 4511 eorum
711 4453 767 4508 in
805 4451 926 4522 ipsis
952 4447 1150 4519 defecit.
1193 4444 1299 4501 Sed
1336 4458 1500 4514 quare
1526 4442 1761 4500 defecit?
1786 4443 1871 4498 cui
1901 4441 2082 4497 bono?

504 4547 617 4604 Non
646 4546 787 4602 enim
808 4539 1033 4598 crudelis
1056 4547 1137 4596 est
1159 4539 1334 4600 Deus;
1364 4535 1457 4592 sed
1484 4551 1542 4590 se
1561 4535 1916 4601 commendat,
1937 4533 2079 4605 quod

502 4638 716 4710 expedit
758 4633 932 4701 nobis,
963 4625 1023 4689 ut
1064 4630 1217 4687 nobis
1256 4627 1620 4685 deficientibus
1666 4636 1899 4697 rogetur,
1929 4636 1984 4681 et
2021 4637 2079 4679 ut

503 4732 820 4788 snbveoiens
857 4735 1081 4783 ametur.
1129 4725 1198 4779 Et
1244 4721 1365 4778 ideo
1410 4729 1530 4791 post
1568 4719 1708 4774 hunc
1758 4732 1993 4773 errorem
2023 4725 2079 4772 et

504 4829 695 4882 famem
721 4831 777 4879 et
800 4819 959 4886 sitim,
996 4817 1059 4872 Et
1082 4815 1420 4871 clamauerunt
1438 4811 1505 4865 ad
1527 4809 1820 4875 Dominum,
1849 4825 1964 4861 cum
1985 4809 2077 4862 tri~

498 4918 824 4979 bularentur;
855 4921 901 4967 et
925 4911 986 4965 de
1015 4905 1384 4964 necessitatibus
1426 4919 1597 4958 eorum
1638 4900 1821 4970 eripuit
1862 4915 1964 4954 eos.
2011 4899 2077 4954 Ει

498 5011 623 5084 quid
665 5008 765 5063 illis
809 5003 1074 5076 praestitit,
1104 5001 1224 5071 quia
1255 4995 1544 5055 errabant?
1569 4994 1634 5048 Et
1671 4993 1880 5047 deduxit
1915 5008 1996 5047 eos
2022 4992 2075 5048 iu

497 5106 631 5160 riam
657 5110 864 5156 rectam.
891 5095 1040 5150 Viam
1067 5090 1294 5148 civitatis
1319 5085 1657 5144 habitationis
1691 5099 1796 5140 non
1838 5084 2073 5138 invenie-

502 5195 646 5262 bant,
679 5193 818 5249 fame
836 5199 890 5246 et
915 5187 1002 5243 siti
1022 5183 1339 5249 aestuabanl,
1363 5191 1416 5237 et
1440 5179 1794 5245 deficiebant,
1826 5176 1892 5231 Et
1916 5177 2076 5231 dedu-

500 5291 573 5343 tit
598 5306 677 5344 eos
706 5291 760 5342 in
784 5284 915 5340 viam
934 5290 1140 5348 rectam,
1164 5286 1219 5332 ut
1243 5277 1366 5331 irent
1388 5275 1439 5329 in
1466 5273 1712 5329 civitatem
1733 5271 2074 5326 habitationis.

567 5469 583 5497 ¹
613 5469 762 5530 verba
783 5457 1432 5530 parenthesi-comprehensa
1450 5468 1546 5530 non
1562 5467 1735 5530 omnes
1746 5451 2077 5530 hiemabant.

513 5534 565 5575 Αι
585 5512 1227 5632 militamus.
1250 5519 1675 5632 prosequebantur
1697 5518 1782 5572 sic,
1809 5526 1897 5563 non
1922 5512 2079 5584 primo

513 5599 583 5632 ros
612 5601 704 5632 nan
729 5589 919 5632 mantis.
945 5589 986 5632 si
1024 5584 1178 5632 minus
1196 5596 1248 5632 so
1268 5579 1406 5632 (icui.
1433 5588 1527 5630 etc.
1552 5578 1870 5627 Emendantur
1907 5574 1975 5623 ad
1987 5573 2076 5622 ah-

513 5543 565 5575 Ᾱῑ
587 5543 695 5578 mu.
735 5543 840 5587 »οδῑη
856 5543 946 5598 ῃοη
971 5543 1227 5598 gest-statas.
1250 5543 1667 5632 Ιιςυρυιιιιυυᾶιιιυι
1697 5543 1782 5572 alb,
1810 5543 1897 5563 tum
1924 5543 1966 5570 νο
1983 5543 2046 5584 om.

505 5599 583 5636 ros
612 5543 920 5652 naniragetis,
945 5602 985 5638 si
1024 5598 1178 5635 minus
1196 5596 1248 5634 so
1268 5579 1406 5640 liciti,
1433 5588 1527 5630 etc.
1552 5578 1870 5627 Emendantur
1907 5574 1975 5623 ad
1987 5573 2049 5622 ah

505 5655 622 5712 quot
643 5657 744 5696 Mss.

589 5725 694 5775 ἐἰς
725 5735 830 5775 Mss.
857 5735 911 5776 Λι
935 5735 1054 5782 ωτι..
1077 5734 1128 5777 ut
1157 5726 1288 5776 nobis
1317 5723 1549 5774 omnibus.
1575 5728 1649 5771 Er.
1689 5731 1739 5772 et
1772 5721 1910 5777 Lov.,
1943 5722 1994 5765 ut
2025 5715 2076 5767 in

509 5783 644 5842 nobis
657 5784 887 5839 omnibus.

1778 291 1837 348 S.
1879 292 2238 348 AUGUSTINI
2281 294 2579 351 EPISCOPI

3632 313 3764 370 “‘23

2200 407 2476 474 Quomodo
2502 411 2809 468 subvenerit
2853 416 2972 470 fami
3018 427 3068 472 et
3097 419 3203 485 siti,
3237 420 3466 477 nondum
3496 423 3640 491 dicit,
3671 431 3766 483 sed

2191 497 2374 553 ethoc
2413 511 2736 570 exspectate.
2784 503 3130 576 Con/iteantur
3172 508 3392 568 Domino
3435 516 3768 574 miserationes

2197 591 2329 654 eius,
2376 600 2420 644 et
2450 594 2698 647 mirabilia
2742 598 2850 665 ejus
2879 599 2998 660 filiis
3037 600 3314 656 hominum.
3365 604 3536 662 Dicite
3564 614 3766 677 experti

2195 680 2502 750 inexpertis.
2526 685 2634 752 jam
2665 687 2714 741 in
2743 689 2824 742 via
2872 692 3048 759 positi,
3077 693 3186 763 jam
3216 695 3281 750 ad
3321 697 3586 755 civitatem
3623 703 3769 759 inve-

2195 774 2438 830 niendam
2465 777 2671 845 directi,
2702 779 2803 847 iam
2831 783 3060 854 denique
3098 802 3124 838 a
3155 785 3291 844 fame
3319 800 3374 845 et
3401 793 3483 846 siti
3515 794 3724 851 liberati
3755 815 3768 851 :

2197 865 2448 933 Quoniam
2475 870 2672 924 satiavit
2700 873 2921 928 animam
2960 876 3178 942 inanem,
3219 889 3267 933 et
3295 882 3514 937 animam
3544 889 3773 942 esurien-

2193 967 2292 1012 tem
2331 953 2554 1032 impleuit
2582 963 2742 1019 bonis.

2266 1050 2352 1105 10.
2377 1050 2526 1124 [vers.
2554 1054 2758 1129 lO-l7.]
2790 1058 2917 1113 Vive
2947 1075 3075 1130 ergo
3096 1062 3230 1118 bene
3253 1081 3267 1129 ;
3287 1064 3396 1135 jam
3426 1067 3477 1122 in
3504 1069 3586 1123 via
3629 1073 3778 1141 posi-

2195 1151 2281 1196 tus
2306 1159 2382 1206 es,
2406 1145 2513 1214 jam
2559 1148 2750 1203 audisti
2791 1152 2912 1220 quid
2940 1168 3096 1222 agere
3122 1155 3336 1219 debeas,
3369 1161 3493 1229 quid
3532 1179 3772 1232 sperare.

2194 1233 2327 1301 Quid
2355 1235 2494 1290 aliud
2519 1239 2740 1307 excipit,
2763 1243 3010 1310 quoniam
3034 1247 3243 1300 conaris
3269 1258 3322 1301 et
3341 1255 3651 1320 superaris?
3689 1257 3775 1310 Se-

2193 1327 2362 1381 dcntes
2402 1329 2454 1382 in
2503 1331 2713 1385 tenebris
2755 1343 2800 1386 et
2847 1335 2900 1388 in
2937 1338 3113 1390 umbra
3159 1341 3350 1404 mortis,
3383 1347 3695 1417 compeditos
3723 1352 3773 1406 in

2191 1419 2507 1474 mendicitate
2532 1433 2578 1476 et
2594 1428 2748 1493 ferro.
2776 1425 2923 1482 Unde
2947 1427 3062 1491 hoc,
3099 1431 3196 1486 nisi
3219 1434 3335 1502 quia
3359 1436 3450 1490 tibi
3477 1440 3771 1509 tribuehas,

2191 1511 2311 1578 quia
2339 1513 2560 1580 gratiam
2590 1516 2677 1569 Dei
2707 1532 2810 1572 non
2841 1523 3184 1589 agnoscchas,
3215 1527 3333 1594 quia
3359 1531 3639 1586 consilium
3673 1535 3773 1588 Do-

2193 1602 2321 1656 mini
2348 1603 2486 1658 circa
2519 1614 2568 1660 te
2603 1608 2958 1674 reprobabas?
2999 1612 3126 1666 Nam
3160 1615 3278 1670 vide
3305 1617 3429 1686 quid
3469 1621 3726 1694 adjungat
3755 1643 3768 1678 :

2193 1689 2445 1755 Quoniam
2487 1695 2937 1753 inamaricarerunt
2962 1701 3158 1771 eloquia
3191 1704 3426 1773 Domini;
3457 1726 3550 1776 per
3581 1689 3771 1783 super-

2190 1779 2351 1848 biam,
2373 1781 2630 1852 justitiam
2661 1786 2868 1842 Domini
2900 1792 3218 1860 nescientes,
3248 1804 3301 1849 et
3337 1813 3485 1853 suam
3528 1779 3771 1858 volentes

2190 1877 2514 1931 constituere
2538 1876 2710 1948 (Rom.
2745 1896 2798 1943 x,
2827 1881 2904 1949 5).
2926 1881 2994 1935 Et
3015 1885 3280 1939 consilium
3304 1887 3548 1944 Altissimi
3567 1909 3769 1948 exacer-

2190 1965 2444 2020 baverunt.
2481 1966 2543 2020 Et
2565 1969 2880 2024 humiliatnm
2905 1984 2976 2026 est
3009 1975 3060 2028 in
3089 1976 3340 2033 laboribus
3366 1997 3452 2034 cor
3474 1998 3668 2037 eorum.
3710 1986 3770 2040 Et

2191 2073 2330 2112 nunc
2361 2075 2532 2129 pugna
2575 2073 2758 2116 contra
2805 2068 3310 2135 concupiscentiam.
3343 2072 3449 2126 Deo
3477 2073 3770 2131 desistente

2189 2147 2256 2202 ab
2281 2148 2561 2217 adjutorio,
2589 2135 2837 2208 laborare
2874 2167 3043 2224 potes.
3093 2160 3306 2215 vincere
3350 2178 3452 2216 non
3482 2175 3656 2234 potes.
3707 2168 3769 2222 Et

2189 2252 2309 2292 cum
2341 2241 2499 2295 fueris
2532 2257 2746 2311 pressus
2772 2247 3154 2303 consuetudine
3184 2260 3269 2304 tua
3300 2268 3478 2322 prava,
3512 2255 3766 2312 humilia-

2189 2329 2330 2385 bitur
2356 2347 2449 2386 cor
2475 2342 2620 2388 tuum
2645 2334 2697 2390 in
2727 2336 2995 2392 laboribus
3027 2355 3042 2404 ;
3073 2350 3126 2394 ut
3151 2341 3259 2411 jam
3299 2345 3460 2401 corde
3489 2345 3769 2404 immitian

2187 2421 2361 2478 discas
2381 2424 2644 2482 clamare:
2681 2445 2700 2478 ι
2731 2427 2912 2484 infelix
2939 2445 3040 2500 ego
3062 2431 3241 2497 homo,
3267 2435 3386 2504 quis
3413 2452 3499 2492 me
3521 2438 3769 2495 liberabit

2188 2513 2253 2569 de
2281 2531 2505 2586 corpore
2530 2519 2715 2574 mortis
2742 2519 2936 2589 hujus?
2960 2521 3302 2580 liumiliatum
3343 2538 3423 2581 (‘Sl
3453 2547 3471 2579 ι
3503 2545 3632 2600 ergo
3657 2550 3676 2583 ι
3717 2535 3766 2587 in

2189 2607 2453 2663 laboribus
2481 2623 2575 2664 cor
2597 2625 2816 2677 eorum;
2849 2611 3099 2668 infirmati
3132 2625 3274 2682 sunt,
3299 2633 3394 2672 nec
3424 2618 3520 2672 fuit
3548 2623 3640 2690 qui
3668 2624 3767 2675 ad-

2183 2697 2391 2766 juvarct
2427 2714 2538 2754 eos.
2577 2720 2596 2752 ι
2630 2701 2763 2767 Quid
2806 2713 3170 2772 ergo-restat,
3211 2707 3309 2760 nisi
3351 2724 3515 2778 quare
3566 2715 3767 2766 laetum

2185 2791 2309 2845 est?
2341 2809 2360 2843 ι
2397 2790 2452 2846 Si
2478 2791 2620 2848 enim
2646 2792 2768 2847 data
2793 2802 2934 2848 esset
2978 2795 3062 2849 lex
3088 2812 3206 2866 quae
3250 2809 3425 2866 posset
3453 2800 3728 2857 vivii‘ieare
3748 2845 3766 2868 ,

2187 2884 2401 2938 omnino
2421 2899 2488 2939 ex
2515 2884 2652 2953 Lege
2667 2894 2808 2939 esset
2826 2885 3026 2955 justitia
3048 2903 3061 2940 :
3081 2888 3173 2942 sed
3199 2905 3283 2943 cm
3303 2888 3460 2945 (lusit
3486 2891 3764 2962 Scriptura

2187 2972 2362 3026 omnia
2392 2975 2492 3027 sub
2518 2984 2752 3042 peccato,
2787 2983 2846 3028 ut
2873 2976 3153 3044 promissio
3177 2993 3239 3032 ex
3270 2977 3372 3033 llde
3397 2978 3524 3035 Jesu
3566 2981 3768 3039 Christi

2187 3061 2400 3116 daretur
2423 3062 2760 3118 credentibus
2787 3082 2804 3115 ι
2835 3063 3024 3135 (Galat.
3048 3065 3229 3133 nt,9.l,
3263 3067 3376 3138 9.9.).
3414 3087 3433 3120 ι
3460 3069 3566 3126 Lex
3584 3082 3765 3127 autem

2185 3155 2516 3221 subintravit,
2559 3165 2620 3210 ut
2656 3157 2947 3213 abundaret
2982 3141 3234 3214 delictum
3270 3181 3287 3214 ι
3335 3163 3508 3234 (Rom.
3537 3181 3595 3230 ν,
3641 3167 3764 3238 20).

2184 3244 2445 3314 Accepisti
2477 3247 2716 3314 verbum,
2753 3249 3002 3318 accepisti
3036 3264 3391 3322 praeceptum,
3425 3269 3524 3311 nec
3558 3255 3766 3313 desinis

2184 3339 2356 3394 facere
2375 3339 2516 3409 quod
2547 3339 2682 3394 male
2706 3339 2936 3396 faciebas
2961 3358 2978 3408 ;
3009 3352 3064 3398 et
3087 3352 3310 3415 accepto
3340 3357 3628 3418 prtecepto,
3660 3365 3763 3404 au-

2181 3443 2275 3498 ges
2321 3440 2532 3499 peccata
2583 3445 2678 3501 per
2730 3433 3237 3502 prmvaricatiouem.
3282 3435 3563 3507 Superbe,
3616 3439 3664 3493 si
3712 3451 3766 3496 te

2183 3520 2480 3592 ignorabas,
2524 3523 2606 3577 vel
2653 3522 2799 3579 disce
2846 3531 2898 3579 te
2944 3524 3250 3581 humiliatus
3279 3527 3296 3558 ί
3338 3544 3352 3581 :
3399 3528 3683 3596 clamabis,
3732 3548 3764 3586 a

2183 3614 2497 3668 necessitate
2512 3613 2852 3681 liberaberis;
2882 3615 3135 3671 liberatus
3155 3618 3524 3675 miserationes
3547 3621 3762 3678 Domini

2181 3705 2538 3761 confiteberis.
2569 3704 2638 3759 Et
2663 3708 3001 3762 clamauerunt
3029 3709 3099 3762 ad
3119 3707 3411 3776 Dominum,
3441 3728 3556 3765 cum
3595 3713 3760 3766 tribu-

2183 3798 2426 3863 larentur,
2453 3808 2496 3852 et
2526 3798 2590 3851 de
2615 3799 2983 3854 necessitatibus
3001 3815 3173 3854 eorum
3196 3801 3360 3856 salvos
3385 3801 3498 3872 fecit
3527 3819 3628 3856 eos.
3669 3803 3761 3857 Li-

2183 3891 2350 3946 berali
2377 3901 2502 3946 sunt
2536 3891 2604 3947 de
2628 3892 2857 3949 secunda
2880 3893 3189 3961 tentatione,
3235 3905 3401 3950 restat
3429 3896 3570 3952 ωτάῆ
3598 3906 3762 3969 atque

2181 3981 2394 4036 fastidii.
2421 3981 2526 4056 Sed
2549 3983 2720 4053 primo
2736 3983 2859 4054 quid
2885 3984 2999 4040 istis
3017 3985 3262 4055 praestitit
3280 3986 3541 4055 liberatis,
3557 3989 3757 4045 videte.

2187 4092 2206 4124 ι
2242 4075 2304 4128 Et
2329 4074 2508 4130 eduxit
2531 4090 2625 4130 eos
2654 4075 2722 4132 de
2747 4077 2977 4133 tenebris
3005 4087 3059 4134 et
3086 4080 3272 4135 umbra
3303 4081 3512 4146 mortis,
3539 4091 3595 4136 et
3633 4083 3761 4137 vin-

2180 4165 2292 4232 cula
2318 4181 2500 4221 eorum
2526 4166 2768 4238 disrupit.
2801 4167 3166 4225 Confiteantur
3204 4170 3427 4226 Domino
3449 4173 3761 4227 miseratio-

2181 4273 2276 4312 nes
2304 4257 2440 4328 ejus,
2471 4266 2525 4312 et
2551 4259 2808 4314 mirabilia
2849 4261 2965 4330 ejus
3004 4262 3126 4316 filiis
3156 4263 3447 4318 hominum.
3485 4283 3504 4317 ι
3535 4265 3714 4333 Quare
3733 4267 3761 4320 Ἰ

2179 4364 2309 4418 quas
2327 4348 2668 4405 difficultates
2688 4350 2852 4406 vicit?
2878 4370 2897 4405 ι
2924 4353 3055 4420 Quia
3077 4354 3324 4408 contrivit
3351 4365 3530 4423 portas
3557 4371 3757 4422 aereas,

2179 4450 2232 4494 et
2275 4449 2452 4495 vectes
2483 4440 2683 4496 ferreos
2723 4443 3002 4514 confregit.
3045 4444 3289 4516 Suscepit
3317 4462 3411 4502 eos
3436 4447 3505 4502 de
3534 4450 3615 4503 via
3651 4451 3759 4504 ini-

2178 4533 2392 4602 quitatis
2407 4547 2588 4588 eorum
2613 4551 2628 4587 :
2652 4543 2863 4604 propter
2879 4535 3161 4605 injustitias
3179 4538 3320 4592 enim
3339 4553 3463 4593 suas
3491 4541 3760 4598 humiliati

2178 4633 2320 4679 sunt.
2361 4641 2381 4676 ι
2415 4624 2546 4693 Quia
2591 4624 2691 4680 sibi
2735 4625 3054 4692 tribuebant,
3103 4644 3205 4682 non
3234 4629 3352 4699 Deo
3386 4646 3399 4682 :
3431 4631 3554 4700 quia
3602 4647 3757 4687 suam

2175 4715 2433 4784 justitiam
2483 4717 2908 4783 constituebant,
2959 4718 3263 4788 ignorantes
3311 4719 3404 4774 Dei
3447 4721 3759 4790 justitiam,

2182 4806 2438 4861 humiliati
2482 4815 2624 4862 sunt.
2672 4807 2991 4862 invenerunt
3036 4823 3094 4862 se
3139 4823 3242 4863 non
3285 4825 3437 4880 posse
3483 4812 3601 4867 sine
3637 4814 3764 4884 ejus

2176 4899 2460 4968 adjutorio,
2493 4900 2578 4970 qui
2604 4898 2671 4954 de
2697 4900 2807 4954 suis
2836 4899 2964 4953 solis
2990 4899 3191 4954 viribus
3232 4901 3644 4970 prtesumehant.

2249 4993 2336 5046 Η.
2370 4990 2532 5065 [υενε.
2582 4989 2797 5063 18-29..]
2825 4989 2945 5046 .Sed
2986 4991 3126 5061 quod
3153 4991 3293 5046 aliud
3341 5006 3508 5062 genus
3548 4997 3767 5050 restat?

2181 5083 2389 5139 Omnem
2427 5099 2590 5139 escam
2625 5082 2910 5136 abominata
2947 5091 3018 5136 est
3042 5082 3213 5136 anima
3236 5077 3427 5137 eorum.
3454 5083 3573 5138 Jam
3603 5084 3763 5140 fasti-

2177 5174 2321 5228 dium
2349 5175 2635 5244 patiuntur,
2666 5171 2872 5227 fastidio
2903 5172 3170 5241 languent,
3201 5172 3412 5228 fastidio
3444 5174 3762 5243 periclitan-

2177 5272 2264 5319 tur
2297 5281 2310 5320 :
2343 5265 2440 5318 nisi
2478 5263 2612 5318 forte
2651 5273 2805 5333 putas
2843 5261 3011 5318 occidi
3049 5277 3144 5318 eos
3189 5263 3329 5319 fame
3368 5263 3606 5335 potuisse
3632 5305 3651 5332 ,
3701 5275 3764 5322 et

2178 5372 2282 5410 non
2309 5369 2464 5424 posse
2491 5353 2720 5410 fastidio.
2750 5353 2880 5410 Vide
2909 5353 3034 5425 quid
3058 5365 3328 5426 sequatur,
3357 5371 3477 5411 cum
3500 5356 3758 5422 dixisset,

2181 5447 2393 5502 Omnem
2429 5462 2591 5499 escam
2625 5445 2910 5500 abominata
2948 5446 3210 5500 estanima
3235 5463 3445 5510 eorum;
3489 5462 3558 5503 ne
3601 5451 3768 5518 quasi

2178 5552 2272 5594 eos
2302 5544 2513 5606 putares
2558 5535 2626 5591 de
2653 5537 2899 5592 satietate
2929 5551 3166 5603 securos,
3199 5551 3305 5592 non
3345 5537 3515 5608 magis
3544 5537 3768 5594 videres

2245 5653 2261 5714 ξ
2297 5649 2430 5714 Edd.,
2457 5647 3005 5714 perprtararicaticnem
3023 5649 3278 5714 superbia.
3398 5656 3444 5701 te
3482 5649 3768 5714 ignorabas,

2177 5713 2287 5826 acsts.
2285 5709 2424 5764 disce
2450 5709 2512 5774 t'c,
2536 5709 2809 5762 humiliatus
2829 5709 3195 5775 clantabis,'etc.
3217 5709 3523 5776 mstigantuf
3539 5709 3767 5765 subsidio
