4026 6202
220 399 354 453 “‘35

212 517 280 570 de
307 513 514 569 fastidio
543 520 828 577 morituros
859 540 873 576 :
910 524 973 580 Et
999 535 1547 606 appropinquaverunr,
1578 543 1744 612 inquit
1769 588 1783 609 ,

211 622 369 674 usque
393 607 457 660 ad
487 620 662 678 portas
704 615 894 669 mortis.
929 618 1062 686 Quid
1090 638 1219 694 ergo
1245 630 1452 685 restat?
1477 630 1545 688 Ut
1570 607 1707 703 quod

209 698 433 753 dvlectat
460 703 678 757 verbum
727 706 840 774 Dei,
888 727 989 766 ttnn
1038 715 1129 770 tibi
1174 719 1394 786 tribuas,
1444 698 1618 796 neque
1660 728 1785 784 hinc

209 791 376 856 aliqua
409 791 606 848 inﬂeris
634 803 954 868 arrogantia,
983 815 1036 859 et
1079 808 1264 866 avidus
1291 813 1413 874 cibi,
1461 815 1513 869 in
1559 833 1652 873 eos
1691 822 1781 889 qui

210 883 413 938 fastidio
439 887 804 954 periclitantur
832 898 1058 965 superbe
1079 901 1301 959 insilias.
1333 906 1573 979 lntellige
1615 913 1777 968 etiam

208 974 296 1028 tibi
325 977 615 1044 praestitum
641 996 759 1037 esse
787 982 906 1051 hoc,
941 1003 1043 1042 ttmt
1072 1006 1101 1045 a
1131 1001 1180 1046 te
1205 993 1294 1048 tibi
1317 1011 1454 1052 esse.
1478 999 1612 1067 Quid
1635 1004 1777 1057 enim

207 1065 361 1119 babes
387 1068 527 1137 quod
561 1086 664 1124 non
691 1077 937 1156 accepisti
969 1079 1010 1151 (Ι
1039 1079 1245 1152 Comv,
1271 1085 1366 1156 7)?
1395 1065 1518 1146 Hoc:
1534 1108 1662 1164 ergo
1694 1095 1776 1150 in-

210 1156 457 1226 tclligens,
497 1169 554 1214 et
583 1160 684 1216 hoc
711 1153 835 1218 vitio
858 1176 1017 1238 atque
1046 1153 1657 1249 languore-periclitans,
1693 1185 1777 1241 fac

206 1247 334 1314 quod
378 1250 622 1318 sequitur
652 1269 668 1306 :
699 1253 763 1307 Et
801 1259 1201 1320 exclamaverunt
1229 1268 1296 1319 ad
1323 1268 1614 1339 Dominis...
1658 1293 1774 1332 ντυη

209 1341 572 1408 tribularentur,
617 1355 664 1399 et
689 1347 751 1400 de
791 1353 1161 1410 necessitatibus
1199 1375 1369 1415 eorum
1407 1362 1631 1420 liberavit
1669 1385 1768 1424 eos.

208 1431 265 1484 Et
280 1432 391 1501 quia
417 1433 640 1503 languor
658 1446 773 1492 erat
793 1455 898 1496 non
919 1443 1168 1502 delectari
1190 1466 1202 1502 :
1225 1448 1364 1505 Misit
1381 1455 1581 1509 verbum
1601 1474 1767 1527 suum,

207 1530 246 1572 rt
269 1526 454 1575 sanavit
483 1541 588 1577 eos.
617 1525 749 1582 Vide
777 1530 901 1600 qttid
933 1535 1056 1589 mali
1089 1536 1279 1593 habeat
1305 1540 1571 1599 fastidium
1598 1563 1611 1612 ;
1648 1525 1767 1605 vide

208 1611 330 1666 unde
374 1613 567 1669 liberat
609 1617 700 1672 ille
723 1659 738 1682 ,
769 1621 834 1676 ad
865 1637 1023 1693 quem
1053 1627 1248 1683 clamat
1294 1611 1604 1691 fastidiens.
1630 1639 1768 1694 Misit

207 1704 386 1758 verbum
404 1723 576 1775 suum,
600 1720 646 1763 et
672 1715 866 1767 sanavit
891 1732 972 1770 eos
993 1732 1011 1770 :
1033 1727 1078 1773 et
1103 1721 1284 1789 eripuit
1310 1741 1412 1779 eos.
1447 1726 1632 1782 Unde?
1653 1730 1765 1786 Non

205 1793 261 1848 de
284 1811 480 1860 errore,
511 1815 614 1852 non
644 1801 710 1856 de
736 1802 895 1871 fame,
940 1823 1047 1863 non
1087 1810 1154 1866 de
1181 1811 1494 1873 difficultate
1521 1819 1763 1878 vincendi

206 1896 418 1954 peccata,
449 1889 546 1944 sed
569 1891 631 1946 de
655 1898 937 1965 corruptela
964 1915 1153 1956 eorum.
1185 1903 1434 1970 Quaedam
1463 1915 1761 1983 corruptela

205 1979 377 2031 mentis
405 1989 507 2046 est,
554 1980 792 2040 fastidire
818 1988 959 2057 quod
986 1989 1141 2046 dulce
1166 2005 1266 2049 est.
1311 1996 1450 2068 Ergo
1476 2009 1528 2054 et
1566 1979 1640 2057 de
1664 2003 1763 2060 hoc

205 2067 456 2136 beneficio,
488 2074 628 2128 sicut
664 2076 731 2132 de
756 2081 964 2137 ca'teris
987 2086 1369 2153 superioribus,
1394 2067 1397 2068 ν
1418 2089 1762 2161 Conﬁteantur

205 2159 397 2216 Domino
433 2165 776 2224 miserationes
809 2172 937 2241 ejus,
966 2185 1012 2227 et
1037 2175 1282 2232 mirabilia
1312 2182 1421 2251 ejus
1450 2183 1570 2252 [iliis
1591 2187 1759 2240 Itami-

202 2267 318 2304 uum.
367 2253 436 2307 Et
471 2258 757 2326 sacriﬁcent
795 2264 1100 2332 sacriﬁcium
1139 2267 1324 2323 laudis.
1370 2271 1486 2327 Jam
1530 2276 1670 2330 enim
1702 2289 1760 2332 ut

201 2342 438 2409 laudetur,
469 2349 646 2426 suavis
675 2360 757 2404 est
784 2351 1057 2410 Dominus.
1090 2356 1156 2410 Et
1181 2363 1433 2416 enuntiem
1467 2381 1619 2435 opera
1648 2368 1758 2438 ejus

199 2432 240 2484 in
275 2421 602 2492 exsultatione
629 2455 649 2492 :
676 2456 778 2496 non
817 2458 937 2498 cum
983 2447 1158 2514 ttedio,
1192 2466 1294 2504 non
1333 2467 1451 2507 cum
1488 2471 1752 2526 monere,

199 2539 283 2578 non
310 2542 431 2582 cum
458 2531 747 2602 anxietate,
781 2551 884 2590 non
911 2551 1030 2592 cum
1060 2539 1291 2610 fastidio,
1319 2545 1411 2600 sed
1440 2547 1490 2601 in
1532 2551 1754 2606 exsulta-

196 2614 324 2668 tione.
1593 2685 1597 2698 .

255 2706 328 2760 1‘2.
362 2706 514 2780 [vers.
558 2708 776 2787 25-51.]
805 2716 999 2782 Quarta
1027 2720 1111 2774 illa
1141 2730 1326 2790 restat,
1357 2725 1406 2779 in
1435 2743 1535 2797 qua
1566 2745 1750 2788 omnes

195 2797 550 2861 periclitamur.
580 2801 778 2860 Omnes
806 2809 946 2862 enim
985 2810 1036 2865 itt
1080 2814 1197 2867 navi
1243 2832 1425 2872 sumus
1456 2837 1468 2871 :
1499 2822 1582 2874 alii
1614 2839 1744 2892 ope-

188 2898 370 2955 rantur,
402 2893 488 2945 alii
520 2907 834 2964 portantur;
865 2901 1020 2956 simul
1051 2912 1227 2960 tamen
1256 2923 1441 2966 omnes
1467 2921 1519 2965 et
1546 2913 1596 2966 in
1626 2925 1747 2970 tem-

190 2989 371 3045 pestate
399 2985 786 3054 periclitantur,
814 3000 868 3045 et
891 2993 943 3046 in
974 3005 1124 3063 portu
1157 2999 1446 3055 salvantur.
1479 3003 1604 3060 Post
1633 3007 1744 3064 ha‘c

186 3070 306 3123 enim
329 3074 506 3128 omnia
533 3079 794 3145 sequitur,
828 3081 926 3149 Qui
949 3085 1257 3142 descendunt
1281 3107 1418 3145 mare
1438 3093 1488 3146 in
1510 3097 1738 3166 navibus,

186 3163 400 3229 facientes
427 3171 766 3238 operationem
791 3172 843 3226 in
864 3176 1007 3246 aquis
1035 3181 1206 3233 multis
1235 3197 1255 3236 :
1284 3183 1333 3236 id
1364 3193 1465 3252 est,
1495 3186 1548 3240 in
1577 3163 1743 3258 popu-

185 3253 235 3304 lis
258 3256 449 3310 multis.
481 3259 660 3328 Aquas
686 3264 827 3317 enim
870 3279 1012 3336 savpe
1053 3284 1150 3338 pro
1178 3274 1385 3342 populis
1415 3278 1559 3346 poni,
1577 3253 1739 3338 testis

181 3355 246 3397 est
286 3349 633 3422 Apocalypsis
685 3354 937 3424 Joannis,
984 3363 1070 3417 ubi
1124 3364 1457 3442 interrogans
1504 3371 1737 3431 Joannes

178 3436 281 3501 quid
307 3439 410 3493 illa!
449 3455 601 3512 aqua:
632 3456 828 3512 essent,
860 3464 1171 3520 responsum
1198 3466 1279 3510 est
1306 3459 1376 3523 ei,
1404 3460 1592 3533 Papuli
1620 3477 1736 3520 sunt

179 3526 508 3600 (Apoc..xvn,
551 3533 662 3606 15).
710 3536 808 3606 Qui
856 3556 984 3612 ergo
1031 3545 1226 3602 faciunt
1270 3526 1631 3618 operationem
1679 3558 1727 3611 itt

176 3622 302 3688 aquis
327 3626 530 3692 multis,
564 3627 662 3697 ipsi
691 3631 917 3686 viderunt
943 3629 1097 3704 opera
1141 3636 1366 3708 Domini,
1401 3653 1446 3696 et
1475 3646 1727 3702 mirabilia

176 3714 264 3778 £sz
285 3716 334 3768 in
363 3720 640 3788 profundo.
668 3723 805 3788 Quid
833 3726 972 3781 enim
1001 3731 1313 3797 profundius
1341 3736 1587 3792 cordibus
1625 3739 1723 3794 hu»

174 3807 354 3861 Inanis?
387 3807 509 3864 inde
537 3812 847 3884 plerumque
876 3818 1016 3872 venti
1046 3832 1350 3891 erumpunt,
1385 3833 1726 3895 tempestates

172 3896 496 3964 seditionum,
531 3913 585 3958 et
613 3905 1001 3964 dissensionum
1047 3927 1234 3967 navem
1278 3917 1609 3984 perturbant.
1650 3921 1719 3975 Et

170 3989 270 4053 quid
294 3993 466 4062 agitur
496 3994 548 4048 in
566 3993 689 4049 his?
721 3997 911 4053 Volens
944 4001 1081 4056 Deus
1111 4014 1168 4057 ut
1195 4004 1259 4058 ad
1287 4021 1406 4060 eum
1433 4009 1724 4066 clamarent

168 4086 209 4130 et
246 4081 292 4134 hi
335 4083 426 4151 qui
476 4086 804 4154 gubernant,
836 4097 890 4142 et
935 4089 987 4144 hi
1033 4092 1120 4162 qui
1154 4103 1449 4163 portantur,
1483 4097 1644 4163 Dixit,
1676 4111 1722 4156 et

166 4169 274 4221 stetit
306 4173 516 4240 spiritus
562 4177 812 4240 procellae.
858 4179 992 4246 Quid
1038 4192 1138 4250 est,
1185 4185 1355 4240 stetit?
1383 4187 1716 4258 Permansit,

167 4263 443 4325 perduravit
470 4283 488 4325 '.
518 4267 692 4323 adhuc
731 4272 930 4338 turbat,
972 4274 1059 4328 diu
1084 4275 1269 4344 jactat,
1315 4280 1487 4346 srevit,
1528 4291 1583 4336 ct
1611 4299 1718 4340 non

164 4358 350 4410 transit.
379 4354 519 4410 Dixit
547 4363 708 4424 enim,
739 4371 790 4416 et
810 4365 941 4417 stetit
983 4367 1186 4436 spiritus
1213 4372 1463 4438 procella.
1496 4374 1562 4429 Et
1586 4378 1714 4446 quid

160 4444 244 4510 (git
267 4446 370 4501 iste
393 4447 609 4517 spiritus
631 4453 914 4520 procellfe?
942 4453 1008 4509 Et
1028 4459 1232 4511 exaltati
1249 4471 1362 4513 sunt
1382 4463 1563 4532 [luctus
1583 4444 1709 4537 ejus.

159 4529 424 4591 Ascendunt
451 4555 610 4608 usque
633 4541 700 4594 ad
727 4544 893 4603 ctelos.
917 4546 1180 4601 audiendo
1200 4567 1214 4600 :
1231 4529 1534 4606 descendunt
1559 4572 1713 4625 usque

158 4623 195 4676 in
215 4629 430 4699 abyssos,
463 4631 717 4686 timendo.
751 4634 1034 4689 Ascendunt
1055 4655 1208 4708 usque
1231 4641 1282 4694 in
1309 4643 1476 4705 cazlos,
1505 4645 1709 4700 (lescen-

155 4719 255 4774 dttnt
296 4739 453 4794 usque
488 4725 543 4778 in
582 4725 787 4796 abyssos
812 4745 830 4782 :
858 4730 984 4784 foris
1031 4747 1240 4801 pugnae,
1276 4734 1416 4790 intus
1462 4737 1703 4794 timores.

155 4811 307 4866 Anima
335 4831 507 4868 eorum
535 4817 590 4869 in
613 4817 759 4871 malis
795 4821 1087 4875 tabescebat.
1120 4819 1328 4878 Turbati
1369 4837 1502 4889 sunt,
1523 4839 1568 4881 et
1586 4832 1706 4884 moti

151 4913 259 4964 sunt,
285 4906 412 4960 sicut
453 4906 642 4961 ebrius.
675 4907 773 4974 Qui
802 4910 987 4965 sedent
1015 4912 1081 4967 ad
1106 4912 1486 4985 gubernacula,
1516 4929 1568 4974 et
1610 4923 1698 4991 qui

151 4991 349 5050 fideliter
377 4981 566 5052 navem
609 5008 809 5064 amant,
853 5003 1081 5056 sentiunt
1113 5005 1252 5074 quod
1295 5007 1414 5062 dico
1445 5027 1457 5063 :
1495 5008 1700 5065 Turbati

146 5095 254 5148 sunt,
281 5098 328 5140 et
346 5089 467 5142 moti
485 5099 604 5143 sunt
619 5091 748 5143 sicut
769 5091 952 5146 ebrius.
979 5095 1136 5150 Certe
1157 5099 1369 5166 quando
1389 5099 1696 5172 loquuntur,

143 5179 330 5241 quando
353 5181 554 5251 legunt,
593 5183 806 5251 quando
833 5194 1078 5250 tractant,
1107 5189 1376 5258 sapientes
1400 5206 1656 5262 apparent
1680 5215 1691 5249 :

143 5278 248 5320 una
294 5273 648 5340 tempestate!
681 5271 747 5326 Et
775 5276 954 5342 omnis,
994 5277 1182 5348 inquit,
1228 5281 1476 5349 sapientia
1524 5300 1694 5339 eorum

139 5355 350 5428 absorpta
368 5371 463 5414 est.
494 5362 788 5433 Aliquando
815 5365 1067 5422 deficiunt
1104 5369 1280 5424 omnia
1307 5372 1536 5428 humana
1566 5389 1695 5427 con-

137 5444 273 5498 silia:
310 5465 643 5522 quacumque
690 5469 749 5508 se
803 5457 1024 5527 quisque
1081 5463 1438 5529 converterit,
1502 5464 1692 5520 ﬂuetus

138 5531 365 5606 fremunt,
394 5550 684 5612 tempestas
703 5547 872 5613 swvit,
904 5547 1118 5604 brachia
1143 5550 1426 5620 deficiunt;
1449 5572 1555 5624 quo
1576 5573 1689 5627 prn-

135 5639 176 5679 η
203 5630 539 5706 impingatur,
569 5637 654 5692 cui
697 5637 878 5694 ﬂuctui
921 5643 1057 5696 latus
1097 5643 1348 5711 nudetur,
1392 5663 1497 5722 quo
1538 5651 1686 5704 navis

135 5716 336 5788 impulsa
359 5727 672 5792 dimittatur,
704 5745 734 5784 a
755 5733 943 5800 quibus
969 5733 1110 5788 saxis
1138 5749 1205 5788 ne
1231 5717 1413 5804 pereat
1441 5738 1682 5795 refrene-

135 5811 220 5876 ιω,
247 5817 465 5873 omnino
491 5833 521 5873 a
553 5820 847 5876 rectoribus
873 5837 977 5878 non
1005 5822 1230 5881 videtur.
1259 5825 1328 5881 Et
1348 5828 1471 5899 quid
1492 5827 1680 5899 restat,

1316 419 1708 481 ENARRATlO
1749 428 1814 484 lN
1854 433 2166 500 l'SALMUll
2205 449 2336 509 CVI.

3337 494 3473 552 H26

1895 554 1993 610 ¹¹Ῐ⁵Ῐ
2013 565 2150 628 quod
2175 572 2456 640 Sequitur?
2489 597 2507 630 t
2538 581 2599 637 Et
2624 589 3050 655 exclamaverunt
3069 603 3460 680 adDominttnt,

1895 662 2009 680 nun.
2039 655 2256 680 I..!I._-l-,,
2298 679 2301 680 ,
2335 674 2346 680 -
2565 674 2577 680 -

1891 662 2009 703 cum
2039 655 2434 730 tribularentur,
2469 682 2521 726 et
2545 674 2611 728 de
2637 685 3043 747 necessitatibus
3068 709 3252 753 eorum
3278 660 3466 762 eduxi;

1890 752 2002 794 cos.
2032 743 2097 798 Et
2125 747 2404 820 imperavit
2433 766 2696 834 procellae,
2727 782 2779 828 et
2802 780 2946 832 stetit
2977 781 3028 838 in
3056 799 3259 845 auram.
3292 812 3311 845 ι
3344 795 3466 854 Non

1887 837 2032 891 stetit
2059 841 2111 894 in
2143 851 2529 920 tempestatem,
2558 861 2650 915 sed
2681 864 2733 918 in
2759 883 2953 924 auram.
2990 875 3052 929 Et
3075 877 3321 940 siluerunt
3351 891 3460 958 [ιη-

1887 938 1992 958 μου.
2039 933 2143 958 εἰ..-
2206 938 2224 958 Δ
2243 955 2270 958 ,μ
2290 940 2348 958 για.
2431 948 2444 958 .
2516 950 2526 958 .

1885 938 1992 983 ctus
2034 933 2160 996 eius.
2194 938 2384 997 Audite
2411 948 2478 1001 de
2514 950 2611 1006 hac
2642 970 2699 1009 re
2729 973 2911 1016 vocem
2955 968 3226 1036 cujusdam
3257 933 3460 1046 guber-

1887 1025 2082 1080 natoris
2123 1031 2426 1100 periclitati,
2475 1039 2759 1116 humiliali,
2791 1052 2993 1112 liberati
3019 1025 3045 1115 ἐ
3081 1081 3100 1114 ι
3136 1025 3340 1135 Νοιοῠ»,
3370 1073 3453 1128 in-

1882 1117 2015 1185 qui"
2052 1139 2070 1171 ‘
2105 1137 2197 1178 "05
2222 1126 2371 1197 Ῐὲζηοτ
2373 1139 2482 1201 ³1⁸0,
2513 1137 2722 1210 "mres.
2747 1145 2812 1201 de
2841 1163 3084 1217 pressura
3113 1171 3313 1228 nostra,
3337 1183 3454 1234 quae

1883 1208 2012 1234 l‘....n.-
2048 1224 2120 1234 ---
2165 1217 2176 1234 9
2255 1223 2269 1234 ι
2318 1223 2328 1234 1
2419 1213 2434 1225 ⁸
2506 1230 2515 1234 -

2710 1208 2716 1210 Ἴ
2841 1208 2856 1217 _
3062 1208 3083 1209 η
3113 1208 3313 1228 _----..-,

1883 1208 2014 1264 facta
2042 1224 2125 1268 est
2163 1217 2212 1272 in
2241 1223 2384 1292 Asia,
2419 1213 2548 1296 'qttia
2580 1247 2739 1302 supra
2769 1241 2908 1298 vires
2931 1253 3132 1314 gravati
3162 1268 3363 1322 smnus,
3396 1272 3451 1315 et

1877 1317 2033 1371 supra
2063 1309 2298 1380 modum,
2337 1335 2356 1369 ι
2390 1320 2569 1388 (video
2611 1341 2823 1386 omnem
2869 1340 3183 1407 sapientiam
3212 1350 3327 1418 ejus
3353 1353 3447 1405 :tb-

1876 1402 2160 1469 sorptam)t
2186 1403 2255 1458 ita
2281 1420 2336 1462 ut
2361 1413 2579 1471 taederet
2602 1435 2720 1487 nos,
2755 1443 2774 1476 ›
2797 1425 3186 1497 inquit,¢etiam
3211 1402 3408 1498 vivere.
3425 1464 3443 1494 ι

1876 1485 1941 1541 lit
1969 1490 2139 1558 quid?
2169 1495 2257 1552 ille
2284 1500 2356 1554 ita
2385 1503 2691 1568 deficientes
2707 1485 3038 1578 desereret?
3064 1537 3155 1583 aut
3181 1545 3285 1586 non
3319 1550 3442 1603 pro-

1876 1587 2052 1643 pterea
2082 1584 2156 1640 illi
2177 1587 2504 1661 defecerunt,
2535 1611 2590 1655 ut
2610 1602 2697 1659 ille
2720 1609 2858 1688 apud
2879 1627 2972 1667 eos
2992 1616 3213 1684 gloriam
3243 1584 3446 1694 repreri-

1876 1680 1946 1694 Μ,
1967 1672 1990 1694 ο
2021 1673 2149 1694 πη.
2359 1685 2407 1694 ..

1874 1672 1990 1770 ret?
2019 1673 2257 1748 Denique
2284 1685 2407 1753 quid
2436 1693 2716 1760 sequitur?
2750 1718 2768 1751 ι
2805 1681 2910 1757 Sed
2943 1706 3039 1776 ipsi
3072 1711 3120 1764 in
3152 1672 3446 1773 nobisinet-

1870 1759 1995 1827 ipsis
2038 1781 2349 1837 responsum
2378 1783 2565 1837 mortis
2591 1785 2892 1859 habuimus,
2922 1809 2978 1852 ut
3002 1815 3106 1856 non
3135 1803 3356 1864 fidentes
3387 1813 3437 1866 in

1869 1852 2020 1909 nobis
2035 1859 2220 1929 simus,
2248 1867 2340 1921 sed
2370 1869 2420 1924 in
2439 1873 2545 1929 Deo
2560 1878 2648 1945 qui
2674 1884 2895 1940 suscitat
2923 1900 3160 1950 mortuos
3181 1898 3285 1970 »(11
3319 1902 3434 1956 Car.

1869 1959 1882 1970 .
1936 1946 1964 1970 0
2017 1948 2071 1970 m
2168 1953 2229 1970 h-
2265 1957 2276 1969 ο
2505 1966 2514 1970 -

1867 1959 1904 2049 1',
1933 1946 1986 2012 8,
2017 1948 2091 2018 9).
2119 1971 2139 2004 ‹
2168 1953 2236 2010 Ει
2261 1957 2541 2029 imperavit
2573 1973 2835 2042 procellae,
2867 1987 2920 2033 et
2949 1984 3093 2039 stetit
3114 1987 3166 2041 in
3195 1946 3434 2049 a‘urant.»

1863 2033 2083 2095 Jam.illi
2112 2043 2179 2100 de
2203 2063 2262 2102 se
2288 2053 2426 2120 apud
2467 2071 2524 2113 se
2553 2075 2865 2132 responsum
2891 2077 3079 2128 mortis
3102 2077 3392 2140 habuerant
3417 2131 3431 2150 ,

1863 2141 2085 2194 quorum
2115 2139 2290 2194 omnis
2313 2147 2567 2213 sapientia
2596 2156 2842 2227 absorpta
2870 2174 3003 2219 erat.
3035 2185 3053 2218 t
3083 2169 3149 2223 Et
3177 2181 3435 2237 siluerunt

2113 2224 2123 2236 -
2265 2230 2304 2237 —
2361 2233 2372 2237 -

1863 2216 2051 2277 ﬂuctus
2075 2224 2211 2294 ejus.
2262 2230 2330 2286 Et
2351 2233 2626 2302 jucundati
2668 2216 2814 2314 sunt,
2847 2256 3096 2320 quoniam
3127 2229 3386 2322 siluerunt
3417 2288 3430 2318 :

1860 2321 1914 2367 et
1941 2314 2160 2374 deduxit
2186 2337 2281 2378 eos
2327 2326 2379 2381 itt
2425 2341 2632 2398 portum
2685 2314 2973 2400 voluntatis
3017 2364 3223 2408 eorum.
3253 2355 3431 2414 Conti-

1863 2414 2069 2463 Ieantur
2094 2412 2318 2472 Domino
2344 2421 2710 2484 miserationes
2735 2431 2870 2500 ejus.
2902 2454 2921 2488 ι
2955 2437 3160 2510 Ubique
3189 2449 3427 2514 omnino,

2190 2505 2213 2514 ,
2467 2511 2489 2514 _

2763 2494 2779 2500 -
3065 2494 3156 2510 τη

1859 2494 2051 2567 ubique
2079 2505 2411 2572 conﬁteantur
2451 2511 2690 2584 Domino,
2734 2537 2840 2576 non
2869 2527 3054 2582 merita
3083 2517 3286 2603 nostra,
3319 2556 3427 2594 non

1857 2589 1995 2645 vires
2033 2605 2250 2664 nostrai,
2284 2615 2390 2656 non
2426 2607 2682 2675 sapientia
2728 2625 2926 2682 nostra,
2971 2622 3064 2677 sed
3091 2626 3426 2688 miserationes

1854 2680 1981 2770 ejus.
2013 2683 2120 2740 lllc.
2149 2699 2356 2746 ametur
2381 2693 2432 2750 in
2467 2700 2610 2754 omni
2653 2713 2830 2761 nostra
2870 2680 3204 2781 liberatione,
3231 2722 3318 2790 qui
3343 2735 3425 2777 est

2727 2757 2830 2761 μή
2870 2757 3204 2781 _-_--..........,
3269 2757 3318 2776 υ.
3343 2757 3425 2777 ω.

1855 2757 2126 2830 invocatus
2172 2780 2224 2834 in
2265 2787 2408 2839 omni
2455 2799 2634 2845 nostra
2677 2795 3034 2858 tribulatione.
3082 2757 3426 2878 Conﬁlizantur

3093 2859 3099 2860 ,
3131 2859 3139 2861 -
3174 2859 3410 2878 .,-,,η.--..,

1855 2859 2069 2920 Domino
2096 2869 2434 2930 miserationes
2459 2879 2586 2949 ejus,
2617 2895 2665 2937 et
2691 2887 2943 2978 mirqbilia
2969 2897 3079 2966 ejus
3105 2898 3228 2966 ﬁliis
3253 2903 3417 2960 Itami-

1849 2970 1990 3010 num.

1919 3047 2004 3102 l3.
2047 3048 2214 3122 [vers.
2260 3053 2492 3133 32-58.]
2539 3061 2607 3117 Et
2658 3067 2830 3125 videte
2881 3073 3019 3131 unde
3051 3077 3228 3145 dicat,
3276 3087 3416 3142 umle
3455 3099 3458 3104 '

1845 3141 2018 3195 omnia
2040 3143 2138 3197 ista
2167 3147 2482 3214 praelocutus
2502 3156 2589 3218 sit,
2627 3159 2768 3216 unde
2797 3166 2971 3221 omnia
2998 3168 3111 3226 haec
3131 3188 3412 3232 enumera-

1845 3234 1998 3299 verit,
2029 3235 2118 3290 ubi
2143 3233 2364 3307 aganttir
2389 3241 2520 3300 hate.
2551 3267 2571 3300 ι
2603 3250 2668 3305 Et
2691 3255 2924 3313 exaltent
2973 3276 3094 3318 cum
3139 3267 3192 3321 in
3227 3268 3411 3326 Eccle-

1841 3322 1916 3376 sia
1959 3327 2177 3395 populi,
2228 3339 2282 3386 et
2320 3333 2370 3388 in
2399 3339 2650 3397 cathedra
2693 3349 2961 3407 seniorum
3003 3355 3217 3414 laudent
3261 3379 3402 3418 eum.

1821 3413 1909 3468 .Et
1949 3417 2182 3475 exaltent
2220 3437 2372 3490 eum,
2409 3446 2430 3480 ι
2479 3429 2579 3487 hoc
2625 3445 2740 3504 est,
2794 3456 2814 3490 ι
2846 3441 3061 3500 laudent
3082 3464 3200 3504 eum
3235 3471 3248 3506 :
3288 3473 3308 3506 ι
3354 3469 3408 3510 et

1841 3507 2052 3564 laudent
2079 3528 2232 3580 eum,
2266 3535 2285 3568 ι
2337 3517 2440 3576 hoc
2466 3534 2549 3578 est
2568 3567 2582 3591 ,
2611 3544 2630 3577 t
2656 3530 2888 3587 exaltent
2914 3551 3055 3592 eum.
3087 3559 3106 3592 ι
3136 3541 3406 3613 Exaltent,

1838 3599 2048 3656 laudent
2075 3608 2248 3675 populi
2275 3619 2328 3663 et
2351 3613 2587 3671 seniores
2610 3659 2624 3681 ,
2653 3623 3009 3690 negotiatores
3058 3639 3112 3684 et
3137 3633 3400 3700 guberna-

1836 3701 1995 3749 tores.
2027 3696 2159 3764 Quid
2190 3702 2329 3758 enim
2375 3705 2496 3760 fecit
2526 3708 2575 3762 itt
2621 3709 2720 3767 hac
2747 3714 3022 3774 Ecclesia?
3047 3696 3168 3789 quid
3198 3731 3401 3785 consti-

1833 3786 2128 3845 tuit?unde
2161 3791 2306 3847 illam
2335 3797 2514 3852 eruit?
2551 3801 2676 3870 quid
2727 3805 2776 3859 ei
2818 3786 3101 3875 praestitit?
3139 3815 3401 3882 Quemad-

1829 3879 2041 3934 modum
2095 3886 2338 3953 superbis
2381 3891 2607 3960 restitit,
2665 3893 2951 3955 humilibus
2995 3879 3214 3972 gratiam
3252 3909 3400 3968 dedit

1828 3969 2044 4038 (Jacobi
2069 3989 2138 4038 tv,
2171 3975 2240 4046 6)
2277 3995 2302 4031 ελ
2323 3982 2566 4050 superbis
2589 4027 2604 4051 ,
2632 3987 2834 4045 scilicet
2877 3969 3049 4061 primo
3079 4001 3272 4068 papula
3299 4003 3394 4058 Ju—

1825 4061 2078 4132 dzeorutn,
2101 4071 2366 4138 arroganti
2389 4081 2441 4127 et
2469 4077 2739 4133 extollenti
2759 4095 2818 4138 se
2842 4083 2909 4139 de
2931 4061 3126 4156 genere
3191 4093 3390 4160 brahzc,

1824 4155 2030 4224 etquod
2052 4157 2124 4211 illi
2141 4161 2282 4228 genti
2304 4162 2411 4216 sint
2429 4166 2628 4223 credita
2652 4170 2858 4242 eloquia
2886 4175 2978 4230 Dei
3005 4179 3178 4248 (Rom.
3207 4199 3284 4248 ιιι,
3307 4155 3388 4255 ε>ξ

1822 4247 1936 4303 Νοη
1962 4252 2040 4305 eis
2066 4251 2178 4308 haec
2207 4255 2449 4311 valebant
2473 4259 2537 4313 ad
2559 4262 2870 4332 sanitatem,
2902 4268 2994 4324 sed
3016 4247 3087 4325 ad
3111 4247 3389 4332 exaltatio-

1823 4355 1940 4394 nem
1961 4342 2137 4397 cordis
2160 4387 2174 4411 ,
2205 4347 2271 4400 ad
2305 4357 2561 4404 tumorem
2604 4354 2776 4422 potius
2799 4373 2952 4427 quam
2981 4361 3048 4417 ad
3073 4367 3387 4435 tttagnitudi-

1821 4446 1960 4486 nem.
1988 4433 2123 4501 Quid
2146 4451 2273 4508 ergo
2299 4439 2418 4494 fecit
2440 4441 2598 4512 Deus,
2628 4448 2870 4517 superbis
2907 4433 3183 4523 resistens,
3216 4458 3387 4515 humi-

1821 4521 1956 4577 libus
1982 4523 2115 4580 dans
2139 4531 2358 4598 gratiam
2381 4548 2394 4597 ;
2423 4549 2601 4590 ramos
2646 4543 2912 4596 naturales
2955 4557 3169 4616 propter
3195 4565 3385 4621 supcr-

1817 4613 1956 4668 biant
2025 4630 2347 4690 amputans,
2399 4625 2687 4683 oleastrum
2760 4613 2976 4702 propter
3037 4613 3381 4699 humilitatem

1816 4708 2054 4766 inserens
2083 4712 2102 4786 (
2130 4712 2216 4767 Id.
2255 4731 2303 4769 xt
2330 4757 2345 4782 ,
2377 4718 2544 4774 17-24
2568 4720 2626 4791 )?
2651 4724 2776 4792 quid
2815 4724 2943 4782 fecit
2987 4729 3164 4788 Deus?
3192 4736 3383 4792 Audite

1813 4799 1926 4855 hanc
1961 4801 2103 4857 duo:
2138 4805 2277 4860 Deus
2299 4809 2469 4877 primo
2494 4813 2933 4880 quemadmodum
2976 4825 3217 4891 superbis
3253 4833 3382 4881 resi-

1810 4898 1933 4958 stat,
1980 4893 2170 4951 dcinde
2195 4898 2636 4966 quemadmodum
2668 4904 2953 4962 humilibus
3000 4911 3090 4967 det
3129 4917 3374 4982 gratiam.

1810 4980 1987 5037 Posuit
2030 4986 2243 5054 ﬂumina
2291 4991 2345 5042 in
2406 4991 2674 5048 desertum.
2722 4990 3019 5056 Currebam
3070 4980 3153 5057 ibi
3183 5022 3332 5074 aqua:
3359 5049 3372 5069 ,

1805 5077 2087 5130 currebant
2131 5080 2421 5148 prophetia:
2468 5101 2481 5137 :
2532 5101 2710 5155 quzere
2761 5092 2920 5145 tnodo
2970 5096 3106 5163 apud
3158 5096 3370 5154 ,ιιιάειιιιε

1805 5165 2112 5236 prOphetam
2145 5211 2160 5236 ,
2193 5185 2298 5225 non
2326 5171 2549 5228 invenis.
2601 5194 2620 5228 ι
2655 5178 2836 5234 Posuit
2865 5202 2884 5234 ι
2915 5184 3054 5237 enim
3087 5204 3105 5236 ι
3157 5186 3367 5240 ﬂumina

1808 5277 1826 5307 ς
1864 5261 1915 5312 in
1943 5259 2226 5328 desertum,
2257 5273 2310 5317 et
2328 5264 2502 5319 exitus
2521 5282 2774 5336 aquarum
2802 5272 2852 5325 in
2872 5274 3035 5328 sitim.
3069 5275 3249 5330 Posuit
3275 5278 3371 5332 ﬂu-

1794 5369 1824 5400 1
1864 5352 2004 5406 mina
2051 5353 2101 5406 in
2133 5358 2418 5410 desertum.
2458 5376 2476 5409 ι
2510 5359 2694 5414 Dicant
2723 5401 2739 5425 ,
2777 5381 2797 5415 ‹
2828 5363 2942 5418 Jam
2988 5381 3092 5419 non
3129 5377 3211 5422 est
3242 5386 3366 5435 pm—

1805 5460 1823 5492 t
1858 5441 2032 5511 pheta,
2052 5453 2105 5497 et
2125 5458 2222 5498 nos
2240 5462 2342 5499 non
2364 5458 2652 5518 cognoscet
2668 5451 2837 5506 adhuc
2861 5453 3060 5524 s(Psul.
3081 5472 3264 5523 Lxxnt,
3282 5462 3362 5529 9).

1803 5551 1820 5583 ‹
1859 5533 2038 5589 Posuit
2077 5533 2289 5590 ﬂumina
2325 5538 2376 5592 in
2420 5542 2714 5608 desertum,
2749 5551 2802 5596 et
2825 5546 2995 5600 exitus
3024 5563 3277 5617 aquarum
3307 5555 3358 5608 in

1802 5644 1821 5676 ι
1856 5626 1994 5679 sitim
2017 5667 2031 5689 ,
2070 5636 2262 5682 terram
2290 5628 2615 5685 fructiferam
2660 5633 2712 5687 in
2739 5634 2956 5692 salinas.
2995 5657 3014 5691 ι
3049 5640 3252 5705 Quaeris
3292 5645 3358 5697 ibi

1797 5716 1950 5772 tidem
1981 5715 2194 5784 Christi,
2244 5735 2347 5775 non
2379 5722 2615 5790 invenis;
2643 5727 2838 5794 quaeris
2877 5729 3223 5801 prophetam,
3253 5752 3358 5790 non

1799 5811 2033 5880 invenis;
2065 5814 2256 5884 quaeris
2307 5818 2636 5874 sacerdotem
2665 5861 2682 5889 ,
2727 5833 2850 5878 non‘
2882 5822 3124 5895 invenis,
3167 5830 3359 5898 qua-ris
