3964 6204
555 403 576 457 1
589 402 685 455 -ίῖἸ

554 516 864 570 sacriﬁcium
895 555 909 577 ,
941 525 1045 564 non
1075 510 1313 573 invenis;
1345 509 1539 580 quaeris
1568 509 1820 579 templum
1849 551 1862 573 ,
1903 524 2008 564 non
2035 508 2114 562 in-

556 609 719 663 venis.
767 607 938 670 Quare
966 601 1104 658 hoc?
1132 601 1261 670 Quia
1282 643 1298 667 ,
1333 619 1353 653 ι
1387 601 1566 656 Posuit
1613 601 1828 655 ﬁumina
1859 602 1910 655 in
1937 600 2119 656 deser—

558 718 576 749 ι
613 709 741 761 ιιιιη,
759 707 813 750 ct
838 696 1007 750 exitus
1031 709 1284 764 aquarum
1309 693 1359 747 in
1386 693 1563 758 sitim;
1587 703 1782 747 terram
1800 691 2119 747 fructiferam

567 807 581 838 ι
618 789 667 840 in
699 787 912 840 salinas.
951 805 970 838 ι
998 785 1153 842 Unde
1176 826 1192 850 ,
1222 799 1326 855 quo
1355 783 1586 838 merito?
1616 802 1635 836 ι
1668 785 1713 838 Λ
1739 782 1936 837 malitia
1965 781 2120 836 inha-

556 899 573 927 ι
614 876 890 931 bitantium
924 877 976 929 in
997 892 1078 930 ea.
1110 895 1130 928 ›
1160 876 1297 930 Ecce
1321 873 1586 944 quomodo
1616 873 1856 944 superbis
1879 873 2077 928 resistit
2103 890 2118 926 :

551 968 674 1022 audi
700 967 965 1037 quomodo
991 966 1280 1022 humilibus
1300 965 1392 1020 det
1415 965 1656 1035 gratiam.
1686 983 1704 1014 ι
1735 964 1915 1019 Posuit
1933 963 2120 1019 deser-

555 1077 575 1110 1
615 1067 722 1112 tmn
775 1059 827 1112 in
880 1067 1063 1128 stagna
1114 1072 1363 1127 aquarum
1404 1097 1418 1118 ,
1472 1064 1526 1109 et
1573 1063 1768 1109 terram
1817 1055 1932 1110 sine
1985 1068 2120 1124 aqua

557 1169 576 1200 ι
615 1149 668 1204 in
694 1150 868 1204 exitus
920 1162 1194 1218 aquarum.
1225 1146 1294 1202 Et
1331 1145 1566 1200 habitare
1592 1145 1715 1200 fecit
1743 1144 1848 1199 illic
1883 1144 2122 1200 esurien-

559 1259 578 1292 ι
614 1251 714 1296 tes.
750 1260 769 1295 ι
802 1241 1059 1309 Quoniam
1103 1239 1178 1294 illi
1207 1239 1402 1294 dictum
1451 1248 1533 1292 est
1586 1256 1600 1291 :
1634 1255 1653 1289 ι
1685 1236 1765 1292 Tu
1790 1252 1848 1292 es
1871 1236 2122 1292 sacerdos

561 1350 580 1383 ι
616 1332 669 1388 in
691 1341 944 1387 aeternum
967 1329 1255 1385 secundum
1273 1328 1510 1382 ordinem
1532 1326 1880 1382 Melchisedec
1900 1345 1919 1378 ι
1950 1325 2118 1398 (Psal.

555 1437 640 1477 (ιιι
659 1461 676 1488 ,
699 1422 733 1476 4
753 1422 791 1490 ).
815 1421 1019 1487 Qua-ris
1038 1420 1177 1476 enim
1203 1421 1218 1451 ί
1243 1419 1557 1473 sacriﬁcium
1583 1417 1718 1488 apud
1739 1417 1984 1481 Judruos;
2016 1433 2118 1470 non

563 1511 727 1566 habes
758 1511 1045 1566 secundum
1074 1509 1316 1565 ordinem
1345 1509 1542 1574 Aaron,
1565 1509 1686 1578 quia
1709 1509 1884 1577 posuit
1904 1505 2121 1561 ﬂumina

556 1607 609 1659 in
636 1605 939 1660 desertum:
962 1603 1156 1673 quaeris
1184 1601 1471 1658 secundum
1493 1601 1731 1656 ordinem
1751 1600 2119 1665 Melchisedec;

460 1690 466 1697 ’
555 1694 692 1765 apud
718 1694 838 1750 illos
865 1710 968 1748 non
993 1693 1219 1758 invenis,
1247 1692 1342 1748 sed
1371 1707 1463 1763 per
1492 1701 1656 1746 totum
1679 1690 1861 1746 orbem
1887 1689 2123 1744 celebra-

554 1797 640 1842 tur
668 1787 720 1840 in
763 1787 1021 1842 Ecclesia.
1050 1785 1093 1840 Α
1119 1785 1240 1840 solis
1268 1793 1381 1840 ortu
1409 1799 1564 1853 usque
1591 1782 1658 1835 ad
1682 1797 1911 1835 occasum
1936 1781 2120 1834 lauda-

557 1888 638 1930 tur
666 1892 844 1930 nomen
870 1875 1074 1929 Domini
1094 1875 1114 1947 (
1136 1873 1283 1930 Psal.
1313 1889 1446 1940 cxn,
1477 1875 1512 1930 '5
1534 1872 1577 1945 ).
1603 1873 1669 1928 Et
1697 1873 1825 1927 dicit
1855 1872 1990 1926 Deus
2017 1870 2122 1925 illis

555 1981 776 2032 quorum
799 1965 1014 2021 ﬁumina
1041 1965 1210 2035 posuit
1240 1965 1290 2018 in
1317 1964 1583 2019 desertum
1613 1979 1628 2018 :
1677 1980 1696 2014 ι
1741 1957 1856 2019 Non
1885 1971 1966 2016 est
1995 1960 2122 2014 mihi

562 2079 582 2112 α
621 2059 859 2112 voluntas
902 2059 952 2112 in
981 2058 1160 2123 vobis,
1193 2056 1322 2112 dicit
1346 2057 1618 2119 Dominus,
1648 2069 1746 2109 nec
1768 2053 2018 2123 accipiam
2041 2067 2125 2106 sa-

561 2171 580 2202 l
618 2149 872 2206 oriﬁcium
915 2149 985 2206 de
1032 2149 1277 2204 manibus
1317 2149 1541 2214 vestris,
1594 2146 1840 2217 quoniam
1897 2145 1964 2199 ab
2003 2154 2123 2199 ortu

562 2260 581 2292 ι
618 2242 746 2297 solis
777 2256 944 2310 usque
964 2240 1031 2296 ad
1051 2255 1320 2308 occasum,
1339 2239 1656 2295 sacriﬁcium
1686 2237 1938 2293 mundum
1967 2235 2126 2290 offer-

555 2343 641 2386 tur
667 2333 864 2387 nomini
893 2347 1013 2388 meo
1037 2351 1056 2385 ι
1079 2331 1296 2402 (Malae.
1325 2348 1364 2395 ι,
1393 2330 1462 2386 10
1478 2341 1524 2384 et
1546 2331 1606 2385 Η
1637 2331 1681 2402 ).
1709 2328 1807 2385 Ubi
1835 2337 1984 2384 erant
2011 2342 2125 2381 om-

558 2424 643 2478 nia
677 2423 948 2480 immunda
1004 2423 1302 2489 sacriﬁcia,
1349 2421 1559 2493 quando
1605 2422 1870 2476 desertum
1929 2429 2120 2485 erant,

555 2515 764 2583 quando
791 2515 1140 2584 squalebant,
1170 2512 1382 2584 quando
1407 2513 1589 2568 saliua:
1616 2521 1768 2567 erant
1787 2525 1971 2564 omnes
1995 2525 2123 2580 gen-

559 2617 676 2668 tes;
706 2606 776 2660 ibi
823 2621 962 2660 nunc
999 2604 1208 2669 fontes,
1263 2605 1332 2658 ibi
1374 2619 1514 2658 nunc
1555 2602 1805 2668 ﬂumina,
1864 2601 1935 2654 ibi
1984 2616 2124 2656 nunc

555 2707 740 2766 Stagna
768 2711 1020 2766 aquarum
1044 2739 1060 2762 ,
1102 2705 1158 2750 et
1197 2695 1369 2749 exitus
1418 2708 1690 2763 aquarum.
1720 2692 1859 2762 Ergo
1883 2691 2123 2760 superbis

554 2787 785 2853 restitit,
816 2786 1098 2841 humilibus
1143 2794 1318 2839 autem
1361 2783 1506 2839 dedit
1527 2784 1770 2854 gratiam.
1800 2782 1865 2835 Et
1899 2781 2125 2835 habitare

556 2877 674 2947 fecit
710 2876 816 2931 illic
853 2877 1121 2938 esurientes
1163 2889 1182 2928 :
1215 2875 1358 2944 quia,
1383 2873 1546 2928 Edent
1571 2889 1834 2943 pauperes,
1861 2881 1909 2926 et
1927 2884 2124 2926 satura-

555 2969 743 3023 bttutur
769 2969 788 3039 (
811 2967 956 3024 Psal.
983 2983 1090 3044 xxI,
1117 2968 1186 3021 27
1215 2965 1254 3037 ).
1287 2965 1352 3020 Et
1377 2966 1734 3020 constituerunt
1760 2964 2006 3019 civitatem
2031 2964 2124 3016 ha-

553 3062 806 3116 bitalionis
837 3077 855 3115 :
883 3061 1090 3116 interim
1118 3057 1461 3116 habitationis
1491 3057 1542 3110 in
1575 3070 1706 3125 spe;
1729 3055 1997 3126 quoniam,
2025 3057 2122 3120 Qui

555 3172 635 3208 me
658 3154 800 3207 audit
825 3196 838 3220 ,
871 3152 1037 3222 inquit
1057 3193 1072 3216 ,
1100 3149 1337 3204 habitabit
1380 3149 1431 3202 in
1467 3164 1554 3216 spe
1583 3145 1780 3213 (Prov.
1813 3161 1868 3211 ι,
1894 3145 1991 3206 55.
2019 3161 2118 3199 sec.

557 3243 752 3317 LXX).
779 3243 841 3297 Et
867 3243 1226 3297 constituerunt
1250 3240 1495 3294 civitatem
1520 3236 1856 3290 habitationis.
1888 3235 1949 3288 Et
1968 3235 2119 3288 senti-

556 3346 799 3392 naverunt
847 3352 993 3407 agros
1025 3376 1039 3398 ,
1097 3345 1143 3388 et
1189 3333 1534 3402 plantaverunt
1579 3329 1746 3383 vineas
1765 3369 1781 3392 ,
1813 3337 1859 3381 ct
1904 3330 2124 3399 fecerunt

555 3432 775 3501 fructum
789 3426 1024 3493 frumenti
1051 3439 1071 3479 :
1094 3424 1160 3478 ad
1177 3438 1330 3494 quem
1351 3421 1426 3494 (a)
1438 3420 1629 3492 gaudet
1643 3417 1918 3488 operarius
1933 3417 2018 3472 ille
2033 3418 2119 3487 qui

557 3519 703 3579 dicit,
741 3536 759 3569 ι
784 3517 898 3572 Non
927 3516 1048 3587 quia
1073 3529 1253 3585 qua-ro
1267 3512 1471 3580 datum,
1495 3509 1588 3565 sed
1618 3509 1829 3579 requiro
1849 3505 2074 3562 fructum
2097 3527 2115 3558 ι

559 3614 576 3682 (
611 3609 843 3680 Philipp.
873 3625 942 3672 Iv,
978 3608 1042 3662 17
1067 3607 1108 3675 ).
1143 3623 1162 3657 ‹
1201 3605 1264 3660 Ει
1284 3602 1552 3660 benedixit
1576 3617 1689 3668 eos,
1717 3610 1772 3655 et
1795 3599 2121 3668 multiplicati

555 3714 681 3759 sunt
706 3703 863 3757 nimis
884 3744 899 3767 ,
942 3711 995 3755 et
1018 3700 1257 3771 jumenta
1295 3711 1480 3753 eorum
1508 3682 1614 3749 non
1635 3702 1758 3748 sunt
1784 3691 2069 3747 deminuta.
2097 3710 2115 3742 ι

509 3829 512 3832 ~
560 3797 673 3852 lloc
700 3805 823 3849 stat.
852 3813 872 3844 ι
904 3792 1136 3847 Firmum
1167 3790 1193 3842 ἰ
1225 3789 1365 3844 enim
1399 3807 1417 3839 ι
1455 3785 1850 3845 fundamentum
1879 3781 1976 3836 Dei
1996 3790 2117 3844 stat,

561 3910 580 3942 4
619 3891 738 3960 quia
770 3887 914 3943 norit
941 3886 1191 3940 Dominus
1211 3881 1300 3953 qui
1317 3888 1440 3937 sunt
1458 3881 1572 3950 ejus
1605 3897 1623 3930 ι
1658 3877 1738 3950 (ll
1761 3875 1893 3930 Tim.
1923 3892 1979 3940 ιι,
2007 3873 2117 3941 l9).

553 3982 800 4038 Jumeuta
827 3987 882 4034 et
926 3991 1116 4048 pecora
1146 3975 1391 4030 dicuntur
1415 4013 1431 4038 ,
1461 3972 1512 4025 in
1540 3969 1776 4025 Ecclesia
1805 3965 2114 4036 simpliciter

557 4071 879 4128 ambulantia
899 4110 914 4135 ,
956 4067 1050 4123 sed
1076 4066 1221 4121 utilia
1245 4081 1260 4130 ;
1289 4078 1391 4118 non
1432 4062 1652 4116 multutn
1679 4059 1829 4113 docta
1856 4099 1870 4122 ,
1897 4057 1988 4111 sed
2021 4055 2122 4110 ﬁde

561 4165 735 4233 (dena.
759 4161 900 4230 Ergo
919 4169 974 4214 et
1001 4157 1301 4228 spirituales
1324 4164 1378 4209 et
1401 4152 1640 4208 carnales
1665 4149 1913 4202 benedixit
1941 4163 2050 4204 eos.
2076 4155 2122 4198 et

558 4252 878 4322 multiplicati
905 4261 1022 4304 sunt
1043 4250 1222 4313 nimis,
1249 4255 1295 4300 et
1315 4247 1545 4314 jumenta
1568 4257 1740 4296 eorum
1768 4256 1866 4293 non
1895 4247 2010 4292 sunt
2037 4237 2122 4290 de-

557 4346 769 4396 minuta.
1227 4383 1235 4390 .

629 4433 715 4487 M.
757 4429 930 4505 [vers.
963 4428 1152 4486 39-42.
1180 4425 1202 4500 ]
1241 4425 1309 4480 Et
1360 4429 1506 4496 pauci
1549 4426 1669 4493 {acti
1701 4433 1840 4490 sunt,
1883 4433 1930 4476 et
1961 4422 2124 4476 vexati

558 4535 694 4581 sunt.
732 4523 880 4580 Unde
922 4525 1056 4586 hoc,
1083 4522 1152 4576 de
1199 4518 1538 4574 transverso?
1570 4518 1678 4570 lmo
1703 4515 1769 4570 de
1798 4517 2024 4569 interno.
2058 4513 2125 4568 Ut

556 4622 696 4674 enim
719 4619 867 4690 pauci
896 4617 1110 4682 tierent,
1129 4630 1191 4668 ea:
1215 4612 1356 4666 nobis
1384 4611 1628 4670 exierunt,
1660 4609 1748 4660 sed
1774 4624 1872 4662 non
1897 4615 2037 4659 erant
2062 4620 2125 4658 ea:

559 4711 719 4766 nobis.
764 4711 884 4764 Ideo
924 4718 1098 4763 autem
1143 4717 1386 4774 tanquam
1430 4702 1496 4756 de
1528 4701 1608 4755 bis
1633 4699 1792 4762 dicit,
1825 4699 1891 4752 de
1936 4698 2123 4768 quibus

559 4812 714 4855 antea
753 4801 1119 4871 loquebantur,
1151 4807 1208 4851 ut
1243 4811 1361 4850 cum
1411 4792 1679 4848 intellectu
1717 4791 2121 4854 discernantur;

559 4894 682 4968 quia
705 4905 952 4962 tanquam
983 4892 1049 4946 de
1078 4885 1279 4945 hisdem
1306 4886 1559 4956 loquitur,
1591 4891 1804 4951 propter
1828 4881 2124 4934 connnunia

562 4983 1038 5054 SacramentauAd
1090 4981 1338 5052 populum
1364 4979 1504 5033 enim
1549 4975 1642 5030 Dei
1686 4973 1946 5044 pertinent
1977 5014 1993 5038 ,
2025 4972 2124 5026 etsi

561 5098 668 5138 non
697 5095 790 5150 per
815 5078 1092 5140 virtutem,
1125 5082 1268 5128 certe
1292 5087 1386 5142 per
1414 5070 1641 5138 speciem
1673 5067 1878 5137 pietatis
1899 5081 1914 5130 ;
1936 5064 2002 5119 de
2023 5065 2125 5119 illis

563 5175 707 5232 enim
735 5171 1032 5228 audivimus
1061 5166 1369 5237 Apostolum
1394 5181 1408 5217 :
1432 5161 1498 5216 In
1523 5159 1801 5214 novissimis
1826 5157 2126 5227 temporibus

559 5266 815 5320 instabunt
840 5272 1064 5331 tempora
1101 5273 1266 5321 sima;
1311 5263 1450 5310 erunt
1497 5253 1629 5308 enim
1673 5252 1894 5306 homines
1939 5250 2125 5319 seipsos

560 5366 786 5410 amantes
808 5351 917 5423 (Id.
943 5367 1019 5417 ιιι,
1038 5351 1088 5415 l,
1110 5349 1190 5420 2).
1215 5348 1448 5402 Primqu
1478 5345 1671 5400 malum
1691 5384 1706 5406 ,
1731 5343 1917 5412 seipsos
1949 5357 2127 5394 autau-

562 5459 666 5512 tes;
694 5449 874 5515 utique
913 5442 1014 5498 sibi
1053 5442 1337 5512 placentes.
1366 5436 1580 5492 Utinam
1619 5434 1716 5489 sibi
1745 5433 2081 5502 diSpIicercnt
2106 5471 2122 5496 ,

563 5549 618 5592 ct
650 5539 756 5616 Itep
786 5537 1052 5606 placerent
1078 5535 1120 5597 ';
1154 5529 1351 5586 utinam
1373 5527 1427 5581 in
1454 5525 1847 5581 difﬁcultatibus
1867 5522 2129 5577 exclama-

624 5645 641 5670 ι
677 5646 750 5687 Er.
765 5647 816 5689 et
835 5645 966 5696 tom,
990 5631 1305 5696 Qumrisenim
1321 5629 1615 5696 sacerdotem
1635 5633 1680 5696 et
1700 5624 2007 5691 sacrtpcium,
2031 5632 2125 5677 ctc.

558 5708 613 5750 At
643 5708 737 5746 Am.
762 5709 813 5748 et
833 5706 939 5748 llas.
953 5691 1062 5747 'non
1083 5698 1280 5749 habent.
1303 5691 1595 5744 sacerdotem
1617 5694 1678 5740 ct.

624 5763 643 5791 ¹
681 5759 845 5808 riurcs
864 5769 986 5806 uss...
1012 5764 1056 5806 et
1085 5766 1231 5806 neum
1253 5758 1481 5806 amarent.

625 5822 700 5885 (a)
733 5819 923 5882 supple,
955 5818 1176 5882 fructum.

1762 371 1833 452 ‘s.
1867 393 2226 451 AIJGUSTlNl
2271 396 2563 451 EI'ISCOPI

3656 408 3774 462 “35

2228 519 2344 563 rent
2369 551 2384 574 ,
2421 521 2477 565 et
2522 525 2551 564 a
2583 510 2982 566 necessitatibus
3023 515 3392 569 liberarentur.
3440 516 3543 572 Sed
3569 522 3777 576 multum

2225 601 2292 656 de
2312 616 2368 654 se
2399 611 2796 669 pra-sumentes,
2827 605 2976 672 pauci
3015 607 3132 676 facti
3158 616 3291 659 sunt.
3315 607 3644 662 Manifestum
3669 624 3744 665 est
3765 654 3779 676 ,

2227 693 2414 749 fratres
2447 710 2462 757 ;
2509 709 2694 748 omnes
2737 696 2822 764 qui
2873 710 2930 750 se
2970 696 3214 750 dividunt
3255 697 3321 752 ab
3368 698 3606 762 unitate,
3639 707 3778 771 pauci

2227 783 2377 837 ﬁunt.
2401 783 2547 838 Multi
2567 785 2706 838 enim
2729 795 2848 839 sunt
2875 827 2889 852 ,
2915 786 3006 840 sed
3030 787 3080 840 in
3111 788 3310 841 unitate
3334 830 3347 850 .
3381 789 3504 844 dum
3529 807 3635 846 non
3663 795 3678 824 ⁸
3707 809 3782 848 sc-

2227 885 2475 944 parantur
2503 877 2568 928 ab
2597 877 2832 931 unitate:
2859 894 2976 931 cum
3003 879 3143 932 enim
3175 882 3397 949 coeperit
3441 883 3506 936 ad
3551 898 3642 938 eos
3684 902 3779 941 nun

2228 966 2492 1050 pertinere
2519 966 2800 1020 multitudo
2821 957 3054 1035 unitatis,
3081 969 3132 1022 in
3155 969 3342 1024 haeresi
3367 974 3488 1026 etin
3505 975 3780 1031 schismate

2227 1057 2376 1126 pauci
2401 1068 2542 1114 sunt.
2575 1057 2643 1111 Et
2673 1061 2826 1127 pauci
2847 1062 2968 1130 facti
2993 1072 3127 1124 sunt,
3163 1072 3208 1114 et
3239 1065 3398 1116 vexati
3422 1076 3538 1118 sunt
3571 1082 3602 1117 a
3626 1067 3779 1120 tribu-

2229 1148 2413 1202 latione
2436 1149 2679 1202 malorum
2698 1159 2744 1203 et
2769 1150 2958 1205 dolore.
2979 1150 3192 1216 E/fusus
3217 1162 3289 1207 est
3312 1165 3622 1225 contemptus
3639 1175 3775 1226 super

2226 1237 2493 1308 principes.
2547 1237 2833 1307 Reprobali
2864 1241 3002 1293 enim
3047 1251 3170 1294 sunt
3209 1242 3275 1295 ab
3304 1242 3540 1298 Ecclesia
3575 1247 3661 1300 Dei
3697 1259 3778 1302 :el

2227 1329 2412 1398 magis,
2439 1329 2558 1398 quia
2589 1329 2851 1399 principes
2881 1346 2998 1386 csse
3020 1333 3291 1386 voluerunt
3316 1374 3332 1398 ,
3361 1333 3477 1387 ideo
3505 1341 3780 1406 contempti

2227 1429 2348 1474 sunt
2371 1460 2386 1486 ,
2419 1428 2473 1474 et
2501 1419 2620 1474 facti
2649 1431 2772 1474 sunt
2814 1423 2891 1475 sal
2941 1421 3246 1476 iniatuatum
3292 1425 3580 1493 projectum
3609 1427 3778 1491 foras;

2227 1509 2346 1564 ideo
2371 1511 2708 1565 conculcntur
2733 1512 2799 1564 ab
2824 1511 3125 1568 hominibus
3155 1511 3378 1586 (Matth.
3405 1531 3456 1580 ν,
3487 1515 3613 1586 15).
3643 1517 3776 1584 ΕΙῙιιο

2225 1619 2312 1656 sus
2340 1613 2410 1656 est
2451 1611 2760 1674 contemptus
2809 1621 2960 1674 super
2987 1606 3253 1674 principes.
3302 1605 3367 1658 Et
3407 1609 3602 1660 seduxit
3629 1625 3711 1662 eos
3739 1611 3780 1664 in

2225 1695 2378 1759 invio,
2407 1705 2453 1749 et
2481 1712 2580 1750 non
2609 1697 2662 1750 in
2686 1698 2783 1750 via.
2815 1697 2892 1751 llli
2923 1699 3166 1767 superius
3192 1699 3244 1752 in
3271 1699 3372 1764 via,
3403 1699 3472 1753 illi
3509 1700 3574 1754 ad
3601 1702 3779 1755 civita-

2228 1796 2332 1841 tem
2359 1787 2578 1853 directi,
2601 1787 2828 1856 denique
2852 1788 3083 1853 deducti,
3108 1805 3214 1843 non
3241 1791 3441 1845 seducti
3466 1810 3481 1846 :
3507 1793 3590 1847 isti
3614 1803 3780 1847 autem

2227 1876 2453 1957 ininvio
2478 1877 2700 1931 seducti.
2723 1876 2856 1945 Quid
2887 1888 2966 1932 est
2985 1920 2999 1944 ,
3047 1880 3243 1933 seduxit
3267 1880 3386 1934 eos?
3425 1880 3653 1935 Tradidit
3677 1884 3781 1936 illas

2229 1966 2364 2021 Deus
2389 1969 2442 2021 iu
2481 1969 2904 2037 concupiscentiae
2938 1971 3102 2024 cordis
3143 1987 3313 2024 eorum
3344 1973 3362 2041 (
3395 1971 3542 2026 Rom.
3571 1989 3622 2039 ι,
3651 1973 3722 2028 24
3748 1975 3782 2036 ).

2230 2057 2338 2112 lloc
2367 2066 2449 2112 cst
2476 2057 2639 2123 enim,
2677 2058 2913 2124 seduxit,
2941 2060 3155 2114 donavit
3181 2061 3297 2114 illos
3317 2061 3435 2116 sibi.
3459 2061 3589 2116 Nam
3613 2063 3656 2117 si
3680 2081 3783 2132 pro-

2230 2151 2341 2220 prie
2361 2165 2567 2220 quaaras
2592 2192 2604 2212 ,
2633 2150 2732 2218 ipsi
2765 2165 2823 2205 se
2849 2151 3125 2206 seducunt.
3157 2151 3256 2216 Qui
3281 2153 3412 2206 enim
3442 2163 3585 2221 putat
3612 2172 3666 2209 se
3688 2172 3783 2208 esse

2227 2239 2438 2308 aliquid,
2467 2257 2579 2294 cmn
2606 2240 2732 2293 nihil
2755 2241 2818 2294 sit
2845 2283 2859 2306 ,
2888 2241 3105 2310 seipsum
3131 2242 3319 2295 seducit
3348 2241 3555 2313 (Galat.
3584 2260 3658 2307 vr,
3687 2246 3723 2299 5
3751 2251 3782 2310 ).

2212 2329 2359 2399 Quid
2387 2341 2468 2387 est
2495 2347 2622 2402 ergo
2645 2374 2660 2398 ,
2689 2333 2885 2386 seduxit
2911 2334 3034 2387 eos?
3063 2333 3265 2386 Dimisit
3309 2349 3422 2388 eos.
3453 2342 3519 2387 tn
3547 2335 3680 2389 invio
3698 2378 3713 2401 ,
3746 2346 3784 2388 et

2229 2440 2328 2476 non
2354 2423 2406 2475 in
2427 2423 2506 2476 via
2527 2437 2546 2476 :
2574 2422 2840 2492 quomodo
2860 2423 3000 2477 enim
3028 2424 3079 2476 in
3102 2424 3184 2478 via
3216 2423 3454 2478 homines
3474 2424 3562 2494 qui
3591 2436 3782 2494 partem

2231 2521 2409 2567 tenent
2431 2552 2446 2575 ,
2478 2520 2532 2566 et
2576 2521 2740 2565 totum
2769 2512 3106 2582 relinquunt?
3138 2513 3401 2582 quomodo
3430 2513 3483 2568 in
3511 2515 3636 2569 via?
3661 2515 3786 2582 Qua‘.

2227 2613 2304 2658 est
2333 2618 2459 2672 ergo
2483 2603 2582 2667 via,
2611 2614 2695 2658 aut
2722 2605 2808 2658 ubi
2837 2605 3143 2674 agnoscitur
3169 2605 3288 2658 via?
3321 2623 3340 2657 ι
3371 2606 3526 2670 Deus,
3559 2625 3578 2658 ι
3603 2607 3784 2676 inquit,

2235 2714 2253 2746 ι
2290 2696 2604 2750 misereatur
2627 2696 2827 2762 nostri,
2857 2705 2910 2750 et
2935 2696 3212 2750 benedicat
3238 2711 3369 2762 nos;
3398 2696 3653 2751 illuminet
3679 2699 3787 2751 vul-

2233 2805 2251 2836 ι
2291 2797 2398 2839 ιιιιιι
2427 2801 2578 2839 suum
2605 2800 2764 2855 super
2790 2800 2886 2839 nos
2907 2828 2921 2850 ,
2955 2794 3010 2840 ut
3033 2801 3380 2856 agnoscamus
3408 2787 3458 2841 in
3491 2796 3627 2842 terra
3651 2788 3786 2842 viam

2233 2893 2252 2928 ι
2291 2883 2454 2928 tuam.
2496 2894 2516 2928 ι
2543 2874 2599 2929 1η
2626 2891 2726 2944 qua
2755 2877 2926 2930 terra?
2957 2895 2976 2928 ι
3012 2877 3067 2930 ln
3107 2877 3350 2932 omnibus
3371 2879 3614 2947 gentibus
3647 2879 3787 2932 salu-

2231 2982 2252 3017 ι
2289 2974 2400 3019 tare
2427 2973 2570 3019 tuum
2599 2983 2618 3017 ι
2647 2965 2817 3036 (Psal.
2849 2982 2994 3030 LXVI,
3027 2966 3080 3033 2,
3109 2964 3196 3039 5).
3222 2967 3416 3037 Utique
3450 2967 3584 3022 tales
3608 2980 3662 3023 ut
3689 2969 3788 3023 mi-

2228 3067 2473 3122 nuantur,
2502 3066 2557 3112 ut
2585 3059 2734 3127 pauci
2766 3058 2893 3112 ﬁant
2915 3099 2931 3124 ,
2961 3059 3084 3113 hinc
3121 3068 3344 3124 exeunt;
3392 3074 3423 3113 a
3461 3061 3788 3115 multitudine

2227 3148 2442 3202 unitatis
2466 3163 2652 3203 omnes
2679 3150 2950 3216 exierunt,
2979 3149 3115 3204 sicut
3136 3150 3292 3219 paulo
3317 3159 3438 3204 ante
3465 3165 3785 3204 commemo-

2225 3241 2333 3294 ravi
2362 3240 2557 3294 dictum
2588 3239 2654 3295 de
2684 3240 2786 3294 illis
2815 3256 2830 3292 :
2863 3240 2945 3294 Ea:
2987 3241 3126 3294 nobis
3154 3242 3411 3306 exierunt,
3447 3241 3535 3294 sed
3563 3258 3664 3294 non
3689 3242 3787 3309 fuc-

2225 3342 2343 3385 runt
2375 3349 2440 3388 ea:
2463 3330 2602 3386 nobis
2619 3350 2638 3398 ;
2662 3333 2706 3386 si
2729 3331 2863 3385 enim
2887 3347 2950 3385 ea:
2985 3331 3124 3384 nobis
3151 3331 3381 3400 fuissent,
3409 3333 3790 3402 permansissent

2229 3423 2399 3493 utique
2436 3423 2734 3494 nobiscum(
2765 3422 2780 3475 Ι
2805 3421 2957 3476 Joan.
2983 3438 3052 3488 ιι,
3087 3421 3214 3493 19).
3244 3422 3345 3477 Sed
3372 3423 3416 3476 si
3446 3422 3581 3477 forte
3628 3425 3790 3482 nostri

2225 3513 2414 3566 suntin
2432 3513 2637 3566 occulta
2663 3511 2991 3581 praescicntia
3018 3512 3130 3576 Dei,
3145 3526 3361 3566 necesse
3381 3521 3534 3566 estut
3553 3511 3788 3566 redeant.

2225 3604 2391 3671 Quam
2441 3603 2591 3656 mttlti
2637 3589 2738 3655 non
2767 3604 2930 3657 nostri
2958 3601 3129 3656 adhuc
3165 3602 3312 3672 quasi
3341 3603 3480 3656 intus
3499 3643 3514 3666 ,
3557 3606 3609 3656 et
3635 3618 3788 3671 quam

2225 3695 2373 3748 multi
2407 3692 2573 3748 nostri
2620 3692 2791 3748 adhuc
2819 3693 2967 3763 quasi
3007 3691 3175 3746 foris?
3213 3691 3368 3746 Novit
3416 3691 3659 3746 Dominus
3699 3693 3786 3762 qui

2225 3796 2339 3839 sunt
2367 3786 2495 3856 ejus.
2537 3784 2606 3839 Et
2641 3785 2714 3839 illi
2745 3800 2850 3839 non
2893 3784 3055 3838 nostri
3085 3784 3171 3854 qui
3210 3784 3348 3837 intus
3378 3794 3534 3847 sunt,
3580 3784 3792 3852 quando

2225 3878 2532 3930 occasiones
2563 3874 2876 3941 invenerint,
2902 3885 3127 3937 exeunt;
3160 3884 3214 3928 et
3251 3874 3326 3928 illi
3357 3874 3520 3927 nostri
3549 3874 3636 3942 qui
3665 3874 3790 3926 foris

2226 3977 2367 4033 sunt,
2410 3961 2619 4036 quando
2655 3965 2961 4019 occasiones
3003 3964 3318 4026 invenerint,
3372 3964 3615 4018 redeunt.
3659 3961 3790 4016 lllud

2226 4073 2352 4127 ergo
2373 4057 2593 4124 accipito
2616 4055 2757 4126 quod
2783 4056 2927 4110 novit
2952 4055 3111 4120 Deus,
3155 4054 3442 4109 secundum
3473 4055 3572 4108 hoc
3595 4054 3792 4107 sedum

2226 4164 2307 4200 eos
2333 4147 2384 4200 in
2409 4146 2561 4210 invio,
2591 4155 2636 4199 et
2673 4162 2771 4198 non
2797 4146 2849 4198 in
2881 4145 2978 4198 via.
3007 4144 3076 4198 Et
3095 4144 3217 4212 quid
3246 4143 3312 4198 de
3332 4143 3433 4197 illis
3459 4143 3617 4197 fecit?
3637 4143 3791 4208 Quod

2225 4239 2404 4294 dicere
2443 4252 2731 4308 coeperam,
2776 4237 2915 4307 quod
2943 4245 3138 4290 attente
3172 4218 3419 4288 audiatis.
3462 4235 3637 4288 Potuit
3669 4235 3790 4287 illos

2228 4333 2330 4402 pati
2362 4331 2502 4386 intus
2535 4345 2764 4400 semper,
2788 4319 2896 4384 sed"
2914 4344 3011 4384 nos
3037 4329 3103 4383 de
3129 4329 3230 4383 illis
3251 4345 3356 4381 non
3381 4329 3794 4397 proliceremus:

2226 4439 2346 4477 cum
2389 4432 2564 4478 autem
2608 4421 2834 4491 separati
2877 4429 3017 4486 sunt,
3051 4431 3104 4474 et
3150 4436 3244 4491 per
3286 4420 3606 4490 quaestiones
3645 4421 3799 4473 mali-

2227 4531 2357 4585 gnas
2383 4515 2676 4584 inquietant
2702 4528 2819 4579 nos,
2858 4511 3183 4582 propositum
3220 4518 3301 4564 est
3340 4510 3494 4564 nobis
3519 4525 3585 4564 ex
3615 4509 3719 4563 illis
3742 4519 3802 4562 ct

2229 4606 2580 4676 inquisitionis
2625 4603 2877 4669 studium,
2924 4611 2978 4657 et
3013 4601 3215 4656 timoris
3256 4601 3578 4670 exemplum.
3623 4598 3804 4654 Unus-

2228 4701 2451 4768 quisque
2483 4697 2680 4758 tremit,
2726 4711 2844 4748 cum
2887 4695 3110 4748 alterum
3143 4693 3282 4747 videt
3319 4692 3512 4754 exisse,
3545 4701 3802 4758 tanquam

2227 4810 2291 4846 cx
2336 4792 2475 4845 illius
2511 4789 2654 4843 exitu
2697 4788 2898 4842 dicatur
2939 4787 3050 4839 illi:
3083 4785 3398 4854 Quapropter
3439 4783 3520 4852 qui
3566 4799 3618 4836 se
3657 4792 3804 4851 potnt

2229 4895 2380 4949 stare,
2411 4884 2569 4936 videat
2593 4898 2653 4934 ne
2677 4880 2821 4933 cadat
2842 4877 2886 4950 (ι
2908 4877 3023 4933 Cor.
3054 4893 3104 4941 χ,
3133 4876 3240 4946 i2).
3268 4875 3496 4928 Prosunt
3522 4889 3650 4943 ergo
3678 4875 3807 4942 quia

2229 4983 2464 5031 exeunt:
2494 4987 2615 5026 nam
2658 4970 2703 5024 si
2748 4971 2889 5023 intus
2925 4975 3124 5031 essent,
3179 4975 3232 5019 et
3267 4974 3369 5016 tam
3421 4962 3545 5016 mali
3593 4972 3805 5024 essent,

2231 5065 2360 5121 nihil
2391 5065 2457 5119 de
2498 5063 2598 5116 illis
2623 5059 2919 5131 prodesset.
2971 5057 3104 5124 Quid
3148 5056 3215 5111 de
3257 5054 3363 5109 illis
3388 5053 3586 5109 dictum
3632 5054 3808 5107 estin

2230 5156 2454 5227 quodam
2491 5150 2728 5223 psalmo?
2772 5147 3098 5220 Cougregatio
3131 5155 3408 5210 taurorum,
3437 5143 3485 5196 id
3521 5150 3606 5196 est
3628 5144 3815 5196 cervi-

2229 5256 2465 5302 catornm
2510 5253 2563 5298 et
2605 5236 3323 5310 superborum;congregatio
3374 5243 3632 5286 taurorum
3677 5233 3815 5285 inter

2230 5354 2402 5391 vaccas
2429 5334 2744 5405 populorum.
2779 5329 2966 5383 Vaccus
2987 5327 3113 5382 dicit
3135 5325 3418 5381 seductiles
3437 5321 3665 5386 animas,
3689 5338 3818 5390 qua:

2230 5428 2382 5482 facile
2401 5425 2736 5480 consentiunt
2759 5419 3122 5475 scductoribus
3149 5415 3330 5470 tauris.
3352 5413 3457 5469 Sed
3478 5427 3644 5481 quare
3667 5412 3775 5465 hoc
3793 5413 3818 5464 ἲ

2234 5520 2300 5576 Ut
2325 5518 2658 5574 excludantur
2679 5516 2729 5569 hi
2754 5515 2839 5584 qui
2863 5512 3057 5583 probati
3084 5521 3200 5565 sunt
3222 5518 3427 5579 argento
3441 5503 3611 5574 (Psal.
3629 5521 3815 5570 uvu,

2231 5611 2340 5679 5|).
2369 5607 2505 5674 Quid
2536 5617 2637 5673 est,
2678 5615 2728 5657 ut
2753 5600 3120 5657 excludantur?
3141 5597 3211 5655 Ut
3244 5607 3556 5668 appareant,
3587 5608 3646 5648 ut
3674 5595 3823 5648 emi-

2297 5745 2312 5775 ι
2335 5715 2419 5791 ’δῖε
2461 5747 2565 5789 Mss.
2596 5745 2644 5787 Αι
2670 5737 2799 5800 Edd.,
2825 5737 2910 5786 sed
2933 5733 2984 5786 in
3027 5733 3203 5787 unitate
3234 5731 3352 5783 dum
3386 5733 3633 5790 manu,
3667 5739 3824 5790 sepa-

2241 5813 2404 5860 rantur
2422 5803 2480 5853 ab
2503 5799 2694 5853 unitate.
