4026 6202
236 389 366 447 ίᾶἳθ

233 516 398 563 aeaut
423 507 499 562 illi
523 507 613 577 qui
653 515 776 562 sunt
804 502 1011 576 probati
1037 506 1090 561 in
1116 506 1328 577 eloquio
1361 506 1474 562 Dei.
1505 505 1634 560 Cum
1664 507 1805 561 enim

233 598 593 670 respondetur
620 598 880 654 haereticis
903 615 968 654 ex
999 599 1334 660 necessitate.
1365 599 1690 654 aediﬁcantur
1711 600 1808 654 Ca-

234 691 418 746 tholici
444 706 510 747 ex
536 692 783 746 utilitate.
804 690 950 746 Ilanc
976 690 1290 746 sententiam
1313 688 1468 760 plane
1493 689 1686 744 Paulus
1717 705 1810 744 ex-

233 784 468 848 pressit:
502 801 522 834 (
551 782 770 852 Oportet
792 782 957 849 enim,
995 801 1013 835 ι
1048 782 1235 850 inquit,
1272 801 1290 834 ι
1327 783 1556 837 luereses
1584 795 1715 837 esse.
1753 789 1810 836 ttt

233 873 442 942 probati
496 874 756 927 manifesti
805 873 934 927 fiant
986 873 1037 927 in
1088 873 1285 927 vobis»
1343 871 1386 944 (I
1427 870 1547 927 Cor.
1589 873 1804 943 Χ1,19).

232 963 457 1033 oportet
499 972 557 1018 et
599 972 776 1018 tauros
815 963 1131 1018 seduccntes
1160 977 1299 1027 esse,
1349 981 1368 1014 t
1397 963 1568 1032 utqui
1604 947 1806 1031 prohati

234 1067 356 1109 sunt
390 1064 635 1123 argento,
668 1073 686 1107 ι
719 1054 981 1110 manifesti
1024 1055 1150 1117 siut,
1192 1054 1294 1108 hoc
1336 1063 1436 1118 est,
1471 1071 1491 1105 ι
1523 1055 1809 1110 excludan-

233 1156 334 1200 tur.
373 1165 395 1197 ι
430 1145 567 1214 Quid
597 1154 696 1210 est,
732 1163 751 1197 t
781 1155 1000 1216 argento
1028 1145 1274 1215 probati?
1315 1145 1534 1216 Elaquia
1574 1147 1803 1214 Domini,

233 1237 440 1306 eloquia
467 1246 612 1291 casta
625 1252 648 1302 ;
667 1245 942 1307 argentum
965 1236 1084 1305 igne
1103 1236 1457 1291 examinatum
1481 1245 1653 1302 terrae,
1680 1252 1804 1306 pur-

230 1341 410 1398 gatum
437 1328 740 1398 septuplum
765 1346 783 1380 ι
813 1326 979 1399 (Psal.
999 1344 1071 1392 xi,
1097 1328 1174 1399 7).
1197 1327 1525 1397 Quicumque
1540 1335 1660 1381 sunt
1679 1342 1803 1396 pro-

231 1419 330 1473 bati
374 1419 429 1472 in
461 1418 565 1472 hoc
606 1426 845 1488 argento,
889 1417 940 1472 id
982 1427 1062 1472 est
1091 1418 1142 1471 in
1185 1417 1396 1488 eloquio
1435 1417 1663 1483 Domini,
1696 1433 1803 1472 non

233 1519 453 1577 possunt
481 1510 639 1578 plene
671 1522 920 1563 exserere
949 1507 1050 1563 hoc
1087 1519 1384 1578 argentum,
1417 1509 1516 1562 nisi
1553 1509 1803 1578 qurestio-

233 1602 380 1655 nibus
426 1601 702 1670 inquietati
735 1599 1125 1654 hzereticorum.
1172 1599 1240 1653 Et
1267 1598 1353 1653 hic
1391 1598 1646 1653 attendite
1683 1598 1804 1669 quia

232 1708 328 1745 non
372 1690 798 1760 praetermissum
836 1699 917 1745 est
945 1709 958 1744 :
988 1704 1111 1744 ecce
1156 1687 1342 1756 effusus
1388 1697 1460 1742 est
1496 1696 1804 1758 contemptus

231 1801 376 1852 super
405 1784 680 1853 principes,
725 1797 885 1851 super
922 1782 1042 1836 illos
1067 1791 1265 1836 tauros.
1299 1779 1473 1848 Quare
1514 1781 1801 1851 contempti

231 1873 382 1929 sunt?
409 1873 567 1928 Aliud
597 1875 990 1928 annuntiantes.
1015 1871 1151 1939 Quid
1171 1879 1296 1925 sunt
1315 1871 1642 1939 contempti?
1661 1872 1804 1924 Ana-

233 1965 577 2020 thematizati.
617 1964 854 2034 Quisquis
880 1963 1179 2028 eninwobis
1207 1961 1574 2015 annuntiaverit
1601 1972 1803 2030 prazter-
1833 2027 1841 2046 .

232 2072 371 2123 quant
393 2055 531 2126 quod
555 2055 839 2124 accepistis,
867 2053 1143 2108 anathema
1162 2053 1246 2107 sit.
1274 2051 1410 2119 Quid
1433 2061 1537 2106 tam
1566 2063 1804 2108 contem-

233 2158 369 2216 plum
385 2161 549 2216 quam
575 2147 652 2200 sal
678 2145 986 2211 infamatus,
1010 2144 1100 2214 qui
1125 2142 1269 2198 foras
1294 2142 1560 2214 projectus
1587 2145 1802 2200 concul-

232 2239 414 2292 catur?
435 2238 507 2292 Et
524 2236 700 2291 videte
721 2236 764 2289 si
787 2251 892 2290 non
921 2234 1188 2305 principes
1209 2242 1365 2299 sunt;
1389 2233 1559 2304 ipsum
1580 2233 1800 2288 Paulum

232 2331 402 2386 audite
427 2349 444 2384 :
471 2329 613 2383 Licet
636 2329 681 2383 si
704 2344 814 2394 nos,
837 2337 923 2380 aut
939 2329 1149 2397 angelus
1168 2326 1231 2380 de
1247 2326 1370 2381 cwlo
1396 2325 1802 2397 euangelizaverit

233 2423 360 2476 vobis
403 2431 740 2492 praeterquam
779 2419 911 2490 quod
957 2419 1235 2488 accepistis,
1267 2418 1535 2472 anathema
1575 2417 1638 2472 sit
1677 2417 1803 2490 (Ga-

235 2515 315 2567 lat.
341 2529 382 2578 ι,
417 2515 471 2578 8,
497 2513 575 2582 9).
607 2512 889 2581 Principes.
919 2519 1063 2572 sunt,
1094 2509 1236 2564 docti
1275 2517 1420 2575 sunt,
1449 2510 1623 2580 magni
1655 2518 1798 2575 sunt,

235 2605 430 2675 lapides
471 2605 689 2676 pretiosi
720 2614 862 2658 sunt.
891 2603 1026 2671 Quid
1054 2601 1228 2658 adhuc
1253 2600 1491 2657 dicturus
1530 2617 1620 2666 es;
1650 2619 1804 2656 num-

234 2696 350 2765 quid
390 2696 564 2766 angeli
605 2693 771 2750 suut?
801 2695 866 2748 Et
904 2703 1101 2756 tamen,
1138 2711 1156 2744 t
1193 2693 1288 2748 etsi
1329 2693 1545 2763 angelus
1570 2692 1636 2748 de
1665 2693 1801 2747 cmlo

234 2787 380 2840 vobis
394 2785 789 2840 annuntiavcrit
817 2793 1164 2855 praeterquam
1189 2783 1327 2853 quod
1352 2784 1651 2854 accepistis,
1671 2799 1801 2838 ana-

236 2878 405 2932 thema
432 2877 501 2930 sit
532 2894 546 2930 :
583 2894 600 2927 ι
630 2875 751 2944 quia
792 2885 845 2930 et
883 2875 995 2944 ipse
1021 2873 1264 2929 diabolus
1302 2873 1521 2944 angelus
1558 2873 1624 2927 de
1665 2875 1802 2928 ctrlo

236 2969 405 3036 lapsus
432 2975 536 3021 est.
572 2985 589 3018 ι
626 2965 836 3021 Elfusus
878 2975 960 3021 est
993 2985 1012 3018 ι
1055 2982 1183 3034 ergo
1222 2984 1242 3017 ι
1276 2975 1615 3035 contemptus
1641 2980 1802 3032 super

236 3057 514 3127 principes.
540 3057 604 3112 Et
629 3057 830 3127 adjuvit
859 3071 1140 3127 pauperem
1163 3072 1192 3111 a
1220 3056 1576 3114 mendicitate.
1612 3076 1631 3110 ι
1663 3057 1800 3126 Quid

235 3157 312 3201 est
338 3147 456 3211 hoc,
481 3147 694 3213 fratres,
718 3147 1019 3216 Contempti
1047 3147 1478 3218 suntprincipes,
1509 3153 1564 3202 et
1592 3146 1802 3218 adjutus

236 3247 313 3293 est
342 3238 574 3310 pauper?
613 3238 816 3308 Abiecti
865 3248 990 3292 sunt
1023 3239 1260 3308 superbi,
1291 3247 1345 3294 et
1386 3240 1674 3296 instructus
1719 3249 1804 3296 est

239 3329 464 3384 humilis.
501 3329 613 3384 Hoc
645 3328 787 3392 fecit,
817 3338 870 3384 et
905 3329 1004 3384 hoc
1033 3329 1274 3384 faciendo
1311 3330 1504 3400 adjuvit
1531 3348 1802 3402 pauperem

235 3440 267 3476 α
298 3425 628 3478 mendicitate.
657 3424 926 3478 Mentlicus
967 3433 1048 3478 est
1089 3422 1202 3487 ille,
1231 3423 1361 3476 nihil
1403 3423 1504 3477 sibi
1535 3423 1800 3492 tribuens,

235 3523 393 3567 totum
425 3515 491 3570 de
527 3513 893 3569 misericordia
928 3513 1016 3568 Dei
1048 3523 1400 3583 exspectans;
1430 3522 1554 3569 ante
1583 3515 1800 3583 jauuam

236 3605 557 3660 Dominicam
610 3605 845 3674 quotidie
895 3605 1108 3668 clamat,
1156 3604 1372 3674 pulsans
1424 3613 1484 3660 ut
1533 3607 1805 3676 aperiatur

235 3696 300 3762 ei,
335 3698 506 3751 nudus
552 3704 606 3751 et
633 3706 866 3751 tremens
904 3705 960 3750 ut
985 3695 1259 3762 vestiatur,
1299 3695 1482 3751 oculos
1512 3696 1564 3750 in
1603 3704 1799 3751 terram

237 3787 500 3856 dejiciens,
537 3795 586 3842 et
616 3795 802 3857 pectus
836 3786 1086 3841 tundens.
1123 3787 1281 3840 Istum
1317 3787 1636 3850 mendicum,
1665 3787 1804 3842 hunc

237 3893 537 3950 pauperem,
578 3878 718 3934 hunc
762 3877 1014 3933 humilem
1065 3877 1264 3946 adjuvit
1301 3877 1438 3931 Deus
1482 3877 1800 3946 plurimum,

238 3972 384 4027 etiam
426 3973 497 4027 de
543 3972 654 4043 ipsa
695 3971 1027 4040 separatione
1063 3970 1460 4033 hazreticorum;
1490 3971 1610 4038 quia
1649 3971 1801 4038 pauci

237 4065 348 4119 lacti
375 4072 522 4130 sunt,
555 4071 611 4116 rt
639 4063 812 4117 vexati
853 4070 996 4125 sunt,
1023 4070 1077 4115 et
1103 4060 1306 4116 seducti
1347 4059 1398 4113 in
1429 4060 1572 4115 invio
1611 4068 1665 4115 et
1697 4075 1804 4115 non

241 4157 284 4210 in
308 4157 408 4212 via.
439 4157 683 4226 Denique
710 4154 833 4224 quid
863 4163 1043 4223 postea
1071 4169 1136 4208 ex
1177 4151 1282 4207 illis
1306 4151 1612 4218 deminutis,
1645 4151 1805 4207 sedu-

240 4247 347 4309 ctis,
379 4247 564 4318 paucis
587 4246 756 4308 factis,
781 4247 1004 4309 vexatis,
1033 4246 1083 4299 iu
1109 4243 1288 4314 adjuto
1316 4258 1545 4314 paupere
1565 4241 1690 4313 quid
1711 4242 1804 4298 Iit?

243 4337 301 4392 Et
324 4340 491 4406 posuit
515 4340 646 4392 sicut
669 4355 782 4392 oves
805 4339 1044 4408 familias.
1072 4336 1234 4405 Quasi
1257 4352 1418 4391 unum
1441 4350 1725 4406 pauperem
1749 4345 1804 4389 et

241 4444 394 4485 unum
431 4431 733 4486 mendicum
763 4428 1114 4498 intelligebas,
1145 4428 1212 4484 de
1237 4443 1343 4499 quo
1370 4427 1523 4491 dixit,
1559 4427 1626 4481 Et
1651 4428 1806 4498 adju-

237 4521 298 4574 oit
318 4538 591 4592 pauperem
617 4538 648 4574 a
683 4521 1001 4574 mendicitate
1029 4535 1048 4574 .·
1079 4534 1278 4589 panper
1304 4519 1403 4574 iste
1446 4519 1627 4574 multa:
1650 4519 1804 4574 fami-

239 4611 316 4668 lia:
335 4621 480 4678 sunt,
512 4627 715 4682 pauper
746 4612 848 4667 iste
877 4611 1059 4666 multa:
1086 4611 1265 4679 plebes
1292 4618 1448 4675 sunt;
1496 4611 1677 4665 multae
1702 4611 1806 4665 Ec-

239 4705 408 4762 clesiae
437 4722 539 4760 una
571 4705 828 4770 Ecclesia,
857 4719 962 4759 una
993 4703 1161 4773 plebs,
1193 4717 1296 4756 una
1321 4701 1537 4767 familia,
1561 4719 1662 4757 una
1693 4704 1807 4758 ovis

239 4808 329 4852 est.
359 4797 427 4852 Et
458 4798 627 4868 posuit
650 4796 775 4849 sicut
804 4812 916 4851 oves
937 4795 1179 4872 (annilius.
1205 4793 1392 4864 Magna
1413 4794 1662 4865 mysteria
1685 4795 1804 4861 ista,

243 4905 416 4961 magna
451 4896 804 4953 sacramenta,
831 4903 988 4958 quam
1019 4885 1297 4957 profunda,
1328 4887 1483 4956 plena
1523 4896 1806 4957 mysterio-

241 4997 384 5049 rum;
414 4997 574 5052 quam
601 4980 827 5036 dulciter
855 4981 1088 5045 inventa,
1112 4979 1232 5050 quia
1254 4979 1342 5032 diu
1374 4978 1610 5034 latentia.
1643 4977 1802 5048 Ergo,

250 5071 488 5141 Videbunt
527 5071 669 5137 recti,
719 5080 767 5124 et
791 5069 1240 5138 iucundabuntur;
1288 5078 1335 5122 et
1377 5071 1538 5122 omnis
1572 5068 1810 5138 iniquitas

239 5164 473 5231 oppilabit
501 5179 558 5217 os
594 5179 761 5217 suum.
794 5161 1052 5231 Iniquitas
1094 5161 1179 5214 illa
1207 5160 1446 5229 garriens
1479 5168 1662 5214 contra
1694 5159 1813 5213 uni-

241 5259 414 5318 talem,
450 5262 506 5308 et
540 5268 739 5324 cogens
764 5251 1094 5307 manifes'tari
1121 5252 1416 5318 veritatem,
1444 5251 1684 5306 convicta
1713 5266 1810 5322 op-

242 5342 406 5407 pilabit
426 5361 481 5398 os
501 5361 666 5400 suum.
1557 5363 1562 5368 ·

310 5435 390 5489 15.
421 5434 570 5507 [aers.
611 5433 726 5509 45.]
772 5455 792 5488 ι
819 5436 948 5504 Quis
969 5434 1216 5506 sapiens?
1236 5444 1289 5490 et
1309 5433 1571 5490 custodiet
1593 5434 1727 5499 haec,
1759 5441 1812 5487 et

240 5524 492 5597 intelliget
512 5527 880 5582 miserationes
902 5527 1128 5581 Domini.
1161 5547 1180 5579 ι
1211 5527 1392 5582 Videte
1411 5542 1516 5597 quo
1543 5526 1646 5580 fine
1667 5526 1812 5580 clau-

243 5615 348 5670 sit:
380 5635 400 5670 t
426 5616 556 5683 Quis
589 5618 839 5687 sapiens?
867 5627 920 5672 et
947 5617 1211 5673 custodiet
1252 5617 1383 5671 lucc.
1421 5635 1439 5668 ι
1477 5617 1537 5670 Et
1566 5615 1691 5686 quid
1715 5630 1809 5670 cu-

244 5707 526 5763 stoditurus
550 5717 631 5762 est
657 5708 913 5778 sapiens?
941 5709 996 5763 Id
1025 5718 1126 5775 est,
1153 5708 1195 5762 si
1221 5722 1418 5776 pauper
1437 5706 1524 5771 sit,
1548 5706 1811 5770 custodit;

249 5797 290 5849 si
313 5815 406 5854 non
421 5798 491 5854 sit
516 5798 683 5867 dives,
715 5799 765 5855 id
790 5808 894 5868 est,
919 5815 1024 5855 non
1047 5799 1112 5854 sit
1132 5799 1412 5869 superbus,
1441 5812 1546 5853 non.
1571 5797 1636 5854 sit
1661 5797 1813 5851 iulla«

1320 389 1711 448 ENARRATIO
1748 386 1814 444 IN
1853 385 2167 449 PSALMUM
2203 390 2357 446 CVII.

3345 401 3368 453 I
3388 400 3496 454 ὶῦθυ

1918 515 2021 568 tus,
2050 505 2278 561 custodit
2305 505 2435 560 lucc.
2463 504 2637 572 Quare
2656 505 2795 560 enim
2829 506 3053 564 custodit
3085 510 3224 578 hare,
3248 512 3377 580 Quia
3405 518 3488 566 in-

1913 596 2097 666 telliget
2146 597 2489 652 miserationes
2541 595 2789 651 Domini:
2817 613 2921 652 non
2978 601 3165 655 merita
3211 619 3327 667 sua,
3375 622 3489 660 non

1913 688 2052 743 vires
2071 704 2215 755 suas,
2239 704 2344 743 non
2367 688 2651 758 potentiam
2678 703 2827 744 suam
2847 705 2861 753 ;
2885 689 2979 745 sed
3008 691 3348 749 miserationes
3374 695 3484 750 Do~

1911 780 2056 847 mini,
2077 782 2166 852 qui
2195 790 2460 837 errantem
2487 790 2538 836 et
2557 791 2794 850 egentem
2825 783 2874 835 iu
2898 782 3032 837 viam
3063 783 3278 839 deduxit
3306 795 3359 840 et
3389 803 3484 856 pa-

1911 872 2022 938 vit;
2060 872 2147 941 qui
2185 881 2503 941 pugnantem
2534 871 2788 926 adversus
2831 873 3195 932 difficultatem
3236 887 3486 944 peccato-

1909 978 2050 1028 rum,
2092 973 2148 1020 et
2189 964 2488 1034 colligatum
2528 963 2750 1018 vinculis
2791 966 3186 1021 consuetudinis
3223 968 3381 1022 solvit
3423 979 3478 1024 et

1909 1053 2180 1118 liberavit;
2203 1054 2290 1124 qui
2321 1054 2671 1108 fastidientem
2695 1055 2910 1108 verbum
2941 1055 3054 1123 Dei,
3085 1049 3139 1110 e't
3166 1058 3320 1111 taedio
3341 1073 3476 1129 quo-

1908 1144 2026 1199 dam
2058 1160 2190 1214 pene
2217 1145 2550 1213 morientem,
2582 1147 2740 1200 missa
2786 1147 3043 1203 medicina
3080 1149 3225 1208 verbi
3267 1151 3345 1204 sui
3386 1166 3476 1205 re-

1907 1237 2132 1302 creavit;
2157 1237 2244 1305 qui
2261 1235 2646 1308 periclitantem
2669 1237 2810 1292 inter
2836 1238 3084 1309 naufraga
3114 1249 3166 1294 et
3185 1241 3474 1308 procelloso

1906 1325 2230 1394 discrimina,
2273 1328 2402 1381 mari
2446 1328 2653 1398 placato
2703 1330 2770 1383 ad
2815 1339 3022 1400 portum
3068 1331 3311 1400 perduxit
3343 1349 3356 1387 :
3384 1333 3474 1402 qui

1906 1432 2025 1470 eum
2057 1417 2286 1488 denique
2321 1419 2593 1474 constituit
2631 1420 2683 1473 in
2711 1435 2776 1475 eo
2816 1422 3031 1491 populo,
3073 1421 3159 1476 ubi
3191 1423 3478 1478 humilibus

1905 1511 1996 1565 tlat
2026 1513 2268 1582 gratiam,
2296 1528 2402 1567 non
2435 1513 2485 1567 in
2512 1513 2603 1567 illo
2629 1513 2986 1583 ubi-superbis
3010 1514 3234 1581 resistit;
3272 1525 3324 1571 et
3353 1514 3478 1571 fecit

1904 1618 2023 1657 eum
2055 1618 2231 1670 suum,
2264 1613 2321 1662 ttt
2359 1605 2498 1658 intus
2533 1620 2754 1659 manens
2783 1606 3242 1676 multiplicaretur,
3285 1624 3389 1664 non
3420 1619 3472 1664 ul

1907 1694 2042 1749 foras
2068 1697 2251 1750 exiens
2290 1697 2634 1752 minueretur.
2665 1697 2776 1752 Hoc
2808 1698 2990 1754 vident
3026 1700 3177 1764 recti,
3206 1708 3260 1754 et
3281 1700 3475 1769 jucun-

1903 1783 2114 1840 dantur.
2141 1785 2318 1842 Omnis
2343 1803 2468 1858 ergo
2500 1788 2737 1858 iniquitas
2765 1789 2957 1858 appilal
2974 1791 3008 1842 "t
3031 1808 3085 1845 os
3111 1809 3277 1857 suum,
3307 1800 3360 1845 et
3381 1799 3477 1862 qui

1901 1885 1982 1930 est
2006 1877 2224 1947 sapiens,
2249 1880 2488 1933 custodiet
2517 1880 2641 1933 lttBC.
2673 1878 2826 1935 Unde
2851 1881 3145 1936 custodiet?
3167 1883 3266 1936 Per
3293 1883 3472 1937 humi-

1903 1966 2126 2034 litatem,
2156 1968 2500 2040 intelligendo
2533 1971 2898 2026 miserationes
2925 1973 3167 2038 Domini;
3197 1973 3317 2042 quia
3350 1974 3478 2028 ubi-

1902 2074 2004 2125 que
2023 2059 2222 2114 dictum
2251 2071 2352 2126 est,
2376 2059 2721 2129 Conﬁteantar
2741 2061 2959 2117 Domino
2982 2064 3318 2119 miserationes
3342 2065 3471 2136 ejus,

1902 2158 1948 2201 et
1973 2149 2219 2204 mirabilia
2245 2151 2351 2220 ejus
2379 2151 2501 2220 filiis
2523 2153 2801 2206 hominum.
3437 2144 3440 2150 ’

2295 2359 2376 2420 ΙΝ
2419 2359 2793 2422 PSALMUM
2835 2359 3018 2422 CVII.

2114 2502 2396 2571 Quare-hoc
2416 2503 2525 2558 loco
2551 2520 2652 2558 non
2679 2504 2939 2574 subjicitur
2971 2504 3257 2558 Enarratio.

1974 2639 2027 2692 l.
2066 2638 2332 2692 Psalmum
2380 2642 2724 2694 centesimum
2771 2640 3051 2710 septimum
3099 2640 3469 2709 exponendum

1904 2746 2009 2783 non
2057 2730 2266 2799 putavi;
2314 2731 2565 2801 quoniam
2604 2730 2711 2800 jam
2755 2732 2973 2801 exposui
3008 2746 3128 2786 eum
3175 2736 3229 2788 in
3270 2733 3474 2802 psalmo

1902 2822 2337 2891 quinquagesimo
2381 2830 2563 2887 sexto,
2606 2832 2659 2877 et
2698 2823 2749 2876 in
2793 2822 3001 2892 psalmo
3038 2823 3477 2896 quinquogesimo

1903 2927 2066 2976 nouo,
2106 2927 2173 2966 ex
2214 2927 2438 2980 quorum
2484 2912 2768 2981 p0strcmis
2813 2913 3049 2982 partibus
3098 2916 3197 2971 iste
3242 2923 3473 2972 constat.

1902 3001 2032 3055 Nam
2076 3009 2339 3071 postrema
2367 3017 2488 3071 pars
2535 3002 2955 3074 quinquagesimi
2988 3005 3145 3072 sexti,
3176 3008 3345 3076 prima
3391 3016 3474 3062 est

1903 3091 2081 3162 hujus,
2121 3107 2287 3163 usque
2315 3093 2380 3150 ad
2430 3109 2550 3149 eum
2595 3109 2804 3149 versom
2847 3095 2933 3150 ubi
2964 3095 3173 3162 dicitur,
3214 3095 3284 3151 Et
3325 3115 3480 3168 super

1903 3198 2101 3237 omnem
2131 3194 2313 3237 terram
2339 3186 2498 3256 gloria
2525 3194 2630 3239 tua.
2660 3185 2794 3240 Hinc
2817 3194 2993 3241 autem
3020 3202 3187 3256 usque
3215 3191 3269 3243 in
3292 3187 3481 3257 linem,

1905 3284 2167 3345 postrema
2210 3290 2331 3345 pars
2378 3286 2457 3331 est
2503 3277 2922 3348 quinquagesimi
2979 3279 3100 3332 noni
3141 3296 3156 3334 :
3196 3278 3335 3334 sicut
3374 3296 3475 3351 po-

1904 3374 2098 3421 strema
2127 3381 2248 3436 pars
2267 3366 2539 3421 centesimi
2562 3367 2813 3422 tricesitui
2836 3368 3027 3437 quarti,
3049 3368 3231 3424 eadem
3255 3379 3334 3424 est
3357 3385 3475 3439 qua:

1904 3458 2181 3511 centesimi
2218 3458 2362 3512 tertii
2401 3458 2614 3525 decimi,
2643 3460 2709 3513 ab
2748 3475 2814 3515 eo
2843 3467 2997 3514 versu
3030 3460 3114 3515 ubi
3142 3461 3352 3525 dicitur,
3385 3461 3474 3518 Si-

1904 3548 2132 3602 ntulacra
2161 3547 2392 3602 Gentium
2421 3561 2678 3620 argentum
2698 3561 2743 3603 et
2767 3568 2946 3604 aurum
2970 3567 2988 3605 :
3015 3552 3145 3606 sicut
3181 3553 3365 3606 tertius
3386 3552 3478 3606 de-

1904 3639 2074 3694 cimus
2103 3647 2156 3691 et
2177 3639 2641 3708 quinquagesimus
2666 3641 2949 3704 secundus,
2977 3641 3192 3694 mutatis
3217 3641 3479 3710 aliquibus

1907 3730 2115 3792 mediis,
2162 3729 2347 3783 eadem
2391 3729 2588 3784 habent
2633 3730 2807 3783 omnia
2851 3745 2878 3782 a
2912 3731 3182 3800 principiis
3210 3747 3378 3801 usque
3423 3735 3475 3785 in

1908 3819 2058 3874 lines.
2082 3818 2437 3888 Qumcumque
2455 3819 2612 3889 igitur
2640 3820 2692 3873 in
2724 3819 2824 3874 hoc
2855 3819 3057 3889 psalmo
3077 3821 3366 3876 centesimo
3395 3807 3479 3874 se~
3521 3851 3525 3861 ι

1906 3910 2074 3978 ptimo
2102 3908 2488 3978 aliquantulum
2530 3908 2685 3962 aliter
2725 3910 2897 3978 posita
2936 3920 3077 3970 sunt,
3107 3925 3264 3980 quam
3297 3910 3347 3964 in
3377 3911 3501 3964 illis.

1905 4000 2132 4064 duobus,
2163 4014 2229 4054 cx
2267 4014 2491 4068 quorum
2522 3999 2758 4070 partibus
2783 4009 3008 4065 constat,
3039 4016 3140 4055 non
3177 4001 3372 4056 habent
3400 4003 3488 4054 in.-

1907 4093 2174 4148 tcllectum
2215 4091 2487 4146 difﬁcilem
2520 4109 2532 4144 :
2565 4093 2704 4146 sicut
2751 4093 2801 4146 iu
2849 4093 3286 4163 quinquagesimo
3327 4104 3480 4148 sexto

1906 4184 2118 4249 dicitur,
2143 4182 2386 4249 Cantabo,
2428 4195 2475 4238 et
2503 4185 2750 4255 psallam;
2785 4199 3017 4255 exsurge,
3049 4185 3212 4256 gloria
3251 4203 3398 4253 mea;
3426 4187 3477 4241 in

1909 4279 2010 4333 isto
2037 4287 2234 4345 autem,
2259 4277 2501 4344 Cantabo,
2533 4287 2578 4331 et
2607 4278 2829 4346 psallam
2846 4278 2897 4330 in
2923 4277 3087 4349 gloria
3110 4295 3238 4332 mea.
3266 4278 3346 4334 Ad
3379 4278 3479 4334 hoc

1909 4373 2051 4426 enim
2075 4371 2274 4425 dictum
2298 4379 2379 4425 est
2411 4371 2536 4438 illic,
2555 4368 2808 4440 Exsurge,
2837 4370 2965 4429 utin
2991 4370 3076 4424 illa
3103 4378 3405 4425 cantaretur
3425 4380 3479 4426 et

1906 4464 2244 4534 psalleretur.
2304 4461 2430 4516 Item
2488 4462 2579 4527 ibi,
2636 4479 2654 4513 ‹
2693 4461 2952 4530 Quoniam
3017 4462 3344 4531 magniﬁcam
3402 4473 3482 4517 est

1909 4570 2074 4624 u-quc
2101 4554 2164 4613 ad
2192 4553 2358 4610 ccelas
2386 4553 2745 4609 misericordia
2777 4565 2895 4618 tua;
2933 4572 2951 4604 ι
2979 4554 3081 4614 vel,
3124 4554 3258 4608 sicut
3292 4554 3377 4608 alii
3406 4555 3486 4608 itt-

1911 4649 2184 4717 tcrprctali
2233 4658 2376 4714 sunt,
2427 4667 2445 4700 t
2475 4648 2678 4702 elevata
2708 4655 2825 4701 est:
2863 4665 2883 4698 ι
2928 4647 3014 4701 hic
3054 4657 3251 4712 autem,
3283 4664 3302 4698 ι
3335 4648 3483 4712 Quo-

1911 4739 2049 4792 niam
2080 4755 2268 4810 magna
2291 4750 2370 4794 est
2397 4755 2558 4809 super
2579 4739 2742 4793 caelos
2772 4739 3134 4793 misericordia
3168 4747 3274 4793 tua.
3307 4758 3326 4789 ι
3361 4739 3483 4792 Ideo

1911 4831 2051 4885 enim
2086 4832 2408 4902 magnificam
2446 4839 2700 4900 estusque
2727 4828 2794 4881 ad
2831 4830 2998 4894 caelos,
3042 4839 3098 4884 ut
3128 4846 3314 4900 magna
3341 4830 3407 4882 sit
3432 4829 3485 4883 in

1911 4923 2095 4985 cmlis;
2138 4921 2239 4976 hoc
2272 4922 2415 4974 enim
2447 4919 2613 4973 voluit
2639 4918 2837 4985 dicere,
2879 4935 3031 4988 super
3056 4920 3224 4973 cwlos.
3277 4918 3400 4972 Item
3434 4919 3482 4970 in

1913 5013 2350 5083 quittt|.ttagesimo
2381 5025 2541 5074 nouo,
2567 5009 2818 5076 Lwlabor,
2850 5021 2895 5065 et
2914 5011 3138 5064 dividam
3165 5010 3440 5064 Sic/tinumt
3467 5025 3484 5062 :

1915 5104 2001 5157 hic
2018 5113 2215 5166 autem,
2234 5100 2554 5164 Exaltnbor‘,
2570 5111 2615 5156 et
2631 5101 2852 5154 dividant
2873 5102 3168 5157 Sichimam.
3190 5100 3487 5156 Ubiustcu-

1914 5193 2054 5246 ditur
2101 5191 2243 5260 quod
2281 5191 2348 5245 de
2394 5190 2674 5245 dividenda
2721 5191 2953 5246 Sicltima
2999 5191 3346 5261 signiﬁcatum
3381 5200 3486 5251 est,

1913 5292 2034 5352 post
2061 5282 2264 5336 Domini
2292 5281 2661 5336 exultationem
2706 5283 3016 5351 prtedictum
3055 5282 3307 5345 futurum,
3339 5291 3391 5334 et
3423 5279 3488 5334 il-

1916 5376 2017 5429 lam
2049 5373 2282 5428 laetitiam
2306 5373 2369 5429 ad
2397 5373 2533 5428 hanc
2553 5375 2934 5429 exultationem
2956 5374 3251 5442 pertinere;
3287 5381 3344 5426 ut
3369 5372 3488 5426 ideo

1918 5473 2143 5532 ludetur,
2176 5467 2296 5536 quia
2323 5467 2602 5521 exaltatur.
2635 5465 2788 5521 Unde
2827 5465 2952 5518 alibi
2989 5466 3138 5531 dicit,
3167 5482 3185 5515 ε
3213 5465 3489 5519 Converti-

1915 5560 1982 5613 sti
2021 5558 2216 5612 luctum
2258 5571 2432 5609 meum
2471 5559 2522 5609 in
2557 5555 2804 5624 gaudium
2838 5554 2994 5620 mihi;
3033 5555 3335 5609 conscidisti
3374 5571 3491 5609 sac-

1914 5663 2031 5704 cutn
2056 5664 2251 5713 meum,
2273 5655 2326 5701 et
2345 5647 2615 5702 accinxisti
2641 5663 2722 5700 me
2749 5646 2926 5700 ltrtitia
2961 5665 2977 5697 ι
3007 5645 3174 5718 (Psal.
3203 5663 3350 5714 xxix,
3378 5646 3486 5718 12).

1979 5809 1992 5837 ι
2029 5803 2100 5855 sic
2126 5812 2226 5855 uss.
2248 5804 2386 5868 juxta
2409 5809 2534 5853 LXX.
2561 5809 2617 5852 At
2637 5801 2773 5863 add,
2789 5801 3061 5855 Exsultabo.
