4026 6202
561 307 691 361 ιιδι

555 416 681 471 Item
722 416 812 479 ihi,
849 435 867 465 ι
903 415 966 466 Et
996 411 1234 492 thrazm
1284 405 1534 462 fortitudo
1576 405 1760 474 capitis
1803 405 1941 458 mei:
1973 423 1992 454 ι
2027 403 2108 454 hic

556 510 752 570 autem,
789 524 806 556 ι
845 505 906 558 Et
933 501 1172 570 prmm
1213 497 1480 566 susceptio
1510 497 1695 566 capitis
1733 496 1855 550 mei.
1889 513 1907 546 ι
1936 494 2112 548 Susci-

559 597 748 666 piendo
786 593 924 647 cnim
961 590 1015 644 ﬁt
1049 588 1336 652 fortitudo,
1383 587 1435 641 id
1478 597 1589 652 est,
1638 584 1972 656 suscipiendo
2006 583 2111 636 for.

559 697 637 740 tes
686 684 826 743 facit,
868 681 1190 736 fructiﬁcans
1237 679 1293 733 in
1339 678 1529 732 nobis:
1562 677 1935 744 interpretatur
1967 675 2108 729 enim

556 777 801 845 Eplmnm
833 772 1209 828 Fructiﬁcatio.
1236 768 1510 838 Susceptio
1540 778 1712 822 autem
1739 765 1805 820 ad
1835 775 2114 834 utrumque

557 865 972 934 referri'potest,
1020 864 1133 918 sive
1167 877 1286 916 cum
1326 860 1638 926 suscipimus
1679 856 1962 919 Christum,
2003 855 2114 909 sive

555 967 675 1010 eum
718 959 833 1024 ipse
862 965 960 1008 nos
995 952 1232 1021 suscipit,
1276 951 1367 1021 qui
1409 959 1492 1004 est
1535 959 1693 1018 caput
1729 946 1998 1002 Ecclesiae.
2048 944 2115 998 Et

553 1048 696 1117 quod
737 1046 808 1101 ibi
853 1046 946 1112 ait,
997 1043 1309 1097 Tribulantes
1356 1057 1480 1105 nos;
1524 1039 1609 1093 hic
1651 1046 1850 1103 autem,
1891 1036 2114 1090 inimicos

554 1146 750 1191 nostros
774 1151 792 1189 :
819 1136 994 1204 utique
1019 1132 1177 1187 iidem
1210 1133 1304 1202 ipsi
1326 1138 1467 1184 sunt.

624 1225 679 1279 2.
720 1224 1081 1279 Admonemur
1117 1237 1243 1276 sane
1273 1222 1373 1275 isto
1405 1218 1634 1289 psalmo,
1677 1231 1772 1272 eos
1811 1214 1990 1270 titulos
2025 1214 2113 1285 qui

557 1324 807 1385 tanquam
836 1313 905 1369 de
945 1313 1162 1367 historia
1201 1310 1357 1381 positi
1394 1318 1538 1374 sunt,
1575 1307 1869 1362 rectissime
1901 1305 2010 1359 ﬁeri
2059 1312 2117 1358 ut

556 1407 846 1463 secundum
884 1405 1211 1476 prophetiam
1249 1400 1618 1472 intelligamus,
1643 1397 1946 1453 secundum
1974 1394 2117 1466 quod

557 1499 800 1554 videmus
840 1498 1070 1567 psalmos
1111 1511 1229 1552 esse
1265 1494 1614 1563 conscriptos.
1655 1490 1793 1560 Quid
1833 1490 1972 1544 enim
2010 1499 2114 1542 tam

556 1592 822 1647 diversum
860 1589 1148 1644 secundum
1189 1588 1479 1652 historiam,
1517 1599 1673 1657 quam
1701 1583 1752 1637 id
1790 1581 1928 1652 quod
1955 1589 2036 1635 est
2065 1581 2118 1635 in

558 1682 706 1736 titulo
729 1680 1144 1751 quinquagesimi
1169 1680 1324 1745 sexti,
1357 1697 1376 1732 ι
1411 1678 1464 1731 ln
1487 1677 1666 1740 ﬁnem,
1693 1690 1761 1730 ne
1778 1687 2113 1741 corrumpas;

557 1771 656 1839 ipsi
698 1770 878 1837 David,
906 1771 959 1824 in
989 1769 1125 1825 tituli
1153 1768 1567 1838 inscriptionem,
1604 1779 1723 1820 cum
1751 1761 1956 1832 fugeret
1981 1777 2011 1815 a
2043 1760 2118 1814 la-

556 1862 638 1917 cie
664 1861 790 1915 Saul
817 1862 868 1914 in
895 1861 1200 1930 speluncam
1231 1876 1243 1912 :
1275 1877 1296 1912 ι
1339 1867 1391 1912 et
1431 1858 1480 1910 in
1520 1856 1673 1911 titulo
1697 1850 2118 1925 quinquagesimi

537 1953 705 2016 .ttoni,
738 1971 756 2003 ι
789 1952 845 2006 In
867 1953 1046 2017 ﬁnem,
1076 1953 1193 2008 his‘
1221 1952 1310 2021 qui
1339 1949 1773 2013 imtuutabuntur,
1807 1949 1858 2002 in
1885 1947 2018 2002 tituli
2040 1947 2118 2000 in-
2143 1988 2146 1992 .

559 2043 922 2110 scriptionem,
952 2042 1050 2112 ipsi
1071 2042 1254 2107 David,
1287 2041 1340 2095 in
1357 2039 1670 2103 doctrinam,
1701 2054 1820 2094 cum
1849 2038 2120 2093 succendit

557 2131 1008 2202 MeSOpotamiam,
1035 2132 1262 2203 Syriam,
1283 2141 1338 2187 et
1356 2131 1560 2202 Syriam
1589 2129 1767 2196 Sobal,
1785 2139 1836 2185 et
1859 2131 2119 2185 convertit

558 2221 711 2287 Joah,
753 2232 806 2276 et
829 2223 1084 2292 percussit
1109 2223 1162 2277 in
1191 2223 1327 2279 valle
1353 2223 1637 2277 salinarum
1677 2221 1956 2277 duodecim
1988 2222 2109 2276 mil-

557 2311 666 2366 lia?
693 2330 714 2362 ι
760 2310 893 2367 Nam
936 2321 1128 2383 prater
1166 2313 1218 2368 id
1256 2313 1396 2384 quod
1437 2315 1661 2382 positum
1698 2321 1798 2376 est,
1835 2329 1854 2363 s
1884 2312 1938 2367 In
1982 2313 2118 2367 tituli

557 2403 973 2472 inscriptionem,
1010 2421 1030 2456 s
1060 2413 1131 2471 et,
1169 2422 1188 2454 ι
1217 2404 1318 2474 ipsi
1347 2403 1530 2467 David,
1562 2422 1581 2456 ι
1622 2413 1697 2471 et,
1728 2421 1746 2454 ι
1781 2403 1832 2456 in
1868 2402 2056 2469 ﬁnem;
2093 2423 2111 2454 ι

557 2500 749 2548 caetera
792 2493 862 2548 ita
893 2494 1099 2550 diversa
1140 2507 1284 2560 sunt,
1330 2504 1386 2548 ut
1427 2495 1512 2549 ille
1552 2495 1741 2550 habeat
1768 2495 2114 2548 humilitatem

559 2585 744 2652 David,
771 2587 869 2642 iste
890 2586 1285 2652 fortitudinem;
1310 2587 1398 2641 ille
1419 2585 1612 2657 fugam,
1640 2587 1737 2641 istc
1759 2587 2021 2641 victorias.
2053 2585 2118 2640 Et

559 2688 734 2738 tamen
777 2694 843 2734 ex
897 2679 1117 2734 istorum
1160 2680 1386 2734 duorum
1438 2679 1816 2748 posterioribus
1858 2677 2114 2747 partibus,

557 2785 780 2838 quorum
811 2779 914 2824 tam
940 2769 1132 2825 diversi
1165 2771 1297 2825 tituli
1339 2780 1480 2832 sunt,
1512 2771 1742 2839 psalmus
1770 2769 1867 2824 iste
1903 2784 2118 2839 compo-

559 2859 722 2913 nitur.
765 2859 865 2915 Ubi
913 2860 1238 2930 signiﬁcatur
1278 2860 1342 2914 ad
1374 2877 1534 2914 unum
1573 2859 1769 2930 aliquid
1801 2874 2118 2914 concurrere

557 2960 862 3020 utrumque,
918 2969 1021 3006 non
1073 2953 1350 3022 superﬁcie
1394 2952 1646 3017 historim,
1698 2952 1791 3007 sed
1846 2953 2118 3008 altitudine

559 3042 867 3110 prephetite,
903 3042 1162 3113 copulatis
1203 3043 1471 3112 utriusque
1515 3043 1708 3097 ﬁnibus
1758 3042 1810 3096 in
1851 3042 1950 3098 hoc
1989 3057 2114 3108 uno,

557 3130 709 3200 cujus
735 3142 817 3186 est
837 3134 1037 3200 titulus,
1067 3133 1326 3187 Canticum
1355 3133 1554 3202 psalmi,
1584 3133 1678 3202 ipsi
1699 3131 1902 3197 David;
1932 3143 2118 3186 neutro

557 3221 631 3273 illi
660 3222 814 3275 titulo
840 3222 1047 3288 similis,
1080 3233 1272 3292 prmter
1295 3223 1435 3293 quod
1462 3223 1548 3276 hic
1571 3223 1728 3277 etiam
1757 3223 1984 3292 p0situm
2013 3233 2114 3290 est,

557 3313 657 3381 ipsi
685 3312 868 3366 David.
900 3313 1158 3381 Quoniam
1183 3313 1361 3368 multis
1379 3313 1617 3382 partibus
1638 3322 1691 3366 et
1717 3313 1898 3366 multis
1925 3314 2114 3380 modis,

557 3402 695 3455 sicut
719 3402 782 3457 ad
813 3402 1060 3458 Hehrmos
1087 3403 1323 3472 Epistola
1349 3403 1600 3473 loquitur,
1645 3403 1768 3457 olim
1812 3403 1948 3456 Deus
1976 3404 2120 3458 locu-

561 3498 644 3543 tus
687 3501 769 3544 est
809 3491 1052 3546 Patribus
1089 3508 1182 3561 per
1221 3492 1511 3562 Prophetas
1555 3492 1734 3564 (Hebr.
1762 3509 1800 3558 ι,
1831 3493 1914 3564 l);
1963 3496 2116 3549 cum'

563 3589 737 3634 tamen
757 3581 962 3664 locutus
983 3592 1064 3636 est
1083 3598 1238 3652 quem
1266 3583 1408 3637 misit
1428 3593 1629 3652 postea,
1659 3583 2120 3652 utcomplcrentur

560 3669 772 3740 eloquia
820 3671 1200 3742 Pmphetarum
1239 3691 1251 3726 :
1288 3673 1538 3740 Quotquot
1583 3674 1717 3727 enim
1767 3675 2119 3744 promissiones

558 3759 674 3828 Dei,
705 3761 758 3814 in
780 3763 867 3816 illo
891 3763 1041 3816 etiam
1070 3761 1134 3833 (ll
1163 3762 1278 3818 Cor.
1312 3780 1348 3829 ι,
1377 3763 1490 3834 20).

964 3970 1046 4030 IN
1088 3969 1462 4031 PSALMUM
1505 3969 1697 4031 CVIII

1108 4087 1518 4142 ENARBATIO.

628 4200 680 4254 I.
710 4199 973 4254 Psalmum
1004 4201 1158 4253 istum
1198 4198 1265 4254 de
1291 4198 1502 4253 Christo
1544 4200 1737 4255 habere
1766 4201 2116 4270 prephetiam,

557 4292 792 4362 quisquis
816 4293 977 4345 Actus
1004 4291 1372 4362 Apostolorum
1399 4283 1640 4347 ﬁdeliter‘
1659 4294 1811 4363 legit,
1847 4295 2117 4364 agnoscit;

557 4381 645 4434 ubi
671 4379 736 4433 de
760 4375 950 4432 Christi
981 4380 1227 4436 traditore
1255 4381 1388 4436 Juda
1421 4383 1785 4450 prophetatum
1825 4398 1942 4438 esse
1979 4384 2118 4454 quod

559 4469 643 4523 hic
668 4468 920 4539 scriptum
949 4479 1048 4533 est,
1074 4468 1227 4524 Fiant
1253 4471 1362 4544 dies
1381 4472 1487 4542 ejus
1513 4474 1678 4544 pauci,
1711 4483 1756 4527 et
1781 4475 2119 4546 episcopatum

555 4562 664 4632 ejus
700 4562 911 4632 accipiat
953 4563 1110 4627 alter,
1143 4564 1351 4633 quando
1396 4565 1637 4621 Matthias
1679 4568 1729 4621 in
1773 4567 1942 4622 locum
1970 4569 2118 4624 Judze

556 4652 828 4708 ordinatus
852 4693 867 4718 ,
897 4668 1116 4708 numero
1153 4655 1524 4725 Apostolorum
1551 4656 1891 4711 duodecimus
1926 4658 2116 4729 adjun-

555 4753 671 4800 ctus
698 4753 779 4799 est
800 4745 934 4816 (Act.
961 4761 996 4810 ι,
1024 4743 1206 4818 15-26)
1231 4788 1245 4811 ,
1277 4745 1549 4800 evidenter
1573 4758 1806 4815 apparet.
1829 4747 1933 4802 Sed
1969 4749 2011 4801 si
2051 4751 2117 4805 de

555 4837 646 4892 illo
672 4851 776 4891 uno
817 4835 1031 4891 homine
1072 4836 1246 4890 omnia
1273 4852 1390 4906 quae
1427 4835 1513 4890 hic
1556 4835 1606 4889 in
1655 4836 1790 4888 malo
1831 4837 1967 4891 dicta
1997 4849 2119 4891 sunt

554 4930 843 4999 intelligere
863 4944 1134 4993 conemur,
1147 4928 1492 4998 expositionis
1509 4929 1644 4981 ratio
1664 4943 1767 4980 non
1790 4927 2114 4994 omnimodo,

553 5030 644 5074 aut
663 5021 745 5073 vix
772 5020 968 5074 valebit
993 5035 1304 5084 occurrere;
1333 5019 1374 5074 si
1397 5027 1568 5073 autem
1597 5019 1774 5072 detuli
1800 5033 1996 5088 genere
2019 5021 2117 5074 ho-

553 5113 754 5168 minum
794 5110 1087 5173 malorum,
1112 5109 1160 5164 id
1192 5121 1273 5164 est
1303 5111 1628 5164 inimicorum
1655 5109 1849 5164 Christi
1882 5111 2116 5179 ingrato-

552 5216 776 5270 rumque
812 5200 1109 5255 Judteorum
1131 5240 1146 5264 ,
1177 5204 1350 5255 omnia
1393 5201 1521 5254 mihi
1552 5201 1795 5254 videntur
1824 5217 1978 5269 posse
2007 5202 2116 5253 cla-

551 5294 660 5348 rius
694 5292 1094 5362 aperiri."-Sicut
1139 5291 1277 5346 enim
1324 5294 1562 5361 qumdam
1607 5291 1852 5344 dicuntur
1890 5308 2010 5360 qum
2048 5292 2114 5346 ad

551 5384 844 5453 apostolum
872 5383 1081 5440 Petrum
1110 5383 1321 5454 proprie
1361 5384 1623 5452 pertinere
1665 5382 1973 5450 videantur,
2019 5401 2117 5440 nec

553 5485 727 5532 tamen
752 5477 948 5536 habent
962 5478 1216 5532 illustrem
1239 5477 1579 5541 intellectum,
1610 5477 1709 5531 nisi
1733 5492 1856 5532 cum
1882 5477 2118 5533 referun-

616 5592 632 5622 ί
669 5590 852 5652 Aliquot
872 5598 998 5652 Mss,
1031 5603 1119 5655 pro
1159 5589 1278 5642 his:
1313 5599 1364 5640 et
1398 5588 1503 5653 pau’
1521 5607 1536 5639 ι
1572 5597 1696 5652 post,
1738 5589 2118 5653 Mesopotamiam

549 5657 738 5759 εθξηξιο
759 5710 984 5762 meliores
1001 5721 1102 5762 uss.
1131 5715 1213 5762 Alii
1238 5729 1371 5774 vero,
1398 5713 1444 5763 in
1469 5725 1574 5763 eum
1595 5727 1610 5762 :
1635 5713 1764 5774 Edd.,
1791 5712 1840 5763 in
1862 5725 1932 5763 eo.

1777 297 1832 350 S.
1875 287 2227 348 AUGUS’I‘INI
2272 289 2567 345 EPiSCOPl

3633 305 3659 350 1
3681 298 3787 350 ιόὲ

2220 409 2302 452 tur
2329 401 2392 452 ad
2423 401 2706 453 Ecclesium
2735 398 2758 470 ,'
2779 401 2927 470 cujus
2955 401 3042 455 ille
3070 397 3366 470 agnoscitur
3393 402 3444 456 in
3477 403 3631 474 ﬁgura
3687 421 3785 475 ge-

2214 497 2382 546 stasse
2411 506 2687 558 personam
2705 532 2720 557 ,
2750 501 2961 561 propter
2987 491 3264 560 pritnatum
3290 509 3442 562 quem
3466 495 3519 548 in
3544 495 3784 565 discipu-

2215 580 2281 634 lis
2317 580 2529 646 habuit;
2557 583 2708 636 sicutt
2737 592 2817 636 est
2835 622 2849 643 ,
2893 582 3000 635 Tibi
3029 584 3155 637 dabo
3183 584 3343 638 claves
3372 587 3508 653 regni
3537 589 3784 640 cwlorttm

2217 669 2425 740 (Matth.
2455 687 2561 735 ιιι,
2585 672 2697 742 19),
2719 682 2772 727 et
2797 673 2842 727 si
2871 689 2974 742 qua
3002 673 3297 742 bujusmodi
3326 693 3339 729 :
3370 678 3438 730 ita
3461 677 3621 731 ludas
3649 695 3784 748 per-

2215 777 2398 816 sonam
2427 763 2814 833 quodammodo
2841 765 3063 819 sustinet
3097 765 3426 821 inimicorum
3453 769 3645 822 Christi
3681 771 3784 824 Ju-

2216 854 2480 919 dmorum,
2521 857 2607 924 qui
2636 865 2687 910 et
2721 864 2845 910 tunc
2871 856 3088 911 oderant
3114 855 3409 918 Christum.
3442 869 3496 913 et
3521 877 3659 915 nunc
3691 878 3788 931 per

2217 946 2599 999 successionem
2645 957 3014 1014 perseverante
3051 962 3244 1018 genere
3291 949 3452 1017 ipsius
3492 950 3786 1017 impietatis

2217 1033 2459 1088 oderunt.
2493 1035 2566 1088 De
2589 1035 2778 1105 quibus
2803 1035 3100 1092 hominibus
3124 1046 3177 1092 et
3205 1038 3272 1093 de
3299 1055 3402 1107 quo
3424 1041 3615 1109 populo
3654 1059 3788 1110 pos-

2216 1133 2339 1177 sunt
2368 1140 2469 1177 non
2509 1125 2938 1182 iuconvenienter
2965 1127 3181 1196 intelligi
3203 1170 3216 1191 ,
3245 1144 3348 1183 non
3376 1130 3543 1184 solum
3573 1147 3634 1185 ea
3667 1149 3790 1201 qum

2217 1217 2447 1287 apertius
2475 1217 2540 1272 de
2566 1217 2764 1287 ipsisin
2797 1218 2898 1274 hoc
2927 1219 3128 1289 psalmo
3149 1219 3388 1289 legimus,
3414 1237 3598 1275 verum
3621 1225 3790 1277 etiam

2219 1309 2307 1363 illa
2339 1325 2457 1378 quae
2502 1312 2711 1380 proprie
2746 1311 2812 1366 de
2849 1311 2962 1381 ipso
3001 1311 3132 1366 Juda
3157 1311 3404 1366 dicuntur
3444 1317 3788 1382 expressius;

2218 1399 2367 1453 sicuti
2396 1408 2477 1454 est
2499 1399 2638 1470 quod
2663 1401 3068 1457 commemoravi
3088 1441 3103 1464 ,
3136 1399 3288 1454 Fiant
3315 1401 3419 1456 dies
3443 1404 3551 1473 ejus
3584 1407 3737 1470 pauci
3764 1445 3780 1468 ,

2219 1501 2264 1544 et
2286 1492 2622 1562 episcopatum
2649 1494 2757 1562 ejus
2780 1493 2989 1562 accipiat
3013 1493 3157 1547 alter.
3186 1493 3333 1561 Quod
3361 1495 3664 1562 apparebit,
3692 1495 3789 1548 ad-

2215 1582 2430 1651 juvante
2459 1585 2680 1639 Domino
2701 1627 2714 1650 ,
2745 1600 2863 1640 cum
2889 1586 2955 1639 ad
2979 1601 3072 1640 eos
3096 1600 3280 1641 versus
3309 1587 3564 1641 tractandi
3591 1588 3788 1644 ordine

2221 1676 2540 1729 venerimus.

2288 1765 2344 1817 2.
2385 1763 2533 1835 [vers.
2559 1765 2639 1836 2.]
2667 1764 2851 1834 Incipit
2873 1781 3000 1835 ergo
3031 1766 3098 1819 ita
3128 1765 3366 1820 Psalmus
3389 1785 3402 1818 :
3426 1765 3564 1820 Deus
3585 1769 3789 1821 laudem

2219 1873 2380 1909 meum
2405 1873 2468 1911 ne
2494 1859 2742 1922 tacueris;
2766 1860 2883 1928 quia
2909 1873 2966 1912 os
2989 1859 3262 1928 peccatoris
3289 1868 3334 1911 et
3363 1875 3418 1911 os
3445 1858 3609 1913 dolosi
3636 1877 3779 1928 super

2219 1963 2297 2000 me
2323 1957 2549 2017 apertum
2580 1958 2672 2002 est.
2705 1948 2855 2004 Unde
2890 1961 3106 2018 apparet
3141 1958 3194 2002 et
3218 1949 3400 2003 falsam
3428 1964 3546 2004 esse
3574 1953 3779 2020 vitupe.

2220 2038 2477 2093 rationem
2503 2053 2657 2108 quam
2686 2054 2791 2093 non
2817 2048 2954 2094 tacet
2982 2047 3222 2108 peccator
3249 2049 3304 2094 et
3329 2039 3544 2094 dolosas
3567 2082 3582 2103 ,
3613 2053 3668 2096 et
3697 2059 3777 2094 ve-

2220 2143 2332 2182 ram
2369 2143 2486 2184 esse
2531 2129 2734 2183 laudem
2774 2145 2929 2198 quam
2969 2144 3072 2184 non
3111 2139 3248 2183 tacet
3281 2129 3437 2183 Deus.
3478 2129 3619 2185 Deus
3643 2132 3786 2185 enim

2220 2237 2398 2289 verax,
2427 2223 2596 2276 onmis
2616 2232 2790 2277 autem
2815 2225 2970 2277 homo
2993 2222 3213 2277 mendax
3237 2221 3408 2291 (Rom.
3431 2238 3508 2288 ιιι,
3536 2223 3592 2290 4)
3616 2239 3632 2287 ;
3657 2226 3779 2291 quia

2221 2328 2324 2378 non
2352 2321 2435 2368 est
2462 2313 2619 2368 homo
2650 2329 2830 2377 verax,
2860 2314 2957 2368 nisi
2990 2313 3041 2367 in
3069 2329 3171 2381 quo
3203 2313 3431 2382 loquitur
3457 2313 3618 2368 Deus.
3650 2313 3786 2368 Laus

2219 2417 2392 2460 autem
2415 2405 2638 2459 maxima
2660 2415 2742 2460 est
2763 2405 3010 2473 unigeniti
3033 2406 3148 2460 Filii
3173 2406 3282 2468 Dei,
3304 2421 3406 2476 qua
3439 2407 3455 2436 ¹
3489 2405 3593 2460 hoc
3614 2407 3786 2475 ipsum

2219 2495 2358 2564 quod
2385 2505 2464 2548 est
2485 2535 2498 2558 ,
2530 2495 2828 2565 unigenitus
2859 2497 2947 2551 Dei
2990 2495 3153 2550 Filius
3190 2495 3520 2564 prmdicatur.
3555 2496 3667 2556 lloc
3693 2513 3788 2549 auo

2223 2595 2328 2640 tem
2347 2601 2451 2640 non
2477 2587 2781 2656 apparebat,
2799 2586 2890 2643 sed
2915 2596 3201 2657 apparente
3227 2587 3676 2655 intirmitatc’ejus
3709 2589 3784 2640 la-

2221 2677 2381 2742 tebat,
2411 2693 2530 2732 cum
2558 2693 2618 2732 os
2648 2678 2934 2747 peccatoris
2959 2687 3014 2732 et
3031 2694 3092 2732 os
3116 2677 3282 2731 dolosi
3305 2694 3461 2746 super
3480 2693 3604 2731 eum
3627 2695 3784 2747 aper-

2224 2775 2331 2821 tum
2362 2777 2474 2832 est;
2502 2777 2556 2823 et
2582 2769 2697 2823 ideo
2717 2768 2843 2822 illud
2871 2777 3108 2839 apertum
3135 2779 3244 2833 est,
3270 2770 3389 2837 quia
3412 2779 3594 2838 operta
3620 2770 3787 2823 virtus

2223 2859 2378 2929 hujus
2407 2860 2520 2916 fuit.
2559 2862 2682 2917 Ideo
2709 2871 2886 2916 autem
2917 2862 3042 2916 dicit
3067 2893 3090 2923 ,ε
3124 2861 3358 2931 Apertum
3396 2871 3466 2913 est
3495 2877 3549 2913 os
3580 2861 3748 2914 dolosi
3769 2903 3784 2924 ,

2220 2951 2339 3018 quia
2361 2951 2535 3005 odium
2556 2951 2696 3022 quod
2714 2951 2838 3005 dolo
2868 2951 3156 3021 tegebatur,
3177 2950 3348 3019 erupit
3370 2950 3418 3004 in
3442 2965 3652 3004 vocem.
3683 2951 3788 3004 lloc

2221 3043 2378 3098 etiam
2411 3043 2462 3096 in
2489 3043 2932 3112 consaptentibus
2958 3043 3198 3097 versibus
3229 3043 3429 3111 planius
3461 3043 3682 3096 dicitur.

2290 3135 2342 3190 5.
2375 3133 2518 3206 [vers.
2539 3132 2622 3205 3.]
2645 3132 2820 3186 Loeuti
2841 3143 2955 3188 sunt
2979 3134 3239 3186 adversum
3262 3149 3338 3186 me
3357 3134 3527 3203 lingua
3551 3134 3732 3187 dolosa
3759 3148 3780 3186 :

2225 3236 2344 3281 tunc
2379 3228 2559 3298 utique
2583 3227 2790 3296 quando
2826 3243 2946 3282 eum
2975 3237 3219 3296 tanquam
3254 3228 3558 3295 magistrum
3593 3228 3787 3282 bonum

2221 3319 2452 3386 captiosa
2482 3318 2780 3372 adulatione
2802 3317 3102 3372 laudabant.
3128 3317 3277 3372 Unde
3305 3317 3428 3372 alibi
3453 3317 3652 3372 dicitur
3685 3337 3698 3372 :
3725 3317 3789 3371 Et

2221 3410 2304 3476 qui
2323 3409 2597 3462 laudabant
2636 3425 2733 3474 me,
2760 3409 2996 3464 adversus
3019 3426 3096 3462 me
3113 3410 3352 3480 jurabant
3377 3409 3545 3479 (Psal.
3573 3425 3626 3464 c1
3645 3451 3661 3476 ,
3691 3411 3724 3466 9
3749 3417 3786 3480 ).

2225 3500 2422 3555 Deinde
2449 3501 2565 3569 quia
2589 3509 2874 3569 eruperunt
2899 3500 3185 3554 clamantes
3209 3541 3223 3563 ,
3255 3499 3521 3570 Cruciﬁge,
3552 3503 3789 3569 cruci/iga

2224 3589 2411 3662 (Joan.
2444 3607 2524 3654 ιι,
2553 3588 2656 3656 6);
2697 3600 2908 3645 secutus
2955 3590 3223 3660 adjunxit,
3258 3589 3319 3644 Et
3349 3592 3661 3645 sermonibus
3689 3593 3788 3645 odii
3843 3615 3846 3620 -

2222 3682 2648 3736 circumdederunt
2673 3699 2769 3736 me.
2804 3681 2878 3736 llli
2907 3684 2992 3752 qui
3039 3673 3212 3753 lingua
3244 3683 3446 3748 dolosa,
3481 3687 3638 3754 quasi
3686 3703 3784 3740 min

2221 3773 2349 3838 odii,
2379 3772 2473 3826 sed
2500 3772 2796 3827 dilectionis
2826 3773 2984 3826 verba
3022 3773 3180 3827 locuti
3211 3784 3372 3838 sunt;
3402 3774 3522 3829 ideo
3547 3777 3788 3829 adversus

2222 3879 2317 3924 me,
2346 3863 2465 3931 quia
2493 3862 2899 3917 hocinsidiando
2927 3861 3221 3929 faciebant;
3247 3875 3423 3934 postea
3453 3867 3785 3931 sermonibus,

2225 3964 2326 4007 non
2353 3953 2499 4008 falsa
2539 3964 2593 4009 et
2635 3952 2831 4008 dolosa!
2859 3953 3189 4017 dilectionis,
3232 3955 3322 4009 sed
3353 3956 3520 4024 aperti
3562 3957 3668 4010 odii
3692 3958 3788 4010 cir-

2223 4045 2580 4098 cumdederunt
2604 4062 2701 4110 me,
2729 4055 2775 4098 et
2794 4056 3203 4114 expugnaverunt
3225 4062 3300 4097 me
3316 4047 3492 4114 gratis.
3517 4047 3671 4102 Sicut
3697 4065 3788 4101 au-

2154 4185 2158 4188 η
2226 4146 2329 4190 tem
2363 4135 2428 4204 pii
2466 4136 2634 4205 gratis
2659 4145 2836 4189 amant
2861 4135 3159 4200 Christum,
3193 4137 3268 4191 sic
3295 4136 3438 4206 impii
3467 4138 3636 4207 gratis
3663 4139 3790 4191 ode-

2224 4240 2372 4294 runt;
2417 4229 2537 4299 quia
2577 4229 2712 4282 sicut
2761 4229 2954 4282 veritas
2994 4228 3137 4282 nullo
3182 4237 3326 4282 extra
3353 4245 3470 4284 eam
3516 4232 3791 4300 proposito

2223 4320 2502 4375 commodo
2519 4328 2736 4390 propter
2770 4319 2994 4387 seipsam
3037 4320 3301 4389 expetitur
3339 4319 3408 4373 ab
3451 4322 3690 4390 optimis,
3723 4323 3788 4375 ita

2225 4411 2469 4480 iniquitas
2496 4426 2526 4464 a
2553 4410 2812 4480 pessimis.
2855 4409 3002 4465 Unde
3041 4421 3095 4465 et
3133 4411 3267 4479 apud
3295 4419 3536 4466 auctores
3565 4413 3789 4466 srecula-

2225 4505 2358 4557 rium
2402 4504 2690 4557 litterarum
2733 4502 2927 4556 dictmn
2973 4512 3055 4556 est
3101 4502 3167 4556 de
3219 4503 3442 4572 quodam
3484 4505 3722 4570 pessimo
3773 4523 3787 4557 :

2226 4594 2454 4648 Gratuita
2492 4595 2656 4663 potius
2691 4593 2852 4652 malus
2894 4603 3041 4658 atque
3072 4593 3289 4646 crudelis
3313 4603 3418 4648 erat
3442 4591 3708 4663 (Sallust,
3731 4597 3791 4649 de

2226 4685 2370 4740 Bello
2399 4683 2532 4739 Catil
2538 4687 2598 4752 .).

2292 4780 2345 4833 4.
2375 4776 2522 4850 [νοτε.
2547 4776 2624 4850 4.]
2648 4776 2748 4830 Pro
2769 4794 2845 4844 eo,
2865 4777 3048 4846 inquit,
3077 4787 3128 4828 ut
3153 4777 3412 4847 diligerent
3435 4793 3532 4839 me,
3556 4778 3792 4832 detrahe-

2221 4869 2341 4922 bant
2387 4869 2530 4922 milti.
2557 4868 2661 4923 Sex
2699 4877 2821 4922 sunt
2849 4868 2900 4921 in
2931 4866 3030 4920 isto
3060 4881 3254 4936 genere
3307 4865 3638 4930 Ilill’eretttize,
3673 4884 3792 4936 quae

2222 4967 2650 5014 commemorata:
2681 4957 3027 5011 animadverti
3070 4955 3319 5010 facillime
3357 4965 3576 5026 possunt
3625 4957 3789 5010 :red-

2223 5051 2349 5105 dere
2379 5050 2512 5103 bona
2561 5065 2656 5117 pro
2685 5049 2866 5108 malis,
2901 5063 3003 5100 non
3038 5045 3262 5101 reddere
3304 5047 3437 5099 mala
3475 5061 3574 5116 pro
3600 5048 3788 5106 malis:

2224 5141 2447 5196 reddere
2491 5141 2625 5195 bona
2659 5155 2754 5210 pro
2791 5137 2963 5201 bonis,
3013 5137 3232 5191 reddere
3273 5137 3408 5189 mala
3456 5152 3549 5205 pro
3601 5139 3790 5200 malis;

2225 5248 2328 5286 non
2381 5230 2604 5287 reddere
2646 5231 2779 5284 bona
2828 5244 2923 5298 pro
2975 5228 3156 5290 benis,
3220 5225 3443 5281 reddere
3508 5228 3645 5280 mala
3698 5243 3795 5296 pro

2225 5323 2394 5377 bonis.
2461 5323 2654 5376 llorum
2684 5321 2790 5375 duo
2823 5321 3006 5389 prima,
3052 5319 3309 5373 bonorum
3345 5327 3500 5381 sunt,
3525 5328 3577 5371 et
3603 5332 3790 5372 eormn

2222 5415 2446 5470 duorum
2498 5415 2642 5484 prius
2678 5413 2897 5477 melius;
2949 5421 3212 5480 postrema
3246 5410 3350 5464 duo
3389 5410 3648 5463 malorum
3681 5452 3696 5473 ,
3740 5421 3794 5463 et

2223 5522 2403 5560 eorum
2451 5506 2712 5574 pes-terius
2745 5503 3010 5567 deterius;
3035 5502 3142 5556 duo
3183 5499 3351 5554 media
3397 5501 3793 5569 quodammodo

2224 5598 2537 5661 tncdiorum,
2563 5596 2654 5650 sed
2682 5609 2863 5650 eorum
2887 5593 3029 5662 prius
3044 5593 3393 5664 propinquum
3414 5592 3586 5658 bonis,
3609 5603 3792 5659 poste-

2252 5772 2257 5778 .
2289 5712 2303 5742 ⁸
2339 5716 2410 5758 Er.
2438 5717 2572 5768 \‘cn.,
2595 5707 2717 5770 quia.
2747 5713 2877 5765 Lov.,
2902 5718 2998 5768 qut.
3117 5711 3172 5754 Μ.
