4026 6202
297 302 494 359 1453’

291 610 417 660 nus,
447 595 536 666 qui
551 596 799 666 justiﬁcat
842 596 1048 664 impium
1079 595 1263 669 (Rom.
1296 613 1345 650 tv
1369 637 1384 659 ,
1411 597 1502 666 5),
1535 606 1586 650 et
1630 597 1861 664 pendens

293 684 350 740 in
373 700 534 740 cruce
563 685 694 739 dixit
721 703 734 737 :
766 683 934 749 Pater,
964 687 1160 753 ignosce
1179 685 1301 751 illis,
1323 687 1438 755 quia
1467 686 1693 739 nesciunt
1733 686 1855 754 quid

294 777 492 849 faciunt
523 775 692 846 (Luc.
715 792 865 839 χχιιι,
887 775 1011 848 54).
1052 776 1212 845 Cujus
1253 777 1469 846 vestigia
1507 787 1714 830 secutus
1739 791 1859 829 san-

290 879 410 923 ctus
449 868 751 938 Stephanus
774 910 789 934 ,
838 868 940 922 ﬁxo
984 882 1120 938 genu
1149 867 1316 922 oravit
1347 882 1440 935 pro
1481 865 1854 935 Iapidantibus,

291 960 480 1015 dicens
509 978 524 1014 :
554 959 786 1026 Domine,
814 975 876 1012 ne
896 967 1087 1012 statuas
1115 957 1216 1011 illis
1232 957 1323 1010 hoc
1347 956 1580 1010 delictum
1604 956 1734 1026 (Act.
1759 970 1853 1020 vtt,

289 1051 420 1122 59).
453 1051 534 1105 Ad
565 1066 724 1122 quam
749 1066 859 1105 rem
897 1061 1210 1120 prazceptunt
1245 1049 1487 1119 pertinet,
1523 1047 1725 1118 Diligite
1755 1047 1856 1101 ini-

290 1145 445 1196 micos
486 1151 670 1197 vestros
695 1183 709 1206 ,
737 1141 1006 1212 benefacite
1049 1140 1126 1194 his
1153 1139 1238 1209 qui
1261 1139 1468 1192 oderunt
1507 1154 1610 1202 vos,
1639 1147 1684 1192 et
1719 1146 1857 1192 orate

291 1251 381 1304 pro
419 1234 491 1286 eis
514 1234 602 1301 qui
624 1248 710 1286 vos
735 1241 1094 1303 persequuntur
1127 1228 1333 1300 (Matth.
1359 1245 1413 1296 v,
1440 1230 1510 1284 44
1529 1232 1570 1298 ).
1602 1229 1733 1283 Mala
1761 1244 1855 1298 pro

289 1324 444 1377 malis
470 1338 576 1377 non
603 1339 722 1378 esse
744 1321 1008 1376 reddenda
1030 1321 1221 1376 Paulus
1242 1320 1508 1390 apostolus
1531 1320 1674 1384 dicit,
1707 1318 1855 1373 Nulli

289 1415 478 1468 malum
509 1430 602 1482 pro
629 1414 762 1468 malo
782 1413 1041 1467 reddentes
1075 1412 1248 1480 (Rom.
1276 1427 1370 1476 xu,
1403 1411 1466 1464 17
1489 1409 1542 1480 );
1572 1418 1625 1463 et
1645 1420 1854 1480 aposto-

288 1504 370 1558 lus
394 1504 604 1568 Petrus,
636 1502 756 1557 Non
782 1503 1037 1556 recidentes
1063 1502 1249 1555 malum
1279 1517 1368 1571 pro
1393 1501 1526 1554 malo
1551 1541 1566 1566 ,
1597 1501 1673 1554 vel
1699 1501 1854 1556 male-

291 1596 473 1648 dictum
505 1611 598 1665 pro
615 1593 876 1648 maledicto
907 1592 947 1664 (I
978 1591 1121 1646 Petr.
1149 1608 1230 1654 ιιι,
1259 1592 1317 1662 9)
1345 1609 1356 1644 :
1383 1590 1520 1646 unde
1544 1600 1598 1644 et
1625 1592 1674 1644 in
1701 1590 1852 1644 Psal-

288 1687 388 1740 mis
411 1687 626 1757 Iegitnr,
651 1686 712 1741 Si
739 1687 936 1739 reddidi
952 1683 1332 1740 retribuentibus
1358 1684 1480 1737 mihi
1505 1684 1639 1737 mala
1666 1681 1846 1752 (Psal.

289 1795 381 1842 vn,
411 1779 509 1847 5).
544 1779 777 1832 Duorum
804 1787 1190 1848 postremorum
1218 1776 1346 1830 illttd
1370 1776 1547 1831 mitius
1569 1775 1636 1830 ad
1659 1791 1846 1829 novem

289 1869 525 1941 leprosos
553 1870 804 1940 pertinet,
840 1869 927 1939 qui
949 1885 1069 1923 cum
1095 1867 1325 1922 mundati
1353 1876 1574 1921 essenta
1605 1865 1846 1933 Domino,

289 1951 484 2030 gratias
516 1977 624 2014 non
655 1971 870 2030 egerunt
901 1959 1065 2030 (Luc.
1098 1976 1225 2026 xvn,
1252 1960 1338 2024 12,
1373 1959 1480 2029 18)
1511 1977 1524 2013 :
1560 1959 1683 2013 illud
1721 1974 1848 2013 vero

289 2053 527 2106 ultimum
550 2067 657 2122 quo
678 2053 804 2106 nihil
833 2061 914 2108 est
941 2053 1109 2122 pejus,
1141 2053 1204 2105 ad
1236 2051 1334 2106 hos
1364 2051 1609 2120 pertinet,
1637 2049 1705 2104 de
1729 2049 1847 2118 qui-

286 2143 378 2198 bus
403 2145 457 2198 in
509 2145 614 2200 isto
654 2142 854 2213 psalmo
898 2143 1103 2213 legitur.
1137 2141 1243 2196 Pro
1280 2159 1338 2197 eo
1366 2128 1698 2212 utdiligerent
1745 2157 1842 2208 me,

285 2238 612 2294 detrahebant
643 2239 786 2291 mihi.
812 2237 1159 2292 Dilectionem
1181 2237 1370 2306 quippe
1397 2235 1657 2290 debebant
1686 2235 1847 2290 tantis

284 2329 487 2384 Domini
515 2329 822 2392 beneﬁciis;
853 2344 1007 2398 quam
1048 2343 1151 2383 non
1200 2327 1369 2382 solum
1410 2327 1624 2381 minime
1653 2325 1846 2381 redde-

283 2419 424 2488 bant,
453 2435 642 2474 verum
672 2420 830 2474 etiam
873 2433 968 2488 pro
998 2418 1088 2472 illo
1121 2419 1259 2473 bono
1286 2419 1584 2488 irrogabant
1625 2417 1838 2470 malum.

285 2512 393 2565 Duo
417 2526 546 2566 vero
564 2511 737 2565 media
762 2527 877 2581 qua:
900 2511 1126 2564 diximus
1149 2509 1417 2564 hominum
1435 2501 1663 2579 quodam
1685 2508 1841 2563 modo

282 2621 395 2660 esse
424 2605 741 2670 mediorum,
771 2604 840 2658 ita
861 2619 920 2659 se
950 2603 1161 2668 habent,
1197 2612 1255 2656 ιιι
1278 2617 1458 2656 eorum
1487 2603 1629 2670 prius
1655 2644 1668 2667 ,
1700 2601 1839 2671 quod

282 2708 357 2752 est
383 2697 606 2752 reddere
632 2697 765 2752 bona
794 2712 889 2768 pro
923 2696 1095 2762 bonis,
1131 2695 1356 2750 habeant
1383 2707 1434 2751 ct
1464 2696 1582 2750 boni
1603 2737 1616 2760 ,
1649 2706 1701 2750 et
1727 2711 1839 2750 me-

281 2789 526 2843 diocriter
576 2789 720 2853 boni,
772 2789 854 2842 vel
897 2788 1232 2843 mediocriter
1261 2789 1401 2841 mali.
1435 2788 1556 2842 Ideo
1586 2787 1838 2842 Dominus

283 2881 375 2936 hoc
416 2897 521 2936 non
557 2881 926 2950 reprehendit,
976 2880 1068 2936 sed
1102 2897 1202 2935 non
1234 2881 1340 2935 vult
1368 2881 1417 2934 iu
1448 2896 1511 2934 eo
1535 2880 1648 2934 solo
1675 2879 1836 2934 disci-

283 2971 426 3040 pulos
471 2986 600 3024 suos
643 2985 974 3039 permanere,
1023 2985 1153 3039 quos
1194 2969 1306 3023 vult
1350 2969 1415 3022 ad
1467 2966 1661 3038 majora
1711 2983 1835 3038 pro-

280 3062 484 3126 vehere,
536 3060 730 3130 quibus
756 3061 922 3114 dicit:
956 3060 1015 3114 Si
1058 3060 1328 3113 dilexeritis
1365 3076 1446 3113 eos
1471 3060 1556 3128 qui
1596 3075 1680 3113 vos
1723 3059 1838 3112 dili-

281 3165 415 3224 gunt,
445 3155 499 3208 id
548 3164 650 3218 est,
693 3154 737 3206 si
784 3153 1112 3208 reddideritis
1149 3152 1285 3207 bona
1325 3167 1418 3222 pro
1451 3153 1637 3218 bonis;
1688 3170 1838 3223 quant

281 3247 552 3301 mercedem
603 3245 864 3308 habebitis,
906 3245 952 3298 id
997 3254 1097 3310 est,
1139 3245 1260 3314 quid
1307 3260 1550 3315 magnum
1603 3245 1837 3299 facietis?

281 3353 432 3390 nonne
469 3347 515 3391 et
545 3337 798 3405 publicani
836 3336 928 3388 hoc
974 3336 1160 3406 faciunt
1191 3333 1398 3406 (Matth.
1447 3351 1500 3391 v.
1533 3334 1598 3388 46
1619 3334 1678 3402 )?
1708 3334 1834 3388 Vult

279 3437 444 3480 autem
479 3429 598 3482 illos
623 3436 675 3481 et
719 3427 815 3481 hoc
843 3425 1043 3488 facere,
1075 3437 1127 3480 et
1169 3427 1324 3496 longe
1351 3425 1607 3494 amplius;
1642 3425 1693 3479 id
1734 3435 1831 3490 est,

185 3587 194 3594 _
281 3528 330 3570 ιιι
352 3535 452 3572 non
483 3518 657 3572 Solum
685 3519 902 3582 amicos,
935 3534 1113 3571 verum
1144 3517 1301 3571 etiam
1330 3518 1567 3571 inimicos
1593 3517 1832 3586 diligant.

279 3607 541 3663 Posterius
565 3619 738 3662 autem
761 3650 776 3674 ,
817 3609 955 3678 quod
987 3617 1067 3661 est
1109 3608 1330 3663 reddere
1359 3609 1491 3662 mala
1525 3625 1617 3677 pro
1649 3608 1834 3674 malis,

279 3697 496 3754 habeant
523 3709 580 3754 et
609 3700 754 3764 mali,
785 3707 837 3752 et
862 3698 1195 3752 mediocriter
1221 3699 1362 3763 tnali,
1393 3700 1473 3753 vel
1506 3699 1838 3754 mediocriter

279 3789 427 3856 boni;
465 3808 636 3860 usque
665 3792 800 3857 adeo
826 3801 880 3844 ut
921 3791 1026 3845 Lex
1059 3792 1135 3846 eis
1162 3791 1366 3846 dederit
1409 3792 1692 3846 ulciscendi
1723 3807 1836 3847 mo-

278 3882 416 3950 dum,
443 3885 664 3937 Oculum
695 3901 784 3951 pro
803 3883 967 3948 oculo,
999 3883 1190 3937 dentem
1209 3901 1298 3954 pro
1323 3885 1470 3937 dente
1496 3883 1518 3953 (
1532 3883 1679 3939 Deut.
1708 3901 1800 3939 XIX
1819 3927 1835 3951 ,

277 3975 368 4044 2t)
401 3995 414 4030 :
441 3991 582 4046 qua),
613 3975 655 4028 si
687 3973 790 4030 dici
812 3984 1000 4044 potest,
1032 3975 1342 4044 iniustorum
1363 3966 1562 4044 juStitia
1588 3985 1687 4032 est.
1725 3977 1838 4032 Non

278 4066 390 4132 quia
418 4065 656 4133 iniquum
676 4073 756 4118 est
773 4075 827 4118 ιιι
847 4066 1064 4134 recipiat
1080 4065 1437 4135 unusquisque
1457 4065 1595 4135 quod
1621 4066 1836 4132 iecerit;

279 4158 465 4226 alioqui
490 4157 600 4211 Lex
631 4173 960 4225 nequaquam
1004 4157 1055 4212 id
1083 4159 1427 4213 constitueret
1453 4176 1465 4212 :
1492 4158 1584 4212 sed
1609 4159 1728 4228 quia
1759 4160 1840 4213 ul-

278 4248 502 4303 cisccndi
533 4247 698 4302 libido
727 4248 913 4302 vitiosa
942 4257 1041 4316 est,
1077 4249 1347 4319 magisque
1374 4248 1438 4302 ad
1467 4237 1840 4318 judicemiper-

281 4339 408 4392 tinet
446 4342 584 4392 inter
611 4338 744 4392 alios
771 4337 870 4394 hoc
895 4338 1205 4405 decernere,
1250 4354 1403 4409 quam
1446 4339 1639 4394 bonum
1667 4340 1838 4394 homi-

280 4443 401 4482 nem
423 4429 520 4483 sibi
549 4437 818 4498 expetere.
850 4429 1183 4500 Quapropter
1212 4431 1356 4499 impii
1384 4447 1449 4485 ex
1480 4431 1565 4485 illa
1597 4431 1838 4502 benigni-

282 4521 403 4573 tatis
428 4522 735 4576 summitatc
764 4522 984 4592 delapsi,
1019 4522 1105 4576 ttbi
1127 4522 1416 4578 redduntur
1443 4524 1576 4578 bona
1605 4541 1699 4594 pro
1725 4541 1839 4579 ma-

281 4609 366 4676 lis,
397 4611 460 4665 ad
487 4621 738 4682 quantam
762 4613 1100 4682 malignitatis
1126 4612 1532 4683 profunditatem
1560 4625 1838 4680 venerunt,

280 4702 617 4757 retribuendo
658 4703 792 4756 mala
833 4719 927 4774 pro
973 4703 1160 4759 bonis!
1205 4714 1400 4774 quanto
1439 4707 1725 4776 praecipitio
1767 4715 1844 4762 tot

280 4793 468 4861 gradus
496 4794 840 4863 interpositos
867 4795 1226 4849 transierunt!
1259 4795 1366 4850 Nec
1401 4811 1620 4866 parvum
1647 4797 1840 4868 aliquid

283 4884 446 4950 putari
477 4883 656 4948 debet,
682 4883 802 4959 quia
826 4899 927 4937 non
963 4885 1054 4949 ait,
1103 4883 1205 4938 Pro
1235 4899 1298 4939 eo
1331 4893 1388 4939 ut
1421 4885 1698 4956 diligerent
1734 4902 1840 4951 me,

281 4973 776 5029 interﬁciebaanc
796 4992 810 5039 ;
833 4975 945 5038 sed,
970 4974 1295 5029 detrahebant
1316 4976 1440 5028 mihi
1468 4992 1484 5028 :
1513 4976 1632 5030 ideo
1653 4975 1844 5046 quippe

282 5065 672 5131 interfecerunt,
709 5067 826 5135 quia
849 5065 1212 5133 detraxerunt,
1231 5078 1482 5138 negantes
1506 5069 1597 5123 Dei
1627 5069 1840 5136 Filium,

282 5167 332 5211 et
354 5159 593 5214 dicentes
617 5158 755 5228 quod
791 5160 841 5213 in
863 5161 1087 5231 principe
1109 5159 1468 5214 dwmoniorum
1505 5161 1637 5230 ejicit
1661 5162 1846 5214 dwmo-

282 5248 364 5299 niu
391 5248 408 5318 (
435 5247 562 5303 Luc.
595 5267 668 5315 ιιι,
698 5249 798 5322 15)
828 5268 843 5314 ;
872 5259 945 5316 et,
991 5249 1306 5305 Haemonium
1332 5253 1478 5306 habet
1505 5294 1518 5316 ,
1547 5263 1593 5306 et
1620 5254 1804 5306 insanit
1828 5270 1846 5317 ;

283 5339 399 5408 quid
419 5358 532 5395 eum
557 5343 742 5396 auditis
782 5342 974 5413 (Joau.
1009 5360 1065 5408 x,
1093 5344 1162 5398 ΞΟ
1183 5343 1201 5414 )
1225 5344 1248 5397 ?
1275 5353 1329 5399 et
1354 5355 1542 5400 caetera
1566 5346 1706 5401 talia.
1735 5345 1840 5412 Qu:

285 5427 607 5486 detractione
635 5432 701 5486 ab
730 5432 821 5486 illo
843 5435 1151 5489 avertebant
1173 5449 1267 5488 eos
1292 5450 1517 5503 quorum
1540 5437 1839 5490 conversio-

285 5534 400 5573 nem
428 5521 518 5576 ille
543 5524 810 5591 quterebat
844 5542 857 5577 :
885 5533 939 5578 et
957 5525 1073 5580 ideo
1093 5526 1266 5597 potius
1290 5525 1390 5580 hoc
1415 5526 1566 5591 dixit,
1593 5537 1646 5580 ut
1672 5536 1835 5581 osten-

286 5610 431 5667 deret
455 5614 624 5682 magis
648 5630 741 5669 eos
761 5631 953 5670 nocere
980 5617 1066 5686 qui
1098 5617 1310 5672 Christo
1338 5617 1644 5682 detrahunt,
1676 5628 1728 5673 et
1757 5634 1850 5686 per

289 5699 386 5758 hoc
433 5704 636 5759 animas
683 5705 1023 5774 interﬁciunt,
1080 5723 1235 5778 quam
1279 5709 1367 5779 qui
1413 5708 1528 5778 ejus
1574 5709 1844 5765 mortalem

1382 297 1768 356 ENARRA'I‘IO
1809 297 1869 351 IN
1911 297 2226 358 PSALMUM
2265 306 2439 361 CVIII.

297 420 414 473 rius
457 415 808 489 propinquum
857 415 1028 470 malis.
1084 395 1207 470 Ilazc
1251 415 1302 469 itt
1341 415 1623 484 Scripturis
1669 413 1863 466 sanctis

295 515 516 577 oportet
535 505 828 560 attendere.
860 505 1051 560 Reddit
1079 505 1214 560 bona
1245 521 1339 575 pro
1367 506 1517 559 malis
1540 506 1650 574 ipse
1684 504 1861 557 Domi-
1898 523 1904 530 ·

3379 316 3509 368 HM

1973 431 2204 479 carnem,
2226 434 2341 473 mox
2362 421 2648 489 pratsertitn
2671 433 3096 490 rcsurrecturam,
3119 427 3381 481 szeriendo
3400 443 3517 496 per-

1969 520 2227 562 emerunt.

2033 601 2086 654 5.
2115 601 2216 654 Sed
2244 617 2360 654 cum
2392 601 2626 665 dixisset,
2671 601 2773 654 Pro
2814 620 2868 656 eo
2915 615 2966 657 ut
3001 605 3258 675 diligerent
3285 625 3379 672 me,
3422 611 3510 660 de-

1965 690 2222 744 trahebant
2250 693 2415 756 nti/ti;
2455 693 2575 760 quid
2619 694 2732 746 ait?
2760 693 2872 762 Ego
2914 707 3078 748 autent
3128 701 3348 750 orabant.
3401 700 3511 754 Non

1963 781 2171 848 quidem
2199 782 2332 835 dixit
2356 784 2477 852 quid
2522 785 2735 845 orabat;
2763 785 2852 839 sed
2885 787 3004 854 quid
3033 787 3219 840 melius
3265 789 3459 857 intellig
3482 810 3506 819 -

1963 886 2098 933 ntus,
2130 887 2283 940 quam
2308 889 2400 941 pro
2430 874 2506 926 eis
2535 874 2696 942 ipsis?
2717 875 2973 928 Crttcitixo
3003 877 3140 929 enim
3164 879 3391 931 maxime
3411 879 3507 932 de-

1962 965 2255 1029 trahebant,
2278 966 2482 1034 quando
2499 969 2636 1020 velnt
2658 967 2874 1031 homini,
2899 983 3052 1036 quem
3075 969 3221 1038 quasi
3249 971 3503 1034 vicerant,

1960 1056 2277 1122 illudebant;
2307 1057 2372 1111 de
2408 1073 2507 1127 qua
2554 1073 2710 1113 cruce
2754 1060 2843 1113 illc
2876 1059 3038 1124 dixit,
3087 1059 3239 1114 Pater
3261 1102 3275 1127 ,
3303 1063 3502 1132 ignosce

1956 1146 2078 1206 illis,
2105 1147 2220 1216 quia
2246 1149 2469 1201 nesciunt
2496 1149 2620 1217 quid
2644 1150 2835 1217 faciunt
2875 1164 2894 1202 :
2936 1159 2990 1203 ttt
3010 1151 3254 1218 quoniam
3298 1152 3350 1206 in
3382 1167 3504 1221 pro-

1957 1240 2118 1296 fundo
2147 1245 2476 1314 malignitatis
2507 1245 2791 1300 reddebant
2815 1247 2913 1315 ipsi
2946 1249 3076 1302 mala
3106 1263 3198 1318 pro
3225 1250 3393 1316 bouis,
3422 1253 3508 1308 ille

1959 1337 2008 1389 in
2065 1350 2271 1390 summo
2326 1337 2658 1407 benignitatis
2711 1339 2953 1393 redderet
2999 1341 3134 1394 bona
3191 1358 3282 1411 pro
3334 1346 3504 1398 malis.

1949 1426 2262 1496 Quanquam
2297 1427 2432 1482 bene
2461 1429 2776 1498 intelligatur
2801 1433 2956 1484 etiam
2992 1448 3083 1501 pro
3111 1433 3375 1502 discipulis
3400 1437 3505 1489 suis

1954 1531 2153 1583 orasse,
2180 1517 2317 1587 quod
2334 1519 2488 1571 etiam
2511 1529 2631 1573 ante
2659 1519 2952 1598 passionem
2977 1539 3122 1577 suam
3147 1524 3297 1589 dixit,
3324 1540 3388 1577 ne
3413 1524 3503 1577 de-
3537 1515 3540 1517 ’

1953 1608 2133 1664 ﬁceret
2162 1610 2289 1665 ﬁdes
2313 1625 2493 1666 eorum
2517 1611 2664 1683 (Luc.
2696 1629 2824 1678 xxn,
2855 1615 2943 1685 59.)
2966 1657 2982 1680 ,
3008 1615 3216 1684 quando
3239 1617 3347 1684 ipse
3373 1632 3501 1683 pen-

1951 1699 2083 1754 dens
2132 1701 2182 1754 itt
2235 1702 2416 1771 ligno,
2467 1713 2524 1757 ut
2575 1705 2966 1760 commendaret
3016 1706 3345 1772 patientiam,
3398 1724 3500 1760 non

1943 1791 2259 1846 ostendebat
2283 1795 2566 1864 potentiam
2592 1795 2728 1849 inter
2754 1799 2912 1850 verba
2935 1797 3342 1859 detrahentium,
3373 1814 3503 1868 quos

1951 1893 2128 1951 posset
2153 1883 2326 1938 divina
2360 1895 2619 1954 potestate
2645 1887 2842 1942 delere.
2882 1888 2986 1942 Sed
3017 1890 3165 1944 nobis
3196 1890 3372 1943 utilius
3392 1900 3500 1944 erat

1949 1973 2089 2043 quod
2133 1976 2392 2043 patientiae
2439 1977 2708 2047 prmbebat
2736 1978 3031 2046 exemplum
3061 2021 3073 2038 ,
3101 1995 3255 2048 quam
3304 1979 3344 2033 si
3377 1994 3501 2034 suos

1949 2065 2188 2120 inimicos
2227 2067 2344 2121 sine
2387 2068 2635 2122 dilatione
2662 2068 2949 2137 perdendo,
2982 2068 3047 2122 ad
3076 2069 3174 2123 hoc
3205 2084 3300 2122 nos
3339 2069 3502 2123 tedili-

1947 2165 2110 2221 caret,
2134 2166 2191 2210 ttt
2212 2157 2543 2226 impatienter
2567 2160 2932 2228 festinaretnus
2967 2159 3139 2214 dehis
3176 2177 3307 2229 quos
3333 2161 3500 2215 malos

1946 2249 2175 2318 patimur
2203 2249 2487 2303 vindicari:
2517 2266 2635 2304 cum
2658 2252 2906 2320 scriptum
2937 2252 3046 2306 sit:
3081 2251 3262 2305 Melior
3300 2263 3372 2306 est
3419 2270 3504 2323 pa-

1946 2341 2070 2395 tiens
2108 2358 2256 2408 quam
2281 2343 2355 2396 vir
2383 2345 2528 2412 fortis
2570 2343 2746 2414 (Prov.
2798 2361 2906 2409 xw,
2935 2345 3002 2398 52
3025 2345 3061 2413 ).
3097 2345 3296 2399 Docent
3345 2345 3496 2412 igitur

1943 2447 2042 2486 nos
2065 2432 2236 2486 divina
2267 2433 2474 2502 eloquia
2517 2436 2779 2489 dominico
2806 2436 3065 2504 exemplo,
3093 2450 3211 2487 cum
3238 2436 3494 2499 audimus,

1945 2513 2049 2569 Pro
2075 2532 2130 2569 eo
2155 2525 2209 2569 ut
2233 2515 2495 2586 diligerent
2537 2534 2628 2581 me,
2663 2519 2986 2571 detrahebant
3028 2518 3147 2570 mihi
3170 2536 3187 2582 ;
3213 2535 3300 2588 ego
3331 2527 3492 2569 autem

1941 2608 2182 2673 orabam;
2219 2618 2275 2663 ut
2315 2609 2523 2679 quando
2551 2611 2752 2679 aliquos
2800 2611 3054 2664 sentimus
3096 2610 3344 2679 ingratos,
3390 2625 3493 2662 non
3559 2649 3562 2656 .

1940 2699 2110 2753 solum
2157 2715 2260 2754 non
2304 2699 2581 2755 reddentes
2627 2700 2792 2765 bona,
2842 2699 2933 2754 sed
2964 2699 3175 2767 insuper
3220 2699 3498 2753 reddentcs

1943 2790 2077 2843 mala
2121 2806 2214 2858 pro
2263 2791 2433 2852 bonis,
2471 2806 2571 2844 nos
2613 2805 2863 2846 oremus:
2909 2801 2962 2844 et
2993 2791 3102 2860 ipse
3140 2790 3346 2860 quidem
3404 2805 3497 2858 pro

1939 2882 2056 2934 aliis
2082 2882 2162 2935 vel
2208 2883 2562 2947 san-ientibns,
2592 2883 2671 2937 vel
2700 2882 2996 2937 dolentibus
3021 2924 3035 2948 ,
3065 2892 3117 2937 et
3143 2884 3193 2936 in
3224 2882 3324 2935 ﬁde
3353 2882 3492 2950 peri-

1939 2971 2269 3033 clitantibus;
2314 2987 2410 3024 nos
2450 2987 2575 3025 vero
2620 2973 2776 3026 etiam
2823 2987 2917 3040 pro
2954 2972 3102 3026 nobis
3150 2972 3407 3041 primitus,
3441 2979 3496 3024 ut

1938 3063 2170 3116 animum
2199 3072 2432 3116 nostrum
2455 3062 2564 3116 Deo
2589 3063 2868 3116 miserante
2893 3072 3046 3131 atque
3065 3063 3352 3131 opitulante
3376 3063 3494 3115 vin-
3539 3117 3541 3120 ,

1938 3169 2142 3220 camus,
2185 3169 2291 3224 quo
2333 3152 2551 3208 ferimur
2578 3155 2630 3208 in
2678 3137 2961 3208 ulciscendi
2992 3153 3344 3222 cupiditatem,
3373 3167 3493 3206 cum

1939 3243 2230 3298 detrahitur
2256 3245 2368 3299 sive
2416 3244 2763 3312 prtesentibus
2805 3245 2915 3297 sive
2967 3242 3271 3297 absentibus
3319 3242 3492 3295 nobis.

1941 3337 2156 3398 Deinde,
2184 3352 2301 3390 cum
2321 3333 2513 3390 Christi
2534 3335 2832 3404 patientiam
2861 3333 3218 3396 recordamur,
3245 3345 3489 3402 tanquam

1939 3429 2054 3496 ipso
2079 3429 2327 3495 excitato,
2355 3430 2486 3482 sicut
2516 3426 2709 3481 factum
2738 3437 2835 3491 est,
2862 3443 2979 3480 cum
3005 3426 3260 3480 dormiret
3294 3425 3342 3477 itt
3376 3425 3493 3477 navi

1944 3520 2151 3588 (Matth.
2198 3536 2328 3585 vm,
2373 3519 2444 3574 24
2473 3562 2486 3586 ,
2513 3518 2659 3588 25),
2704 3516 2792 3588 qui
2837 3518 3278 3586 perturbationem
3325 3514 3499 3569 eet-dis

1941 3615 2106 3666 nostri
2146 3620 2621 3681 tempestatemque
2657 3610 2978 3677 tranquillat,
3007 3610 3182 3662 animo
3217 3608 3397 3660 sedato
3420 3615 3500 3659 at-

1940 3719 2042 3772 que
2067 3705 2273 3773 placato
2294 3717 2505 3756 oremus
2532 3700 2690 3756 etiam
2722 3715 2816 3766 pro
2845 3700 2971 3768 ipsis
2989 3697 3373 3752 detractoribus
3403 3713 3498 3750 no-
3581 3724 3586 3730 κ

1941 3795 2084 3858 stris,
2112 3803 2168 3848 ttt
2200 3794 2367 3848 securi
2397 3792 2633 3846 dicamus
2667 3808 2679 3843 :
2713 3791 2914 3843 Dimitte
2956 3791 3128 3854 nobis,
3169 3790 3292 3841 sicut
3329 3797 3372 3840 et
3409 3805 3498 3840 nos

1942 3885 2234 3937 dimittimus
2260 3883 2370 3953 (Id.
2395 3899 2468 3948 VI,
2497 3881 2604 3954 12).
2631 3881 2735 3936 Sed
2761 3881 2848 3935 ille
2869 3880 3178 3941 dimittebat,
3202 3879 3289 3947 qui
3316 3892 3501 3946 pecca-

1942 3986 2051 4030 tum
2095 3974 2235 4045 quod
2276 3975 2324 4028 ei
2366 3974 2720 4028 dimitteretur
2753 3973 2929 4040 utique
2969 3986 3071 4023 non
3103 3970 3344 4024 habebat.

2012 4067 2064 4122 6.
2099 4065 2260 4138 [vers.
2285 4065 2336 4120 ἕ.
2358 4063 2379 4136 ]
2405 4063 2656 4132 Sequitur
2680 4071 2856 4116 autem
2887 4078 2898 4113 :
2931 4060 2996 4114 Et
3025 4070 3293 4132 posuerunt
3322 4059 3500 4112 adver-

1942 4175 2053 4212 sum
2075 4173 2152 4210 me
2175 4156 2311 4209 mala
2353 4172 2442 4224 pro
2492 4155 2648 4208 bonis.
2680 4153 2746 4207 Et
2784 4152 2931 4223 quasi
2957 4163 3330 4222 quarreremus,
3371 4149 3499 4216 Quae

1943 4248 2117 4303 mala?
2141 4262 2237 4317 pro
2261 4247 2450 4317 quibus
2478 4244 2670 4299 bouis?
2703 4240 2764 4297 Et
2806 4243 2996 4305 odium,
3046 4240 3230 4310 inquit,
3259 4256 3348 4308 pro
3377 4240 3502 4293 dile-

1944 4340 2104 4392 ctione
2143 4353 2271 4390 mea.
2307 4336 2402 4390 llic
2429 4345 2510 4390 est
2537 4333 2709 4388 onmis
2751 4346 2806 4388 et
2831 4345 3046 4401 magnus
3074 4339 3247 4383 reatus
3270 4330 3498 4383 illorum.

1943 4431 2074 4486 Nam
2103 4428 2226 4500 quid
2250 4443 2441 4484 nocere
2467 4435 2751 4497 potuerunt
2776 4431 3179 4494 persequentes,
3205 4422 3500 4486 voluntate,
3527 4488 3534 4496 _

1945 4537 2049 4576 non
2107 4520 2420 4574 necessitate
2460 4514 2812 4572 morientem?
2854 4514 2956 4569 Sed
3008 4513 3175 4581 ipsum
3204 4512 3380 4567 odium
3421 4520 3506 4567 est

1945 4615 2142 4668 crimen
2166 4612 2449 4665 maximum
2473 4605 2852 4678 persequentis,
2867 4605 3106 4675 quamvis
3128 4604 3194 4656 sit
3213 4601 3506 4657 voluntaria

1946 4720 2098 4776 pmna
2130 4697 2392 4773 patientis.
2418 4701 2557 4754 Satis
2572 4696 2750 4752 tl'l't’l'em
2790 4694 3034 4762 exposuit
3061 4690 3503 4764 quemadmodum

1947 4810 2105 4864 supra
2129 4793 2338 4850 dixerit.
2373 4790 2478 4844 Pro
2525 4805 2580 4843 eo
2607 4797 2660 4839 ut
2697 4802 2776 4839 me
2803 4785 3084 4854 diligerent,
3121 4782 3241 4852 quia
3262 4780 3506 4836 dilectio-

1949 4901 2068 4939 nem
2110 4900 2213 4937 non
2257 4890 2559 4948 utcumque,
2599 4877 2688 4931 sed
2719 4875 2988 4930 dilectioni
3039 4873 3153 4942 ejus
3203 4871 3503 4933 debebant;

1948 4993 2067 5032 cum
2089 4976 2173 5031 hic
2197 4973 2418 5037 addidit,
2449 4987 2539 5041 pro
2562 4969 2822 5023 dilectione
2845 4984 2973 5021 mea.
3003 4966 3146 5020 llaue
3171 4965 3506 5018 dilectionem

1949 5070 2003 5124 in
2060 5067 2343 5136 Evangelia
2390 5069 2768 5118 commemorat
2795 5101 2810 5119 ,
2857 5059 2944 5112 ubi
2990 5057 3155 5111 dicit:
3203 5051 3504 5114 Jerusalem,

1947 5158 2249 5220 Jerusalem,
2286 5153 2473 5218 quoties
2520 5150 2651 5204 volui
2700 5148 2932 5218 colligere
2956 5147 3087 5214 ﬁlios
3113 5154 3240 5205 tuos,
3271 5152 3510 5210 tanquam

1949 5250 2138 5321 gallina
2181 5246 2346 5318 pullos
2393 5261 2510 5298 suos
2545 5243 2637 5297 sub
2663 5242 2771 5295 alas
2806 5256 2921 5294 suas
2965 5246 3012 5291 et
3055 5233 3256 5289 uoluisti
3281 5232 3299 5301 (
3328 5231 3509 5285 Matth.

1952 5359 2099 5402 χχιιι,
2127 5340 2192 5394 27
2217 5339 2254 5410 ).

2022 5434 2074 5486 7.
2119 5429 2313 5485 Deinde
2342 5443 2458 5497 quae
2484 5441 2577 5496 pro
2604 5425 2711 5493 ipsa
2739 5423 3004 5489 impietate
3030 5416 3301 5484 recipiant,
3334 5412 3516 5479 incipit

1955 5523 2297 5592 prophetare;
2326 5526 2379 5570 et
2401 5531 2466 5571 eo
2486 5513 2642 5568 modo
2666 5513 2748 5566 illa
2774 5508 2920 5574 dicit,
2951 5519 3194 5576 tanquam
3224 5503 3517 5592 ulciscendi

1954 5591 2237 5684 cupiditate
2265 5616 2411 5678 optet
2439 5616 2492 5660 nt
2522 5607 2680 5667 tiam;
2715 5615 2833 5655 cum
2861 5600 3103 5654 dicantur
3126 5595 3298 5650 futura
3326 5591 3522 5648 certis-

1956 5709 2087 5762 sima
2117 5703 2337 5760 veritate
2357 5743 2370 5768 ,
2397 5708 2449 5754 ct
2477 5713 2567 5769 per
2608 5694 2701 5752 Dei
2724 5691 2977 5764 justitiam
3017 5705 3176 5762 super
3205 5688 3333 5745 tales
3360 5686 3518 5756 digne
