4026 6202
523 354 664 410 1435

523 476 764 522 ventura.
818 465 982 534 Quem
1039 459 1250 516 modum
1309 458 1481 515 futura
1546 459 1895 530 praedicendi,
1940 459 2082 514 velut
2129 525 2133 529 V

520 558 697 627 specie
718 557 851 611 male
875 552 1108 623 Optandi,
1128 551 1340 622 quidam
1369 566 1472 606 non
1500 551 1870 623 intelligentes,
1899 560 2083 622 putant

518 652 697 705 odium
737 648 877 712 odio,
918 657 970 701 et
1014 646 1152 701 malo
1184 646 1364 700 animo
1400 645 1595 700 malum
1624 646 1854 700 animum
1891 645 2078 700 reddi:

515 743 760 811 quoniam
791 755 971 794 revera
1005 754 1285 808 paucorum
1312 747 1393 793 est
1433 737 1774 808 dignoscere,
1817 736 2080 808 quomodo

514 836 718 905 placeat
758 849 909 902 paena
937 831 1232 902 iniquorum
1271 832 1559 886 accusatori
1599 831 1896 886 inimicitias
1923 845 2078 884 exsa-

512 935 688 980 turare
715 926 943 996 cupienti
967 967 981 992 ,
1010 935 1062 978 et
1087 941 1240 994 quam
1271 925 1423 994 longe
1447 925 1548 978 alio
1577 925 1733 978 modo
1761 925 1959 993 placeat
1993 924 2080 993 ju-

510 1017 610 1072 dici
656 1027 798 1071 recta
849 1017 1116 1071 voluntate
1167 1024 1382 1085 peccata
1437 1017 1693 1087 punienti.
1745 1017 1834 1073 llle
1885 1018 2078 1088 quippe

508 1106 682 1161 reddit
710 1106 904 1161 malum
933 1122 1028 1176 pro
1061 1107 1234 1171 malo;
1258 1092 1357 1162 iste
1380 1117 1554 1161 autem
1579 1107 1734 1162 etiam
1761 1123 1878 1162 cum
1907 1108 2077 1163 vindi-

507 1205 610 1260 cat,
658 1213 759 1252 non
803 1197 974 1252 reddit
1015 1198 1205 1251 malum
1246 1211 1344 1267 pro
1385 1198 1554 1264 malo,
1597 1199 1842 1268 quoniam
1876 1200 2076 1270 justum

507 1289 680 1360 reddit
709 1289 938 1358 injuste:
965 1289 1102 1360 quod
1124 1300 1298 1345 autem
1321 1289 1518 1359 justum
1544 1299 1643 1358 est,
1675 1291 1854 1362 utique
1879 1292 2074 1347 bonum

505 1387 604 1433 est.
659 1380 815 1435 Punit
853 1396 979 1451 ergo
1029 1397 1134 1435 non
1181 1381 1529 1436 delectatione
1576 1383 1764 1438 alienae
1806 1384 2072 1450 miseriae,

505 1471 644 1540 quod
685 1479 766 1526 est
802 1473 993 1527 malum
1044 1490 1138 1543 pro
1181 1474 1352 1538 malo;
1399 1476 1492 1531 sed
1527 1475 1810 1532 dilectione
1833 1477 2070 1545 iustitiae,

504 1563 641 1632 quod
667 1573 748 1618 est
766 1565 959 1619 bonum
990 1581 1083 1636 pro
1113 1568 1269 1622 malo.
1295 1568 1475 1639 Itaque
1507 1584 1604 1625 nec
1632 1569 1813 1624 lumini
1839 1570 2072 1640 Scriptu-

503 1668 678 1708 rarum
709 1655 1093 1711 calumnientur
1119 1660 1242 1714 czeci
1263 1701 1279 1724 ,
1307 1660 1584 1732 opinantes
1612 1661 1748 1732 quod
1782 1661 1919 1716 Deus
1944 1677 2070 1731 pec-

501 1754 616 1798 cata
656 1760 758 1799 non
784 1747 996 1814 puniat;
1029 1763 1126 1802 nec
1149 1751 1296 1818 quasi
1324 1751 1516 1805 malum
1542 1766 1640 1822 pro
1668 1751 1809 1806 malo
1845 1751 2066 1817 reddat,

499 1835 597 1890 sibi
630 1836 960 1892 blandiantur
1005 1840 1200 1908 injusti.
1242 1842 1528 1898 Audiamus
1565 1858 1691 1914 ergo
1729 1843 1921 1900 deinde
1944 1844 2070 1914 quid

498 1925 706 1982 divinus
756 1944 933 1984 sermo
982 1939 1262 1993 contexat;
1314 1942 1368 1987 et
1417 1935 1468 1987 in
1515 1934 1690 1989 verbis
1737 1934 1886 2004 quasi
1929 1935 2068 1990 mala

499 2021 744 2087 optantis,
768 2021 1118 2092 intelligamus
1144 2023 1387 2092 pra:dicta
1411 2025 1801 2095 prophetantis;
1826 2036 1880 2082 et
1902 2027 2066 2082 Deum

498 2108 630 2179 iusta
658 2110 1031 2165 retribucntem
1055 2153 1070 2178 ,
1093 2113 1366 2168 sublevata
1393 2115 1447 2169 in
1471 2114 1586 2185 ejus
1619 2125 1866 2171 aeternam
1897 2115 2064 2186 legem

497 2208 671 2255 mente
695 2215 992 2255 cernamus.

563 2291 616 2344 8.
658 2289 821 2362 [vers.
860 2291 953 2364 6.]
980 2292 1233 2348 Constitue
1275 2311 1428 2366 super
1479 2312 1595 2350 eum
1636 2309 1964 2366 peccatorum,
2017 2310 2064 2352 et

494 2380 720 2434 diabolus
752 2390 846 2436 stet
873 2399 903 2435 a
941 2383 1128 2438 dextris
1151 2385 1288 2462 ejus.
1316 2385 1447 2442 Cum
1484 2388 1725 2456 superius
1752 2389 1964 2458 querela
1994 2390 2060 2444 de

495 2473 726 2544 pluribus
751 2473 930 2540 fuerit,
961 2492 1100 2531 nunc
1129 2477 1194 2532 de
1224 2493 1328 2532 uno
1354 2479 1584 2550 loquitur
1606 2481 1863 2536 Psalmus.
1893 2481 2061 2550 Supe-

495 2563 606 2617 rius
633 2572 809 2618 autem
847 2563 1086 2619 dixerat:
1133 2565 1314 2620 Loculi
1352 2578 1468 2622 sunt
1492 2570 1753 2623 adversum
1786 2587 1862 2623 me
1889 2571 2060 2641 lingua

494 2652 686 2718 dolosa,
714 2662 759 2707 et
779 2655 1088 2709 sermonibus
1113 2656 1218 2710 odii
1235 2658 1666 2713 circumdederunt
1697 2677 1774 2714 me
1793 2703 1807 2728 ,
1837 2670 1884 2715 et
1903 2678 2061 2731 expu-

493 2754 763 2814 gnaverunt
789 2761 866 2799 me
898 2749 1089 2816 gratis:
1117 2765 1208 2817 pro
1229 2765 1284 2802 eo
1309 2759 1363 2802 ut
1392 2750 1652 2821 diligerent
1686 2768 1762 2804 me
1781 2794 1795 2816 ,
1824 2751 2058 2807 detrahe-

491 2837 608 2889 bant
632 2838 755 2891 mihi
766 2853 784 2900 ;
814 2854 903 2908 ego
935 2849 1109 2908 autem.
1130 2842 1333 2895 orabam
1354 2858 1374 2896 :
1404 2852 1450 2896 et
1492 2855 1760 2912 posuerunt
1797 2844 2058 2899 adversum

489 2943 565 2982 me
592 2929 727 2982 mala
750 2947 839 2999 pro
865 2930 1023 2996 bonis,
1052 2941 1100 2985 et
1125 2933 1294 2986 odium
1319 2951 1410 3004 pro
1439 2935 1700 2989 dilectione
1719 2951 1846 2989 mea.
1869 2936 2056 2991 Omnia

488 3020 554 3075 de
582 3022 832 3091 pluribus.
863 3022 1012 3079 Nunc
1038 3040 1164 3080 vero
1188 3024 1312 3094 quid
1340 3025 1482 3096 digni
1509 3035 1687 3082 essent
1713 3043 1807 3096 pro
1843 3027 1924 3081 his
1955 3029 2055 3082 iui-

487 3113 768 3182 quitatibus
815 3115 960 3182 suis,
1011 3116 1212 3186 etquid
1255 3117 1332 3172 eis
1362 3117 1541 3172 divino
1583 3119 1780 3187 judicio
1824 3121 2053 3176 futurum

485 3216 626 3260 esset
649 3209 1026 3274 prmnuntians,
1059 3206 1330 3274 Constituc,
1363 3210 1548 3279 inquit,
1580 3229 1730 3280 super
1749 3230 1860 3267 eum
1879 3231 2053 3283 pecca-

487 3307 642 3350 torem
672 3313 691 3350 .°
722 3306 966 3368 tanquam
995 3299 1270 3354 intendens
1297 3301 1347 3354 in
1379 3316 1497 3355 eum
1524 3303 1612 3372 qui
1638 3318 1696 3356 se
1740 3304 1952 3359 tradidit
1977 3315 2054 3359 ta-

485 3385 622 3439 libus
643 3427 656 3448 ,
686 3387 753 3441 de
779 3389 1019 3459 qualibus
1048 3391 1154 3444 suis
1185 3390 1410 3445 inimicis
1435 3391 1743 3461 loquebatur
1788 3396 2048 3464 superius.

483 3477 615 3531 Cum
642 3478 909 3548 igiturhic
948 3481 1134 3535 ludam
1173 3482 1475 3538 traditorem
1511 3485 1800 3540 secundum
1823 3487 2052 3557 scriptu-

484 3582 596 3620 ram
619 3568 842 3622 Actuum
867 3570 1233 3638 Apostolorum
1257 3573 1514 3642 supplicio
1533 3573 1712 3630 debito
1737 3579 2054 3646 przeuuntiet

483 3658 802 3728 puniendum
827 3660 957 3733 (Act.
986 3678 1033 3727 ι,
1056 3663 1180 3733 20);
1213 3664 1335 3734 quid
1358 3672 1456 3730 est,
1487 3665 1739 3722 Constitue
1765 3685 1916 3740 super
1941 3687 2053 3725 eum

483 3761 789 3820 peccatorem
812 3793 826 3814 ,
860 3755 956 3807 nisi
988 3769 1106 3807 eum
1151 3771 1305 3824 quem
1342 3757 1581 3824 sequenti
1629 3773 1784 3814 versu
1823 3759 2046 3823 indicat.

481 3856 600 3898 cum
631 3840 784 3910 dicit,
818 3842 885 3897 Et
911 3843 1138 3899 diabolus
1163 3855 1260 3899 stet
1278 3863 1310 3900 a
1342 3846 1532 3902 dextris
1563 3845 1671 3918 ejus
1692 3849 1717 3902 Ρ
1738 3850 1849 3904 Hoc
1877 3851 2050 3922 itaque

482 3938 693 4003 meruit,
723 3947 778 3992 ut
805 3952 963 4009 super
989 3953 1048 3993 se
1086 3939 1275 3996 habeat
1299 3940 1564 3996 diabolum
1584 3983 1598 4008 ,
1629 3942 1681 3996 id
1707 3950 1809 4006 est,
1839 3943 2048 3999 diabolo

480 4027 722 4083 subditus
763 4029 862 4094 sit,
891 4031 978 4099 qui
1009 4030 1218 4085 Christo
1261 4031 1502 4087 subditus
1545 4047 1664 4088 esse
1709 4034 1897 4088 noluit.
1939 4035 2050 4090 Stet

479 4129 654 4174 autem
684 4138 715 4173 a
744 4121 932 4175 dextris
954 4123 1062 4194 ejus
1085 4164 1099 4186 ,
1127 4123 1323 4179 dictum
1347 4133 1465 4189 est,
1491 4125 1612 4195 quia
1650 4141 1811 4195 opera
1847 4125 2046 4202 diaboli

479 4213 764 4282 praeposuit
790 4214 1036 4282 operibus
1067 4215 1174 4268 Dei.
1206 4214 1316 4271 Hoc
1344 4216 1485 4270 enim
1514 4216 1703 4288 cuique
1727 4233 1830 4272 non
1862 4219 2050 4274 imme-
2082 4259 2084 4262 μ

478 4304 581 4358 rito
609 4304 851 4359 dextrum
886 4305 1097 4372 dicitur,
1144 4305 1282 4377 quod
1313 4310 1598 4377 pra-ponit;
1645 4311 1782 4366 sicut
1819 4312 2046 4368 smistrte

476 4395 661 4449 dextra
693 4397 1029 4465 prteponitur.
1065 4397 1186 4453 Ideo
1210 4407 1266 4453 et
1307 4398 1373 4454 de
1403 4400 1508 4454 illis
1546 4401 1633 4472 qui
1661 4403 1841 4458 saeculi
1888 4402 2046 4473 hujus

476 4486 667 4555 gaudia
699 4496 1059 4556 praeponentes
1101 4489 1239 4555 Deo,
1270 4488 1476 4545 beatum
1513 4491 1758 4549 dixerunt
1793 4495 2044 4564 p0pulum

475 4579 560 4633 cui
589 4579 700 4634 haec
727 4588 876 4645 sunt,
906 4581 1197 4636 rectissime
1235 4582 1430 4637 dictum
1461 4593 1544 4639 est
1563 4627 1578 4647 ,
1607 4585 1824 4640 Dextera
1865 4584 2045 4642 eorum
2113 4641 2118 4646 .

476 4669 677 4724 dextera
713 4671 1004 4741 iniquitatis.
1038 4673 1217 4738 Unde,
1251 4675 1390 4744 quod
1420 4675 1665 4731 dixerunt
1704 4678 1914 4733 beatum
1943 4696 2042 4750 po-

475 4761 653 4832 pulum
675 4764 757 4817 cui
780 4759 892 4819 haec
916 4773 1055 4828 sunt,
1079 4781 1139 4820 os
1160 4782 1340 4820 eorum
1365 4767 1596 4821 loculum
1617 4778 1699 4823 est
1724 4769 2039 4837 vanitatem;

473 4853 610 4923 quod
638 4853 703 4910 de
733 4855 834 4910 illis
861 4871 1018 4926 supra
1045 4856 1242 4912 dictum
1272 4867 1373 4912 est.
1400 4847 1762 4925 Cujus'autcm
1792 4875 1851 4915 os
1873 4861 2043 4932 loqui-

473 4955 558 5000 tur
587 4947 878 5012 veritatem,
910 4958 1090 5004 contra
1122 4949 1247 5004 illud
1273 4949 1412 5020 quod
1441 4949 1688 5005 dixerunt
1717 4951 1801 5007 isti
1832 4952 2042 5010 beatum

469 5038 720 5108 populum
756 5039 838 5093 cui
862 5039 975 5094 haec
1002 5049 1125 5094 sunt
1148 5081 1163 5106 ,
1195 5040 1352 5096 debet
1379 5041 1536 5094 etiam
1567 5041 1678 5110 ipse
1701 5042 1879 5099 dicere
1902 5045 2042 5114 quod

469 5131 523 5186 in
550 5132 736 5188 eodem
768 5132 970 5202 psalmo
999 5133 1235 5202 sequitur
1253 5173 1270 5198 .
1304 5132 1489 5186 Beatus
1519 5134 1735 5203 papulas
1765 5136 1907 5206 cujus
1935 5136 2043 5191 Do-

467 5224 631 5278 minus
657 5223 786 5277 Deus
813 5225 1032 5292 ipsorum
1053 5222 1218 5291 (Psal.
1249 5239 1414 5279 chttt
1433 5266 1446 5289 ,
1474 5227 1557 5290 11,
1591 5226 1681 5295 15)
1710 5246 1722 5277 :
1753 5226 1874 5283 huic
1900 5229 2040 5284 enim

467 5332 573 5370 non
618 5316 860 5372 diabolus
904 5324 984 5371 est
1012 5333 1040 5371 a
1088 5317 1307 5383 dextris,
1340 5317 1432 5371 sed
1480 5319 1765 5374 Dominus:
1810 5321 1946 5376 sicut
1989 5332 2043 5378 et

465 5407 590 5462 alibi
608 5408 749 5474 dicit,
773 5407 1106 5462 Providebam
1129 5407 1396 5461 Dominum
1421 5409 1474 5462 in
1497 5419 1759 5478 conspectu
1781 5429 1888 5466 meo
1907 5430 2041 5467 sem-

465 5515 573 5569 per,
604 5501 838 5568 quoniam
873 5516 904 5552 a
931 5501 1117 5554 dextris
1141 5509 1214 5554 est
1241 5499 1364 5553 mihi
1387 5541 1400 5565 ,
1431 5517 1492 5554 ne
1513 5517 1824 5555 commovcar
1851 5502 1870 5572 (
1893 5503 2038 5558 Psal.

466 5604 555 5650 xv,
600 5591 690 5658 8).
740 5591 985 5644 Diabolus
1012 5607 1138 5662 ergo
1180 5591 1324 5647 stetit
1348 5608 1379 5646 a
1411 5591 1610 5646 dextris
1639 5593 1754 5660 ejus
1776 5636 1790 5659 ,
1823 5596 2041 5665 quando

467 5682 754 5747 prmposuit
795 5683 1066 5736 avaritiam
1113 5684 1421 5751 sapientia,
1469 5693 1522 5738 et
1565 5685 1838 5752 pecuniam
1884 5689 2040 5743 saluti

465 5785 607 5835 suae,
650 5781 705 5825 ut
732 5789 851 5826 eum
883 5774 1138 5837 traderet,
1169 5792 1198 5831 a
1226 5794 1326 5845 quo
1351 5777 1532 5832 debuit
1555 5779 1843 5848 possideri,
1877 5796 1943 5837 ne
1971 5782 2038 5837 ab

1756 346 1813 403 S.
1841 343 2201 403 AUGUSTINI
2241 343 2537 401 EPISCOPI

3617 361 3640 416 1
3654 363 3756 422 436

2191 457 2280 511 illo
2311 459 2688 527 possideretur,
2727 463 2880 534 cujus
2907 478 3066 536 opera
3097 467 3209 538 ipse
3235 469 3472 529 Christus
3501 478 3692 545 solvit,
3720 498 3754 536 ει

2188 561 2292 616 quo
2319 547 2485 602 noluit
2511 551 2789 619 possideri.

2258 637 2310 693 9.
2351 638 2517 712 [νει-δ.
2562 641 2654 715 7.]
2692 643 2815 699 Cum
2849 646 3135 718 judicatur,
3182 664 3325 708 exeat
3372 656 3751 716 condemnatus.

2183 729 2364 787 Noluit
2391 733 2530 788 enim
2561 736 2678 790 talis
2702 753 2820 792 esse
2843 739 2926 794 cui
2953 741 3232 812 diceretur,
3261 745 3408 802 Intra
3433 750 3484 804 in
3509 754 3755 823 gaudium

2185 825 2375 879 domini
2399 828 2504 893 tui;
2529 829 2622 884 sed
2653 831 2768 885 talis
2797 831 2865 887 de
2892 851 2996 902 quo
3021 835 3232 905 dicitur,
3260 838 3502 910 Projicite
3528 844 3673 898 illum
3701 847 3753 898 iu

2184 918 2408 971 tenebras
2433 920 2697 974 exteriores
2725 921 2937 992 (Matth.
2971 941 3095 994 xxv,
3117 927 3208 991 21,
3233 929 3345 998 50).
3369 929 3435 984 Et
3459 935 3620 987 oratio
3643 937 3755 1005 ejus

2183 1006 2272 1073 ﬁat
2312 1007 2364 1060 in
2407 1019 2687 1076 peccatum.
2734 1010 2994 1077 Quoniam
3029 1030 3131 1069 non
3159 1026 3241 1071 cst
3265 1018 3402 1087 justa
3431 1023 3618 1087 oratio,
3651 1024 3753 1078 nisi

2179 1111 2277 1166 per
2318 1095 2618 1168 Christum,
2665 1117 2822 1172 quem
2868 1104 3100 1161 vendidit
3141 1107 3468 1166 immanitate
3504 1115 3754 1180 peccati:

2179 1190 2352 1245 oratio
2379 1199 2556 1246 autem
2593 1210 2711 1264 quae
2739 1211 2844 1248 non
2876 1195 2934 1250 lit
2961 1212 3054 1266 per
3080 1196 3344 1255 Christum
3370 1243 3387 1268 ,
3429 1218 3533 1257 non
3573 1205 3750 1260 solum

2178 1294 2284 1334 non
2311 1290 2485 1351 potest
2503 1283 2682 1339 delere
2703 1295 2996 1355 peccatum,
3022 1290 3117 1344 sed
3142 1291 3300 1346 etiam
3329 1292 3440 1361 ipsa
3468 1294 3524 1348 lit
3547 1295 3598 1349 in
3628 1313 3753 1365 pec-

2177 1379 2371 1425 catum.
2414 1372 2635 1438 Quando
2677 1384 2852 1432 autem
2895 1377 3059 1434 Judas
3103 1381 3172 1434 ita
3202 1396 3357 1438 orare
3387 1387 3655 1452 potuerit,
3691 1397 3748 1442 ut

2177 1461 2347 1516 oratio
2371 1461 2485 1532 ejus
2510 1464 2525 1496 ί
2551 1463 2702 1520 ﬁeret
2729 1466 2781 1520 in
2811 1477 3104 1536 peccatum,
3134 1473 3297 1538 quaari
3329 1483 3517 1542 potest.
3547 1474 3747 1542 Credo,

2175 1559 2458 1622 antequam
2485 1554 2763 1610 Dominum
2787 1558 3035 1625 traderet,
3062 1569 3115 1615 et
3139 1561 3205 1616 de
3234 1561 3325 1617 illo
3357 1564 3609 1619 tradendo
3635 1567 3749 1636 jam

2175 1644 2431 1714 cogitaret
2457 1664 2470 1699 :
2494 1661 2598 1702 non
2619 1649 2762 1703 enim
2783 1650 2894 1719 jam
2919 1661 3125 1721 poterat
3151 1668 3306 1710 orare
3337 1671 3430 1725 per
3453 1657 3744 1714 Christum.

2175 1735 2304 1790 Nam
2336 1747 2676 1810 posteaquam
2704 1741 2853 1796 illum
2882 1743 3116 1810 tradidit,
3147 1761 3373 1817 eumque
3401 1749 3668 1817 paenituit,
3699 1753 3747 1807 si

2173 1843 2268 1898 per
2294 1829 2563 1887 Christum
2593 1842 2790 1900 oraret,
2824 1835 3199 1908 indulgentiam
3226 1850 3468 1911 rogaret;
3495 1843 3539 1897 si
3571 1844 3747 1899 indul-

2170 1921 2399 1989 gentiam
2426 1933 2674 1993 rogaret,
2717 1940 2866 1995 spem
2909 1927 3165 1994 haberet;
3210 1931 3255 1985 si
3296 1946 3446 2002 spem
3485 1934 3742 2003 haberet,

2171 2011 2588 2068 misericordiam
2619 2025 2889 2084 speraret;
2939 2018 2985 2073 si
3015 2021 3429 2077 misericordiam
3458 2038 3742 2094 speraret,

2171 2115 2277 2156 non
2325 2102 2427 2158 sibi
2473 2103 2844 2173 deSperatione
2885 2108 3076 2164 collum
3121 2111 3327 2180 ligaret.
3362 2115 3590 2171 Proinde
3618 2132 3741 2172 cum

2168 2191 2420 2260 dixisset,
2465 2193 2591 2250 Cum
2620 2197 2906 2268 judicatur,
2948 2211 3091 2255 exeat
3126 2203 3523 2270 condemnatus;
3567 2223 3633 2261 ne
3673 2209 3741 2264 ab

2166 2285 2479 2342 imminente
2507 2288 2947 2347 condemnatione
2971 2301 3248 2363 putaretur
3272 2311 3332 2351 se
3359 2297 3594 2367 potuisse
3620 2315 3741 2353 ora-

2168 2377 2310 2431 tione
2333 2377 2576 2444 liberare,
2599 2395 2756 2450 quam
2781 2381 3039 2438 didicerat
3060 2399 3178 2439 cum
3199 2386 3576 2459 condiscipulis
3601 2391 3736 2454 suis,

2165 2469 2252 2522 ubi
2282 2469 2494 2536 dicitur,
2525 2469 2731 2532 Dimitte
2757 2474 2898 2528 nobis
2935 2476 3102 2530 debita
3141 2465 3344 2544 nostra,
3383 2481 3512 2535 sicut
3554 2492 3601 2536 et
3645 2501 3740 2539 nos

2162 2559 2456 2615 dimittimus
2498 2563 2795 2620 debitoribus
2828 2567 3049 2622 nostris:
3089 2567 3156 2622 Et
3181 2572 3342 2624 oratio
3366 2573 3496 2642 ejus,
3540 2574 3736 2644 inquit,

2161 2650 2252 2717 ﬁat
2293 2651 2346 2704 in
2384 2661 2677 2720 peccatum;
2721 2656 2843 2724 quia
2875 2672 2978 2711 non
3016 2657 3074 2713 lit
3111 2674 3207 2730 per
3242 2659 3508 2718 Christum
3531 2706 3548 2732 ,
3575 2681 3736 2736 quem

2163 2739 2331 2793 noluit
2355 2741 2539 2811 sequi,
2572 2743 2666 2798 sed
2694 2746 2959 2816 persequi.

2232 2831 2318 2884 10.
2360 2829 2506 2903 [vers.
2536 2832 2614 2906 8.]
2654 2833 2702 2887 [α’
2704 2835 2809 2890 iant
2833 2836 2939 2891 dies
2967 2840 3076 2910 ejus
3104 2842 3273 2912 pauci.
3302 2842 3422 2899 Dies
3445 2847 3554 2919 ejus
3579 2848 3734 2914 dixit,

2161 2920 2275 2976 dies
2313 2925 2640 2993 apostolatus
2683 2927 2832 2997 ejus;
2879 2930 2965 3000 qui
3013 2933 3162 3000 pauci
3206 2933 3452 3003 fuerunt,
3484 2941 3734 3008 quoniam

2157 3025 2279 3069 ante
2310 3019 2604 3086 passionem
2637 3021 2842 3076 Domini
2881 3024 3084 3081 scelere
3112 3027 3276 3096 ipsius
3305 3039 3358 3084 et
3385 3043 3560 3087 morte
3600 3049 3735 3088 con-

2159 3109 2350 3177 sumpti
2379 3119 2519 3164 sunt.
2547 3111 2612 3165 Et
2643 3119 2888 3183 tanquam
2919 3114 3205 3183 diceretur,
3233 3119 3372 3186 Quid
3397 3136 3526 3192 ergo
3552 3123 3644 3178 [iet
3668 3125 3737 3180 de

2158 3199 2514 3254 sacratissimo
2541 3217 2764 3257 numero
2788 3203 3137 3273 duodenario,
3169 3207 3224 3262 in
3251 3225 3356 3280 quo
3383 3226 3490 3266 non
3535 3213 3732 3269 frustra

2161 3289 2419 3346 Dominus
2456 3292 2736 3350 duodecim
2766 3296 2961 3354 habere
2991 3303 3191 3368 primos
3217 3302 3501 3372 Apostolos
3531 3307 3735 3363 voluit?

2155 3382 2405 3438 continuo
2439 3385 2695 3456 subjecit,
2741 3388 2808 3442 Et
2841 3391 3181 3461 episcopatum
3205 3395 3314 3464 ejus
3339 3396 3555 3466 accipiat
3581 3399 3731 3452 alter.

2156 3471 2425 3543 Tanquam
2452 3475 2654 3543 dicens,
2681 3478 2748 3532 Et
2776 3479 2887 3550 ipse
2913 3495 3010 3550 pro
3031 3498 3128 3538 suo
3156 3485 3347 3538 merito
3377 3487 3648 3555 puniatur,
3679 3499 3736 3544 et

2153 3562 2241 3618 ille
2258 3580 2524 3632 numerus,
2549 3569 2876 3637 suppleatur.
2894 3570 3043 3640 Quod
3067 3573 3109 3627 si
3138 3575 3253 3644 quis
3281 3577 3732 3644 quemadmodum

2154 3651 2345 3707 factum
2375 3655 2461 3722 sit,
2493 3657 2630 3712 scire
2657 3656 2942 3725 desiderat,
2977 3661 3140 3716 Actus
3167 3651 3540 3733 Apostolorum
3568 3668 3731 3739 legat.

2225 3745 2311 3798 11.
2354 3744 2502 3817 [vers.
2532 3745 2611 3820 9.]
2650 3747 2805 3802 Fiant
2843 3751 2939 3818 ﬁlii
2976 3752 3082 3823 ejus
3116 3755 3362 3824 orphani,
3389 3766 3434 3810 et
3463 3773 3592 3812 umor
3621 3761 3734 3828 ejus

2151 3835 2320 3888 uidua.
2348 3835 2540 3907 Utique
2582 3848 2792 3894 mortuo
2838 3840 2954 3912 ipso
2978 3882 2992 3908 ,
3035 3853 3090 3898 et
3124 3843 3216 3898 lilii
3242 3845 3357 3916 ejus
3385 3850 3644 3918 orpltani,
3676 3863 3736 3908 et

2153 3943 2284 3982 uxor
2306 3927 2421 3997 ejus
2445 3929 2652 3985 viduata
2683 3943 2783 3985 est.

2222 4019 2306 4073 19..
2350 4017 2499 4092 [vers.
2539 4021 2650 4094 10.]
2691 4021 2944 4079 Nutantes
2982 4033 3350 4100 transferantur
3373 4032 3468 4102 ﬁlii
3505 4035 3651 4102 ejus,
3684 4045 3733 4090 et

2150 4111 2446 4165 mendicant.
2488 4111 2746 4168 Nutantes
2788 4115 2984 4170 dictum
3025 4127 3143 4186 est,
3189 4121 3374 4176 incerti
3415 4139 3517 4192 quo
3559 4137 3729 4192 eant,

2148 4201 2294 4255 omni
2337 4200 2579 4270 praesidio
2621 4204 2877 4260 destituti.
2925 4207 3211 4278 Ejiciantur
3236 4212 3300 4264 de
3337 4213 3732 4273 habitationibus

2147 4291 2272 4345 suis.
2302 4291 2559 4363 Exposuit
2586 4295 2727 4364 quod
2753 4312 2910 4367 supra
2942 4299 3168 4366 dixerat,
3199 4309 3586 4375 transferantur.
3615 4309 3731 4364 Hoc

2147 4392 2323 4438 autem
2351 4393 2516 4440 totum
2543 4389 2811 4457 quomodo
2840 4393 2989 4446 uxori
3019 4394 3132 4463 ejus
3163 4395 3389 4467 ﬁliisque
3415 4401 3725 4472 contigerit,

2153 4486 2437 4548 sequentes
2464 4478 2696 4534 indicant
2724 4497 2926 4537 versus.
3351 4492 3382 4518 "

2218 4570 2304 4624 15.
2346 4568 2492 4641 [vers.
2529 4572 2616 4638 11,
2654 4571 2762 4645 12.]
2804 4573 3073 4630 Scrutetur
3098 4581 3569 4648 fenerator'omnem
3598 4588 3724 4639 sub-

2146 4662 2383 4715 stantiam
2410 4664 2517 4734 ejus
2534 4703 2553 4731 ,
2583 4673 2629 4717 et
2657 4664 2897 4730 diripiant
2935 4668 3086 4721 alieni
3113 4668 3302 4725 labores
3327 4673 3455 4743 ejus.
3507 4672 3630 4727 Non
3660 4677 3726 4728 sit

2146 4753 2226 4808 illi
2251 4754 2456 4824 adjutor
2477 4772 2495 4808 :
2517 4755 2581 4809 ad
2611 4756 2854 4810 tuendam
2883 4756 2996 4826 ejus
3024 4761 3383 4827 posteritatem
3408 4761 3569 4828 dicit;
3601 4765 3725 4820 ideo

2146 4845 2402 4916 sequitur,
2435 4843 2549 4899 Nec
2576 4847 2638 4900 sit
2669 4847 2754 4916 qui
2778 4848 3068 4902 misereatur
3098 4851 3304 4922 pupillis
3330 4853 3460 4921 ejus.

2218 4939 2303 4993 11.
2347 4937 2494 5011 [vers.
2525 4937 2636 5011 15.]
2677 4940 2782 4995 Sed
2808 4941 2930 5012 quia
2966 4953 3182 5010 possent
3207 4945 3363 4998 etiam
3394 4947 3577 5016 pupilli
3605 4949 3727 5006 siue

2146 5029 2386 5100 adjutore
2409 5040 2460 5086 et
2486 5031 2601 5085 sine
2630 5038 2806 5089 tutore
2837 5033 2888 5086 in
2919 5036 3171 5090 aerumnis
3199 5045 3253 5092 et
3280 5047 3516 5107 egestate
3544 5050 3725 5097 tamen

2145 5137 2421 5186 crescere,
2468 5134 2520 5174 et
2558 5137 2725 5192 genus
2755 5126 3134 5196 propagatione
3171 5140 3420 5190 servare;
3451 5131 3720 5199 sequitur,

2145 5221 2199 5267 et
2224 5213 2367 5277 dicit,
2402 5211 2446 5264 F
2448 5213 2552 5265 iant
2577 5214 2681 5267 nati
2699 5214 2807 5284 εἰει
2823 5215 2875 5268 in
2899 5215 3170 5282 interitum,
3193 5217 3246 5270 in
3271 5221 3590 5288 generatione
3617 5239 3726 5275 iuta

2146 5305 2368 5357 deleatur
2391 5319 2568 5356 nomen
2593 5305 2700 5374 ejus
2725 5319 2745 5357 :
2785 5303 2838 5359 id
2873 5316 2995 5370 est,
3038 5307 3176 5376 quod
3200 5306 3268 5363 de
3296 5307 3386 5361 illo
3407 5319 3727 5379 generatum

2146 5405 2244 5456 est,
2269 5395 2376 5463 jam
2405 5411 2507 5448 nou
2538 5405 2774 5464 generet,
2803 5405 2856 5450 et
2881 5397 2987 5451 cito
3017 5405 3268 5452 transeat.

2219 5489 2302 5542 15.
2344 5487 2502 5560 [vers.
2547 5485 2656 5560 14.]
2695 5488 2802 5544 Sed
2839 5489 2964 5560 quid
2996 5501 3077 5545 est
3103 5490 3241 5561 quod
3271 5490 3464 5546 deinde
3491 5495 3725 5564 subjun-

2147 5584 2256 5653 git?
2291 5580 2357 5636 In
2382 5583 2668 5636 memoriam
2692 5584 2861 5637 redeat
2887 5583 3123 5654 iniquitas
3150 5594 3352 5656 patrum
3378 5586 3486 5656 ejus
3511 5586 3564 5639 in
3594 5603 3730 5641 con~

2145 5686 2313 5746 specta
2347 5675 2581 5740 Domini,
2621 5685 2668 5730 et
2710 5688 2963 5746 peccatum
2994 5678 3165 5730 matris
3195 5679 3302 5749 ejus
3333 5695 3433 5733 non
3463 5679 3725 5736 deleatur.

2212 5791 2225 5822 ί
2265 5797 2335 5838 Er.
2363 5797 2414 5840 et
2435 5795 2562 5850 l.ov.,
2587 5801 2678 5839 non
2693 5785 2846 5852 fieret.
2876 5789 3038 5848 Abest,
3062 5801 3174 5849 non,
3195 5790 3257 5839 ab
3281 5795 3380 5839 Am.
3407 5797 3459 5840 et
3479 5801 3510 5838 ι
3531 5795 3644 5842 Mss.
