  <div class='ocr_page' id='page_1' title='image "/cluster/home/n/w/nwhite01/storage/ocr_20150623/37/hvd.32044096580592/214.png"; bbox 0 0 4026 6202; ppageno 0'>
   <div class='ocr_carea' id='block_1_1' title="bbox 339 384 471 440">
    <p class='ocr_par' dir='ltr' id='par_1_1' title="bbox 339 384 471 440">
     <span class='ocr_line' id='line_1_1' title="bbox 339 384 471 440; baseline -0.03 0"><span class='ocrx_word' id='word_1_1' title='bbox 339 384 471 440; x_wconf 72' lang='lat' dir='ltr'><strong>H37</strong></span> 
     </span>
    </p>
   </div>
   <div class='ocr_carea' id='block_1_2' title="bbox 339 473 1902 566">
    <p class='ocr_par' dir='ltr' id='par_1_2' title="bbox 339 473 1902 566">
     <span class='ocr_line' id='line_1_2' title="bbox 339 473 1902 566; baseline -0.021 -10"><span class='ocrx_word' id='word_1_2' title='bbox 339 504 415 557; x_wconf 83' lang='lat' dir='ltr'><strong>Au</strong></span> <span class='ocrx_word' id='word_1_3' title='bbox 447 493 844 566; x_wconf 81' lang='lat' dir='ltr'><strong>intelligendum</strong></span> <span class='ocrx_word' id='word_1_4' title='bbox 869 498 988 554; x_wconf 89' lang='lat' dir='ltr'><strong>est,</strong></span> <span class='ocrx_word' id='word_1_5' title='bbox 1031 496 1086 542; x_wconf 91' lang='lat' dir='ltr'><strong>ut</strong></span> <span class='ocrx_word' id='word_1_6' title='bbox 1115 483 1400 540; x_wconf 93' lang='lat' dir='ltr'><strong>reddantur</strong></span> <span class='ocrx_word' id='word_1_7' title='bbox 1426 482 1472 536; x_wconf 92' lang='lat' dir='ltr'><strong>ei</strong></span> <span class='ocrx_word' id='word_1_8' title='bbox 1505 484 1715 547; x_wconf 88' lang='lat' dir='ltr'><strong>peccata</strong></span> <span class='ocrx_word' id='word_1_9' title='bbox 1743 473 1902 566; x_wconf 84' lang='lat' dir='ltr'><strong>etiam</strong></span> 
     </span>
    </p>
   </div>
   <div class='ocr_carea' id='block_1_3' title="bbox 340 561 1902 665">
    <p class='ocr_par' dir='ltr' id='par_1_3' title="bbox 340 561 1902 665">
     <span class='ocr_line' id='line_1_3' title="bbox 340 561 1902 665; baseline -0.02 -19"><span class='ocrx_word' id='word_1_10' title='bbox 340 561 643 665; x_wconf 34' lang='lat' dir='ltr'><strong>parentum-</strong></span> <span class='ocrx_word' id='word_1_11' title='bbox 666 585 918 641; x_wconf 88' lang='lat' dir='ltr'><strong>suorum?</strong></span> <span class='ocrx_word' id='word_1_12' title='bbox 971 581 1031 636; x_wconf 88' lang='lat' dir='ltr'><strong>Ei</strong></span> <span class='ocrx_word' id='word_1_13' title='bbox 1078 579 1271 650; x_wconf 84' lang='lat' dir='ltr'><strong>quippe</strong></span> <span class='ocrx_word' id='word_1_14' title='bbox 1315 561 1902 665; x_wconf 9' lang='lat' dir='ltr'><strong>nonrredduntnrllqni</strong></span> 
     </span>
    </p>
   </div>
   <div class='ocr_carea' id='block_1_4' title="bbox 342 655 1905 741">
    <p class='ocr_par' dir='ltr' id='par_1_4' title="bbox 342 655 1905 741">
     <span class='ocr_line' id='line_1_4' title="bbox 342 655 1905 741; baseline -0.021 -1"><span class='ocrx_word' id='word_1_15' title='bbox 342 655 494 741; x_wconf 75' lang='lat' dir='ltr'><strong>inerit</strong></span> <span class='ocrx_word' id='word_1_16' title='bbox 538 689 768 735; x_wconf 88' lang='lat' dir='ltr'><strong>mutatus</strong></span> <span class='ocrx_word' id='word_1_17' title='bbox 815 677 865 730; x_wconf 91' lang='lat' dir='ltr'><strong>in</strong></span> <span class='ocrx_word' id='word_1_18' title='bbox 896 673 1139 736; x_wconf 79' lang='lat' dir='ltr'><strong>Christo,</strong></span> <span class='ocrx_word' id='word_1_19' title='bbox 1170 680 1224 723; x_wconf 92' lang='lat' dir='ltr'><strong>et</strong></span> <span class='ocrx_word' id='word_1_20' title='bbox 1251 664 1470 735; x_wconf 64' lang='lat' dir='ltr'><strong>coeperit</strong></span> <span class='ocrx_word' id='word_1_21' title='bbox 1499 675 1616 716; x_wconf 91' lang='lat' dir='ltr'><strong>esse</strong></span> <span class='ocrx_word' id='word_1_22' title='bbox 1643 673 1743 712; x_wconf 87' lang='lat' dir='ltr'><strong>non</strong></span> <span class='ocrx_word' id='word_1_23' title='bbox 1771 655 1905 708; x_wconf 80' lang='lat' dir='ltr'><strong>filius</strong></span> 
     </span>
    </p>
   </div>
   <div class='ocr_carea' id='block_1_5' title="bbox 345 746 1904 844">
    <p class='ocr_par' dir='ltr' id='par_1_5' title="bbox 345 746 1904 844">
     <span class='ocr_line' id='line_1_5' title="bbox 345 746 1904 844; baseline -0.021 -14"><span class='ocrx_word' id='word_1_24' title='bbox 345 778 640 844; x_wconf 90' lang='lat' dir='ltr'><strong>iniquorum</strong></span> <span class='ocrx_word' id='word_1_25' title='bbox 665 811 682 836; x_wconf 95' lang='lat'><strong>,</strong></span> <span class='ocrx_word' id='word_1_26' title='bbox 722 784 824 823; x_wconf 90' lang='lat' dir='ltr'><strong>non</strong></span> <span class='ocrx_word' id='word_1_27' title='bbox 855 767 1085 820; x_wconf 76' lang='lat' dir='ltr'><strong>imitatus</strong></span> <span class='ocrx_word' id='word_1_28' title='bbox 1111 774 1286 815; x_wconf 90' lang='lat' dir='ltr'><strong>mores</strong></span> <span class='ocrx_word' id='word_1_29' title='bbox 1315 770 1495 812; x_wconf 90' lang='lat' dir='ltr'><strong>eorum</strong></span> <span class='ocrx_word' id='word_1_30' title='bbox 1525 770 1537 804; x_wconf 92' lang='lat'><strong>:</strong></span> <span class='ocrx_word' id='word_1_31' title='bbox 1563 751 1679 820; x_wconf 92' lang='lat' dir='ltr'><strong>quia</strong></span> <span class='ocrx_word' id='word_1_32' title='bbox 1703 757 1756 802; x_wconf 93' lang='lat' dir='ltr'><strong>et</strong></span> <span class='ocrx_word' id='word_1_33' title='bbox 1781 746 1904 800; x_wconf 90' lang='lat' dir='ltr'><strong>illud</strong></span> 
     </span>
    </p>
   </div>
   <div class='ocr_carea' id='block_1_6' title="bbox 345 836 1906 928">
    <p class='ocr_par' dir='ltr' id='par_1_6' title="bbox 345 836 1906 928">
     <span class='ocr_line' id='line_1_6' title="bbox 345 836 1906 928; baseline -0.019 -10"><span class='ocrx_word' id='word_1_34' title='bbox 345 866 615 921; x_wconf 78' lang='lat' dir='ltr'><strong>verissime</strong></span> <span class='ocrx_word' id='word_1_35' title='bbox 658 860 909 928; x_wconf 87' lang='lat' dir='ltr'><strong>scriptum</strong></span> <span class='ocrx_word' id='word_1_36' title='bbox 951 863 1070 919; x_wconf 89' lang='lat' dir='ltr'><strong>est,</strong></span> <span class='ocrx_word' id='word_1_37' title='bbox 1118 850 1346 906; x_wconf 86' lang='lat' dir='ltr'><strong>Reddam</strong></span> <span class='ocrx_word' id='word_1_38' title='bbox 1389 853 1587 917; x_wconf 84' lang='lat' dir='ltr'><strong>peccata</strong></span> <span class='ocrx_word' id='word_1_39' title='bbox 1632 849 1828 910; x_wconf 84' lang='lat' dir='ltr'><strong>patrum</strong></span> <span class='ocrx_word' id='word_1_40' title='bbox 1853 836 1906 888; x_wconf 82' lang='lat' dir='ltr'><strong>in</strong></span> 
     </span>
    </p>
   </div>
   <div class='ocr_carea' id='block_1_7' title="bbox 352 931 1908 1028">
    <p class='ocr_par' dir='ltr' id='par_1_7' title="bbox 352 931 1908 1028">
     <span class='ocr_line' id='line_1_7' title="bbox 352 931 1908 1028; baseline -0.021 -16"><span class='ocrx_word' id='word_1_41' title='bbox 352 960 508 1028; x_wconf 74' lang='lat' dir='ltr'><strong>ﬁlios;</strong></span> <span class='ocrx_word' id='word_1_42' title='bbox 535 962 587 1010; x_wconf 84' lang='lat' dir='ltr'><strong>et</strong></span> <span class='ocrx_word' id='word_1_43' title='bbox 616 951 739 1006; x_wconf 90' lang='lat' dir='ltr'><strong>illud</strong></span> <span class='ocrx_word' id='word_1_44' title='bbox 771 949 910 1021; x_wconf 90' lang='lat' dir='ltr'><strong>quod</strong></span> <span class='ocrx_word' id='word_1_45' title='bbox 939 963 1032 1018; x_wconf 85' lang='lat' dir='ltr'><strong>per</strong></span> <span class='ocrx_word' id='word_1_46' title='bbox 1059 943 1368 1015; x_wconf 82' lang='lat' dir='ltr'><strong>prephetam</strong></span> <span class='ocrx_word' id='word_1_47' title='bbox 1397 937 1585 993; x_wconf 90' lang='lat' dir='ltr'><strong>dicitur</strong></span> <span class='ocrx_word' id='word_1_48' title='bbox 1605 975 1620 1001; x_wconf 93' lang='lat'><strong>,</strong></span> <span class='ocrx_word' id='word_1_49' title='bbox 1649 933 1714 987; x_wconf 87' lang='lat' dir='ltr'><strong>Et</strong></span> <span class='ocrx_word' id='word_1_50' title='bbox 1739 931 1908 984; x_wconf 83' lang='lat' dir='ltr'><strong>anima</strong></span> 
     </span>
    </p>
   </div>
   <div class='ocr_carea' id='block_1_8' title="bbox 353 1032 1907 1123">
    <p class='ocr_par' dir='ltr' id='par_1_8' title="bbox 353 1032 1907 1123">
     <span class='ocr_line' id='line_1_8' title="bbox 353 1032 1907 1123; baseline -0.022 -17"><span class='ocrx_word' id='word_1_51' title='bbox 353 1050 507 1123; x_wconf 76' lang='lat' dir='ltr'><strong>patris</strong></span> <span class='ocrx_word' id='word_1_52' title='bbox 526 1065 638 1101; x_wconf 82' lang='lat' dir='ltr'><strong>mea</strong></span> <span class='ocrx_word' id='word_1_53' title='bbox 660 1056 750 1111; x_wconf 77' lang='lat' dir='ltr'><strong>est,</strong></span> <span class='ocrx_word' id='word_1_54' title='bbox 771 1053 812 1098; x_wconf 87' lang='lat' dir='ltr'><strong>et</strong></span> <span class='ocrx_word' id='word_1_55' title='bbox 838 1043 1005 1096; x_wconf 85' lang='lat' dir='ltr'><strong>anima</strong></span> <span class='ocrx_word' id='word_1_56' title='bbox 1027 1039 1119 1108; x_wconf 79' lang='lat' dir='ltr'><strong>[iiii</strong></span> <span class='ocrx_word' id='word_1_57' title='bbox 1139 1054 1248 1091; x_wconf 83' lang='lat' dir='ltr'><strong>mea</strong></span> <span class='ocrx_word' id='word_1_58' title='bbox 1273 1045 1378 1098; x_wconf 87' lang='lat' dir='ltr'><strong>est;</strong></span> <span class='ocrx_word' id='word_1_59' title='bbox 1402 1032 1570 1086; x_wconf 81' lang='lat' dir='ltr'><strong>anima</strong></span> <span class='ocrx_word' id='word_1_60' title='bbox 1594 1041 1705 1097; x_wconf 72' lang='lat' dir='ltr'><strong>qua:</strong></span> <span class='ocrx_word' id='word_1_61' title='bbox 1730 1037 1907 1093; x_wconf 87' lang='lat' dir='ltr'><strong>pecca-</strong></span> 
     </span>
    </p>
   </div>
   <div class='ocr_carea' id='block_1_9' title="bbox 351 1113 1906 1210">
    <p class='ocr_par' dir='ltr' id='par_1_9' title="bbox 351 1113 1906 1210">
     <span class='ocr_line' id='line_1_9' title="bbox 351 1113 1906 1210; baseline -0.021 -12"><span class='ocrx_word' id='word_1_62' title='bbox 351 1113 488 1206; x_wconf 65' lang='lat' dir='ltr'><strong>iurit,</strong></span> <span class='ocrx_word' id='word_1_63' title='bbox 515 1146 625 1210; x_wconf 84' lang='lat' dir='ltr'><strong>ipsa</strong></span> <span class='ocrx_word' id='word_1_64' title='bbox 652 1140 910 1193; x_wconf 76' lang='lat' dir='ltr'><strong>morietur.</strong></span> <span class='ocrx_word' id='word_1_65' title='bbox 939 1136 1052 1190; x_wconf 81' lang='lat' dir='ltr'><strong>Hoc</strong></span> <span class='ocrx_word' id='word_1_66' title='bbox 1079 1133 1270 1203; x_wconf 80' lang='lat' dir='ltr'><strong>quippe</strong></span> <span class='ocrx_word' id='word_1_67' title='bbox 1293 1129 1488 1182; x_wconf 90' lang='lat' dir='ltr'><strong>dictum</strong></span> <span class='ocrx_word' id='word_1_68' title='bbox 1515 1133 1595 1178; x_wconf 90' lang='lat' dir='ltr'><strong>est</strong></span> <span class='ocrx_word' id='word_1_69' title='bbox 1618 1121 1684 1176; x_wconf 87' lang='lat' dir='ltr'><strong>de</strong></span> <span class='ocrx_word' id='word_1_70' title='bbox 1714 1118 1795 1171; x_wconf 83' lang='lat' dir='ltr'><strong>his</strong></span> <span class='ocrx_word' id='word_1_71' title='bbox 1819 1113 1906 1184; x_wconf 90' lang='lat' dir='ltr'><strong>qui</strong></span> 
     </span>
    </p>
   </div>
   <div class='ocr_carea' id='block_1_10' title="bbox 351 1214 1908 1295">
    <p class='ocr_par' dir='ltr' id='par_1_10' title="bbox 351 1214 1908 1295">
     <span class='ocr_line' id='line_1_10' title="bbox 351 1214 1908 1295; baseline -0.021 -2"><span class='ocrx_word' id='word_1_72' title='bbox 351 1244 722 1295; x_wconf 79' lang='lat' dir='ltr'><strong>convertuntur</strong></span> <span class='ocrx_word' id='word_1_73' title='bbox 746 1231 812 1285; x_wconf 90' lang='lat' dir='ltr'><strong>ad</strong></span> <span class='ocrx_word' id='word_1_74' title='bbox 845 1232 1027 1292; x_wconf 88' lang='lat' dir='ltr'><strong>Deum,</strong></span> <span class='ocrx_word' id='word_1_75' title='bbox 1059 1236 1112 1280; x_wconf 89' lang='lat' dir='ltr'><strong>et</strong></span> <span class='ocrx_word' id='word_1_76' title='bbox 1135 1240 1238 1278; x_wconf 93' lang='lat' dir='ltr'><strong>non</strong></span> <span class='ocrx_word' id='word_1_77' title='bbox 1266 1221 1534 1276; x_wconf 80' lang='lat' dir='ltr'><strong>imitamur</strong></span> <span class='ocrx_word' id='word_1_78' title='bbox 1554 1214 1687 1268; x_wconf 89' lang='lat' dir='ltr'><strong>mala</strong></span> <span class='ocrx_word' id='word_1_79' title='bbox 1717 1224 1908 1281; x_wconf 89' lang='lat' dir='ltr'><strong>paren-</strong></span> 
     </span>
    </p>
   </div>
   <div class='ocr_carea' id='block_1_11' title="bbox 353 1301 1906 1395">
    <p class='ocr_par' dir='ltr' id='par_1_11' title="bbox 353 1301 1906 1395">
     <span class='ocr_line' id='line_1_11' title="bbox 353 1301 1906 1395; baseline -0.023 -9"><span class='ocrx_word' id='word_1_80' title='bbox 353 1343 455 1387; x_wconf 92' lang='lat' dir='ltr'><strong>tum</strong></span> <span class='ocrx_word' id='word_1_81' title='bbox 484 1342 731 1391; x_wconf 88' lang='lat' dir='ltr'><strong>suorum;</strong></span> <span class='ocrx_word' id='word_1_82' title='bbox 759 1322 897 1395; x_wconf 86' lang='lat' dir='ltr'><strong>quod</strong></span> <span class='ocrx_word' id='word_1_83' title='bbox 925 1321 1038 1390; x_wconf 89' lang='lat' dir='ltr'><strong>ipse</strong></span> <span class='ocrx_word' id='word_1_84' title='bbox 1067 1317 1320 1388; x_wconf 81' lang='lat' dir='ltr'><strong>propheta</strong></span> <span class='ocrx_word' id='word_1_85' title='bbox 1349 1309 1619 1366; x_wconf 81' lang='lat' dir='ltr'><strong>evidenter</strong></span> <span class='ocrx_word' id='word_1_86' title='bbox 1641 1301 1906 1358; x_wconf 85' lang='lat' dir='ltr'><strong>ostendit:</strong></span> 
     </span>
    </p>
   </div>
   <div class='ocr_carea' id='block_1_12' title="bbox 353 1391 1908 1486">
    <p class='ocr_par' dir='ltr' id='par_1_12' title="bbox 353 1391 1908 1486">
     <span class='ocr_line' id='line_1_12' title="bbox 353 1391 1908 1486; baseline -0.02 -11"><span class='ocrx_word' id='word_1_87' title='bbox 353 1426 473 1479; x_wconf 82' lang='lat' dir='ltr'><strong>dicit</strong></span> <span class='ocrx_word' id='word_1_88' title='bbox 511 1420 654 1474; x_wconf 90' lang='lat' dir='ltr'><strong>enim</strong></span> <span class='ocrx_word' id='word_1_89' title='bbox 688 1426 960 1486; x_wconf 83' lang='lat' dir='ltr'><strong>parentum</strong></span> <span class='ocrx_word' id='word_1_90' title='bbox 987 1408 1287 1480; x_wconf 73' lang='lat' dir='ltr'><strong>iniquitates</strong></span> <span class='ocrx_word' id='word_1_91' title='bbox 1321 1403 1397 1458; x_wconf 90' lang='lat' dir='ltr'><strong>eis</strong></span> <span class='ocrx_word' id='word_1_92' title='bbox 1435 1415 1539 1454; x_wconf 92' lang='lat' dir='ltr'><strong>non</strong></span> <span class='ocrx_word' id='word_1_93' title='bbox 1565 1397 1790 1458; x_wconf 89' lang='lat' dir='ltr'><strong>obesse,</strong></span> <span class='ocrx_word' id='word_1_94' title='bbox 1820 1391 1908 1460; x_wconf 92' lang='lat' dir='ltr'><strong>qui</strong></span> 
     </span>
    </p>
   </div>
   <div class='ocr_carea' id='block_1_13' title="bbox 353 1486 1909 1584">
    <p class='ocr_par' dir='ltr' id='par_1_13' title="bbox 353 1486 1909 1584">
     <span class='ocr_line' id='line_1_13' title="bbox 353 1486 1909 1584; baseline -0.019 -18"><span class='ocrx_word' id='word_1_95' title='bbox 353 1515 598 1584; x_wconf 76' lang='lat' dir='ltr'><strong>justitiam</strong></span> <span class='ocrx_word' id='word_1_96' title='bbox 639 1505 877 1564; x_wconf 80' lang='lat' dir='ltr'><strong>iaciendo</strong></span> <span class='ocrx_word' id='word_1_97' title='bbox 915 1500 1196 1558; x_wconf 84' lang='lat' dir='ltr'><strong>dissimiles</strong></span> <span class='ocrx_word' id='word_1_98' title='bbox 1234 1496 1425 1552; x_wconf 89' lang='lat' dir='ltr'><strong>fuerint</strong></span> <span class='ocrx_word' id='word_1_99' title='bbox 1452 1489 1657 1576; x_wconf 75' lang='lat' dir='ltr'><strong>(Ezeclt.</strong></span> <span class='ocrx_word' id='word_1_100' title='bbox 1683 1501 1829 1550; x_wconf 80' lang='lat' dir='ltr'><strong>xvnt,</strong></span> <span class='ocrx_word' id='word_1_101' title='bbox 1855 1486 1909 1546; x_wconf 81' lang='grc'><strong>4,</strong></span> 
     </span>
    </p>
   </div>
   <div class='ocr_carea' id='block_1_14' title="bbox 353 1581 1914 1673">
    <p class='ocr_par' dir='ltr' id='par_1_14' title="bbox 353 1581 1914 1673">
     <span class='ocr_line' id='line_1_14' title="bbox 353 1581 1914 1673; baseline -0.021 -14"><span class='ocrx_word' id='word_1_102' title='bbox 353 1581 462 1673; x_wconf 61' lang='grc' dir='ltr'><strong>ἑο).</strong></span> <span class='ocrx_word' id='word_1_103' title='bbox 494 1600 627 1657; x_wconf 90' lang='lat' dir='ltr'><strong>Illud</strong></span> <span class='ocrx_word' id='word_1_104' title='bbox 653 1607 828 1653; x_wconf 83' lang='lat' dir='ltr'><strong>autem</strong></span> <span class='ocrx_word' id='word_1_105' title='bbox 858 1593 996 1666; x_wconf 87' lang='lat' dir='ltr'><strong>quod</strong></span> <span class='ocrx_word' id='word_1_106' title='bbox 1031 1590 1227 1647; x_wconf 89' lang='lat' dir='ltr'><strong>dictum</strong></span> <span class='ocrx_word' id='word_1_107' title='bbox 1269 1595 1388 1652; x_wconf 91' lang='lat' dir='ltr'><strong>est,</strong></span> <span class='ocrx_word' id='word_1_108' title='bbox 1438 1581 1667 1637; x_wconf 86' lang='lat' dir='ltr'><strong>Reddam</strong></span> <span class='ocrx_word' id='word_1_109' title='bbox 1713 1584 1914 1673; x_wconf 55' lang='lat' dir='ltr'><strong>peccata</strong></span> 
     </span>
    </p>
   </div>
   <div class='ocr_carea' id='block_1_15' title="bbox 355 1665 1910 1765">
    <p class='ocr_par' dir='ltr' id='par_1_15' title="bbox 355 1665 1910 1765">
     <span class='ocr_line' id='line_1_15' title="bbox 355 1665 1910 1765; baseline -0.021 -15"><span class='ocrx_word' id='word_1_110' title='bbox 355 1665 550 1765; x_wconf 68' lang='lat' dir='ltr'><strong>patrum</strong></span> <span class='ocrx_word' id='word_1_111' title='bbox 589 1709 643 1745; x_wconf 82' lang='lat' dir='ltr'><strong>tn</strong></span> <span class='ocrx_word' id='word_1_112' title='bbox 687 1689 820 1758; x_wconf 81' lang='lat' dir='ltr'><strong>ﬁlios</strong></span> <span class='ocrx_word' id='word_1_113' title='bbox 840 1728 856 1754; x_wconf 94' lang='lat'><strong>,</strong></span> <span class='ocrx_word' id='word_1_114' title='bbox 876 1665 1114 1740; x_wconf 84' lang='lat' dir='ltr'><strong>additum</strong></span> <span class='ocrx_word' id='word_1_115' title='bbox 1140 1689 1240 1744; x_wconf 88' lang='lat' dir='ltr'><strong>est,</strong></span> <span class='ocrx_word' id='word_1_116' title='bbox 1267 1677 1350 1748; x_wconf 81' lang='lat' dir='ltr'><strong>qui</strong></span> <span class='ocrx_word' id='word_1_117' title='bbox 1379 1675 1589 1729; x_wconf 87' lang='lat' dir='ltr'><strong>oderunt</strong></span> <span class='ocrx_word' id='word_1_118' title='bbox 1615 1687 1693 1724; x_wconf 88' lang='lat' dir='ltr'><strong>me</strong></span> <span class='ocrx_word' id='word_1_119' title='bbox 1719 1665 1910 1741; x_wconf 77' lang='lat' dir='ltr'><strong>(Exod.</strong></span> 
     </span>
    </p>
   </div>
   <div class='ocr_carea' id='block_1_16' title="bbox 355 1769 1908 1853">
    <p class='ocr_par' dir='ltr' id='par_1_16' title="bbox 355 1769 1908 1853">
     <span class='ocr_line' id='line_1_16' title="bbox 355 1769 1908 1853; baseline -0.02 -12"><span class='ocrx_word' id='word_1_120' title='bbox 355 1803 442 1850; x_wconf 76' lang='lat' dir='ltr'><strong>xx,</strong></span> <span class='ocrx_word' id='word_1_121' title='bbox 473 1786 566 1853; x_wconf 88' lang='lat'><strong>5),</strong></span> <span class='ocrx_word' id='word_1_122' title='bbox 595 1783 697 1836; x_wconf 88' lang='lat' dir='ltr'><strong>hoc</strong></span> <span class='ocrx_word' id='word_1_123' title='bbox 723 1789 831 1844; x_wconf 89' lang='lat' dir='ltr'><strong>est,</strong></span> <span class='ocrx_word' id='word_1_124' title='bbox 875 1777 1012 1831; x_wconf 85' lang='lat' dir='ltr'><strong>sicut</strong></span> <span class='ocrx_word' id='word_1_125' title='bbox 1039 1788 1125 1828; x_wconf 90' lang='lat' dir='ltr'><strong>me</strong></span> <span class='ocrx_word' id='word_1_126' title='bbox 1153 1769 1373 1826; x_wconf 88' lang='lat' dir='ltr'><strong>oderant</strong></span> <span class='ocrx_word' id='word_1_127' title='bbox 1405 1773 1647 1835; x_wconf 88' lang='lat' dir='ltr'><strong>parentes</strong></span> <span class='ocrx_word' id='word_1_128' title='bbox 1688 1774 1870 1815; x_wconf 90' lang='lat' dir='ltr'><strong>eorum</strong></span> <span class='ocrx_word' id='word_1_129' title='bbox 1897 1775 1908 1810; x_wconf 92' lang='lat'>:</span> 
     </span>
    </p>
   </div>
   <div class='ocr_carea' id='block_1_17' title="bbox 356 1851 1912 1944">
    <p class='ocr_par' dir='ltr' id='par_1_17' title="bbox 356 1851 1912 1944">
     <span class='ocr_line' id='line_1_17' title="bbox 356 1851 1912 1944; baseline -0.018 -14"><span class='ocrx_word' id='word_1_130' title='bbox 356 1888 411 1930; x_wconf 91' lang='lat' dir='ltr'><strong>ut</strong></span> <span class='ocrx_word' id='word_1_131' title='bbox 448 1851 894 1944; x_wconf 82' lang='lat' dir='ltr'><strong>quemadmodum</strong></span> <span class='ocrx_word' id='word_1_132' title='bbox 933 1867 1190 1921; x_wconf 87' lang='lat' dir='ltr'><strong>bonorum</strong></span> <span class='ocrx_word' id='word_1_133' title='bbox 1230 1857 1454 1914; x_wconf 80' lang='lat' dir='ltr'><strong>imitatio</strong></span> <span class='ocrx_word' id='word_1_134' title='bbox 1497 1855 1620 1910; x_wconf 81' lang='lat' dir='ltr'><strong>facit</strong></span> <span class='ocrx_word' id='word_1_135' title='bbox 1657 1860 1715 1906; x_wconf 94' lang='lat' dir='ltr'><strong>ut</strong></span> <span class='ocrx_word' id='word_1_136' title='bbox 1755 1851 1912 1906; x_wconf 92' lang='lat' dir='ltr'><strong>etiam</strong></span> 
     </span>
    </p>
   </div>
   <div class='ocr_carea' id='block_1_18' title="bbox 358 1938 1914 2037">
    <p class='ocr_par' dir='ltr' id='par_1_18' title="bbox 358 1938 1914 2037">
     <span class='ocr_line' id='line_1_18' title="bbox 358 1938 1914 2037; baseline -0.021 -14"><span class='ocrx_word' id='word_1_137' title='bbox 358 1967 564 2037; x_wconf 88' lang='lat' dir='ltr'><strong>pr0pria</strong></span> <span class='ocrx_word' id='word_1_138' title='bbox 596 1972 806 2034; x_wconf 87' lang='lat' dir='ltr'><strong>peccata</strong></span> <span class='ocrx_word' id='word_1_139' title='bbox 837 1959 1110 2014; x_wconf 85' lang='lat' dir='ltr'><strong>deleantur</strong></span> <span class='ocrx_word' id='word_1_140' title='bbox 1130 1993 1145 2018; x_wconf 91' lang='lat'><strong>,</strong></span> <span class='ocrx_word' id='word_1_141' title='bbox 1191 1951 1266 2005; x_wconf 92' lang='lat' dir='ltr'><strong>sic</strong></span> <span class='ocrx_word' id='word_1_142' title='bbox 1304 1948 1559 2003; x_wconf 88' lang='lat' dir='ltr'><strong>malorum</strong></span> <span class='ocrx_word' id='word_1_143' title='bbox 1588 1942 1810 1997; x_wconf 81' lang='lat' dir='ltr'><strong>imitatio</strong></span> <span class='ocrx_word' id='word_1_144' title='bbox 1836 1938 1914 1992; x_wconf 85' lang='lat' dir='ltr'><strong>fa-</strong></span> 
     </span>
    </p>
   </div>
   <div class='ocr_carea' id='block_1_19' title="bbox 360 2029 1913 2115">
    <p class='ocr_par' dir='ltr' id='par_1_19' title="bbox 360 2029 1913 2115">
     <span class='ocr_line' id='line_1_19' title="bbox 360 2029 1913 2115; baseline -0.021 -1"><span class='ocrx_word' id='word_1_145' title='bbox 360 2071 460 2115; x_wconf 81' lang='lat' dir='ltr'><strong>ctat</strong></span> <span class='ocrx_word' id='word_1_146' title='bbox 485 2067 540 2111; x_wconf 88' lang='lat' dir='ltr'><strong>nt</strong></span> <span class='ocrx_word' id='word_1_147' title='bbox 568 2071 672 2110; x_wconf 91' lang='lat' dir='ltr'><strong>non</strong></span> <span class='ocrx_word' id='word_1_148' title='bbox 699 2053 866 2107; x_wconf 91' lang='lat' dir='ltr'><strong>solum</strong></span> <span class='ocrx_word' id='word_1_149' title='bbox 897 2062 989 2104; x_wconf 91' lang='lat' dir='ltr'><strong>sua</strong></span> <span class='ocrx_word' id='word_1_150' title='bbox 1014 2087 1029 2110; x_wconf 95' lang='lat'><strong>,</strong></span> <span class='ocrx_word' id='word_1_151' title='bbox 1059 2043 1152 2100; x_wconf 88' lang='lat' dir='ltr'><strong>sed</strong></span> <span class='ocrx_word' id='word_1_152' title='bbox 1180 2043 1336 2097; x_wconf 89' lang='lat' dir='ltr'><strong>etiam</strong></span> <span class='ocrx_word' id='word_1_153' title='bbox 1363 2052 1544 2094; x_wconf 90' lang='lat' dir='ltr'><strong>eorum</strong></span> <span class='ocrx_word' id='word_1_154' title='bbox 1574 2049 1705 2104; x_wconf 85' lang='lat' dir='ltr'><strong>quos</strong></span> <span class='ocrx_word' id='word_1_155' title='bbox 1731 2029 1913 2085; x_wconf 82' lang='lat' dir='ltr'><strong>imitati</strong></span> 
     </span>
    </p>
   </div>
   <div class='ocr_carea' id='block_1_20' title="bbox 361 2121 1916 2213">
    <p class='ocr_par' dir='ltr' id='par_1_20' title="bbox 361 2121 1916 2213">
     <span class='ocr_line' id='line_1_20' title="bbox 361 2121 1916 2213; baseline -0.022 -6"><span class='ocrx_word' id='word_1_156' title='bbox 361 2160 515 2213; x_wconf 88' lang='lat' dir='ltr'><strong>sunt,</strong></span> <span class='ocrx_word' id='word_1_157' title='bbox 563 2146 752 2201; x_wconf 89' lang='lat' dir='ltr'><strong>merita</strong></span> <span class='ocrx_word' id='word_1_158' title='bbox 782 2142 1085 2198; x_wconf 88' lang='lat' dir='ltr'><strong>sortiantur.</strong></span> <span class='ocrx_word' id='word_1_159' title='bbox 1126 2136 1179 2192; x_wconf 91' lang='lat' dir='ltr'><strong>Si</strong></span> <span class='ocrx_word' id='word_1_160' title='bbox 1223 2147 1348 2203; x_wconf 89' lang='lat' dir='ltr'><strong>ergo</strong></span> <span class='ocrx_word' id='word_1_161' title='bbox 1371 2129 1532 2185; x_wconf 84' lang='lat' dir='ltr'><strong>Judas</strong></span> <span class='ocrx_word' id='word_1_162' title='bbox 1563 2135 1763 2181; x_wconf 86' lang='lat' dir='ltr'><strong>teneret</strong></span> <span class='ocrx_word' id='word_1_163' title='bbox 1790 2121 1916 2176; x_wconf 92' lang='lat' dir='ltr'><strong>illud</strong></span> 
     </span>
    </p>
   </div>
   <div class='ocr_carea' id='block_1_21' title="bbox 360 2217 1920 2310">
    <p class='ocr_par' dir='ltr' id='par_1_21' title="bbox 360 2217 1920 2310">
     <span class='ocr_line' id='line_1_21' title="bbox 360 2217 1920 2310; baseline -0.02 -14"><span class='ocrx_word' id='word_1_164' title='bbox 360 2242 422 2296; x_wconf 89' lang='lat' dir='ltr'><strong>ad</strong></span> <span class='ocrx_word' id='word_1_165' title='bbox 450 2237 592 2310; x_wconf 84' lang='lat' dir='ltr'><strong>quod</strong></span> <span class='ocrx_word' id='word_1_166' title='bbox 617 2245 833 2291; x_wconf 86' lang='lat' dir='ltr'><strong>vocatus</strong></span> <span class='ocrx_word' id='word_1_167' title='bbox 856 2240 958 2296; x_wconf 89' lang='lat' dir='ltr'><strong>est,</strong></span> <span class='ocrx_word' id='word_1_168' title='bbox 987 2229 1130 2283; x_wconf 89' lang='lat' dir='ltr'><strong>nullo</strong></span> <span class='ocrx_word' id='word_1_169' title='bbox 1155 2225 1314 2280; x_wconf 90' lang='lat' dir='ltr'><strong>modo</strong></span> <span class='ocrx_word' id='word_1_170' title='bbox 1333 2221 1396 2275; x_wconf 89' lang='lat' dir='ltr'><strong>ad</strong></span> <span class='ocrx_word' id='word_1_171' title='bbox 1420 2235 1537 2274; x_wconf 91' lang='lat' dir='ltr'><strong>eum</strong></span> <span class='ocrx_word' id='word_1_172' title='bbox 1558 2217 1640 2272; x_wconf 87' lang='lat' dir='ltr'><strong>vel</strong></span> <span class='ocrx_word' id='word_1_173' title='bbox 1667 2230 1758 2270; x_wconf 88' lang='lat' dir='ltr'><strong>sua</strong></span> <span class='ocrx_word' id='word_1_174' title='bbox 1785 2229 1920 2284; x_wconf 76' lang='lat' dir='ltr'><strong>pra:-</strong></span> 
     </span>
    </p>
   </div>
   <div class='ocr_carea' id='block_1_22' title="bbox 363 2307 1919 2398">
    <p class='ocr_par' dir='ltr' id='par_1_22' title="bbox 363 2307 1919 2398">
     <span class='ocr_line' id='line_1_22' title="bbox 363 2307 1919 2398; baseline -0.022 -8"><span class='ocrx_word' id='word_1_175' title='bbox 363 2307 511 2390; x_wconf 71' lang='lat' dir='ltr'><strong>teriia</strong></span> <span class='ocrx_word' id='word_1_176' title='bbox 536 2373 553 2398; x_wconf 94' lang='lat'><strong>,</strong></span> <span class='ocrx_word' id='word_1_177' title='bbox 595 2329 676 2383; x_wconf 91' lang='lat' dir='ltr'><strong>vel</strong></span> <span class='ocrx_word' id='word_1_178' title='bbox 721 2333 996 2398; x_wconf 77' lang='lat' dir='ltr'><strong>parentum</strong></span> <span class='ocrx_word' id='word_1_179' title='bbox 1025 2317 1272 2390; x_wconf 83' lang='lat' dir='ltr'><strong>iniquitas</strong></span> <span class='ocrx_word' id='word_1_180' title='bbox 1303 2314 1619 2385; x_wconf 90' lang='lat' dir='ltr'><strong>pertineret:</strong></span> <span class='ocrx_word' id='word_1_181' title='bbox 1642 2307 1762 2378; x_wconf 90' lang='lat' dir='ltr'><strong>quia</strong></span> <span class='ocrx_word' id='word_1_182' title='bbox 1793 2318 1919 2374; x_wconf 85' lang='lat' dir='ltr'><strong>ergo</strong></span> 
     </span>
    </p>
   </div>
   <div class='ocr_carea' id='block_1_23' title="bbox 362 2397 1917 2487">
    <p class='ocr_par' dir='ltr' id='par_1_23' title="bbox 362 2397 1917 2487">
     <span class='ocr_line' id='line_1_23' title="bbox 362 2397 1917 2487; baseline -0.021 -6"><span class='ocrx_word' id='word_1_183' title='bbox 362 2442 463 2482; x_wconf 88' lang='lat' dir='ltr'><strong>non</strong></span> <span class='ocrx_word' id='word_1_184' title='bbox 492 2397 664 2478; x_wconf 75' lang='lat' dir='ltr'><strong>tenuit</strong></span> <span class='ocrx_word' id='word_1_185' title='bbox 686 2397 1018 2487; x_wconf 88' lang='lat' dir='ltr'><strong>adoptionem</strong></span> <span class='ocrx_word' id='word_1_186' title='bbox 1041 2413 1096 2466; x_wconf 90' lang='lat' dir='ltr'><strong>in</strong></span> <span class='ocrx_word' id='word_1_187' title='bbox 1116 2409 1308 2465; x_wconf 78' lang='lat' dir='ltr'><strong>familia</strong></span> <span class='ocrx_word' id='word_1_188' title='bbox 1333 2406 1445 2469; x_wconf 88' lang='lat' dir='ltr'><strong>Dei,</strong></span> <span class='ocrx_word' id='word_1_189' title='bbox 1475 2401 1569 2458; x_wconf 90' lang='lat' dir='ltr'><strong>sed</strong></span> <span class='ocrx_word' id='word_1_190' title='bbox 1593 2397 1917 2468; x_wconf 85' lang='lat' dir='ltr'><strong>iniquitatem</strong></span> 
     </span>
    </p>
   </div>
   <div class='ocr_carea' id='block_1_24' title="bbox 362 2495 1917 2582">
    <p class='ocr_par' dir='ltr' id='par_1_24' title="bbox 362 2495 1917 2582">
     <span class='ocr_line' id='line_1_24' title="bbox 362 2495 1917 2582; baseline -0.021 -9"><span class='ocrx_word' id='word_1_191' title='bbox 362 2516 550 2573; x_wconf 87' lang='lat' dir='ltr'><strong>vetusti</strong></span> <span class='ocrx_word' id='word_1_192' title='bbox 589 2510 797 2582; x_wconf 79' lang='lat' dir='ltr'><strong>generis</strong></span> <span class='ocrx_word' id='word_1_193' title='bbox 825 2507 996 2577; x_wconf 87' lang='lat' dir='ltr'><strong>potius</strong></span> <span class='ocrx_word' id='word_1_194' title='bbox 1021 2503 1208 2572; x_wconf 80' lang='lat' dir='ltr'><strong>elegit;</strong></span> <span class='ocrx_word' id='word_1_195' title='bbox 1249 2498 1406 2554; x_wconf 85' lang='lat' dir='ltr'><strong>rediit</strong></span> <span class='ocrx_word' id='word_1_196' title='bbox 1437 2495 1682 2563; x_wconf 87' lang='lat' dir='ltr'><strong>iniquitas</strong></span> <span class='ocrx_word' id='word_1_197' title='bbox 1712 2497 1917 2560; x_wconf 83' lang='lat' dir='ltr'><strong>patrum</strong></span> 
     </span>
    </p>
   </div>
   <div class='ocr_carea' id='block_1_25' title="bbox 363 2579 1919 2678">
    <p class='ocr_par' dir='ltr' id='par_1_25' title="bbox 363 2579 1919 2678">
     <span class='ocr_line' id='line_1_25' title="bbox 363 2579 1919 2678; baseline -0.021 -14"><span class='ocrx_word' id='word_1_198' title='bbox 363 2609 473 2678; x_wconf 83' lang='lat' dir='ltr'><strong>ejus</strong></span> <span class='ocrx_word' id='word_1_199' title='bbox 498 2607 550 2660; x_wconf 91' lang='lat' dir='ltr'><strong>in</strong></span> <span class='ocrx_word' id='word_1_200' title='bbox 579 2579 864 2669; x_wconf 67' lang='lat' dir='ltr'><strong>conspectu</strong></span> <span class='ocrx_word' id='word_1_201' title='bbox 896 2593 1133 2656; x_wconf 91' lang='lat' dir='ltr'><strong>Domini,</strong></span> <span class='ocrx_word' id='word_1_202' title='bbox 1181 2599 1237 2644; x_wconf 93' lang='lat' dir='ltr'><strong>ut</strong></span> <span class='ocrx_word' id='word_1_203' title='bbox 1265 2591 1316 2642; x_wconf 90' lang='lat' dir='ltr'><strong>in</strong></span> <span class='ocrx_word' id='word_1_204' title='bbox 1343 2602 1407 2641; x_wconf 78' lang='lat' dir='ltr'><strong>eo</strong></span> <span class='ocrx_word' id='word_1_205' title='bbox 1440 2585 1596 2640; x_wconf 88' lang='lat' dir='ltr'><strong>etiam</strong></span> <span class='ocrx_word' id='word_1_206' title='bbox 1627 2583 1737 2651; x_wconf 92' lang='lat' dir='ltr'><strong>ipsa</strong></span> <span class='ocrx_word' id='word_1_207' title='bbox 1767 2579 1919 2649; x_wconf 91' lang='lat' dir='ltr'><strong>puni-</strong></span> 
     </span>
    </p>
   </div>
   <div class='ocr_carea' id='block_1_26' title="bbox 364 2672 1917 2764">
    <p class='ocr_par' dir='ltr' id='par_1_26' title="bbox 364 2672 1917 2764">
     <span class='ocr_line' id='line_1_26' title="bbox 364 2672 1917 2764; baseline -0.021 -9"><span class='ocrx_word' id='word_1_208' title='bbox 364 2672 536 2761; x_wconf 79' lang='lat' dir='ltr'><strong>retur;</strong></span> <span class='ocrx_word' id='word_1_209' title='bbox 564 2703 619 2749; x_wconf 85' lang='lat' dir='ltr'><strong>et</strong></span> <span class='ocrx_word' id='word_1_210' title='bbox 644 2699 911 2764; x_wconf 88' lang='lat' dir='ltr'><strong>peccatum</strong></span> <span class='ocrx_word' id='word_1_211' title='bbox 939 2685 1124 2740; x_wconf 91' lang='lat' dir='ltr'><strong>matris</strong></span> <span class='ocrx_word' id='word_1_212' title='bbox 1145 2681 1258 2748; x_wconf 86' lang='lat' dir='ltr'><strong>ejus</strong></span> <span class='ocrx_word' id='word_1_213' title='bbox 1284 2694 1387 2732; x_wconf 89' lang='lat' dir='ltr'><strong>non</strong></span> <span class='ocrx_word' id='word_1_214' title='bbox 1409 2684 1489 2730; x_wconf 91' lang='lat' dir='ltr'><strong>est</strong></span> <span class='ocrx_word' id='word_1_215' title='bbox 1509 2676 1559 2728; x_wconf 92' lang='lat' dir='ltr'><strong>in</strong></span> <span class='ocrx_word' id='word_1_216' title='bbox 1584 2688 1648 2728; x_wconf 87' lang='lat' dir='ltr'><strong>eo</strong></span> <span class='ocrx_word' id='word_1_217' title='bbox 1667 2672 1917 2726; x_wconf 91' lang='lat' dir='ltr'><strong>deletum.</strong></span> 
     </span>
    </p>
   </div>
   <div class='ocr_carea' id='block_1_27' title="bbox 434 2759 1920 2857">
    <p class='ocr_par' dir='ltr' id='par_1_27' title="bbox 434 2759 1920 2857">
     <span class='ocr_line' id='line_1_27' title="bbox 434 2759 1920 2857; baseline -0.021 -14"><span class='ocrx_word' id='word_1_218' title='bbox 434 2759 529 2843; x_wconf 63' lang='lat'><strong>16.</strong></span> <span class='ocrx_word' id='word_1_219' title='bbox 552 2759 705 2857; x_wconf 51' lang='lat' dir='ltr'><strong>[vera</strong></span> <span class='ocrx_word' id='word_1_220' title='bbox 736 2777 850 2851; x_wconf 69' lang='lat'><strong>15.]</strong></span> <span class='ocrx_word' id='word_1_221' title='bbox 892 2776 1042 2830; x_wconf 86' lang='lat' dir='ltr'><strong>Fiant</strong></span> <span class='ocrx_word' id='word_1_222' title='bbox 1079 2783 1251 2827; x_wconf 88' lang='lat' dir='ltr'><strong>contra</strong></span> <span class='ocrx_word' id='word_1_223' title='bbox 1291 2767 1564 2856; x_wconf 79' lang='lat' dir='ltr'><strong>Dominum</strong></span> <span class='ocrx_word' id='word_1_224' title='bbox 1602 2778 1792 2832; x_wconf 77' lang='lat' dir='ltr'><strong>semper</strong></span> <span class='ocrx_word' id='word_1_225' title='bbox 1823 2776 1840 2814; x_wconf 92' lang='lat'><strong><em>:</em></strong></span> <span class='ocrx_word' id='word_1_226' title='bbox 1870 2759 1920 2813; x_wconf 91' lang='lat' dir='ltr'><strong>id</strong></span> 
     </span>
    </p>
   </div>
   <div class='ocr_carea' id='block_1_28' title="bbox 366 2847 1924 2949">
    <p class='ocr_par' dir='ltr' id='par_1_28' title="bbox 366 2847 1924 2949">
     <span class='ocr_line' id='line_1_28' title="bbox 366 2847 1924 2949; baseline -0.021 -14"><span class='ocrx_word' id='word_1_227' title='bbox 366 2891 476 2944; x_wconf 72' lang='lat' dir='ltr'><strong>est,</strong></span> <span class='ocrx_word' id='word_1_228' title='bbox 506 2847 686 2949; x_wconf 70' lang='lat' dir='ltr'><strong>patres</strong></span> <span class='ocrx_word' id='word_1_229' title='bbox 709 2847 913 2942; x_wconf 36' lang='lat' dir='ltr'><strong>ejus&#39;et</strong></span> <span class='ocrx_word' id='word_1_230' title='bbox 947 2874 1113 2923; x_wconf 88' lang='lat' dir='ltr'><strong>mater</strong></span> <span class='ocrx_word' id='word_1_231' title='bbox 1146 2863 1260 2933; x_wconf 87' lang='lat' dir='ltr'><strong>ejus</strong></span> <span class='ocrx_word' id='word_1_232' title='bbox 1307 2847 1431 2930; x_wconf 79' lang='lat' dir='ltr'><strong>ﬁant</strong></span> <span class='ocrx_word' id='word_1_233' title='bbox 1456 2865 1629 2911; x_wconf 87' lang='lat' dir='ltr'><strong>contra</strong></span> <span class='ocrx_word' id='word_1_234' title='bbox 1654 2853 1924 2908; x_wconf 85' lang='lat' dir='ltr'><strong>Dominum</strong></span> 
     </span>
    </p>
   </div>
   <div class='ocr_carea' id='block_1_29' title="bbox 368 2943 1923 3042">
    <p class='ocr_par' dir='ltr' id='par_1_29' title="bbox 368 2943 1923 3042">
     <span class='ocr_line' id='line_1_29' title="bbox 368 2943 1923 3042; baseline -0.018 -16"><span class='ocrx_word' id='word_1_235' title='bbox 368 2943 578 3042; x_wconf 77' lang='lat' dir='ltr'><strong>semper,</strong></span> <span class='ocrx_word' id='word_1_236' title='bbox 624 2980 732 3020; x_wconf 89' lang='lat' dir='ltr'><strong>non</strong></span> <span class='ocrx_word' id='word_1_237' title='bbox 765 2973 822 3016; x_wconf 93' lang='lat' dir='ltr'><strong>ut</strong></span> <span class='ocrx_word' id='word_1_238' title='bbox 849 2961 1072 3015; x_wconf 90' lang='lat' dir='ltr'><strong>Domino</strong></span> <span class='ocrx_word' id='word_1_239' title='bbox 1101 2956 1442 3010; x_wconf 74' lang='lat' dir='ltr'><strong>adversentur</strong></span> <span class='ocrx_word' id='word_1_240' title='bbox 1463 2989 1477 3012; x_wconf 91' lang='lat'><strong>,</strong></span> <span class='ocrx_word' id='word_1_241' title='bbox 1524 2947 1616 3002; x_wconf 87' lang='lat' dir='ltr'><strong>sed</strong></span> <span class='ocrx_word' id='word_1_242' title='bbox 1655 2955 1709 2999; x_wconf 91' lang='lat' dir='ltr'><strong>ut</strong></span> <span class='ocrx_word' id='word_1_243' title='bbox 1737 2943 1923 2998; x_wconf 85' lang='lat' dir='ltr'><strong>merita</strong></span> 
     </span>
    </p>
   </div>
   <div class='ocr_carea' id='block_1_30' title="bbox 369 3035 1921 3128">
    <p class='ocr_par' dir='ltr' id='par_1_30' title="bbox 369 3035 1921 3128">
     <span class='ocr_line' id='line_1_30' title="bbox 369 3035 1921 3128; baseline -0.021 -9"><span class='ocrx_word' id='word_1_244' title='bbox 369 3035 546 3119; x_wconf 82' lang='lat' dir='ltr'><strong>eorum</strong></span> <span class='ocrx_word' id='word_1_245' title='bbox 593 3057 822 3128; x_wconf 89' lang='lat' dir='ltr'><strong>pessima</strong></span> <span class='ocrx_word' id='word_1_246' title='bbox 869 3069 970 3107; x_wconf 92' lang='lat' dir='ltr'><strong>non</strong></span> <span class='ocrx_word' id='word_1_247' title='bbox 1021 3047 1359 3104; x_wconf 90' lang='lat' dir='ltr'><strong>obliviscatur</strong></span> <span class='ocrx_word' id='word_1_248' title='bbox 1401 3043 1452 3096; x_wconf 93' lang='lat' dir='ltr'><strong>in</strong></span> <span class='ocrx_word' id='word_1_249' title='bbox 1494 3041 1596 3094; x_wconf 91' lang='lat' dir='ltr'><strong>isto</strong></span> <span class='ocrx_word' id='word_1_250' title='bbox 1637 3035 1921 3099; x_wconf 90' lang='lat' dir='ltr'><strong>Dominus,</strong></span> 
     </span>
    </p>
   </div>
   <div class='ocr_carea' id='block_1_31' title="bbox 371 3125 1921 3218">
    <p class='ocr_par' dir='ltr' id='par_1_31' title="bbox 371 3125 1921 3218">
     <span class='ocr_line' id='line_1_31' title="bbox 371 3125 1921 3218; baseline -0.021 -8"><span class='ocrx_word' id='word_1_251' title='bbox 371 3173 482 3210; x_wconf 89' lang='lat' dir='ltr'><strong>eum</strong></span> <span class='ocrx_word' id='word_1_252' title='bbox 511 3125 664 3208; x_wconf 38' lang='lat' dir='ltr'><strong>illi-et</strong></span> <span class='ocrx_word' id='word_1_253' title='bbox 683 3150 793 3218; x_wconf 89' lang='lat' dir='ltr'><strong>ipsa</strong></span> <span class='ocrx_word' id='word_1_254' title='bbox 824 3143 1096 3200; x_wconf 87' lang='lat' dir='ltr'><strong>retribuet.</strong></span> <span class='ocrx_word' id='word_1_255' title='bbox 1115 3139 1300 3193; x_wconf 82' lang='lat' dir='ltr'><strong>Contra</strong></span> <span class='ocrx_word' id='word_1_256' title='bbox 1325 3133 1595 3188; x_wconf 86' lang='lat' dir='ltr'><strong>Dominum</strong></span> <span class='ocrx_word' id='word_1_257' title='bbox 1613 3128 1750 3183; x_wconf 87' lang='lat' dir='ltr'><strong>enim</strong></span> <span class='ocrx_word' id='word_1_258' title='bbox 1773 3125 1921 3189; x_wconf 81' lang='lat' dir='ltr'><strong>dixit,</strong></span> 
     </span>
    </p>
   </div>
   <div class='ocr_carea' id='block_1_32' title="bbox 374 3217 1927 3312">
    <p class='ocr_par' dir='ltr' id='par_1_32' title="bbox 374 3217 1927 3312">
     <span class='ocr_line' id='line_1_32' title="bbox 374 3217 1927 3312; baseline -0.019 -11"><span class='ocrx_word' id='word_1_259' title='bbox 374 3247 426 3301; x_wconf 91' lang='lat' dir='ltr'><strong>In</strong></span> <span class='ocrx_word' id='word_1_260' title='bbox 471 3217 759 3312; x_wconf 85' lang='lat' dir='ltr'><strong>conspectu</strong></span> <span class='ocrx_word' id='word_1_261' title='bbox 811 3235 1066 3294; x_wconf 90' lang='lat' dir='ltr'><strong>Domini:</strong></span> <span class='ocrx_word' id='word_1_262' title='bbox 1101 3247 1221 3286; x_wconf 88' lang='lat' dir='ltr'><strong>nam</strong></span> <span class='ocrx_word' id='word_1_263' title='bbox 1264 3237 1318 3283; x_wconf 91' lang='lat' dir='ltr'><strong>et</strong></span> <span class='ocrx_word' id='word_1_264' title='bbox 1359 3227 1445 3281; x_wconf 88' lang='lat' dir='ltr'><strong>alii</strong></span> <span class='ocrx_word' id='word_1_265' title='bbox 1491 3224 1804 3291; x_wconf 88' lang='lat' dir='ltr'><strong>interpretes</strong></span> <span class='ocrx_word' id='word_1_266' title='bbox 1849 3217 1927 3272; x_wconf 91' lang='lat' dir='ltr'><strong>sic</strong></span> 
     </span>
    </p>
   </div>
   <div class='ocr_carea' id='block_1_33' title="bbox 377 3309 1926 3396">
    <p class='ocr_par' dir='ltr' id='par_1_33' title="bbox 377 3309 1926 3396">
     <span class='ocr_line' id='line_1_33' title="bbox 377 3309 1926 3396; baseline -0.021 -2"><span class='ocrx_word' id='word_1_267' title='bbox 377 3309 781 3396; x_wconf 73' lang='lat' dir='ltr'><strong>transtulerunt,</strong></span> <span class='ocrx_word' id='word_1_268' title='bbox 814 3329 969 3384; x_wconf 87' lang='lat' dir='ltr'><strong>Fiant</strong></span> <span class='ocrx_word' id='word_1_269' title='bbox 994 3327 1045 3380; x_wconf 85' lang='lat' dir='ltr'><strong>in</strong></span> <span class='ocrx_word' id='word_1_270' title='bbox 1073 3331 1334 3394; x_wconf 84' lang='lat' dir='ltr'><strong>conspectu</strong></span> <span class='ocrx_word' id='word_1_271' title='bbox 1361 3317 1564 3372; x_wconf 78' lang='lat' dir='ltr'><strong>Domini</strong></span> <span class='ocrx_word' id='word_1_272' title='bbox 1587 3327 1810 3383; x_wconf 78' lang='lat' dir='ltr'><strong>semper;</strong></span> <span class='ocrx_word' id='word_1_273' title='bbox 1836 3309 1926 3364; x_wconf 86' lang='lat' dir='ltr'><strong>alii</strong></span> 
     </span>
    </p>
   </div>
   <div class='ocr_carea' id='block_1_34' title="bbox 374 3402 1925 3491">
    <p class='ocr_par' dir='ltr' id='par_1_34' title="bbox 374 3402 1925 3491">
     <span class='ocr_line' id='line_1_34' title="bbox 374 3402 1925 3491; baseline -0.017 -10"><span class='ocrx_word' id='word_1_274' title='bbox 374 3443 516 3491; x_wconf 86' lang='lat' dir='ltr'><strong>vero,</strong></span> <span class='ocrx_word' id='word_1_275' title='bbox 551 3425 704 3478; x_wconf 86' lang='lat' dir='ltr'><strong>Fiant</strong></span> <span class='ocrx_word' id='word_1_276' title='bbox 729 3436 897 3475; x_wconf 83' lang='lat' dir='ltr'><strong>coram</strong></span> <span class='ocrx_word' id='word_1_277' title='bbox 921 3416 1134 3471; x_wconf 86' lang='lat' dir='ltr'><strong>Domino</strong></span> <span class='ocrx_word' id='word_1_278' title='bbox 1161 3427 1353 3481; x_wconf 79' lang='lat' dir='ltr'><strong>semper</strong></span> <span class='ocrx_word' id='word_1_279' title='bbox 1379 3425 1397 3463; x_wconf 92' lang='lat'><strong><em>:</em></strong></span> <span class='ocrx_word' id='word_1_280' title='bbox 1421 3409 1555 3464; x_wconf 90' lang='lat' dir='ltr'><strong>sicut</strong></span> <span class='ocrx_word' id='word_1_281' title='bbox 1581 3404 1703 3460; x_wconf 89' lang='lat' dir='ltr'><strong>alibi</strong></span> <span class='ocrx_word' id='word_1_282' title='bbox 1730 3402 1925 3457; x_wconf 91' lang='lat' dir='ltr'><strong>dictum</strong></span> 
     </span>
    </p>
   </div>
   <div class='ocr_carea' id='block_1_35' title="bbox 377 3493 1924 3584">
    <p class='ocr_par' dir='ltr' id='par_1_35' title="bbox 377 3493 1924 3584">
     <span class='ocr_line' id='line_1_35' title="bbox 377 3493 1924 3584; baseline -0.017 -11"><span class='ocrx_word' id='word_1_283' title='bbox 377 3531 475 3584; x_wconf 81' lang='lat' dir='ltr'><strong>est,</strong></span> <span class='ocrx_word' id='word_1_284' title='bbox 501 3515 722 3570; x_wconf 78' lang='lat' dir='ltr'><strong>Posuisti</strong></span> <span class='ocrx_word' id='word_1_285' title='bbox 749 3511 1031 3580; x_wconf 77' lang='lat' dir='ltr'><strong>iniquitates</strong></span> <span class='ocrx_word' id='word_1_286' title='bbox 1060 3517 1254 3560; x_wconf 86' lang='lat' dir='ltr'><strong>nostras</strong></span> <span class='ocrx_word' id='word_1_287' title='bbox 1279 3503 1330 3557; x_wconf 90' lang='lat' dir='ltr'><strong>in</strong></span> <span class='ocrx_word' id='word_1_288' title='bbox 1355 3507 1616 3570; x_wconf 85' lang='lat' dir='ltr'><strong>conspectu</strong></span> <span class='ocrx_word' id='word_1_289' title='bbox 1646 3506 1730 3550; x_wconf 87' lang='lat' dir='ltr'><strong>tuo</strong></span> <span class='ocrx_word' id='word_1_290' title='bbox 1757 3493 1924 3566; x_wconf 85' lang='lat' dir='ltr'><strong>(Psal.</strong></span> 
     </span>
    </p>
   </div>
   <div class='ocr_carea' id='block_1_36' title="bbox 378 3584 1929 3674">
    <p class='ocr_par' dir='ltr' id='par_1_36' title="bbox 378 3584 1929 3674">
     <span class='ocr_line' id='line_1_36' title="bbox 378 3584 1929 3674; baseline -0.015 -12"><span class='ocrx_word' id='word_1_291' title='bbox 378 3623 593 3672; x_wconf 77' lang='lat' dir='ltr'><strong>uuix,</strong></span> <span class='ocrx_word' id='word_1_292' title='bbox 625 3584 703 3674; x_wconf 72' lang='lat'><strong>8).</strong></span> <span class='ocrx_word' id='word_1_293' title='bbox 735 3602 942 3670; x_wconf 84' lang='lat' dir='ltr'><strong>Semper</strong></span> <span class='ocrx_word' id='word_1_294' title='bbox 969 3606 1142 3652; x_wconf 88' lang='lat' dir='ltr'><strong>autem</strong></span> <span class='ocrx_word' id='word_1_295' title='bbox 1181 3593 1337 3661; x_wconf 88' lang='lat' dir='ltr'><strong>dicit,</strong></span> <span class='ocrx_word' id='word_1_296' title='bbox 1383 3599 1442 3646; x_wconf 91' lang='lat' dir='ltr'><strong>ut</strong></span> <span class='ocrx_word' id='word_1_297' title='bbox 1476 3590 1590 3645; x_wconf 88' lang='lat' dir='ltr'><strong>sine</strong></span> <span class='ocrx_word' id='word_1_298' title='bbox 1621 3585 1929 3643; x_wconf 86' lang='lat' dir='ltr'><strong>remissione</strong></span> 
     </span>
    </p>
   </div>
   <div class='ocr_carea' id='block_1_37' title="bbox 377 3675 1925 3753">
    <p class='ocr_par' dir='ltr' id='par_1_37' title="bbox 377 3675 1925 3753">
     <span class='ocr_line' id='line_1_37' title="bbox 377 3675 1925 3753; baseline -0.016 -1"><span class='ocrx_word' id='word_1_299' title='bbox 377 3710 441 3752; x_wconf 79' lang='lat' dir='ltr'><strong>Sil</strong></span> <span class='ocrx_word' id='word_1_300' title='bbox 469 3706 667 3752; x_wconf 89' lang='lat' dir='ltr'><strong>tantum</strong></span> <span class='ocrx_word' id='word_1_301' title='bbox 696 3691 821 3747; x_wconf 91' lang='lat' dir='ltr'><strong>illud</strong></span> <span class='ocrx_word' id='word_1_302' title='bbox 848 3689 1021 3744; x_wconf 87' lang='lat' dir='ltr'><strong>scelus</strong></span> <span class='ocrx_word' id='word_1_303' title='bbox 1043 3728 1058 3753; x_wconf 96' lang='lat'><strong>,</strong></span> <span class='ocrx_word' id='word_1_304' title='bbox 1089 3695 1144 3741; x_wconf 91' lang='lat' dir='ltr'><strong>et</strong></span> <span class='ocrx_word' id='word_1_305' title='bbox 1179 3684 1296 3748; x_wconf 87' lang='lat' dir='ltr'><strong>hic,</strong></span> <span class='ocrx_word' id='word_1_306' title='bbox 1341 3690 1395 3738; x_wconf 89' lang='lat' dir='ltr'><strong>et</strong></span> <span class='ocrx_word' id='word_1_307' title='bbox 1420 3681 1471 3735; x_wconf 91' lang='lat' dir='ltr'><strong>in</strong></span> <span class='ocrx_word' id='word_1_308' title='bbox 1513 3679 1688 3734; x_wconf 89' lang='lat' dir='ltr'><strong>futuro</strong></span> <span class='ocrx_word' id='word_1_309' title='bbox 1714 3675 1925 3733; x_wconf 61' lang='lat' dir='ltr'><strong>saeculo.</strong></span> 
     </span>
    </p>
   </div>
   <div class='ocr_carea' id='block_1_38' title="bbox 375 3770 1930 3859">
    <p class='ocr_par' dir='ltr' id='par_1_38' title="bbox 375 3770 1930 3859">
     <span class='ocr_line' id='line_1_38' title="bbox 375 3770 1930 3859; baseline -0.014 -15"><span class='ocrx_word' id='word_1_310' title='bbox 375 3790 632 3859; x_wconf 84' lang='lat' dir='ltr'><strong>Dispereat</strong></span> <span class='ocrx_word' id='word_1_311' title='bbox 661 3787 724 3840; x_wconf 87' lang='lat' dir='ltr'><strong>de</strong></span> <span class='ocrx_word' id='word_1_312' title='bbox 746 3795 878 3838; x_wconf 87' lang='lat' dir='ltr'><strong>terra</strong></span> <span class='ocrx_word' id='word_1_313' title='bbox 913 3783 1148 3835; x_wconf 80' lang='lat' dir='ltr'><strong>memoria</strong></span> <span class='ocrx_word' id='word_1_314' title='bbox 1172 3792 1343 3831; x_wconf 88' lang='lat' dir='ltr'><strong>eorum</strong></span> <span class='ocrx_word' id='word_1_315' title='bbox 1367 3790 1386 3827; x_wconf 93' lang='lat'><strong><em>:</em></strong></span> <span class='ocrx_word' id='word_1_316' title='bbox 1411 3781 1616 3844; x_wconf 90' lang='lat' dir='ltr'><strong>patrum</strong></span> <span class='ocrx_word' id='word_1_317' title='bbox 1653 3770 1851 3825; x_wconf 90' lang='lat' dir='ltr'><strong>scilicet</strong></span> <span class='ocrx_word' id='word_1_318' title='bbox 1876 3777 1930 3824; x_wconf 90' lang='lat' dir='ltr'><strong>et</strong></span> 
     </span>
    </p>
   </div>
   <div class='ocr_carea' id='block_1_39' title="bbox 375 3860 1930 3946">
    <p class='ocr_par' dir='ltr' id='par_1_39' title="bbox 375 3860 1930 3946">
     <span class='ocr_line' id='line_1_39' title="bbox 375 3860 1930 3946; baseline -0.014 -11"><span class='ocrx_word' id='word_1_319' title='bbox 375 3880 553 3944; x_wconf 81' lang='lat' dir='ltr'><strong>matris</strong></span> <span class='ocrx_word' id='word_1_320' title='bbox 573 3877 710 3946; x_wconf 86' lang='lat' dir='ltr'><strong>ejus.</strong></span> <span class='ocrx_word' id='word_1_321' title='bbox 732 3872 1032 3929; x_wconf 82' lang='lat' dir='ltr'><strong>Memoriam</strong></span> <span class='ocrx_word' id='word_1_322' title='bbox 1055 3869 1182 3924; x_wconf 89' lang='lat' dir='ltr'><strong>dicit</strong></span> <span class='ocrx_word' id='word_1_323' title='bbox 1203 3880 1409 3929; x_wconf 87' lang='lat' dir='ltr'><strong>eorum,</strong></span> <span class='ocrx_word' id='word_1_324' title='bbox 1433 3879 1549 3932; x_wconf 70' lang='lat' dir='ltr'><strong>qua:</strong></span> <span class='ocrx_word' id='word_1_325' title='bbox 1573 3863 1625 3915; x_wconf 93' lang='lat' dir='ltr'><strong>in</strong></span> <span class='ocrx_word' id='word_1_326' title='bbox 1646 3860 1930 3931; x_wconf 77' lang='lat' dir='ltr'><strong>propagine</strong></span> 
     </span>
    </p>
   </div>
   <div class='ocr_carea' id='block_1_40' title="bbox 374 3951 1928 4040">
    <p class='ocr_par' dir='ltr' id='par_1_40' title="bbox 374 3951 1928 4040">
     <span class='ocr_line' id='line_1_40' title="bbox 374 3951 1928 4040; baseline -0.014 -16"><span class='ocrx_word' id='word_1_327' title='bbox 374 3966 726 4040; x_wconf 71' lang='lat' dir='ltr'><strong>generationis</strong></span> <span class='ocrx_word' id='word_1_328' title='bbox 773 3961 1064 4018; x_wconf 85' lang='lat' dir='ltr'><strong>custoditur</strong></span> <span class='ocrx_word' id='word_1_329' title='bbox 1093 3977 1104 4014; x_wconf 94' lang='lat'><strong>:</strong></span> <span class='ocrx_word' id='word_1_330' title='bbox 1136 3959 1274 4014; x_wconf 87' lang='lat' dir='ltr'><strong>hanc</strong></span> <span class='ocrx_word' id='word_1_331' title='bbox 1313 3953 1646 4027; x_wconf 88' lang='lat' dir='ltr'><strong>prophetavit</strong></span> <span class='ocrx_word' id='word_1_332' title='bbox 1681 3951 1749 4007; x_wconf 93' lang='lat' dir='ltr'><strong>de</strong></span> <span class='ocrx_word' id='word_1_333' title='bbox 1790 3958 1928 4004; x_wconf 91' lang='lat' dir='ltr'><strong>terra</strong></span> 
     </span>
    </p>
   </div>
   <div class='ocr_carea' id='block_1_41' title="bbox 375 4041 1931 4131">
    <p class='ocr_par' dir='ltr' id='par_1_41' title="bbox 375 4041 1931 4131">
     <span class='ocr_line' id='line_1_41' title="bbox 375 4041 1931 4131; baseline -0.015 -14"><span class='ocrx_word' id='word_1_334' title='bbox 375 4062 656 4131; x_wconf 89' lang='lat' dir='ltr'><strong>perituram</strong></span> <span class='ocrx_word' id='word_1_335' title='bbox 677 4099 691 4121; x_wconf 91' lang='lat'><strong>,</strong></span> <span class='ocrx_word' id='word_1_336' title='bbox 722 4056 840 4126; x_wconf 89' lang='lat' dir='ltr'><strong>quia</strong></span> <span class='ocrx_word' id='word_1_337' title='bbox 868 4062 922 4108; x_wconf 86' lang='lat' dir='ltr'><strong>et</strong></span> <span class='ocrx_word' id='word_1_338' title='bbox 945 4053 1056 4122; x_wconf 89' lang='lat' dir='ltr'><strong>ipse</strong></span> <span class='ocrx_word' id='word_1_339' title='bbox 1078 4049 1239 4106; x_wconf 86' lang='lat' dir='ltr'><strong>Judas</strong></span> <span class='ocrx_word' id='word_1_340' title='bbox 1258 4091 1274 4115; x_wconf 93' lang='lat'><strong>,</strong></span> <span class='ocrx_word' id='word_1_341' title='bbox 1314 4055 1368 4104; x_wconf 90' lang='lat' dir='ltr'><strong>et</strong></span> <span class='ocrx_word' id='word_1_342' title='bbox 1406 4045 1498 4099; x_wconf 79' lang='lat' dir='ltr'><strong>filii</strong></span> <span class='ocrx_word' id='word_1_343' title='bbox 1526 4043 1640 4114; x_wconf 87' lang='lat' dir='ltr'><strong>ejus</strong></span> <span class='ocrx_word' id='word_1_344' title='bbox 1664 4041 1751 4112; x_wconf 91' lang='lat' dir='ltr'><strong>qui</strong></span> <span class='ocrx_word' id='word_1_345' title='bbox 1779 4048 1931 4095; x_wconf 90' lang='lat' dir='ltr'><strong>erant</strong></span> 
     </span>
    </p>
   </div>
   <div class='ocr_carea' id='block_1_42' title="bbox 375 4135 1929 4221">
    <p class='ocr_par' dir='ltr' id='par_1_42' title="bbox 375 4135 1929 4221">
     <span class='ocr_line' id='line_1_42' title="bbox 375 4135 1929 4221; baseline -0.014 -15"><span class='ocrx_word' id='word_1_346' title='bbox 375 4161 618 4221; x_wconf 87' lang='lat' dir='ltr'><strong>tanquam</strong></span> <span class='ocrx_word' id='word_1_347' title='bbox 643 4146 895 4202; x_wconf 88' lang='lat' dir='ltr'><strong>memoria</strong></span> <span class='ocrx_word' id='word_1_348' title='bbox 921 4153 1125 4212; x_wconf 86' lang='lat' dir='ltr'><strong>patrum</strong></span> <span class='ocrx_word' id='word_1_349' title='bbox 1150 4148 1202 4195; x_wconf 90' lang='lat' dir='ltr'><strong>et</strong></span> <span class='ocrx_word' id='word_1_350' title='bbox 1223 4138 1403 4193; x_wconf 89' lang='lat' dir='ltr'><strong>matris</strong></span> <span class='ocrx_word' id='word_1_351' title='bbox 1426 4136 1560 4206; x_wconf 88' lang='lat' dir='ltr'><strong>ejus,</strong></span> <span class='ocrx_word' id='word_1_352' title='bbox 1583 4135 1697 4189; x_wconf 90' lang='lat' dir='ltr'><strong>sine</strong></span> <span class='ocrx_word' id='word_1_353' title='bbox 1717 4145 1929 4187; x_wconf 87' lang='lat' dir='ltr'><strong>succes-</strong></span> 
     </span>
    </p>
   </div>
   <div class='ocr_carea' id='block_1_43' title="bbox 365 4224 1929 4313">
    <p class='ocr_par' dir='ltr' id='par_1_43' title="bbox 365 4224 1929 4313">
     <span class='ocr_line' id='line_1_43' title="bbox 365 4224 1929 4313; baseline -0.013 -15"><span class='ocrx_word' id='word_1_354' title='bbox 365 4245 522 4298; x_wconf 55' lang='lat' dir='ltr'><strong>usione</strong></span> <span class='ocrx_word' id='word_1_355' title='bbox 545 4240 709 4313; x_wconf 89' lang='lat' dir='ltr'><strong>prolis</strong></span> <span class='ocrx_word' id='word_1_356' title='bbox 730 4281 744 4303; x_wconf 90' lang='lat'><strong>,</strong></span> <span class='ocrx_word' id='word_1_357' title='bbox 778 4238 916 4292; x_wconf 92' lang='lat' dir='ltr'><strong>sicut</strong></span> <span class='ocrx_word' id='word_1_358' title='bbox 942 4233 1184 4304; x_wconf 79' lang='lat' dir='ltr'><strong>superius</strong></span> <span class='ocrx_word' id='word_1_359' title='bbox 1213 4231 1407 4286; x_wconf 88' lang='lat' dir='ltr'><strong>dictum</strong></span> <span class='ocrx_word' id='word_1_360' title='bbox 1432 4237 1548 4294; x_wconf 89' lang='lat' dir='ltr'><strong>est,</strong></span> <span class='ocrx_word' id='word_1_361' title='bbox 1580 4227 1632 4281; x_wconf 87' lang='lat' dir='ltr'><strong>in</strong></span> <span class='ocrx_word' id='word_1_362' title='bbox 1675 4224 1929 4281; x_wconf 85' lang='lat' dir='ltr'><strong>brevitate</strong></span> 
     </span>
    </p>
   </div>
   <div class='ocr_carea' id='block_1_44' title="bbox 376 4323 1337 4400">
    <p class='ocr_par' dir='ltr' id='par_1_44' title="bbox 376 4323 1337 4400">
     <span class='ocr_line' id='line_1_44' title="bbox 376 4323 1337 4400; baseline -0.015 -12"><span class='ocrx_word' id='word_1_363' title='bbox 376 4334 526 4391; x_wconf 91' lang='lat' dir='ltr'><strong>unius</strong></span> <span class='ocrx_word' id='word_1_364' title='bbox 552 4327 907 4400; x_wconf 82' lang='lat' dir='ltr'><strong>generationis</strong></span> <span class='ocrx_word' id='word_1_365' title='bbox 929 4323 1174 4381; x_wconf 82' lang='lat' dir='ltr'><strong>exstincti</strong></span> <span class='ocrx_word' id='word_1_366' title='bbox 1197 4329 1337 4376; x_wconf 91' lang='lat' dir='ltr'><strong>sunt.</strong></span> 
     </span>
    </p>
   </div>
   <div class='ocr_carea' id='block_1_45' title="bbox 448 4405 1930 4487">
    <p class='ocr_par' dir='ltr' id='par_1_45' title="bbox 448 4405 1930 4487">
     <span class='ocr_line' id='line_1_45' title="bbox 448 4405 1930 4487; baseline -0.01 -11"><span class='ocrx_word' id='word_1_367' title='bbox 448 4424 529 4476; x_wconf 83' lang='grc' dir='ltr'><strong>Π.</strong></span> <span class='ocrx_word' id='word_1_368' title='bbox 570 4421 707 4475; x_wconf 87' lang='lat' dir='ltr'><strong>Dicit</strong></span> <span class='ocrx_word' id='word_1_369' title='bbox 743 4417 932 4487; x_wconf 85' lang='lat' dir='ltr'><strong>aliquis</strong></span> <span class='ocrx_word' id='word_1_370' title='bbox 963 4433 975 4468; x_wconf 77' lang='grc' dir='ltr'><em>τ</em></span> <span class='ocrx_word' id='word_1_371' title='bbox 1009 4414 1250 4469; x_wconf 83' lang='lat' dir='ltr'><strong>Etiamne</strong></span> <span class='ocrx_word' id='word_1_372' title='bbox 1291 4411 1391 4466; x_wconf 89' lang='lat' dir='ltr'><strong>hoc</strong></span> <span class='ocrx_word' id='word_1_373' title='bbox 1428 4409 1495 4464; x_wconf 82' lang='lat' dir='ltr'><strong>ad</strong></span> <span class='ocrx_word' id='word_1_374' title='bbox 1533 4423 1742 4480; x_wconf 65' lang='lat' dir='ltr'><strong>poenam</strong></span> <span class='ocrx_word' id='word_1_375' title='bbox 1783 4405 1930 4462; x_wconf 71' lang='lat' dir='ltr'><strong>Judte</strong></span> 
     </span>
    </p>
   </div>
   <div class='ocr_carea' id='block_1_46' title="bbox 383 4497 1928 4582">
    <p class='ocr_par' dir='ltr' id='par_1_46' title="bbox 383 4497 1928 4582">
     <span class='ocr_line' id='line_1_46' title="bbox 383 4497 1928 4582; baseline -0.012 -14"><span class='ocrx_word' id='word_1_376' title='bbox 383 4514 636 4582; x_wconf 88' lang='lat' dir='ltr'><strong>pertinere</strong></span> <span class='ocrx_word' id='word_1_377' title='bbox 663 4507 982 4564; x_wconf 86' lang='lat' dir='ltr'><strong>credendum</strong></span> <span class='ocrx_word' id='word_1_378' title='bbox 1023 4513 1136 4569; x_wconf 90' lang='lat' dir='ltr'><strong>est,</strong></span> <span class='ocrx_word' id='word_1_379' title='bbox 1163 4501 1301 4572; x_wconf 90' lang='lat' dir='ltr'><strong>quod</strong></span> <span class='ocrx_word' id='word_1_380' title='bbox 1333 4509 1449 4570; x_wconf 89' lang='lat' dir='ltr'><strong>pos&#39;.</strong></span> <span class='ocrx_word' id='word_1_381' title='bbox 1476 4499 1588 4568; x_wconf 88' lang='lat' dir='ltr'><strong>ejus</strong></span> <span class='ocrx_word' id='word_1_382' title='bbox 1614 4507 1834 4553; x_wconf 91' lang='lat' dir='ltr'><strong>mortem</strong></span> <span class='ocrx_word' id='word_1_383' title='bbox 1865 4497 1928 4551; x_wconf 88' lang='lat' dir='ltr'><strong>ad</strong></span> 
     </span>
    </p>
   </div>
   <div class='ocr_carea' id='block_1_47' title="bbox 378 4592 1930 4662">
    <p class='ocr_par' dir='ltr' id='par_1_47' title="bbox 378 4592 1930 4662">
     <span class='ocr_line' id='line_1_47' title="bbox 378 4592 1930 4662; baseline -0.01 -6"><span class='ocrx_word' id='word_1_384' title='bbox 378 4602 761 4656; x_wconf 80' lang='lat' dir='ltr'><strong>mendicitatem</strong></span> <span class='ocrx_word' id='word_1_385' title='bbox 785 4612 916 4651; x_wconf 86' lang='lat' dir='ltr'><strong>uxor</strong></span> <span class='ocrx_word' id='word_1_386' title='bbox 945 4595 1057 4662; x_wconf 91' lang='lat' dir='ltr'><strong>ejus</strong></span> <span class='ocrx_word' id='word_1_387' title='bbox 1084 4602 1136 4647; x_wconf 92' lang='lat' dir='ltr'><strong>et</strong></span> <span class='ocrx_word' id='word_1_388' title='bbox 1164 4592 1252 4646; x_wconf 87' lang='lat' dir='ltr'><strong>ﬁlii</strong></span> <span class='ocrx_word' id='word_1_389' title='bbox 1277 4598 1651 4662; x_wconf 87' lang='lat' dir='ltr'><strong>pervenerunt,</strong></span> <span class='ocrx_word' id='word_1_390' title='bbox 1683 4599 1736 4644; x_wconf 91' lang='lat' dir='ltr'><strong>et</strong></span> <span class='ocrx_word' id='word_1_391' title='bbox 1759 4598 1930 4643; x_wconf 87' lang='lat' dir='ltr'><strong>trans-</strong></span> 
     </span>
    </p>
   </div>
   <div class='ocr_carea' id='block_1_48' title="bbox 377 4678 1928 4757">
    <p class='ocr_par' dir='ltr' id='par_1_48' title="bbox 377 4678 1928 4757">
     <span class='ocr_line' id='line_1_48' title="bbox 377 4678 1928 4757; baseline -0.01 -10"><span class='ocrx_word' id='word_1_392' title='bbox 377 4694 461 4747; x_wconf 87' lang='lat' dir='ltr'><strong>lati</strong></span> <span class='ocrx_word' id='word_1_393' title='bbox 487 4701 628 4755; x_wconf 87' lang='lat' dir='ltr'><strong>sunt,</strong></span> <span class='ocrx_word' id='word_1_394' title='bbox 662 4689 814 4757; x_wconf 90' lang='lat' dir='ltr'><strong>ejecti</strong></span> <span class='ocrx_word' id='word_1_395' title='bbox 843 4687 908 4741; x_wconf 91' lang='lat' dir='ltr'><strong>de</strong></span> <span class='ocrx_word' id='word_1_396' title='bbox 934 4682 1338 4739; x_wconf 85' lang='lat' dir='ltr'><strong>habitationibus</strong></span> <span class='ocrx_word' id='word_1_397' title='bbox 1363 4682 1472 4737; x_wconf 88' lang='lat' dir='ltr'><strong>suis</strong></span> <span class='ocrx_word' id='word_1_398' title='bbox 1497 4723 1513 4748; x_wconf 86' lang='lat'><strong>,</strong></span> <span class='ocrx_word' id='word_1_399' title='bbox 1539 4687 1806 4734; x_wconf 87' lang='lat' dir='ltr'><strong>scrutante</strong></span> <span class='ocrx_word' id='word_1_400' title='bbox 1849 4678 1928 4733; x_wconf 83' lang='lat' dir='ltr'><strong>fe-</strong></span> 
     </span>
    </p>
   </div>
   <div class='ocr_carea' id='block_1_49' title="bbox 369 4770 1930 4843">
    <p class='ocr_par' dir='ltr' id='par_1_49' title="bbox 369 4770 1930 4843">
     <span class='ocr_line' id='line_1_49' title="bbox 369 4770 1930 4843; baseline -0.01 -4"><span class='ocrx_word' id='word_1_401' title='bbox 369 4793 616 4839; x_wconf 82' lang='lat' dir='ltr'><strong>neratore</strong></span> <span class='ocrx_word' id='word_1_402' title='bbox 644 4795 854 4834; x_wconf 87' lang='lat' dir='ltr'><strong>omnem</strong></span> <span class='ocrx_word' id='word_1_403' title='bbox 903 4775 1247 4831; x_wconf 88' lang='lat' dir='ltr'><strong>substantiam</strong></span> <span class='ocrx_word' id='word_1_404' title='bbox 1291 4773 1434 4843; x_wconf 88' lang='lat' dir='ltr'><strong>ejus,</strong></span> <span class='ocrx_word' id='word_1_405' title='bbox 1475 4779 1527 4826; x_wconf 71' lang='lat' dir='ltr'><strong>et</strong></span> <span class='ocrx_word' id='word_1_406' title='bbox 1565 4770 1930 4839; x_wconf 89' lang='lat' dir='ltr'><strong>diripientibus</strong></span> 
     </span>
    </p>
   </div>
   <div class='ocr_carea' id='block_1_50' title="bbox 371 4845 1932 4933">
    <p class='ocr_par' dir='ltr' id='par_1_50' title="bbox 371 4845 1932 4933">
     <span class='ocr_line' id='line_1_50' title="bbox 371 4845 1932 4933; baseline -0.012 -4"><span class='ocrx_word' id='word_1_407' title='bbox 371 4875 556 4929; x_wconf 70' lang='lat' dir='ltr'><strong>alienis</strong></span> <span class='ocrx_word' id='word_1_408' title='bbox 602 4886 788 4926; x_wconf 87' lang='lat' dir='ltr'><strong>omnes</strong></span> <span class='ocrx_word' id='word_1_409' title='bbox 828 4869 1034 4922; x_wconf 86' lang='lat' dir='ltr'><strong>labores</strong></span> <span class='ocrx_word' id='word_1_410' title='bbox 1074 4864 1225 4933; x_wconf 85' lang='lat' dir='ltr'><strong>ejus,</strong></span> <span class='ocrx_word' id='word_1_411' title='bbox 1277 4863 1488 4918; x_wconf 88' lang='lat' dir='ltr'><strong>nemine</strong></span> <span class='ocrx_word' id='word_1_412' title='bbox 1524 4845 1805 4930; x_wconf 74' lang='lat' dir='ltr'><strong>adjuvante</strong></span> <span class='ocrx_word' id='word_1_413' title='bbox 1833 4873 1932 4913; x_wconf 90' lang='lat' dir='ltr'><strong>nec</strong></span> 
     </span>
    </p>
   </div>
   <div class='ocr_carea' id='block_1_51' title="bbox 372 4949 1929 5030">
    <p class='ocr_par' dir='ltr' id='par_1_51' title="bbox 372 4949 1929 5030">
     <span class='ocr_line' id='line_1_51' title="bbox 372 4949 1929 5030; baseline -0.011 -10"><span class='ocrx_word' id='word_1_414' title='bbox 372 4966 658 5020; x_wconf 84' lang='lat' dir='ltr'><strong>miserante</strong></span> <span class='ocrx_word' id='word_1_415' title='bbox 687 4961 908 5030; x_wconf 84' lang='lat' dir='ltr'><strong>pupillos</strong></span> <span class='ocrx_word' id='word_1_416' title='bbox 948 4957 1064 5025; x_wconf 83' lang='lat' dir='ltr'><strong>ejus</strong></span> <span class='ocrx_word' id='word_1_417' title='bbox 1087 4997 1100 5017; x_wconf 88' lang='lat'><strong>,</strong></span> <span class='ocrx_word' id='word_1_418' title='bbox 1131 4964 1184 5010; x_wconf 90' lang='lat' dir='ltr'><strong>et</strong></span> <span class='ocrx_word' id='word_1_419' title='bbox 1212 4952 1350 5023; x_wconf 86' lang='lat' dir='ltr'><strong>quod</strong></span> <span class='ocrx_word' id='word_1_420' title='bbox 1392 4953 1498 5007; x_wconf 91' lang='lat' dir='ltr'><strong>cito</strong></span> <span class='ocrx_word' id='word_1_421' title='bbox 1544 4959 1667 5004; x_wconf 90' lang='lat' dir='ltr'><strong>sunt</strong></span> <span class='ocrx_word' id='word_1_422' title='bbox 1692 4949 1806 5005; x_wconf 92' lang='lat' dir='ltr'><strong>sine</strong></span> <span class='ocrx_word' id='word_1_423' title='bbox 1832 4964 1929 5020; x_wconf 86' lang='lat' dir='ltr'><strong>po-</strong></span> 
     </span>
    </p>
   </div>
   <div class='ocr_carea' id='block_1_52' title="bbox 375 5043 1932 5118">
    <p class='ocr_par' dir='ltr' id='par_1_52' title="bbox 375 5043 1932 5118">
     <span class='ocr_line' id='line_1_52' title="bbox 375 5043 1932 5118; baseline -0.011 -4"><span class='ocrx_word' id='word_1_424' title='bbox 375 5058 526 5114; x_wconf 83' lang='lat' dir='ltr'><strong>steris</strong></span> <span class='ocrx_word' id='word_1_425' title='bbox 571 5053 804 5109; x_wconf 80' lang='lat' dir='ltr'><strong>mortui?</strong></span> <span class='ocrx_word' id='word_1_426' title='bbox 851 5048 1114 5118; x_wconf 83' lang='lat' dir='ltr'><strong>Numquid</strong></span> <span class='ocrx_word' id='word_1_427' title='bbox 1157 5047 1314 5101; x_wconf 87' lang='lat' dir='ltr'><strong>etiam</strong></span> <span class='ocrx_word' id='word_1_428' title='bbox 1360 5044 1427 5099; x_wconf 90' lang='lat' dir='ltr'><strong>de</strong></span> <span class='ocrx_word' id='word_1_429' title='bbox 1468 5043 1549 5098; x_wconf 91' lang='lat' dir='ltr'><strong>his</strong></span> <span class='ocrx_word' id='word_1_430' title='bbox 1591 5058 1708 5112; x_wconf 68' lang='lat' dir='ltr'><strong>quae</strong></span> <span class='ocrx_word' id='word_1_431' title='bbox 1736 5043 1787 5095; x_wconf 91' lang='lat' dir='ltr'><strong>in</strong></span> <span class='ocrx_word' id='word_1_432' title='bbox 1821 5043 1932 5097; x_wconf 88' lang='lat' dir='ltr'><strong>suis</strong></span> 
     </span>
    </p>
   </div>
   <div class='ocr_carea' id='block_1_53' title="bbox 377 5134 1932 5216">
    <p class='ocr_par' dir='ltr' id='par_1_53' title="bbox 377 5134 1932 5216">
     <span class='ocr_line' id='line_1_53' title="bbox 377 5134 1932 5216; baseline -0.009 -16"><span class='ocrx_word' id='word_1_433' title='bbox 377 5158 491 5216; x_wconf 90' lang='lat' dir='ltr'><strong>post</strong></span> <span class='ocrx_word' id='word_1_434' title='bbox 533 5154 756 5199; x_wconf 87' lang='lat' dir='ltr'><strong>mortem</strong></span> <span class='ocrx_word' id='word_1_435' title='bbox 811 5140 1066 5210; x_wconf 90' lang='lat' dir='ltr'><strong>cujusque</strong></span> <span class='ocrx_word' id='word_1_436' title='bbox 1117 5136 1460 5205; x_wconf 84' lang='lat' dir='ltr'><strong>contingunt,</strong></span> <span class='ocrx_word' id='word_1_437' title='bbox 1514 5134 1649 5187; x_wconf 89' lang='lat' dir='ltr'><strong>ullus</strong></span> <span class='ocrx_word' id='word_1_438' title='bbox 1695 5142 1932 5187; x_wconf 91' lang='lat' dir='ltr'><strong>mortuos</strong></span> 
     </span>
    </p>
   </div>
   <div class='ocr_carea' id='block_1_54' title="bbox 377 5223 1930 5306">
    <p class='ocr_par' dir='ltr' id='par_1_54' title="bbox 377 5223 1930 5306">
     <span class='ocr_line' id='line_1_54' title="bbox 377 5223 1930 5306; baseline -0.01 -15"><span class='ocrx_word' id='word_1_439' title='bbox 377 5239 536 5306; x_wconf 86' lang='lat' dir='ltr'><strong>tangit</strong></span> <span class='ocrx_word' id='word_1_440' title='bbox 559 5232 748 5289; x_wconf 78' lang='lat' dir='ltr'><strong>dolor?</strong></span> <span class='ocrx_word' id='word_1_441' title='bbox 776 5239 865 5284; x_wconf 91' lang='lat' dir='ltr'><strong>aut</strong></span> <span class='ocrx_word' id='word_1_442' title='bbox 891 5230 1003 5283; x_wconf 72' lang='lat' dir='ltr'><strong>hanc</strong></span> <span class='ocrx_word' id='word_1_443' title='bbox 1028 5228 1214 5283; x_wconf 90' lang='lat' dir='ltr'><strong>saltem</strong></span> <span class='ocrx_word' id='word_1_444' title='bbox 1236 5225 1371 5280; x_wconf 90' lang='lat' dir='ltr'><strong>scire</strong></span> <span class='ocrx_word' id='word_1_445' title='bbox 1399 5223 1614 5292; x_wconf 89' lang='lat' dir='ltr'><strong>putandi</strong></span> <span class='ocrx_word' id='word_1_446' title='bbox 1636 5231 1776 5287; x_wconf 89' lang='lat' dir='ltr'><strong>sunt,</strong></span> <span class='ocrx_word' id='word_1_447' title='bbox 1801 5237 1930 5292; x_wconf 90' lang='lat' dir='ltr'><strong>quo-</strong></span> 
     </span>
    </p>
   </div>
   <div class='ocr_carea' id='block_1_55' title="bbox 377 5314 1984 5388">
    <p class='ocr_par' dir='ltr' id='par_1_55' title="bbox 377 5314 1984 5388">
     <span class='ocr_line' id='line_1_55' title="bbox 377 5314 1984 5388; baseline -0.011 -5"><span class='ocrx_word' id='word_1_448' title='bbox 377 5346 488 5384; x_wconf 87' lang='lat' dir='ltr'><strong>rum</strong></span> <span class='ocrx_word' id='word_1_449' title='bbox 537 5340 726 5381; x_wconf 82' lang='lat' dir='ltr'><strong>sensus</strong></span> <span class='ocrx_word' id='word_1_450' title='bbox 767 5323 886 5377; x_wconf 89' lang='lat' dir='ltr'><strong>alibi</strong></span> <span class='ocrx_word' id='word_1_451' title='bbox 937 5329 1019 5376; x_wconf 88' lang='lat' dir='ltr'><strong>est</strong></span> <span class='ocrx_word' id='word_1_452' title='bbox 1062 5333 1154 5388; x_wconf 92' lang='lat' dir='ltr'><strong>pro</strong></span> <span class='ocrx_word' id='word_1_453' title='bbox 1201 5315 1443 5381; x_wconf 86' lang='lat' dir='ltr'><strong>meritis,</strong></span> <span class='ocrx_word' id='word_1_454' title='bbox 1489 5330 1583 5370; x_wconf 90' lang='lat' dir='ltr'><strong>seu</strong></span> <span class='ocrx_word' id='word_1_455' title='bbox 1622 5314 1789 5380; x_wconf 89' lang='lat' dir='ltr'><strong>bene,</strong></span> <span class='ocrx_word' id='word_1_456' title='bbox 1838 5328 1931 5367; x_wconf 89' lang='lat' dir='ltr'><strong>seu</strong></span> <span class='ocrx_word' id='word_1_457' title='bbox 1979 5335 1984 5343; x_wconf 95' lang='lat'><strong><em>-</em></strong></span> 
     </span>
    </p>
   </div>
   <div class='ocr_carea' id='block_1_56' title="bbox 377 5408 1931 5484">
    <p class='ocr_par' dir='ltr' id='par_1_56' title="bbox 377 5408 1931 5484">
     <span class='ocr_line' id='line_1_56' title="bbox 377 5408 1931 5484; baseline -0.011 -9"><span class='ocrx_word' id='word_1_458' title='bbox 377 5421 548 5476; x_wconf 85' lang='lat' dir='ltr'><strong>male?</strong></span> <span class='ocrx_word' id='word_1_459' title='bbox 582 5419 676 5474; x_wconf 87' lang='lat' dir='ltr'><strong>Cui</strong></span> <span class='ocrx_word' id='word_1_460' title='bbox 716 5413 1010 5484; x_wconf 80' lang='lat' dir='ltr'><strong>respondeo</strong></span> <span class='ocrx_word' id='word_1_461' title='bbox 1062 5424 1301 5480; x_wconf 85' lang='lat' dir='ltr'><strong>magnam</strong></span> <span class='ocrx_word' id='word_1_462' title='bbox 1344 5408 1554 5478; x_wconf 88' lang='lat' dir='ltr'><strong>quidem</strong></span> <span class='ocrx_word' id='word_1_463' title='bbox 1611 5419 1730 5461; x_wconf 88' lang='lat' dir='ltr'><strong>esse</strong></span> <span class='ocrx_word' id='word_1_464' title='bbox 1783 5421 1931 5474; x_wconf 66' lang='lat' dir='ltr'><strong>quaa-</strong></span> 
     </span>
    </p>
   </div>
   <div class='ocr_carea' id='block_1_57' title="bbox 377 5496 1934 5575">
    <p class='ocr_par' dir='ltr' id='par_1_57' title="bbox 377 5496 1934 5575">
     <span class='ocr_line' id='line_1_57' title="bbox 377 5496 1934 5575; baseline -0.01 -9"><span class='ocrx_word' id='word_1_465' title='bbox 377 5513 623 5575; x_wconf 85' lang='lat' dir='ltr'><strong>stionem,</strong></span> <span class='ocrx_word' id='word_1_466' title='bbox 698 5523 795 5562; x_wconf 89' lang='lat' dir='ltr'><strong>nec</strong></span> <span class='ocrx_word' id='word_1_467' title='bbox 844 5507 894 5558; x_wconf 89' lang='lat' dir='ltr'><strong>in</strong></span> <span class='ocrx_word' id='word_1_468' title='bbox 946 5501 1222 5573; x_wconf 77' lang='lat' dir='ltr'><strong>praesentia</strong></span> <span class='ocrx_word' id='word_1_469' title='bbox 1273 5498 1656 5564; x_wconf 88' lang='lat' dir='ltr'><strong>disserendam,</strong></span> <span class='ocrx_word' id='word_1_470' title='bbox 1689 5496 1828 5567; x_wconf 89' lang='lat' dir='ltr'><strong>quod</strong></span> <span class='ocrx_word' id='word_1_471' title='bbox 1866 5497 1934 5551; x_wconf 90' lang='lat' dir='ltr'><strong>sit</strong></span> 
     </span>
    </p>
   </div>
   <div class='ocr_carea' id='block_1_58' title="bbox 279 5589 1936 5672">
    <p class='ocr_par' dir='ltr' id='par_1_58' title="bbox 279 5589 1936 5672">
     <span class='ocr_line' id='line_1_58' title="bbox 279 5589 1936 5672; baseline -0.009 -15"><span class='ocrx_word' id='word_1_472' title='bbox 279 5635 282 5638; x_wconf 83' lang='lat'><strong><em>~</em></strong></span> <span class='ocrx_word' id='word_1_473' title='bbox 378 5606 554 5672; x_wconf 85' lang='lat' dir='ltr'><strong>operis</strong></span> <span class='ocrx_word' id='word_1_474' title='bbox 600 5598 925 5670; x_wconf 77' lang='lat' dir='ltr'><strong>prolixioris,</strong></span> <span class='ocrx_word' id='word_1_475' title='bbox 975 5604 1187 5657; x_wconf 91' lang='lat' dir='ltr'><strong>utrum,</strong></span> <span class='ocrx_word' id='word_1_476' title='bbox 1234 5591 1316 5646; x_wconf 87' lang='lat' dir='ltr'><strong>vel</strong></span> <span class='ocrx_word' id='word_1_477' title='bbox 1353 5599 1643 5661; x_wconf 88' lang='lat' dir='ltr'><strong>quatenus,</strong></span> <span class='ocrx_word' id='word_1_478' title='bbox 1682 5589 1764 5644; x_wconf 85' lang='lat' dir='ltr'><strong>vel</strong></span> <span class='ocrx_word' id='word_1_479' title='bbox 1807 5603 1936 5658; x_wconf 88' lang='lat' dir='ltr'><strong>quo-</strong></span> 
     </span>
    </p>
   </div>
   <div class='ocr_carea' id='block_1_59' title="bbox 382 5682 1937 5762">
    <p class='ocr_par' dir='ltr' id='par_1_59' title="bbox 382 5682 1937 5762">
     <span class='ocr_line' id='line_1_59' title="bbox 382 5682 1937 5762; baseline -0.009 -13"><span class='ocrx_word' id='word_1_480' title='bbox 382 5695 536 5749; x_wconf 87' lang='lat' dir='ltr'><strong>modo</strong></span> <span class='ocrx_word' id='word_1_481' title='bbox 576 5709 636 5747; x_wconf 88' lang='lat' dir='ltr'><strong>ea</strong></span> <span class='ocrx_word' id='word_1_482' title='bbox 675 5708 790 5762; x_wconf 76' lang='lat' dir='ltr'><strong>quzn</strong></span> <span class='ocrx_word' id='word_1_483' title='bbox 819 5691 957 5744; x_wconf 88' lang='lat' dir='ltr'><strong>circa</strong></span> <span class='ocrx_word' id='word_1_484' title='bbox 1001 5702 1098 5742; x_wconf 89' lang='lat' dir='ltr'><strong>nos</strong></span> <span class='ocrx_word' id='word_1_485' title='bbox 1143 5694 1400 5756; x_wconf 83' lang='lat' dir='ltr'><strong>aguntur,</strong></span> <span class='ocrx_word' id='word_1_486' title='bbox 1450 5684 1690 5738; x_wconf 89' lang='lat' dir='ltr'><strong>noverint</strong></span> <span class='ocrx_word' id='word_1_487' title='bbox 1721 5682 1937 5751; x_wconf 86' lang='lat' dir='ltr'><strong>spiritus</strong></span> 
     </span>
    </p>
   </div>
   <div class='ocr_carea' id='block_1_60' title="bbox 397 5774 1930 5849">
    <p class='ocr_par' dir='ltr' id='par_1_60' title="bbox 397 5774 1930 5849">
     <span class='ocr_line' id='line_1_60' title="bbox 397 5774 1930 5849; baseline -0.009 -7"><span class='ocrx_word' id='word_1_488' title='bbox 397 5795 725 5842; x_wconf 86' lang='lat' dir='ltr'><strong>mortuorum.</strong></span> <span class='ocrx_word' id='word_1_489' title='bbox 757 5783 1128 5839; x_wconf 83' lang='lat' dir='ltr'><strong>Verumtamen</strong></span> <span class='ocrx_word' id='word_1_490' title='bbox 1147 5817 1162 5840; x_wconf 85' lang='lat'><strong><em>.</em></strong></span> <span class='ocrx_word' id='word_1_491' title='bbox 1192 5775 1330 5849; x_wconf 88' lang='lat' dir='ltr'><strong>quod</strong></span> <span class='ocrx_word' id='word_1_492' title='bbox 1359 5775 1588 5832; x_wconf 83' lang='lat' dir='ltr'><strong>breviter</strong></span> <span class='ocrx_word' id='word_1_493' title='bbox 1611 5774 1710 5830; x_wconf 88' lang='lat' dir='ltr'><strong>dici</strong></span> <span class='ocrx_word' id='word_1_494' title='bbox 1739 5783 1930 5845; x_wconf 82' lang='lat' dir='ltr'><strong>potest,</strong></span> 
     </span>
    </p>
   </div>
   <div class='ocr_carea' id='block_1_61' title="bbox 1359 352 2415 422">
    <p class='ocr_par' dir='ltr' id='par_1_61' title="bbox 1359 352 2415 422">
     <span class='ocr_line' id='line_1_61' title="bbox 1359 352 2415 422; baseline -0.013 0"><span class='ocrx_word' id='word_1_495' title='bbox 1359 357 1750 422; x_wconf 52' lang='lat' dir='ltr'><strong>ENARR‘ATIO</strong></span> <span class='ocrx_word' id='word_1_496' title='bbox 1785 356 1850 412; x_wconf 86' lang='lat' dir='ltr'><strong>I.\&#39;</strong></span> <span class='ocrx_word' id='word_1_497' title='bbox 1888 352 2204 410; x_wconf 71' lang='lat' dir='ltr'><strong>PSALMUM</strong></span> <span class='ocrx_word' id='word_1_498' title='bbox 2241 353 2415 409; x_wconf 81' lang='lat' dir='ltr'><strong>CVIII.</strong></span> 
     </span>
    </p>
   </div>
   <div class='ocr_carea' id='block_1_62' title="bbox 3429 345 3564 405">
    <p class='ocr_par' dir='ltr' id='par_1_62' title="bbox 3429 345 3564 405">
     <span class='ocr_line' id='line_1_62' title="bbox 3429 345 3564 405; baseline -0.007 0"><span class='ocrx_word' id='word_1_499' title='bbox 3429 345 3564 405; x_wconf 61' lang='grc'><strong>1458</strong></span> 
     </span>
    </p>
   </div>
   <div class='ocr_carea' id='block_1_63' title="bbox 2007 487 3565 551">
    <p class='ocr_par' dir='ltr' id='par_1_63' title="bbox 2007 487 3565 551">
     <span class='ocr_line' id='line_1_63' title="bbox 2007 487 3565 551; baseline -0.003 -8"><span class='ocrx_word' id='word_1_500' title='bbox 2007 491 2050 543; x_wconf 87' lang='lat' dir='ltr'><strong>si</strong></span> <span class='ocrx_word' id='word_1_501' title='bbox 2081 491 2216 545; x_wconf 63' lang='lat' dir='ltr'><strong>trulla</strong></span> <span class='ocrx_word' id='word_1_502' title='bbox 2257 491 2356 545; x_wconf 91' lang='lat' dir='ltr'><strong>illis</strong></span> <span class='ocrx_word' id='word_1_503' title='bbox 2385 499 2526 545; x_wconf 85' lang='lat' dir='ltr'><strong>esset</strong></span> <span class='ocrx_word' id='word_1_504' title='bbox 2552 503 2674 544; x_wconf 88' lang='lat' dir='ltr'><strong>cura</strong></span> <span class='ocrx_word' id='word_1_505' title='bbox 2705 489 2771 544; x_wconf 87' lang='lat' dir='ltr'><strong>de</strong></span> <span class='ocrx_word' id='word_1_506' title='bbox 2797 488 2978 551; x_wconf 86' lang='lat' dir='ltr'><strong>nobis,</strong></span> <span class='ocrx_word' id='word_1_507' title='bbox 3021 505 3123 543; x_wconf 91' lang='lat' dir='ltr'><strong>non</strong></span> <span class='ocrx_word' id='word_1_508' title='bbox 3155 489 3358 544; x_wconf 86' lang='lat' dir='ltr'><strong>diceret</strong></span> <span class='ocrx_word' id='word_1_509' title='bbox 3385 487 3565 540; x_wconf 78' lang='lat' dir='ltr'><strong>Domi-</strong></span> 
     </span>
    </p>
   </div>
   <div class='ocr_carea' id='block_1_64' title="bbox 2008 579 3566 650">
    <p class='ocr_par' dir='ltr' id='par_1_64' title="bbox 2008 579 3566 650">
     <span class='ocr_line' id='line_1_64' title="bbox 2008 579 3566 650; baseline -0.003 -16"><span class='ocrx_word' id='word_1_510' title='bbox 2008 597 2106 634; x_wconf 92' lang='lat' dir='ltr'><strong>nus</strong></span> <span class='ocrx_word' id='word_1_511' title='bbox 2135 581 2330 635; x_wconf 78' lang='lat' dir='ltr'><strong>dixisse</strong></span> <span class='ocrx_word' id='word_1_512' title='bbox 2369 581 2511 634; x_wconf 89' lang='lat' dir='ltr'><strong>illum</strong></span> <span class='ocrx_word' id='word_1_513' title='bbox 2537 580 2752 635; x_wconf 82' lang='lat' dir='ltr'><strong>divitem</strong></span> <span class='ocrx_word' id='word_1_514' title='bbox 2785 581 2871 649; x_wconf 84' lang='lat' dir='ltr'><strong>qui</strong></span> <span class='ocrx_word' id='word_1_515' title='bbox 2917 589 3170 634; x_wconf 82' lang='lat' dir='ltr'><strong>tormenta</strong></span> <span class='ocrx_word' id='word_1_516' title='bbox 3201 581 3336 650; x_wconf 85' lang='lat' dir='ltr'><strong>apud</strong></span> <span class='ocrx_word' id='word_1_517' title='bbox 3369 579 3566 631; x_wconf 74' lang='lat' dir='ltr'><strong>inferos</strong></span> 
     </span>
    </p>
   </div>
   <div class='ocr_carea' id='block_1_65' title="bbox 2011 671 3563 743">
    <p class='ocr_par' dir='ltr' id='par_1_65' title="bbox 2011 671 3563 743">
     <span class='ocr_line' id='line_1_65' title="bbox 2011 671 3563 743; baseline -0.001 -20"><span class='ocrx_word' id='word_1_518' title='bbox 2011 672 2304 740; x_wconf 87' lang='lat' dir='ltr'><strong>patiebatur</strong></span> <span class='ocrx_word' id='word_1_519' title='bbox 2338 690 2350 726; x_wconf 89' lang='lat'>:</span> <span class='ocrx_word' id='word_1_520' title='bbox 2385 671 2557 725; x_wconf 83' lang='lat' dir='ltr'><strong>Habeo</strong></span> <span class='ocrx_word' id='word_1_521' title='bbox 2597 671 2664 725; x_wconf 85' lang='lat' dir='ltr'><strong>ibi</strong></span> <span class='ocrx_word' id='word_1_522' title='bbox 2691 673 2906 743; x_wconf 80' lang='lat' dir='ltr'><strong>quinque</strong></span> <span class='ocrx_word' id='word_1_523' title='bbox 2933 672 3140 740; x_wconf 77' lang='lat' dir='ltr'><strong>fratres,</strong></span> <span class='ocrx_word' id='word_1_524' title='bbox 3172 687 3233 723; x_wconf 86' lang='lat' dir='ltr'><strong>ne</strong></span> <span class='ocrx_word' id='word_1_525' title='bbox 3266 682 3308 724; x_wconf 91' lang='lat' dir='ltr'><strong>et</strong></span> <span class='ocrx_word' id='word_1_526' title='bbox 3347 671 3445 740; x_wconf 82' lang='lat' dir='ltr'><strong>ipsi</strong></span> <span class='ocrx_word' id='word_1_527' title='bbox 3479 685 3563 723; x_wconf 71' lang='lat' dir='ltr'><strong>ve-</strong></span> 
     </span>
    </p>
   </div>
   <div class='ocr_carea' id='block_1_66' title="bbox 2009 761 3566 830">
    <p class='ocr_par' dir='ltr' id='par_1_66' title="bbox 2009 761 3566 830">
     <span class='ocr_line' id='line_1_66' title="bbox 2009 761 3566 830; baseline -0.002 -14"><span class='ocrx_word' id='word_1_528' title='bbox 2009 765 2149 816; x_wconf 81' lang='lat' dir='ltr'><strong>niant</strong></span> <span class='ocrx_word' id='word_1_529' title='bbox 2173 764 2226 816; x_wconf 83' lang='lat' dir='ltr'><strong>in</strong></span> <span class='ocrx_word' id='word_1_530' title='bbox 2263 764 2426 816; x_wconf 82' lang='lat' dir='ltr'><strong>locum</strong></span> <span class='ocrx_word' id='word_1_531' title='bbox 2465 765 2596 816; x_wconf 86' lang='lat' dir='ltr'><strong>hunc</strong></span> <span class='ocrx_word' id='word_1_532' title='bbox 2640 773 3011 816; x_wconf 85' lang='lat' dir='ltr'><strong>tormentorum.</strong></span> <span class='ocrx_word' id='word_1_533' title='bbox 3043 761 3146 816; x_wconf 89' lang='lat' dir='ltr'><strong>Sed</strong></span> <span class='ocrx_word' id='word_1_534' title='bbox 3173 761 3566 830; x_wconf 80' lang='lat' dir='ltr'><strong>quomodolibet</strong></span> 
     </span>
    </p>
   </div>
   <div class='ocr_carea' id='block_1_67' title="bbox 2011 854 3568 924">
    <p class='ocr_par' dir='ltr' id='par_1_67' title="bbox 2011 854 3568 924">
     <span class='ocr_line' id='line_1_67' title="bbox 2011 854 3568 924; baseline -0.003 -16"><span class='ocrx_word' id='word_1_535' title='bbox 2011 855 2302 924; x_wconf 81' lang='lat' dir='ltr'><strong>intelligant</strong></span> <span class='ocrx_word' id='word_1_536' title='bbox 2341 856 2429 924; x_wconf 92' lang='lat' dir='ltr'><strong>qui</strong></span> <span class='ocrx_word' id='word_1_537' title='bbox 2479 854 2581 911; x_wconf 88' lang='lat' dir='ltr'><strong>hoc</strong></span> <span class='ocrx_word' id='word_1_538' title='bbox 2618 855 2768 909; x_wconf 88' lang='lat' dir='ltr'><strong>aliter</strong></span> <span class='ocrx_word' id='word_1_539' title='bbox 2820 856 3109 924; x_wconf 79' lang='lat' dir='ltr'><strong>intelligere</strong></span> <span class='ocrx_word' id='word_1_540' title='bbox 3168 862 3456 916; x_wconf 85' lang='lat' dir='ltr'><strong>conantur,</strong></span> <span class='ocrx_word' id='word_1_541' title='bbox 3514 860 3568 904; x_wconf 89' lang='lat' dir='ltr'><strong>et</strong></span> 
     </span>
    </p>
   </div>
   <div class='ocr_carea' id='block_1_68' title="bbox 2011 943 3568 1016">
    <p class='ocr_par' dir='ltr' id='par_1_68' title="bbox 2011 943 3568 1016">
     <span class='ocr_line' id='line_1_68' title="bbox 2011 943 3568 1016; baseline -0.002 -17"><span class='ocrx_word' id='word_1_542' title='bbox 2011 947 2129 1016; x_wconf 90' lang='lat' dir='ltr'><strong>quia</strong></span> <span class='ocrx_word' id='word_1_543' title='bbox 2174 946 2440 1000; x_wconf 82' lang='lat' dir='ltr'><strong>fatendum</strong></span> <span class='ocrx_word' id='word_1_544' title='bbox 2485 956 2566 1000; x_wconf 87' lang='lat' dir='ltr'><strong>est</strong></span> <span class='ocrx_word' id='word_1_545' title='bbox 2604 961 2708 1000; x_wconf 90' lang='lat' dir='ltr'><strong>non</strong></span> <span class='ocrx_word' id='word_1_546' title='bbox 2740 960 2856 1000; x_wconf 86' lang='lat' dir='ltr'><strong>esse</strong></span> <span class='ocrx_word' id='word_1_547' title='bbox 2886 959 3210 1013; x_wconf 82' lang='lat' dir='ltr'><strong>consequens</strong></span> <span class='ocrx_word' id='word_1_548' title='bbox 3243 954 3296 996; x_wconf 94' lang='lat' dir='ltr'><strong>ut</strong></span> <span class='ocrx_word' id='word_1_549' title='bbox 3327 943 3367 995; x_wconf 86' lang='lat' dir='ltr'><strong>si</strong></span> <span class='ocrx_word' id='word_1_550' title='bbox 3396 943 3568 996; x_wconf 87' lang='lat' dir='ltr'><strong>sciunt</strong></span> 
     </span>
    </p>
   </div>
   <div class='ocr_carea' id='block_1_69' title="bbox 2013 1035 3570 1105">
    <p class='ocr_par' dir='ltr' id='par_1_69' title="bbox 2013 1035 3570 1105">
     <span class='ocr_line' id='line_1_69' title="bbox 2013 1035 3570 1105; baseline -0.003 -15"><span class='ocrx_word' id='word_1_551' title='bbox 2013 1037 2204 1091; x_wconf 85' lang='lat' dir='ltr'><strong>mortui</strong></span> <span class='ocrx_word' id='word_1_552' title='bbox 2235 1051 2362 1091; x_wconf 89' lang='lat' dir='ltr'><strong>suos</strong></span> <span class='ocrx_word' id='word_1_553' title='bbox 2389 1038 2595 1100; x_wconf 86' lang='lat' dir='ltr'><strong>vivere,</strong></span> <span class='ocrx_word' id='word_1_554' title='bbox 2632 1036 2753 1105; x_wconf 88' lang='lat' dir='ltr'><strong>quia</strong></span> <span class='ocrx_word' id='word_1_555' title='bbox 2780 1051 2876 1089; x_wconf 89' lang='lat' dir='ltr'><strong>nec</strong></span> <span class='ocrx_word' id='word_1_556' title='bbox 2905 1035 2954 1088; x_wconf 92' lang='lat' dir='ltr'><strong>in</strong></span> <span class='ocrx_word' id='word_1_557' title='bbox 2983 1035 3124 1088; x_wconf 88' lang='lat' dir='ltr'><strong>locis</strong></span> <span class='ocrx_word' id='word_1_558' title='bbox 3164 1048 3432 1102; x_wconf 65' lang='lat' dir='ltr'><strong>pinnarum</strong></span> <span class='ocrx_word' id='word_1_559' title='bbox 3473 1046 3570 1085; x_wconf 89' lang='lat' dir='ltr'><strong>eos</strong></span> 
     </span>
    </p>
   </div>
   <div class='ocr_carea' id='block_1_70' title="bbox 2012 1125 3565 1194">
    <p class='ocr_par' dir='ltr' id='par_1_70' title="bbox 2012 1125 3565 1194">
     <span class='ocr_line' id='line_1_70' title="bbox 2012 1125 3565 1194; baseline -0.007 -11"><span class='ocrx_word' id='word_1_560' title='bbox 2012 1129 2224 1193; x_wconf 89' lang='lat' dir='ltr'><strong>vident,</strong></span> <span class='ocrx_word' id='word_1_561' title='bbox 2257 1129 2342 1182; x_wconf 88' lang='lat' dir='ltr'><strong>ubi</strong></span> <span class='ocrx_word' id='word_1_562' title='bbox 2376 1129 2521 1183; x_wconf 92' lang='lat' dir='ltr'><strong>dives</strong></span> <span class='ocrx_word' id='word_1_563' title='bbox 2548 1128 2633 1182; x_wconf 87' lang='lat' dir='ltr'><strong>ille</strong></span> <span class='ocrx_word' id='word_1_564' title='bbox 2667 1137 2816 1191; x_wconf 88' lang='lat' dir='ltr'><strong>erat,</strong></span> <span class='ocrx_word' id='word_1_565' title='bbox 2846 1141 2944 1180; x_wconf 91' lang='lat' dir='ltr'><strong>nec</strong></span> <span class='ocrx_word' id='word_1_566' title='bbox 2970 1127 3019 1179; x_wconf 93' lang='lat' dir='ltr'><strong>in</strong></span> <span class='ocrx_word' id='word_1_567' title='bbox 3057 1125 3234 1194; x_wconf 85' lang='lat' dir='ltr'><strong>requie</strong></span> <span class='ocrx_word' id='word_1_568' title='bbox 3259 1125 3565 1188; x_wconf 86' lang='lat' dir='ltr'><strong>beatorum,</strong></span> 
     </span>
    </p>
   </div>
   <div class='ocr_carea' id='block_1_71' title="bbox 2015 1213 3571 1288">
    <p class='ocr_par' dir='ltr' id='par_1_71' title="bbox 2015 1213 3571 1288">
     <span class='ocr_line' id='line_1_71' title="bbox 2015 1213 3571 1288; baseline -0.004 -16"><span class='ocrx_word' id='word_1_569' title='bbox 2015 1221 2098 1274; x_wconf 86' lang='lat' dir='ltr'><strong>ubi</strong></span> <span class='ocrx_word' id='word_1_570' title='bbox 2140 1220 2391 1274; x_wconf 88' lang='lat' dir='ltr'><strong>Lazarum</strong></span> <span class='ocrx_word' id='word_1_571' title='bbox 2433 1228 2487 1274; x_wconf 89' lang='lat' dir='ltr'><strong>et</strong></span> <span class='ocrx_word' id='word_1_572' title='bbox 2513 1219 2772 1273; x_wconf 82' lang='lat' dir='ltr'><strong>Abraham</strong></span> <span class='ocrx_word' id='word_1_573' title='bbox 2803 1218 3041 1288; x_wconf 89' lang='lat' dir='ltr'><strong>quamvis</strong></span> <span class='ocrx_word' id='word_1_574' title='bbox 3066 1217 3217 1286; x_wconf 84' lang='lat' dir='ltr'><strong>longe</strong></span> <span class='ocrx_word' id='word_1_575' title='bbox 3256 1213 3571 1284; x_wconf 72' lang='lat' dir='ltr'><strong>agnoscebat</strong></span> 
     </span>
    </p>
   </div>
   <div class='ocr_carea' id='block_1_72' title="bbox 2015 1308 3567 1383">
    <p class='ocr_par' dir='ltr' id='par_1_72' title="bbox 2015 1308 3567 1383">
     <span class='ocr_line' id='line_1_72' title="bbox 2015 1308 3567 1383; baseline -0.004 -19"><span class='ocrx_word' id='word_1_576' title='bbox 2015 1311 2180 1383; x_wconf 86' lang='lat' dir='ltr'><strong>(Luc.</strong></span> <span class='ocrx_word' id='word_1_577' title='bbox 2209 1329 2315 1377; x_wconf 80' lang='lat' dir='ltr'><strong>xvi,</strong></span> <span class='ocrx_word' id='word_1_578' title='bbox 2343 1311 2412 1366; x_wconf 67' lang='lat'><strong>28</strong></span> <span class='ocrx_word' id='word_1_579' title='bbox 2435 1352 2448 1377; x_wconf 94' lang='lat'><strong>,</strong></span> <span class='ocrx_word' id='word_1_580' title='bbox 2480 1310 2551 1366; x_wconf 68' lang='lat'><strong>23</strong></span> <span class='ocrx_word' id='word_1_581' title='bbox 2569 1312 2607 1380; x_wconf 91' lang='lat'><strong>),</strong></span> <span class='ocrx_word' id='word_1_582' title='bbox 2638 1311 2756 1366; x_wconf 88' lang='lat' dir='ltr'><strong>ideo</strong></span> <span class='ocrx_word' id='word_1_583' title='bbox 2777 1325 2868 1364; x_wconf 91' lang='lat' dir='ltr'><strong>eos</strong></span> <span class='ocrx_word' id='word_1_584' title='bbox 2897 1311 3052 1364; x_wconf 88' lang='lat' dir='ltr'><strong>etiam</strong></span> <span class='ocrx_word' id='word_1_585' title='bbox 3081 1323 3197 1378; x_wconf 71' lang='lat' dir='ltr'><strong>qua:</strong></span> <span class='ocrx_word' id='word_1_586' title='bbox 3224 1308 3359 1362; x_wconf 90' lang='lat' dir='ltr'><strong>circa</strong></span> <span class='ocrx_word' id='word_1_587' title='bbox 3383 1321 3567 1361; x_wconf 88' lang='lat' dir='ltr'><strong>eorum</strong></span> 
     </span>
    </p>
   </div>
   <div class='ocr_carea' id='block_1_73' title="bbox 2015 1396 3570 1474">
    <p class='ocr_par' dir='ltr' id='par_1_73' title="bbox 2015 1396 3570 1474">
     <span class='ocr_line' id='line_1_73' title="bbox 2015 1396 3570 1474; baseline -0.006 -16"><span class='ocrx_word' id='word_1_588' title='bbox 2015 1403 2204 1458; x_wconf 88' lang='lat' dir='ltr'><strong>charos</strong></span> <span class='ocrx_word' id='word_1_589' title='bbox 2233 1412 2453 1474; x_wconf 80' lang='lat' dir='ltr'><strong>aguntur</strong></span> <span class='ocrx_word' id='word_1_590' title='bbox 2488 1403 2573 1456; x_wconf 90' lang='lat' dir='ltr'><strong>vel</strong></span> <span class='ocrx_word' id='word_1_591' title='bbox 2615 1402 2730 1455; x_wconf 68' lang='lat' dir='ltr'><strong>laeta</strong></span> <span class='ocrx_word' id='word_1_592' title='bbox 2759 1401 2841 1455; x_wconf 92' lang='lat' dir='ltr'><strong>vel</strong></span> <span class='ocrx_word' id='word_1_593' title='bbox 2871 1401 3034 1454; x_wconf 89' lang='lat' dir='ltr'><strong>tristia</strong></span> <span class='ocrx_word' id='word_1_594' title='bbox 3063 1399 3196 1454; x_wconf 90' lang='lat' dir='ltr'><strong>scire</strong></span> <span class='ocrx_word' id='word_1_595' title='bbox 3223 1412 3440 1452; x_wconf 90' lang='lat' dir='ltr'><strong>necesse</strong></span> <span class='ocrx_word' id='word_1_596' title='bbox 3464 1396 3570 1449; x_wconf 88' lang='lat' dir='ltr'><strong>sit:</strong></span> 
     </span>
    </p>
   </div>
   <div class='ocr_carea' id='block_1_74' title="bbox 2016 1488 3573 1563">
    <p class='ocr_par' dir='ltr' id='par_1_74' title="bbox 2016 1488 3573 1563">
     <span class='ocr_line' id='line_1_74' title="bbox 2016 1488 3573 1563; baseline -0.006 -15"><span class='ocrx_word' id='word_1_597' title='bbox 2016 1494 2117 1550; x_wconf 87' lang='lat' dir='ltr'><strong>hoc</strong></span> <span class='ocrx_word' id='word_1_598' title='bbox 2145 1495 2262 1549; x_wconf 91' lang='lat' dir='ltr'><strong>dico</strong></span> <span class='ocrx_word' id='word_1_599' title='bbox 2284 1535 2300 1560; x_wconf 90' lang='lat'><strong>,</strong></span> <span class='ocrx_word' id='word_1_600' title='bbox 2336 1507 2528 1563; x_wconf 91' lang='lat' dir='ltr'><strong>paucos</strong></span> <span class='ocrx_word' id='word_1_601' title='bbox 2555 1508 2671 1548; x_wconf 90' lang='lat' dir='ltr'><strong>esse</strong></span> <span class='ocrx_word' id='word_1_602' title='bbox 2697 1493 2811 1561; x_wconf 90' lang='lat' dir='ltr'><strong>ejus</strong></span> <span class='ocrx_word' id='word_1_603' title='bbox 2835 1492 2994 1546; x_wconf 89' lang='lat' dir='ltr'><strong>animi</strong></span> <span class='ocrx_word' id='word_1_604' title='bbox 3035 1490 3276 1544; x_wconf 82' lang='lat' dir='ltr'><strong>homines</strong></span> <span class='ocrx_word' id='word_1_605' title='bbox 3299 1530 3312 1553; x_wconf 92' lang='lat'><strong>,</strong></span> <span class='ocrx_word' id='word_1_606' title='bbox 3341 1488 3428 1556; x_wconf 89' lang='lat' dir='ltr'><strong>qui</strong></span> <span class='ocrx_word' id='word_1_607' title='bbox 3454 1493 3573 1556; x_wconf 86' lang='lat' dir='ltr'><strong>post</strong></span> 
     </span>
    </p>
   </div>
   <div class='ocr_carea' id='block_1_75' title="bbox 2013 1580 3572 1655">
    <p class='ocr_par' dir='ltr' id='par_1_75' title="bbox 2013 1580 3572 1655">
     <span class='ocr_line' id='line_1_75' title="bbox 2013 1580 3572 1655; baseline -0.004 -16"><span class='ocrx_word' id='word_1_608' title='bbox 2013 1595 2237 1641; x_wconf 90' lang='lat' dir='ltr'><strong>mortem</strong></span> <span class='ocrx_word' id='word_1_609' title='bbox 2266 1600 2413 1639; x_wconf 87' lang='lat' dir='ltr'><strong>suam</strong></span> <span class='ocrx_word' id='word_1_610' title='bbox 2457 1584 2579 1655; x_wconf 90' lang='lat' dir='ltr'><strong>quid</strong></span> <span class='ocrx_word' id='word_1_611' title='bbox 2610 1585 2717 1638; x_wconf 91' lang='lat' dir='ltr'><strong>suis</strong></span> <span class='ocrx_word' id='word_1_612' title='bbox 2745 1584 2867 1639; x_wconf 88' lang='lat' dir='ltr'><strong>boui</strong></span> <span class='ocrx_word' id='word_1_613' title='bbox 2916 1583 3103 1637; x_wconf 89' lang='lat' dir='ltr'><strong>malive</strong></span> <span class='ocrx_word' id='word_1_614' title='bbox 3133 1582 3400 1650; x_wconf 85' lang='lat' dir='ltr'><strong>contingat</strong></span> <span class='ocrx_word' id='word_1_615' title='bbox 3420 1621 3436 1643; x_wconf 88' lang='lat'><strong>,</strong></span> <span class='ocrx_word' id='word_1_616' title='bbox 3463 1580 3572 1633; x_wconf 82' lang='lat' dir='ltr'><strong>sal-</strong></span> 
     </span>
    </p>
   </div>
   <div class='ocr_carea' id='block_1_76' title="bbox 2018 1672 3575 1745">
    <p class='ocr_par' dir='ltr' id='par_1_76' title="bbox 2018 1672 3575 1745">
     <span class='ocr_line' id='line_1_76' title="bbox 2018 1672 3575 1745; baseline -0.004 -15"><span class='ocrx_word' id='word_1_617' title='bbox 2018 1686 2120 1731; x_wconf 90' lang='lat' dir='ltr'><strong>tem</strong></span> <span class='ocrx_word' id='word_1_618' title='bbox 2165 1675 2288 1730; x_wconf 85' lang='lat' dir='ltr'><strong>dum</strong></span> <span class='ocrx_word' id='word_1_619' title='bbox 2317 1677 2530 1742; x_wconf 90' lang='lat' dir='ltr'><strong>vivunt,</strong></span> <span class='ocrx_word' id='word_1_620' title='bbox 2576 1676 2870 1745; x_wconf 79' lang='lat' dir='ltr'><strong>negligant,</strong></span> <span class='ocrx_word' id='word_1_621' title='bbox 2916 1684 3072 1742; x_wconf 89' lang='lat' dir='ltr'><strong>atque</strong></span> <span class='ocrx_word' id='word_1_622' title='bbox 3101 1672 3315 1725; x_wconf 89' lang='lat' dir='ltr'><strong>omnino</strong></span> <span class='ocrx_word' id='word_1_623' title='bbox 3340 1678 3575 1725; x_wconf 90' lang='lat' dir='ltr'><strong>contem-</strong></span> 
     </span>
    </p>
   </div>
   <div class='ocr_carea' id='block_1_77' title="bbox 2016 1763 3572 1846">
    <p class='ocr_par' dir='ltr' id='par_1_77' title="bbox 2016 1763 3572 1846">
     <span class='ocr_line' id='line_1_77' title="bbox 2016 1763 3572 1846; baseline -0.006 -25"><span class='ocrx_word' id='word_1_624' title='bbox 2016 1775 2177 1846; x_wconf 88' lang='lat' dir='ltr'><strong>nant;</strong></span> <span class='ocrx_word' id='word_1_625' title='bbox 2221 1766 2412 1820; x_wconf 89' lang='lat' dir='ltr'><strong>multos</strong></span> <span class='ocrx_word' id='word_1_626' title='bbox 2455 1775 2626 1819; x_wconf 89' lang='lat' dir='ltr'><strong>autem</strong></span> <span class='ocrx_word' id='word_1_627' title='bbox 2647 1805 2661 1831; x_wconf 95' lang='lat'><strong>,</strong></span> <span class='ocrx_word' id='word_1_628' title='bbox 2704 1763 2844 1837; x_wconf 90' lang='lat' dir='ltr'><strong>quod</strong></span> <span class='ocrx_word' id='word_1_629' title='bbox 2872 1763 3064 1817; x_wconf 91' lang='lat' dir='ltr'><strong>indicat</strong></span> <span class='ocrx_word' id='word_1_630' title='bbox 3091 1763 3246 1817; x_wconf 85' lang='lat' dir='ltr'><strong>etiam</strong></span> <span class='ocrx_word' id='word_1_631' title='bbox 3279 1769 3419 1814; x_wconf 88' lang='lat' dir='ltr'><strong>tanta</strong></span> <span class='ocrx_word' id='word_1_632' title='bbox 3447 1773 3572 1814; x_wconf 85' lang='lat' dir='ltr'><strong>cura</strong></span> 
     </span>
    </p>
   </div>
   <div class='ocr_carea' id='block_1_78' title="bbox 2014 1856 3574 1926">
    <p class='ocr_par' dir='ltr' id='par_1_78' title="bbox 2014 1856 3574 1926">
     <span class='ocr_line' id='line_1_78' title="bbox 2014 1856 3574 1926; baseline -0.007 -7"><span class='ocrx_word' id='word_1_633' title='bbox 2014 1859 2445 1919; x_wconf 65' lang='lat' dir='ltr'><strong>commendandae</strong></span> <span class='ocrx_word' id='word_1_634' title='bbox 2475 1860 2670 1914; x_wconf 67' lang='lat' dir='ltr'><strong>ultimae</strong></span> <span class='ocrx_word' id='word_1_635' title='bbox 2700 1858 2982 1914; x_wconf 85' lang='lat' dir='ltr'><strong>voluntatis</strong></span> <span class='ocrx_word' id='word_1_636' title='bbox 3019 1864 3072 1912; x_wconf 86' lang='lat' dir='ltr'><strong>et</strong></span> <span class='ocrx_word' id='word_1_637' title='bbox 3111 1856 3574 1926; x_wconf 86' lang='lat' dir='ltr'><strong>qualiumcumque</strong></span> 
     </span>
    </p>
   </div>
   <div class='ocr_carea' id='block_1_79' title="bbox 2019 1944 3577 2019">
    <p class='ocr_par' dir='ltr' id='par_1_79' title="bbox 2019 1944 3577 2019">
     <span class='ocr_line' id='line_1_79' title="bbox 2019 1944 3577 2019; baseline -0.007 -12"><span class='ocrx_word' id='word_1_638' title='bbox 2019 1959 2450 2007; x_wconf 89' lang='lat' dir='ltr'><strong>testamentorum</strong></span> <span class='ocrx_word' id='word_1_639' title='bbox 2475 1992 2491 2017; x_wconf 89' lang='lat'><strong>,</strong></span> <span class='ocrx_word' id='word_1_640' title='bbox 2524 1959 2652 2004; x_wconf 80' lang='lat' dir='ltr'><strong>satis</strong></span> <span class='ocrx_word' id='word_1_641' title='bbox 2676 1964 2830 2019; x_wconf 84' lang='lat' dir='ltr'><strong>agere</strong></span> <span class='ocrx_word' id='word_1_642' title='bbox 2861 1959 2916 2002; x_wconf 93' lang='lat' dir='ltr'><strong>ut</strong></span> <span class='ocrx_word' id='word_1_643' title='bbox 2942 1960 3060 2002; x_wconf 89' lang='lat' dir='ltr'><strong>cum</strong></span> <span class='ocrx_word' id='word_1_644' title='bbox 3089 1945 3320 2001; x_wconf 79' lang='lat' dir='ltr'><strong>defuncti</strong></span> <span class='ocrx_word' id='word_1_645' title='bbox 3346 1944 3541 1999; x_wconf 83' lang='lat' dir='ltr'><strong>fuerint</strong></span> <span class='ocrx_word' id='word_1_646' title='bbox 3559 1982 3577 2008; x_wconf 93' lang='lat'><strong>,</strong></span> 
     </span>
    </p>
   </div>
   <div class='ocr_carea' id='block_1_80' title="bbox 2017 2036 3578 2108">
    <p class='ocr_par' dir='ltr' id='par_1_80' title="bbox 2017 2036 3578 2108">
     <span class='ocr_line' id='line_1_80' title="bbox 2017 2036 3578 2108; baseline -0.005 -12"><span class='ocrx_word' id='word_1_647' title='bbox 2017 2043 2127 2096; x_wconf 86' lang='lat' dir='ltr'><strong>suis</strong></span> <span class='ocrx_word' id='word_1_648' title='bbox 2155 2041 2289 2097; x_wconf 89' lang='lat' dir='ltr'><strong>bene</strong></span> <span class='ocrx_word' id='word_1_649' title='bbox 2335 2042 2422 2096; x_wconf 90' lang='lat' dir='ltr'><strong>sit.</strong></span> <span class='ocrx_word' id='word_1_650' title='bbox 2466 2041 2896 2096; x_wconf 88' lang='lat' dir='ltr'><strong>Permansionem</strong></span> <span class='ocrx_word' id='word_1_651' title='bbox 2941 2052 3067 2094; x_wconf 90' lang='lat' dir='ltr'><strong>vero</strong></span> <span class='ocrx_word' id='word_1_652' title='bbox 3109 2036 3428 2108; x_wconf 89' lang='lat' dir='ltr'><strong>posteritatis</strong></span> <span class='ocrx_word' id='word_1_653' title='bbox 3468 2049 3578 2089; x_wconf 73' lang='lat' dir='ltr'><strong>sua:</strong></span> 
     </span>
    </p>
   </div>
   <div class='ocr_carea' id='block_1_81' title="bbox 2023 2129 3577 2204">
    <p class='ocr_par' dir='ltr' id='par_1_81' title="bbox 2023 2129 3577 2204">
     <span class='ocr_line' id='line_1_81' title="bbox 2023 2129 3577 2204; baseline -0.006 -14"><span class='ocrx_word' id='word_1_654' title='bbox 2023 2151 2115 2204; x_wconf 90' lang='lat' dir='ltr'><strong>per</strong></span> <span class='ocrx_word' id='word_1_655' title='bbox 2143 2135 2502 2190; x_wconf 90' lang='lat' dir='ltr'><strong>successiones</strong></span> <span class='ocrx_word' id='word_1_656' title='bbox 2523 2134 2914 2204; x_wconf 88' lang='lat' dir='ltr'><strong>generationum</strong></span> <span class='ocrx_word' id='word_1_657' title='bbox 2945 2132 3041 2186; x_wconf 87' lang='lat' dir='ltr'><strong>soli</strong></span> <span class='ocrx_word' id='word_1_658' title='bbox 3073 2129 3400 2184; x_wconf 85' lang='lat' dir='ltr'><strong>laudabiliter</strong></span> <span class='ocrx_word' id='word_1_659' title='bbox 3425 2143 3577 2196; x_wconf 86' lang='lat' dir='ltr'><strong>sper—</strong></span> 
     </span>
    </p>
   </div>
   <div class='ocr_carea' id='block_1_82' title="bbox 2019 2214 3577 2294">
    <p class='ocr_par' dir='ltr' id='par_1_82' title="bbox 2019 2214 3577 2294">
     <span class='ocr_line' id='line_1_82' title="bbox 2019 2214 3577 2294; baseline -0.007 -14"><span class='ocrx_word' id='word_1_660' title='bbox 2019 2235 2171 2293; x_wconf 90' lang='lat' dir='ltr'><strong>nunt,</strong></span> <span class='ocrx_word' id='word_1_661' title='bbox 2192 2225 2279 2294; x_wconf 92' lang='lat' dir='ltr'><strong>qui</strong></span> <span class='ocrx_word' id='word_1_662' title='bbox 2305 2214 2506 2294; x_wconf 79' lang='lat' dir='ltr'><strong>seipsOs</strong></span> <span class='ocrx_word' id='word_1_663' title='bbox 2527 2224 2802 2278; x_wconf 89' lang='lat' dir='ltr'><strong>abscidunt</strong></span> <span class='ocrx_word' id='word_1_664' title='bbox 2828 2231 3040 2291; x_wconf 88' lang='lat' dir='ltr'><strong>propter</strong></span> <span class='ocrx_word' id='word_1_665' title='bbox 3057 2235 3276 2290; x_wconf 80' lang='lat' dir='ltr'><strong>regnum</strong></span> <span class='ocrx_word' id='word_1_666' title='bbox 3297 2218 3577 2282; x_wconf 80' lang='lat' dir='ltr'><strong>caelorum,</strong></span> 
     </span>
    </p>
   </div>
   <div class='ocr_carea' id='block_1_83' title="bbox 2018 2308 3580 2382">
    <p class='ocr_par' dir='ltr' id='par_1_83' title="bbox 2018 2308 3580 2382">
     <span class='ocr_line' id='line_1_83' title="bbox 2018 2308 3580 2382; baseline -0.004 -13"><span class='ocrx_word' id='word_1_667' title='bbox 2018 2324 2073 2370; x_wconf 91' lang='lat' dir='ltr'><strong>ct</strong></span> <span class='ocrx_word' id='word_1_668' title='bbox 2089 2314 2225 2370; x_wconf 80' lang='lat' dir='ltr'><strong>ﬁlios</strong></span> <span class='ocrx_word' id='word_1_669' title='bbox 2243 2329 2368 2370; x_wconf 91' lang='lat' dir='ltr'><strong>suos</strong></span> <span class='ocrx_word' id='word_1_670' title='bbox 2391 2315 2495 2369; x_wconf 88' lang='lat' dir='ltr'><strong>hoc</strong></span> <span class='ocrx_word' id='word_1_671' title='bbox 2519 2313 2691 2368; x_wconf 87' lang='lat' dir='ltr'><strong>facere</strong></span> <span class='ocrx_word' id='word_1_672' title='bbox 2711 2314 2955 2382; x_wconf 91' lang='lat' dir='ltr'><strong>cupiunt,</strong></span> <span class='ocrx_word' id='word_1_673' title='bbox 2984 2321 3299 2380; x_wconf 86' lang='lat' dir='ltr'><strong>exoptantve</strong></span> <span class='ocrx_word' id='word_1_674' title='bbox 3326 2308 3580 2380; x_wconf 83' lang='lat' dir='ltr'><strong>martyrio</strong></span> 
     </span>
    </p>
   </div>
   <div class='ocr_carea' id='block_1_84' title="bbox 2020 2402 3578 2472">
    <p class='ocr_par' dir='ltr' id='par_1_84' title="bbox 2020 2402 3578 2472">
     <span class='ocr_line' id='line_1_84' title="bbox 2020 2402 3578 2472; baseline -0.006 -11"><span class='ocrx_word' id='word_1_675' title='bbox 2020 2405 2299 2472; x_wconf 88' lang='lat' dir='ltr'><strong>coronari,</strong></span> <span class='ocrx_word' id='word_1_676' title='bbox 2328 2405 2401 2458; x_wconf 90' lang='lat' dir='ltr'><strong>ita</strong></span> <span class='ocrx_word' id='word_1_677' title='bbox 2445 2413 2504 2458; x_wconf 92' lang='lat' dir='ltr'><strong>ut</strong></span> <span class='ocrx_word' id='word_1_678' title='bbox 2545 2403 2721 2460; x_wconf 89' lang='lat' dir='ltr'><strong>nullus</strong></span> <span class='ocrx_word' id='word_1_679' title='bbox 2753 2417 2937 2456; x_wconf 89' lang='lat' dir='ltr'><strong>eorum</strong></span> <span class='ocrx_word' id='word_1_680' title='bbox 2979 2402 3032 2456; x_wconf 89' lang='lat' dir='ltr'><strong>iu</strong></span> <span class='ocrx_word' id='word_1_681' title='bbox 3079 2411 3217 2455; x_wconf 91' lang='lat' dir='ltr'><strong>terra</strong></span> <span class='ocrx_word' id='word_1_682' title='bbox 3268 2408 3578 2454; x_wconf 88' lang='lat' dir='ltr'><strong>remaneat:</strong></span> 
     </span>
    </p>
   </div>
   <div class='ocr_carea' id='block_1_85' title="bbox 2020 2490 3582 2562">
    <p class='ocr_par' dir='ltr' id='par_1_85' title="bbox 2020 2490 3582 2562">
     <span class='ocr_line' id='line_1_85' title="bbox 2020 2490 3582 2562; baseline -0.006 -11"><span class='ocrx_word' id='word_1_683' title='bbox 2020 2495 2197 2551; x_wconf 65' lang='lat' dir='ltr'><strong>caeteri</strong></span> <span class='ocrx_word' id='word_1_684' title='bbox 2225 2503 2399 2550; x_wconf 90' lang='lat' dir='ltr'><strong>autem</strong></span> <span class='ocrx_word' id='word_1_685' title='bbox 2424 2509 2608 2550; x_wconf 89' lang='lat' dir='ltr'><strong>omnes</strong></span> <span class='ocrx_word' id='word_1_686' title='bbox 2627 2534 2641 2559; x_wconf 92' lang='lat'><strong>,</strong></span> <span class='ocrx_word' id='word_1_687' title='bbox 2670 2502 2760 2547; x_wconf 87' lang='lat' dir='ltr'><strong>aut</strong></span> <span class='ocrx_word' id='word_1_688' title='bbox 2787 2508 2920 2562; x_wconf 91' lang='lat' dir='ltr'><strong>pene</strong></span> <span class='ocrx_word' id='word_1_689' title='bbox 2943 2506 3158 2556; x_wconf 90' lang='lat' dir='ltr'><strong>omnes,</strong></span> <span class='ocrx_word' id='word_1_690' title='bbox 3191 2491 3369 2546; x_wconf 85' lang='lat' dir='ltr'><strong>felices</strong></span> <span class='ocrx_word' id='word_1_691' title='bbox 3397 2490 3582 2544; x_wconf 85' lang='lat' dir='ltr'><strong>volunt</strong></span> 
     </span>
    </p>
   </div>
   <div class='ocr_carea' id='block_1_86' title="bbox 2022 2584 3580 2653">
    <p class='ocr_par' dir='ltr' id='par_1_86' title="bbox 2022 2584 3580 2653">
     <span class='ocr_line' id='line_1_86' title="bbox 2022 2584 3580 2653; baseline -0.004 -12"><span class='ocrx_word' id='word_1_692' title='bbox 2022 2602 2145 2641; x_wconf 85' lang='lat' dir='ltr'><strong>suos</strong></span> <span class='ocrx_word' id='word_1_693' title='bbox 2173 2599 2291 2640; x_wconf 86' lang='lat' dir='ltr'><strong>esse</strong></span> <span class='ocrx_word' id='word_1_694' title='bbox 2319 2584 2370 2639; x_wconf 92' lang='lat' dir='ltr'><strong>in</strong></span> <span class='ocrx_word' id='word_1_695' title='bbox 2399 2584 2499 2639; x_wconf 90' lang='lat' dir='ltr'><strong>hac</strong></span> <span class='ocrx_word' id='word_1_696' title='bbox 2538 2585 2642 2638; x_wconf 89' lang='lat' dir='ltr'><strong>vita</strong></span> <span class='ocrx_word' id='word_1_697' title='bbox 2671 2595 2789 2653; x_wconf 91' lang='lat' dir='ltr'><strong>post</strong></span> <span class='ocrx_word' id='word_1_698' title='bbox 2832 2593 3055 2638; x_wconf 89' lang='lat' dir='ltr'><strong>mortem</strong></span> <span class='ocrx_word' id='word_1_699' title='bbox 3096 2597 3278 2645; x_wconf 88' lang='lat' dir='ltr'><strong>suam,</strong></span> <span class='ocrx_word' id='word_1_700' title='bbox 3325 2589 3380 2637; x_wconf 84' lang='lat' dir='ltr'><strong>et</strong></span> <span class='ocrx_word' id='word_1_701' title='bbox 3425 2595 3580 2635; x_wconf 87' lang='lat' dir='ltr'><strong>suum</strong></span> 
     </span>
    </p>
   </div>
   <div class='ocr_carea' id='block_1_87' title="bbox 2022 2671 3580 2748">
    <p class='ocr_par' dir='ltr' id='par_1_87' title="bbox 2022 2671 3580 2748">
     <span class='ocr_line' id='line_1_87' title="bbox 2022 2671 3580 2748; baseline -0.005 -15"><span class='ocrx_word' id='word_1_702' title='bbox 2022 2692 2186 2748; x_wconf 87' lang='lat' dir='ltr'><strong>genus</strong></span> <span class='ocrx_word' id='word_1_703' title='bbox 2213 2677 2428 2732; x_wconf 89' lang='lat' dir='ltr'><strong>interire</strong></span> <span class='ocrx_word' id='word_1_704' title='bbox 2456 2675 2659 2730; x_wconf 89' lang='lat' dir='ltr'><strong>nolunt.</strong></span> <span class='ocrx_word' id='word_1_705' title='bbox 2682 2676 3010 2744; x_wconf 84' lang='lat' dir='ltr'><strong>QuaprOpler</strong></span> <span class='ocrx_word' id='word_1_706' title='bbox 3034 2673 3173 2745; x_wconf 87' lang='lat' dir='ltr'><strong>quod</strong></span> <span class='ocrx_word' id='word_1_707' title='bbox 3200 2672 3334 2728; x_wconf 83' lang='lat' dir='ltr'><strong>Juda</strong></span> <span class='ocrx_word' id='word_1_708' title='bbox 3363 2681 3467 2726; x_wconf 89' lang='lat' dir='ltr'><strong>tam</strong></span> <span class='ocrx_word' id='word_1_709' title='bbox 3496 2671 3580 2726; x_wconf 86' lang='lat' dir='ltr'><strong>in-</strong></span> 
     </span>
    </p>
   </div>
   <div class='ocr_carea' id='block_1_88' title="bbox 2023 2762 3585 2834">
    <p class='ocr_par' dir='ltr' id='par_1_88' title="bbox 2023 2762 3585 2834">
     <span class='ocr_line' id='line_1_88' title="bbox 2023 2762 3585 2834; baseline -0.004 -12"><span class='ocrx_word' id='word_1_710' title='bbox 2023 2767 2246 2822; x_wconf 82' lang='lat' dir='ltr'><strong>feliciter</strong></span> <span class='ocrx_word' id='word_1_711' title='bbox 2271 2776 2510 2829; x_wconf 90' lang='lat' dir='ltr'><strong>mortuo,</strong></span> <span class='ocrx_word' id='word_1_712' title='bbox 2559 2766 2628 2820; x_wconf 87' lang='lat' dir='ltr'><strong>ita</strong></span> <span class='ocrx_word' id='word_1_713' title='bbox 2669 2782 2800 2820; x_wconf 86' lang='lat' dir='ltr'><strong>uxor</strong></span> <span class='ocrx_word' id='word_1_714' title='bbox 2829 2765 2980 2820; x_wconf 90' lang='lat' dir='ltr'><strong>vidua</strong></span> <span class='ocrx_word' id='word_1_715' title='bbox 3010 2773 3064 2819; x_wconf 90' lang='lat' dir='ltr'><strong>et</strong></span> <span class='ocrx_word' id='word_1_716' title='bbox 3092 2763 3182 2818; x_wconf 87' lang='lat' dir='ltr'><strong>lilii</strong></span> <span class='ocrx_word' id='word_1_717' title='bbox 3208 2763 3324 2834; x_wconf 92' lang='lat' dir='ltr'><strong>ejus</strong></span> <span class='ocrx_word' id='word_1_718' title='bbox 3361 2762 3585 2833; x_wconf 89' lang='lat' dir='ltr'><strong>orphani</strong></span> 
     </span>
    </p>
   </div>
   <div class='ocr_carea' id='block_1_89' title="bbox 2023 2856 3584 2926">
    <p class='ocr_par' dir='ltr' id='par_1_89' title="bbox 2023 2856 3584 2926">
     <span class='ocr_line' id='line_1_89' title="bbox 2023 2856 3584 2926; baseline -0.003 -11"><span class='ocrx_word' id='word_1_719' title='bbox 2023 2868 2389 2915; x_wconf 89' lang='lat' dir='ltr'><strong>remanserunt</strong></span> <span class='ocrx_word' id='word_1_720' title='bbox 2414 2901 2428 2926; x_wconf 93' lang='lat'><strong>,</strong></span> <span class='ocrx_word' id='word_1_721' title='bbox 2467 2869 2525 2913; x_wconf 91' lang='lat' dir='ltr'><strong>ut</strong></span> <span class='ocrx_word' id='word_1_722' title='bbox 2561 2859 2858 2913; x_wconf 82' lang='lat' dir='ltr'><strong>feneratore</strong></span> <span class='ocrx_word' id='word_1_723' title='bbox 2887 2868 3154 2913; x_wconf 86' lang='lat' dir='ltr'><strong>scrutante</strong></span> <span class='ocrx_word' id='word_1_724' title='bbox 3198 2871 3410 2912; x_wconf 87' lang='lat' dir='ltr'><strong>omnem</strong></span> <span class='ocrx_word' id='word_1_725' title='bbox 3453 2856 3584 2911; x_wconf 80' lang='lat' dir='ltr'><strong>sub-</strong></span> 
     </span>
    </p>
   </div>
   <div class='ocr_carea' id='block_1_90' title="bbox 2023 2941 3581 3018">
    <p class='ocr_par' dir='ltr' id='par_1_90' title="bbox 2023 2941 3581 3018">
     <span class='ocr_line' id='line_1_90' title="bbox 2023 2941 3581 3018; baseline -0.004 -14"><span class='ocrx_word' id='word_1_726' title='bbox 2023 2950 2267 3004; x_wconf 81' lang='lat' dir='ltr'><strong>stantiam</strong></span> <span class='ocrx_word' id='word_1_727' title='bbox 2298 2950 2413 3018; x_wconf 90' lang='lat' dir='ltr'><strong>ejus</strong></span> <span class='ocrx_word' id='word_1_728' title='bbox 2435 2991 2450 3015; x_wconf 90' lang='lat'><strong>,</strong></span> <span class='ocrx_word' id='word_1_729' title='bbox 2478 2958 2532 3003; x_wconf 90' lang='lat' dir='ltr'><strong>et</strong></span> <span class='ocrx_word' id='word_1_730' title='bbox 2563 2949 2928 3017; x_wconf 89' lang='lat' dir='ltr'><strong>diripientibus</strong></span> <span class='ocrx_word' id='word_1_731' title='bbox 2953 2948 3139 3002; x_wconf 90' lang='lat' dir='ltr'><strong>alienis</strong></span> <span class='ocrx_word' id='word_1_732' title='bbox 3182 2947 3390 3002; x_wconf 86' lang='lat' dir='ltr'><strong>labores</strong></span> <span class='ocrx_word' id='word_1_733' title='bbox 3430 2941 3581 3015; x_wconf 69' lang='lat' dir='ltr'><strong>ejus&quot;,</strong></span> 
     </span>
    </p>
   </div>
   <div class='ocr_carea' id='block_1_91' title="bbox 2024 3037 3584 3110">
    <p class='ocr_par' dir='ltr' id='par_1_91' title="bbox 2024 3037 3584 3110">
     <span class='ocr_line' id='line_1_91' title="bbox 2024 3037 3584 3110; baseline -0.003 -14"><span class='ocrx_word' id='word_1_734' title='bbox 2024 3041 2091 3096; x_wconf 88' lang='lat' dir='ltr'><strong>de</strong></span> <span class='ocrx_word' id='word_1_735' title='bbox 2115 3042 2222 3096; x_wconf 89' lang='lat' dir='ltr'><strong>suis</strong></span> <span class='ocrx_word' id='word_1_736' title='bbox 2244 3041 2649 3096; x_wconf 86' lang='lat' dir='ltr'><strong>habitationibus</strong></span> <span class='ocrx_word' id='word_1_737' title='bbox 2668 3040 3001 3110; x_wconf 89' lang='lat' dir='ltr'><strong>ejicerentur,</strong></span> <span class='ocrx_word' id='word_1_738' title='bbox 3026 3054 3123 3094; x_wconf 89' lang='lat' dir='ltr'><strong>nec</strong></span> <span class='ocrx_word' id='word_1_739' title='bbox 3141 3039 3367 3108; x_wconf 85' lang='lat' dir='ltr'><strong>aliquem</strong></span> <span class='ocrx_word' id='word_1_740' title='bbox 3399 3037 3584 3106; x_wconf 88' lang='lat' dir='ltr'><strong>pupilli</strong></span> 
     </span>
    </p>
   </div>
   <div class='ocr_carea' id='block_1_92' title="bbox 2025 3129 3581 3202">
    <p class='ocr_par' dir='ltr' id='par_1_92' title="bbox 2025 3129 3581 3202">
     <span class='ocr_line' id='line_1_92' title="bbox 2025 3129 3581 3202; baseline -0.004 -16"><span class='ocrx_word' id='word_1_741' title='bbox 2025 3133 2139 3202; x_wconf 88' lang='lat' dir='ltr'><strong>ejus</strong></span> <span class='ocrx_word' id='word_1_742' title='bbox 2164 3133 2499 3187; x_wconf 88' lang='lat' dir='ltr'><strong>miserantem</strong></span> <span class='ocrx_word' id='word_1_743' title='bbox 2525 3132 2852 3193; x_wconf 71' lang='lat' dir='ltr'><strong>invenirent.</strong></span> <span class='ocrx_word' id='word_1_744' title='bbox 2897 3139 2952 3185; x_wconf 91' lang='lat' dir='ltr'><strong>et</strong></span> <span class='ocrx_word' id='word_1_745' title='bbox 2997 3131 3047 3183; x_wconf 93' lang='lat' dir='ltr'><strong>in</strong></span> <span class='ocrx_word' id='word_1_746' title='bbox 3093 3144 3194 3183; x_wconf 87' lang='lat' dir='ltr'><strong>una</strong></span> <span class='ocrx_word' id='word_1_747' title='bbox 3240 3129 3581 3196; x_wconf 83' lang='lat' dir='ltr'><strong>generatione</strong></span> 
     </span>
    </p>
   </div>
   <div class='ocr_carea' id='block_1_93' title="bbox 2025 3220 3585 3292">
    <p class='ocr_par' dir='ltr' id='par_1_93' title="bbox 2025 3220 3585 3292">
     <span class='ocr_line' id='line_1_93' title="bbox 2025 3220 3585 3292; baseline -0.003 -16"><span class='ocrx_word' id='word_1_748' title='bbox 2025 3224 2139 3278; x_wconf 90' lang='lat' dir='ltr'><strong>sine</strong></span> <span class='ocrx_word' id='word_1_749' title='bbox 2156 3224 2379 3292; x_wconf 89' lang='lat' dir='ltr'><strong>posteris</strong></span> <span class='ocrx_word' id='word_1_750' title='bbox 2395 3223 2667 3278; x_wconf 90' lang='lat' dir='ltr'><strong>interirent</strong></span> <span class='ocrx_word' id='word_1_751' title='bbox 2684 3239 2698 3287; x_wconf 83' lang='lat'><strong>;</strong></span> <span class='ocrx_word' id='word_1_752' title='bbox 2715 3221 2758 3276; x_wconf 90' lang='lat' dir='ltr'><strong>si</strong></span> <span class='ocrx_word' id='word_1_753' title='bbox 2784 3221 2894 3275; x_wconf 65' lang='lat' dir='ltr'><strong>hinc</strong></span> <span class='ocrx_word' id='word_1_754' title='bbox 2913 3221 3146 3275; x_wconf 90' lang='lat' dir='ltr'><strong>sentiunt</strong></span> <span class='ocrx_word' id='word_1_755' title='bbox 3165 3220 3375 3283; x_wconf 86' lang='lat' dir='ltr'><strong>mortui,</strong></span> <span class='ocrx_word' id='word_1_756' title='bbox 3397 3233 3585 3272; x_wconf 89' lang='lat' dir='ltr'><strong>cumu-</strong></span> 
     </span>
    </p>
   </div>
   <div class='ocr_carea' id='block_1_94' title="bbox 2029 3310 3583 3379">
    <p class='ocr_par' dir='ltr' id='par_1_94' title="bbox 2029 3310 3583 3379">
     <span class='ocr_line' id='line_1_94' title="bbox 2029 3310 3583 3379; baseline -0.005 -11"><span class='ocrx_word' id='word_1_757' title='bbox 2029 3315 2111 3370; x_wconf 90' lang='lat' dir='ltr'><strong>lus</strong></span> <span class='ocrx_word' id='word_1_758' title='bbox 2136 3316 2391 3370; x_wconf 90' lang='lat' dir='ltr'><strong>malornm</strong></span> <span class='ocrx_word' id='word_1_759' title='bbox 2421 3322 2534 3379; x_wconf 89' lang='lat' dir='ltr'><strong>est;</strong></span> <span class='ocrx_word' id='word_1_760' title='bbox 2566 3313 2610 3368; x_wconf 94' lang='lat' dir='ltr'><strong>si</strong></span> <span class='ocrx_word' id='word_1_761' title='bbox 2635 3314 2748 3368; x_wconf 78' lang='lat' dir='ltr'><strong>lucc</strong></span> <span class='ocrx_word' id='word_1_762' title='bbox 2768 3328 2870 3367; x_wconf 92' lang='lat' dir='ltr'><strong>non</strong></span> <span class='ocrx_word' id='word_1_763' title='bbox 2899 3312 3150 3378; x_wconf 89' lang='lat' dir='ltr'><strong>sentiunt,</strong></span> <span class='ocrx_word' id='word_1_764' title='bbox 3180 3310 3404 3365; x_wconf 89' lang='lat' dir='ltr'><strong>formido</strong></span> <span class='ocrx_word' id='word_1_765' title='bbox 3435 3310 3583 3364; x_wconf 87' lang='lat' dir='ltr'><strong>vivo-</strong></span> 
     </span>
    </p>
   </div>
   <div class='ocr_carea' id='block_1_95' title="bbox 2028 3403 3584 3476">
    <p class='ocr_par' dir='ltr' id='par_1_95' title="bbox 2028 3403 3584 3476">
     <span class='ocr_line' id='line_1_95' title="bbox 2028 3403 3584 3476; baseline -0.004 -14"><span class='ocrx_word' id='word_1_766' title='bbox 2028 3423 2164 3462; x_wconf 91' lang='lat' dir='ltr'><strong>rum.</strong></span> <span class='ocrx_word' id='word_1_767' title='bbox 2203 3407 2257 3463; x_wconf 91' lang='lat' dir='ltr'><strong>Si</strong></span> <span class='ocrx_word' id='word_1_768' title='bbox 2287 3415 2462 3462; x_wconf 89' lang='lat' dir='ltr'><strong>autem</strong></span> <span class='ocrx_word' id='word_1_769' title='bbox 2491 3415 2668 3462; x_wconf 89' lang='lat' dir='ltr'><strong>movet</strong></span> <span class='ocrx_word' id='word_1_770' title='bbox 2695 3405 2961 3474; x_wconf 88' lang='lat' dir='ltr'><strong>quomodo</strong></span> <span class='ocrx_word' id='word_1_771' title='bbox 2991 3405 3215 3476; x_wconf 87' lang='lat' dir='ltr'><strong>potuerit</strong></span> <span class='ocrx_word' id='word_1_772' title='bbox 3240 3403 3435 3458; x_wconf 90' lang='lat' dir='ltr'><strong>habere</strong></span> <span class='ocrx_word' id='word_1_773' title='bbox 3457 3403 3584 3456; x_wconf 91' lang='lat' dir='ltr'><strong>sub-</strong></span> 
     </span>
    </p>
   </div>
   <div class='ocr_carea' id='block_1_96' title="bbox 2029 3493 3587 3572">
    <p class='ocr_par' dir='ltr' id='par_1_96' title="bbox 2029 3493 3587 3572">
     <span class='ocr_line' id='line_1_96' title="bbox 2029 3493 3587 3572; baseline -0.004 -18"><span class='ocrx_word' id='word_1_774' title='bbox 2029 3499 2273 3554; x_wconf 89' lang='lat' dir='ltr'><strong>stantiam</strong></span> <span class='ocrx_word' id='word_1_775' title='bbox 2304 3514 2459 3572; x_wconf 82' lang='lat' dir='ltr'><strong>quam</strong></span> <span class='ocrx_word' id='word_1_776' title='bbox 2489 3497 2759 3552; x_wconf 71' lang='lat' dir='ltr'><strong>fetmrator</strong></span> <span class='ocrx_word' id='word_1_777' title='bbox 2781 3506 3106 3552; x_wconf 89' lang='lat' dir='ltr'><strong>scrutaretur</strong></span> <span class='ocrx_word' id='word_1_778' title='bbox 3129 3538 3142 3560; x_wconf 91' lang='lat'><strong>,</strong></span> <span class='ocrx_word' id='word_1_779' title='bbox 3171 3495 3432 3565; x_wconf 87' lang='lat' dir='ltr'><strong>alienique</strong></span> <span class='ocrx_word' id='word_1_780' title='bbox 3460 3493 3587 3548; x_wconf 82' lang='lat' dir='ltr'><strong>diri—</strong></span> 
     </span>
    </p>
   </div>
   <div class='ocr_carea' id='block_1_97' title="bbox 2030 3584 3585 3660">
    <p class='ocr_par' dir='ltr' id='par_1_97' title="bbox 2030 3584 3585 3660">
     <span class='ocr_line' id='line_1_97' title="bbox 2030 3584 3585 3660; baseline -0.006 -14"><span class='ocrx_word' id='word_1_781' title='bbox 2030 3601 2232 3660; x_wconf 89' lang='lat' dir='ltr'><strong>perent,</strong></span> <span class='ocrx_word' id='word_1_782' title='bbox 2287 3589 2495 3659; x_wconf 84' lang='lat' dir='ltr'><strong>quando</strong></span> <span class='ocrx_word' id='word_1_783' title='bbox 2535 3588 2644 3658; x_wconf 91' lang='lat' dir='ltr'><strong>jam</strong></span> <span class='ocrx_word' id='word_1_784' title='bbox 2685 3603 2806 3642; x_wconf 91' lang='lat' dir='ltr'><strong>cum</strong></span> <span class='ocrx_word' id='word_1_785' title='bbox 2849 3587 2966 3641; x_wconf 91' lang='lat' dir='ltr'><strong>aliis</strong></span> <span class='ocrx_word' id='word_1_786' title='bbox 3014 3586 3255 3640; x_wconf 87' lang='lat' dir='ltr'><strong>undecim</strong></span> <span class='ocrx_word' id='word_1_787' title='bbox 3306 3584 3585 3640; x_wconf 84' lang='lat' dir='ltr'><strong>Dominum</strong></span> 
     </span>
    </p>
   </div>
   <div class='ocr_carea' id='block_1_98' title="bbox 2028 3673 3586 3751">
    <p class='ocr_par' dir='ltr' id='par_1_98' title="bbox 2028 3673 3586 3751">
     <span class='ocr_line' id='line_1_98' title="bbox 2028 3673 3586 3751; baseline -0.005 -15"><span class='ocrx_word' id='word_1_788' title='bbox 2028 3682 2375 3751; x_wconf 87' lang='lat' dir='ltr'><strong>sequebatur;</strong></span> <span class='ocrx_word' id='word_1_789' title='bbox 2419 3679 2599 3735; x_wconf 90' lang='lat' dir='ltr'><strong>credat</strong></span> <span class='ocrx_word' id='word_1_790' title='bbox 2628 3694 2746 3733; x_wconf 92' lang='lat' dir='ltr'><strong>eum</strong></span> <span class='ocrx_word' id='word_1_791' title='bbox 2774 3678 2948 3731; x_wconf 89' lang='lat' dir='ltr'><strong>omnia</strong></span> <span class='ocrx_word' id='word_1_792' title='bbox 2992 3691 3111 3746; x_wconf 76' lang='lat' dir='ltr'><strong>qua:</strong></span> <span class='ocrx_word' id='word_1_793' title='bbox 3140 3675 3364 3729; x_wconf 85' lang='lat' dir='ltr'><strong>habebat</strong></span> <span class='ocrx_word' id='word_1_794' title='bbox 3402 3675 3472 3727; x_wconf 83' lang='lat' dir='ltr'><strong>ita</strong></span> <span class='ocrx_word' id='word_1_795' title='bbox 3502 3673 3586 3728; x_wconf 91' lang='lat' dir='ltr'><strong>di-</strong></span> 
     </span>
    </p>
   </div>
   <div class='ocr_carea' id='block_1_99' title="bbox 2031 3762 3584 3831">
    <p class='ocr_par' dir='ltr' id='par_1_99' title="bbox 2031 3762 3584 3831">
     <span class='ocr_line' id='line_1_99' title="bbox 2031 3762 3584 3831; baseline -0.006 -7"><span class='ocrx_word' id='word_1_796' title='bbox 2031 3773 2238 3825; x_wconf 89' lang='lat' dir='ltr'><strong>misisse</strong></span> <span class='ocrx_word' id='word_1_797' title='bbox 2268 3769 2388 3824; x_wconf 85' lang='lat' dir='ltr'><strong>tiliis&#39;</strong></span> <span class='ocrx_word' id='word_1_798' title='bbox 2414 3779 2469 3823; x_wconf 92' lang='lat' dir='ltr'><strong>et</strong></span> <span class='ocrx_word' id='word_1_799' title='bbox 2497 3768 2664 3831; x_wconf 75' lang='lat' dir='ltr'><strong>uxori,</strong></span> <span class='ocrx_word' id='word_1_800' title='bbox 2699 3774 2756 3819; x_wconf 92' lang='lat' dir='ltr'><strong>ut</strong></span> <span class='ocrx_word' id='word_1_801' title='bbox 2781 3781 2882 3818; x_wconf 89' lang='lat' dir='ltr'><strong>non</strong></span> <span class='ocrx_word' id='word_1_802' title='bbox 2910 3764 3036 3830; x_wconf 32' lang='lat' dir='ltr'><strong>inde,</strong></span> <span class='ocrx_word' id='word_1_803' title='bbox 3055 3762 3329 3818; x_wconf 88' lang='lat' dir='ltr'><strong>sinceriter</strong></span> <span class='ocrx_word' id='word_1_804' title='bbox 3355 3762 3435 3818; x_wconf 90' lang='lat' dir='ltr'><strong>vel</strong></span> <span class='ocrx_word' id='word_1_805' title='bbox 3463 3777 3584 3831; x_wconf 83' lang='lat' dir='ltr'><strong>per-</strong></span> 
     </span>
    </p>
   </div>
   <div class='ocr_carea' id='block_1_100' title="bbox 2030 3837 3581 3924">
    <p class='ocr_par' dir='ltr' id='par_1_100' title="bbox 2030 3837 3581 3924">
     <span class='ocr_line' id='line_1_100' title="bbox 2030 3837 3581 3924; baseline -0.006 -8"><span class='ocrx_word' id='word_1_806' title='bbox 2030 3869 2331 3916; x_wconf 81' lang='lat' dir='ltr'><strong>severanter</strong></span> <span class='ocrx_word' id='word_1_807' title='bbox 2346 3837 2607 3912; x_wconf 83' lang='lat' dir='ltr'><strong>vinculum</strong></span> <span class='ocrx_word' id='word_1_808' title='bbox 2629 3855 2928 3924; x_wconf 86' lang='lat' dir='ltr'><strong>cupiditatis</strong></span> <span class='ocrx_word' id='word_1_809' title='bbox 2945 3852 3213 3922; x_wconf 89' lang='lat' dir='ltr'><strong>abruperit</strong></span> <span class='ocrx_word' id='word_1_810' title='bbox 3231 3869 3244 3905; x_wconf 91' lang='lat'>:</span> <span class='ocrx_word' id='word_1_811' title='bbox 3270 3852 3358 3920; x_wconf 89' lang='lat' dir='ltr'><strong>qui</strong></span> <span class='ocrx_word' id='word_1_812' title='bbox 3376 3851 3581 3906; x_wconf 89' lang='lat' dir='ltr'><strong>etiamsi</strong></span> 
     </span>
    </p>
   </div>
   <div class='ocr_carea' id='block_1_101' title="bbox 2030 3941 3584 4011">
    <p class='ocr_par' dir='ltr' id='par_1_101' title="bbox 2030 3941 3584 4011">
     <span class='ocr_line' id='line_1_101' title="bbox 2030 3941 3584 4011; baseline -0.006 -7"><span class='ocrx_word' id='word_1_813' title='bbox 2030 3965 2092 4004; x_wconf 85' lang='lat' dir='ltr'><strong>ea</strong></span> <span class='ocrx_word' id='word_1_814' title='bbox 2119 3950 2260 4004; x_wconf 90' lang='lat' dir='ltr'><strong>velut</strong></span> <span class='ocrx_word' id='word_1_815' title='bbox 2285 3948 2514 4002; x_wconf 87' lang='lat' dir='ltr'><strong>vendere</strong></span> <span class='ocrx_word' id='word_1_816' title='bbox 2550 3946 2816 4000; x_wconf 89' lang='lat' dir='ltr'><strong>videretur</strong></span> <span class='ocrx_word' id='word_1_817' title='bbox 2852 3941 3210 3998; x_wconf 85' lang='lat' dir='ltr'><strong>distribuenda</strong></span> <span class='ocrx_word' id='word_1_818' title='bbox 3249 3941 3584 4011; x_wconf 86' lang='lat' dir='ltr'><strong>pauperibus,</strong></span> 
     </span>
    </p>
   </div>
   <div class='ocr_carea' id='block_1_102' title="bbox 2033 4032 3590 4110">
    <p class='ocr_par' dir='ltr' id='par_1_102' title="bbox 2033 4032 3590 4110">
     <span class='ocr_line' id='line_1_102' title="bbox 2033 4032 3590 4110; baseline -0.003 -20"><span class='ocrx_word' id='word_1_819' title='bbox 2033 4039 2266 4110; x_wconf 80' lang='lat' dir='ltr'><strong>proiecto</strong></span> <span class='ocrx_word' id='word_1_820' title='bbox 2290 4037 2489 4092; x_wconf 87' lang='lat' dir='ltr'><strong>faceret</strong></span> <span class='ocrx_word' id='word_1_821' title='bbox 2516 4035 2658 4106; x_wconf 89' lang='lat' dir='ltr'><strong>quod</strong></span> <span class='ocrx_word' id='word_1_822' title='bbox 2684 4035 2914 4089; x_wconf 87' lang='lat' dir='ltr'><strong>Ananias</strong></span> <span class='ocrx_word' id='word_1_823' title='bbox 2942 4043 3059 4104; x_wconf 90' lang='lat' dir='ltr'><strong>post</strong></span> <span class='ocrx_word' id='word_1_824' title='bbox 3088 4032 3294 4086; x_wconf 89' lang='lat' dir='ltr'><strong>Domini</strong></span> <span class='ocrx_word' id='word_1_825' title='bbox 3319 4033 3590 4086; x_wconf 83' lang='lat' dir='ltr'><strong>ascensio-</strong></span> 
     </span>
    </p>
   </div>
   <div class='ocr_carea' id='block_1_103' title="bbox 2033 4123 3587 4202">
    <p class='ocr_par' dir='ltr' id='par_1_103' title="bbox 2033 4123 3587 4202">
     <span class='ocr_line' id='line_1_103' title="bbox 2033 4123 3587 4202; baseline -0.005 -18"><span class='ocrx_word' id='word_1_826' title='bbox 2033 4147 2152 4185; x_wconf 89' lang='lat' dir='ltr'><strong>nem</strong></span> <span class='ocrx_word' id='word_1_827' title='bbox 2184 4128 2314 4202; x_wconf 85' lang='lat' dir='ltr'><strong>(Act.</strong></span> <span class='ocrx_word' id='word_1_828' title='bbox 2338 4143 2391 4193; x_wconf 92' lang='lat' dir='ltr'><strong>v,</strong></span> <span class='ocrx_word' id='word_1_829' title='bbox 2420 4129 2444 4182; x_wconf 82' lang='lat' dir='ltr'><strong>l</strong></span> <span class='ocrx_word' id='word_1_830' title='bbox 2466 4137 2511 4181; x_wconf 88' lang='lat' dir='ltr'><strong>et</strong></span> <span class='ocrx_word' id='word_1_831' title='bbox 2527 4127 2606 4198; x_wconf 74' lang='grc'><strong>2).</strong></span> <span class='ocrx_word' id='word_1_832' title='bbox 2631 4125 2812 4196; x_wconf 85' lang='lat' dir='ltr'><strong>Neque</strong></span> <span class='ocrx_word' id='word_1_833' title='bbox 2835 4125 2973 4180; x_wconf 89' lang='lat' dir='ltr'><strong>enim</strong></span> <span class='ocrx_word' id='word_1_834' title='bbox 3002 4132 3257 4179; x_wconf 88' lang='lat' dir='ltr'><strong>metueret</strong></span> <span class='ocrx_word' id='word_1_835' title='bbox 3280 4139 3346 4178; x_wconf 91' lang='lat' dir='ltr'><strong>ne</strong></span> <span class='ocrx_word' id='word_1_836' title='bbox 3363 4123 3462 4176; x_wconf 86' lang='lat' dir='ltr'><strong>hoc</strong></span> <span class='ocrx_word' id='word_1_837' title='bbox 3480 4123 3587 4177; x_wconf 89' lang='lat' dir='ltr'><strong>Do-</strong></span> 
     </span>
    </p>
   </div>
   <div class='ocr_carea' id='block_1_104' title="bbox 2032 4214 3585 4288">
    <p class='ocr_par' dir='ltr' id='par_1_104' title="bbox 2032 4214 3585 4288">
     <span class='ocr_line' id='line_1_104' title="bbox 2032 4214 3585 4288; baseline -0.006 -10"><span class='ocrx_word' id='word_1_838' title='bbox 2032 4227 2202 4278; x_wconf 87' lang='lat' dir='ltr'><strong>minus</strong></span> <span class='ocrx_word' id='word_1_839' title='bbox 2249 4220 2519 4275; x_wconf 90' lang='lat' dir='ltr'><strong>divinitate</strong></span> <span class='ocrx_word' id='word_1_840' title='bbox 2565 4226 2940 4288; x_wconf 78' lang='lat' dir='ltr'><strong>cognosceret,</strong></span> <span class='ocrx_word' id='word_1_841' title='bbox 2986 4232 3141 4286; x_wconf 89' lang='lat' dir='ltr'><strong>quem</strong></span> <span class='ocrx_word' id='word_1_842' title='bbox 3196 4215 3303 4270; x_wconf 85' lang='lat' dir='ltr'><strong>falli</strong></span> <span class='ocrx_word' id='word_1_843' title='bbox 3354 4214 3585 4284; x_wconf 90' lang='lat' dir='ltr'><strong>putabat,</strong></span> 
     </span>
    </p>
   </div>
   <div class='ocr_carea' id='block_1_105' title="bbox 2031 4303 3591 4380">
    <p class='ocr_par' dir='ltr' id='par_1_105' title="bbox 2031 4303 3591 4380">
     <span class='ocr_line' id='line_1_105' title="bbox 2031 4303 3591 4380; baseline -0.006 -13"><span class='ocrx_word' id='word_1_844' title='bbox 2031 4313 2241 4379; x_wconf 87' lang='lat' dir='ltr'><strong>quando</strong></span> <span class='ocrx_word' id='word_1_845' title='bbox 2292 4326 2353 4365; x_wconf 87' lang='lat' dir='ltr'><strong>ea</strong></span> <span class='ocrx_word' id='word_1_846' title='bbox 2402 4325 2521 4380; x_wconf 73' lang='lat' dir='ltr'><strong>qua:</strong></span> <span class='ocrx_word' id='word_1_847' title='bbox 2573 4309 2935 4374; x_wconf 84' lang='lat' dir='ltr'><strong>mittebantur,</strong></span> <span class='ocrx_word' id='word_1_848' title='bbox 2967 4306 3034 4362; x_wconf 89' lang='lat' dir='ltr'><strong>de</strong></span> <span class='ocrx_word' id='word_1_849' title='bbox 3083 4305 3268 4360; x_wconf 90' lang='lat' dir='ltr'><strong>loculis</strong></span> <span class='ocrx_word' id='word_1_850' title='bbox 3319 4303 3591 4360; x_wconf 86' lang='lat' dir='ltr'><strong>auferebat</strong></span> 
     </span>
    </p>
   </div>
   <div class='ocr_carea' id='block_1_106' title="bbox 2032 4399 2442 4474">
    <p class='ocr_par' dir='ltr' id='par_1_106' title="bbox 2032 4399 2442 4474">
     <span class='ocr_line' id='line_1_106' title="bbox 2032 4399 2442 4474; baseline -0.002 -19"><span class='ocrx_word' id='word_1_851' title='bbox 2032 4401 2207 4474; x_wconf 87' lang='lat' dir='ltr'><strong>(Joan.</strong></span> <span class='ocrx_word' id='word_1_852' title='bbox 2239 4417 2333 4469; x_wconf 74' lang='grc' dir='ltr'><strong>χιι,</strong></span> <span class='ocrx_word' id='word_1_853' title='bbox 2365 4399 2442 4470; x_wconf 84' lang='grc'><strong>6).</strong></span> 
     </span>
    </p>
   </div>
   <div class='ocr_carea' id='block_1_107' title="bbox 2102 4488 3588 4564">
    <p class='ocr_par' dir='ltr' id='par_1_107' title="bbox 2102 4488 3588 4564">
     <span class='ocr_line' id='line_1_107' title="bbox 2102 4488 3588 4564; baseline -0.005 -17"><span class='ocrx_word' id='word_1_854' title='bbox 2102 4493 2199 4548; x_wconf 81' lang='lat' dir='ltr'><strong>l8.-</strong></span> <span class='ocrx_word' id='word_1_855' title='bbox 2230 4491 2376 4564; x_wconf 88' lang='lat' dir='ltr'><strong>[vers.</strong></span> <span class='ocrx_word' id='word_1_856' title='bbox 2401 4489 2582 4563; x_wconf 71' lang='lat'><strong>6-15.]</strong></span> <span class='ocrx_word' id='word_1_857' title='bbox 2628 4488 2731 4545; x_wconf 90' lang='lat' dir='ltr'><strong>Sed</strong></span> <span class='ocrx_word' id='word_1_858' title='bbox 2756 4488 2864 4559; x_wconf 90' lang='lat' dir='ltr'><strong>jam</strong></span> <span class='ocrx_word' id='word_1_859' title='bbox 2896 4489 3187 4550; x_wconf 88' lang='lat' dir='ltr'><strong>videamus,</strong></span> <span class='ocrx_word' id='word_1_860' title='bbox 3215 4488 3258 4541; x_wconf 90' lang='lat' dir='ltr'><strong>si</strong></span> <span class='ocrx_word' id='word_1_861' title='bbox 3291 4501 3588 4558; x_wconf 88' lang='lat' dir='ltr'><strong>possumus,</strong></span> 
     </span>
    </p>
   </div>
   <div class='ocr_carea' id='block_1_108' title="bbox 2031 4578 3592 4654">
    <p class='ocr_par' dir='ltr' id='par_1_108' title="bbox 2031 4578 3592 4654">
     <span class='ocr_line' id='line_1_108' title="bbox 2031 4578 3592 4654; baseline -0.003 -17"><span class='ocrx_word' id='word_1_862' title='bbox 2031 4593 2280 4654; x_wconf 88' lang='lat' dir='ltr'><strong>quantum</strong></span> <span class='ocrx_word' id='word_1_863' title='bbox 2313 4582 2564 4637; x_wconf 89' lang='lat' dir='ltr'><strong>Dominus</strong></span> <span class='ocrx_word' id='word_1_864' title='bbox 2591 4581 2827 4650; x_wconf 87' lang='lat' dir='ltr'><strong>adjuvat,</strong></span> <span class='ocrx_word' id='word_1_865' title='bbox 2863 4579 3124 4649; x_wconf 88' lang='lat' dir='ltr'><strong>quomodo</strong></span> <span class='ocrx_word' id='word_1_866' title='bbox 3168 4579 3264 4632; x_wconf 92' lang='lat' dir='ltr'><strong>ista</strong></span> <span class='ocrx_word' id='word_1_867' title='bbox 3309 4578 3592 4633; x_wconf 85' lang='lat' dir='ltr'><strong>convenire</strong></span> 
     </span>
    </p>
   </div>
   <div class='ocr_carea' id='block_1_109' title="bbox 2033 4669 3590 4745">
    <p class='ocr_par' dir='ltr' id='par_1_109' title="bbox 2033 4669 3590 4745">
     <span class='ocr_line' id='line_1_109' title="bbox 2033 4669 3590 4745; baseline -0.003 -16"><span class='ocrx_word' id='word_1_868' title='bbox 2033 4675 2232 4745; x_wconf 92' lang='lat' dir='ltr'><strong>possint</strong></span> <span class='ocrx_word' id='word_1_869' title='bbox 2258 4675 2415 4729; x_wconf 88' lang='lat' dir='ltr'><strong>etiam</strong></span> <span class='ocrx_word' id='word_1_870' title='bbox 2446 4675 2496 4727; x_wconf 93' lang='lat' dir='ltr'><strong>in</strong></span> <span class='ocrx_word' id='word_1_871' title='bbox 2523 4673 2772 4742; x_wconf 82' lang='lat' dir='ltr'><strong>pepulum</strong></span> <span class='ocrx_word' id='word_1_872' title='bbox 2802 4671 3125 4737; x_wconf 57' lang='lat' dir='ltr'><strong>Iudaeorum,</strong></span> <span class='ocrx_word' id='word_1_873' title='bbox 3171 4670 3321 4740; x_wconf 91' lang='lat' dir='ltr'><strong>cujus</strong></span> <span class='ocrx_word' id='word_1_874' title='bbox 3363 4669 3590 4725; x_wconf 89' lang='lat' dir='ltr'><strong>inimici-</strong></span> 
     </span>
    </p>
   </div>
   <div class='ocr_carea' id='block_1_110' title="bbox 2033 4761 3588 4831">
    <p class='ocr_par' dir='ltr' id='par_1_110' title="bbox 2033 4761 3588 4831">
     <span class='ocr_line' id='line_1_110' title="bbox 2033 4761 3588 4831; baseline -0.004 -11"><span class='ocrx_word' id='word_1_875' title='bbox 2033 4768 2117 4821; x_wconf 70' lang='lat' dir='ltr'><strong>tiae</strong></span> <span class='ocrx_word' id='word_1_876' title='bbox 2130 4777 2312 4820; x_wconf 86' lang='lat' dir='ltr'><strong>contra</strong></span> <span class='ocrx_word' id='word_1_877' title='bbox 2337 4764 2605 4819; x_wconf 88' lang='lat' dir='ltr'><strong>dominum</strong></span> <span class='ocrx_word' id='word_1_878' title='bbox 2623 4763 2873 4831; x_wconf 87' lang='lat' dir='ltr'><strong>pertinaci</strong></span> <span class='ocrx_word' id='word_1_879' title='bbox 2893 4761 3016 4816; x_wconf 91' lang='lat' dir='ltr'><strong>odio</strong></span> <span class='ocrx_word' id='word_1_880' title='bbox 3040 4769 3468 4831; x_wconf 87' lang='lat' dir='ltr'><strong>permanserunt:</strong></span> <span class='ocrx_word' id='word_1_881' title='bbox 3494 4775 3588 4814; x_wconf 90' lang='lat' dir='ltr'><strong>cu-</strong></span> 
     </span>
    </p>
   </div>
   <div class='ocr_carea' id='block_1_111' title="bbox 2026 4853 3589 4929">
    <p class='ocr_par' dir='ltr' id='par_1_111' title="bbox 2026 4853 3589 4929">
     <span class='ocr_line' id='line_1_111' title="bbox 2026 4853 3589 4929; baseline -0.005 -17"><span class='ocrx_word' id='word_1_882' title='bbox 2026 4859 2114 4929; x_wconf 91' lang='lat' dir='ltr'><strong>jus</strong></span> <span class='ocrx_word' id='word_1_883' title='bbox 2129 4858 2305 4928; x_wconf 90' lang='lat' dir='ltr'><strong>populi</strong></span> <span class='ocrx_word' id='word_1_884' title='bbox 2325 4856 2553 4912; x_wconf 78' lang='lat' dir='ltr'><strong>diximus</strong></span> <span class='ocrx_word' id='word_1_885' title='bbox 2575 4854 2762 4910; x_wconf 82' lang='lat' dir='ltr'><strong>Judam</strong></span> <span class='ocrx_word' id='word_1_886' title='bbox 2783 4855 2836 4907; x_wconf 93' lang='lat' dir='ltr'><strong>in</strong></span> <span class='ocrx_word' id='word_1_887' title='bbox 2856 4853 3016 4924; x_wconf 79' lang='lat' dir='ltr'><strong>figura</strong></span> <span class='ocrx_word' id='word_1_888' title='bbox 3042 4853 3267 4923; x_wconf 86' lang='lat' dir='ltr'><strong>gessisse</strong></span> <span class='ocrx_word' id='word_1_889' title='bbox 3290 4866 3589 4923; x_wconf 86' lang='lat' dir='ltr'><strong>personam,</strong></span> 
     </span>
    </p>
   </div>
   <div class='ocr_carea' id='block_1_112' title="bbox 2031 4943 3592 5018">
    <p class='ocr_par' dir='ltr' id='par_1_112' title="bbox 2031 4943 3592 5018">
     <span class='ocr_line' id='line_1_112' title="bbox 2031 4943 3592 5018; baseline -0.005 -14"><span class='ocrx_word' id='word_1_890' title='bbox 2031 4953 2166 5005; x_wconf 88' lang='lat' dir='ltr'><strong>sicut</strong></span> <span class='ocrx_word' id='word_1_891' title='bbox 2192 4950 2443 5005; x_wconf 71' lang='lat' dir='ltr'><strong>Ecclesia:</strong></span> <span class='ocrx_word' id='word_1_892' title='bbox 2469 4947 2912 5018; x_wconf 88' lang='lat' dir='ltr'><strong>gessitapostolus</strong></span> <span class='ocrx_word' id='word_1_893' title='bbox 2937 4945 3142 5000; x_wconf 82' lang='lat' dir='ltr'><strong>Petrus.</strong></span> <span class='ocrx_word' id='word_1_894' title='bbox 3172 4943 3422 4998; x_wconf 86' lang='lat' dir='ltr'><strong>Constitue</strong></span> <span class='ocrx_word' id='word_1_895' title='bbox 3443 4958 3592 5012; x_wconf 84' lang='lat' dir='ltr'><strong>super</strong></span> 
     </span>
    </p>
   </div>
   <div class='ocr_carea' id='block_1_113' title="bbox 2031 5034 3592 5114">
    <p class='ocr_par' dir='ltr' id='par_1_113' title="bbox 2031 5034 3592 5114">
     <span class='ocr_line' id='line_1_113' title="bbox 2031 5034 3592 5114; baseline -0.007 -16"><span class='ocrx_word' id='word_1_896' title='bbox 2031 5060 2142 5098; x_wconf 83' lang='lat' dir='ltr'><strong>eum</strong></span> <span class='ocrx_word' id='word_1_897' title='bbox 2159 5053 2482 5114; x_wconf 83' lang='lat' dir='ltr'><strong>peccatorem,</strong></span> <span class='ocrx_word' id='word_1_898' title='bbox 2509 5050 2556 5094; x_wconf 86' lang='lat' dir='ltr'><strong>et</strong></span> <span class='ocrx_word' id='word_1_899' title='bbox 2575 5039 2802 5093; x_wconf 85' lang='lat' dir='ltr'><strong>diabolus</strong></span> <span class='ocrx_word' id='word_1_900' title='bbox 2821 5047 2910 5092; x_wconf 85' lang='lat' dir='ltr'><strong>stet</strong></span> <span class='ocrx_word' id='word_1_901' title='bbox 2925 5055 2956 5090; x_wconf 89' lang='lat' dir='ltr'><strong>a</strong></span> <span class='ocrx_word' id='word_1_902' title='bbox 2977 5038 3164 5093; x_wconf 73' lang='lat' dir='ltr'><strong>dextris</strong></span> <span class='ocrx_word' id='word_1_903' title='bbox 3183 5040 3309 5107; x_wconf 84' lang='lat' dir='ltr'><strong>ejus.</strong></span> <span class='ocrx_word' id='word_1_904' title='bbox 3333 5034 3592 5103; x_wconf 80' lang='lat' dir='ltr'><strong>Quemad-</strong></span> 
     </span>
    </p>
   </div>
   <div class='ocr_carea' id='block_1_114' title="bbox 2033 5125 3588 5198">
    <p class='ocr_par' dir='ltr' id='par_1_114' title="bbox 2033 5125 3588 5198">
     <span class='ocr_line' id='line_1_114' title="bbox 2033 5125 3588 5198; baseline -0.007 -9"><span class='ocrx_word' id='word_1_905' title='bbox 2033 5135 2246 5190; x_wconf 91' lang='lat' dir='ltr'><strong>modum</strong></span> <span class='ocrx_word' id='word_1_906' title='bbox 2275 5133 2328 5186; x_wconf 90' lang='lat' dir='ltr'><strong>in</strong></span> <span class='ocrx_word' id='word_1_907' title='bbox 2352 5131 2505 5196; x_wconf 84' lang='lat' dir='ltr'><strong>Juda,</strong></span> <span class='ocrx_word' id='word_1_908' title='bbox 2537 5132 2613 5184; x_wconf 91' lang='lat' dir='ltr'><strong>sic</strong></span> <span class='ocrx_word' id='word_1_909' title='bbox 2639 5130 2689 5182; x_wconf 91' lang='lat' dir='ltr'><strong>in</strong></span> <span class='ocrx_word' id='word_1_910' title='bbox 2721 5130 2819 5183; x_wconf 88' lang='lat' dir='ltr'><strong>isto</strong></span> <span class='ocrx_word' id='word_1_911' title='bbox 2846 5129 3036 5198; x_wconf 91' lang='lat' dir='ltr'><strong>popqu</strong></span> <span class='ocrx_word' id='word_1_912' title='bbox 3059 5125 3451 5195; x_wconf 79' lang='lat' dir='ltr'><strong>intelligendum</strong></span> <span class='ocrx_word' id='word_1_913' title='bbox 3477 5133 3588 5190; x_wconf 86' lang='lat' dir='ltr'><strong>est;</strong></span> 
     </span>
    </p>
   </div>
   <div class='ocr_carea' id='block_1_115' title="bbox 2033 5216 3590 5294">
    <p class='ocr_par' dir='ltr' id='par_1_115' title="bbox 2033 5216 3590 5294">
     <span class='ocr_line' id='line_1_115' title="bbox 2033 5216 3590 5294; baseline -0.005 -16"><span class='ocrx_word' id='word_1_914' title='bbox 2033 5225 2118 5294; x_wconf 92' lang='lat' dir='ltr'><strong>qui</strong></span> <span class='ocrx_word' id='word_1_915' title='bbox 2149 5223 2362 5292; x_wconf 89' lang='lat' dir='ltr'><strong>repulso</strong></span> <span class='ocrx_word' id='word_1_916' title='bbox 2397 5237 2428 5275; x_wconf 90' lang='lat' dir='ltr'><strong>a</strong></span> <span class='ocrx_word' id='word_1_917' title='bbox 2467 5237 2524 5275; x_wconf 89' lang='lat' dir='ltr'><strong>se</strong></span> <span class='ocrx_word' id='word_1_918' title='bbox 2555 5220 2768 5274; x_wconf 77' lang='lat' dir='ltr'><strong>Christo</strong></span> <span class='ocrx_word' id='word_1_919' title='bbox 2797 5220 2965 5274; x_wconf 87' lang='lat' dir='ltr'><strong>factus</strong></span> <span class='ocrx_word' id='word_1_920' title='bbox 2991 5231 3072 5274; x_wconf 88' lang='lat' dir='ltr'><strong>est</strong></span> <span class='ocrx_word' id='word_1_921' title='bbox 3095 5217 3335 5272; x_wconf 88' lang='lat' dir='ltr'><strong>subditus</strong></span> <span class='ocrx_word' id='word_1_922' title='bbox 3360 5216 3590 5283; x_wconf 90' lang='lat' dir='ltr'><strong>diabolo,</strong></span> 
     </span>
    </p>
   </div>
   <div class='ocr_carea' id='block_1_116' title="bbox 2033 5306 3592 5384">
    <p class='ocr_par' dir='ltr' id='par_1_116' title="bbox 2033 5306 3592 5384">
     <span class='ocr_line' id='line_1_116' title="bbox 2033 5306 3592 5384; baseline -0.006 -14"><span class='ocrx_word' id='word_1_923' title='bbox 2033 5315 2183 5384; x_wconf 90' lang='lat' dir='ltr'><strong>cujus</strong></span> <span class='ocrx_word' id='word_1_924' title='bbox 2213 5313 2580 5383; x_wconf 90' lang='lat' dir='ltr'><strong>persuasiones</strong></span> <span class='ocrx_word' id='word_1_925' title='bbox 2611 5312 2663 5365; x_wconf 91' lang='lat' dir='ltr'><strong>in</strong></span> <span class='ocrx_word' id='word_1_926' title='bbox 2692 5313 2935 5365; x_wconf 78' lang='lat' dir='ltr'><strong>omnibus</strong></span> <span class='ocrx_word' id='word_1_927' title='bbox 2965 5309 3136 5379; x_wconf 86' lang='lat' dir='ltr'><strong>pravis</strong></span> <span class='ocrx_word' id='word_1_928' title='bbox 3165 5317 3223 5372; x_wconf 76' lang='lat' dir='ltr'><strong>et</strong></span> <span class='ocrx_word' id='word_1_929' title='bbox 3244 5306 3467 5361; x_wconf 89' lang='lat' dir='ltr'><strong>terrenis</strong></span> <span class='ocrx_word' id='word_1_930' title='bbox 3495 5322 3592 5360; x_wconf 89' lang='lat' dir='ltr'><strong>cu-</strong></span> 
     </span>
    </p>
   </div>
   <div class='ocr_carea' id='block_1_117' title="bbox 2038 5398 3590 5477">
    <p class='ocr_par' dir='ltr' id='par_1_117' title="bbox 2038 5398 3590 5477">
     <span class='ocr_line' id='line_1_117' title="bbox 2038 5398 3590 5477; baseline -0.006 -17"><span class='ocrx_word' id='word_1_931' title='bbox 2038 5406 2337 5477; x_wconf 87' lang='lat' dir='ltr'><strong>piditatibus</strong></span> <span class='ocrx_word' id='word_1_932' title='bbox 2381 5405 2664 5474; x_wconf 70' lang='lat' dir='ltr'><strong>praeposuit</strong></span> <span class='ocrx_word' id='word_1_933' title='bbox 2708 5413 2920 5457; x_wconf 69' lang='lat' dir='ltr'><strong>atternse</strong></span> <span class='ocrx_word' id='word_1_934' title='bbox 2946 5400 3119 5456; x_wconf 88' lang='lat' dir='ltr'><strong>saluti.</strong></span> <span class='ocrx_word' id='word_1_935' title='bbox 3152 5398 3276 5452; x_wconf 86' lang='lat' dir='ltr'><strong>Cum</strong></span> <span class='ocrx_word' id='word_1_936' title='bbox 3307 5398 3590 5469; x_wconf 82' lang='lat' dir='ltr'><strong>judicalur,</strong></span> 
     </span>
    </p>
   </div>
   <div class='ocr_carea' id='block_1_118' title="bbox 2037 5490 3595 5564">
    <p class='ocr_par' dir='ltr' id='par_1_118' title="bbox 2037 5490 3595 5564">
     <span class='ocr_line' id='line_1_118' title="bbox 2037 5490 3595 5564; baseline -0.004 -12"><span class='ocrx_word' id='word_1_937' title='bbox 2037 5507 2177 5552; x_wconf 73' lang='lat' dir='ltr'><strong>exeat</strong></span> <span class='ocrx_word' id='word_1_938' title='bbox 2203 5496 2561 5550; x_wconf 85' lang='lat' dir='ltr'><strong>condemnatus</strong></span> <span class='ocrx_word' id='word_1_939' title='bbox 2602 5511 2622 5549; x_wconf 90' lang='lat'><strong><em>:</em></strong></span> <span class='ocrx_word' id='word_1_940' title='bbox 2656 5495 2777 5564; x_wconf 90' lang='lat' dir='ltr'><strong>quia</strong></span> <span class='ocrx_word' id='word_1_941' title='bbox 2810 5494 2860 5547; x_wconf 94' lang='lat' dir='ltr'><strong>in</strong></span> <span class='ocrx_word' id='word_1_942' title='bbox 2889 5492 3119 5563; x_wconf 88' lang='lat' dir='ltr'><strong>nequitia</strong></span> <span class='ocrx_word' id='word_1_943' title='bbox 3141 5500 3193 5546; x_wconf 93' lang='lat' dir='ltr'><strong>et</strong></span> <span class='ocrx_word' id='word_1_944' title='bbox 3214 5491 3264 5545; x_wconf 91' lang='lat' dir='ltr'><strong>in</strong></span> <span class='ocrx_word' id='word_1_945' title='bbox 3290 5490 3595 5556; x_wconf 78' lang='lat' dir='ltr'><strong>inﬁdelitate</strong></span> 
     </span>
    </p>
   </div>
   <div class='ocr_carea' id='block_1_119' title="bbox 2039 5582 3596 5658">
    <p class='ocr_par' dir='ltr' id='par_1_119' title="bbox 2039 5582 3596 5658">
     <span class='ocr_line' id='line_1_119' title="bbox 2039 5582 3596 5658; baseline -0.004 -16"><span class='ocrx_word' id='word_1_946' title='bbox 2039 5589 2326 5658; x_wconf 76' lang='lat' dir='ltr'><strong>persistens</strong></span> <span class='ocrx_word' id='word_1_947' title='bbox 2353 5586 2675 5642; x_wconf 80' lang='lat' dir='ltr'><strong>thezaurizat</strong></span> <span class='ocrx_word' id='word_1_948' title='bbox 2701 5585 2800 5640; x_wconf 91' lang='lat' dir='ltr'><strong>sibi</strong></span> <span class='ocrx_word' id='word_1_949' title='bbox 2831 5584 2962 5637; x_wconf 88' lang='lat' dir='ltr'><strong>iram</strong></span> <span class='ocrx_word' id='word_1_950' title='bbox 2989 5583 3043 5636; x_wconf 93' lang='lat' dir='ltr'><strong>in</strong></span> <span class='ocrx_word' id='word_1_951' title='bbox 3071 5582 3157 5636; x_wconf 89' lang='lat' dir='ltr'><strong>die</strong></span> <span class='ocrx_word' id='word_1_952' title='bbox 3199 5583 3292 5636; x_wconf 67' lang='lat' dir='ltr'><strong>ira:</strong></span> <span class='ocrx_word' id='word_1_953' title='bbox 3317 5590 3372 5636; x_wconf 90' lang='lat' dir='ltr'><strong>et</strong></span> <span class='ocrx_word' id='word_1_954' title='bbox 3398 5585 3596 5637; x_wconf 86' lang='lat' dir='ltr'><strong>revela-</strong></span> 
     </span>
    </p>
   </div>
   <div class='ocr_carea' id='block_1_120' title="bbox 2042 5674 3597 5750">
    <p class='ocr_par' dir='ltr' id='par_1_120' title="bbox 2042 5674 3597 5750">
     <span class='ocr_line' id='line_1_120' title="bbox 2042 5674 3597 5750; baseline -0.005 -16"><span class='ocrx_word' id='word_1_955' title='bbox 2042 5680 2196 5734; x_wconf 88' lang='lat' dir='ltr'><strong>tionis</strong></span> <span class='ocrx_word' id='word_1_956' title='bbox 2219 5679 2346 5750; x_wconf 92' lang='lat' dir='ltr'><strong>justi</strong></span> <span class='ocrx_word' id='word_1_957' title='bbox 2369 5678 2552 5748; x_wconf 89' lang='lat' dir='ltr'><strong>judicii</strong></span> <span class='ocrx_word' id='word_1_958' title='bbox 2593 5677 2684 5732; x_wconf 88' lang='lat' dir='ltr'><strong>Dei</strong></span> <span class='ocrx_word' id='word_1_959' title='bbox 2705 5718 2719 5742; x_wconf 87' lang='lat'><strong>,</strong></span> <span class='ocrx_word' id='word_1_960' title='bbox 2747 5675 2836 5747; x_wconf 92' lang='lat' dir='ltr'><strong>qui</strong></span> <span class='ocrx_word' id='word_1_961' title='bbox 2883 5674 3066 5730; x_wconf 90' lang='lat' dir='ltr'><strong>reddet</strong></span> <span class='ocrx_word' id='word_1_962' title='bbox 3090 5675 3368 5745; x_wconf 85' lang='lat' dir='ltr'><strong>unicuique</strong></span> <span class='ocrx_word' id='word_1_963' title='bbox 3409 5689 3597 5728; x_wconf 89' lang='lat' dir='ltr'><strong>secun-</strong></span> 
     </span>
    </p>
   </div>
   <div class='ocr_carea' id='block_1_121' title="bbox 2041 5764 3596 5840">
    <p class='ocr_par' dir='ltr' id='par_1_121' title="bbox 2041 5764 3596 5840">
     <span class='ocr_line' id='line_1_121' title="bbox 2041 5764 3596 5840; baseline -0.006 -12"><span class='ocrx_word' id='word_1_964' title='bbox 2041 5773 2165 5828; x_wconf 86' lang='lat' dir='ltr'><strong>dum</strong></span> <span class='ocrx_word' id='word_1_965' title='bbox 2195 5785 2353 5840; x_wconf 80' lang='lat' dir='ltr'><strong>Opera</strong></span> <span class='ocrx_word' id='word_1_966' title='bbox 2380 5769 2493 5839; x_wconf 89' lang='lat' dir='ltr'><strong>ejus</strong></span> <span class='ocrx_word' id='word_1_967' title='bbox 2519 5767 2696 5840; x_wconf 79' lang='lat' dir='ltr'><strong>(Rom.</strong></span> <span class='ocrx_word' id='word_1_968' title='bbox 2727 5783 2763 5823; x_wconf 89' lang='lat' dir='ltr'><strong>tt</strong></span> <span class='ocrx_word' id='word_1_969' title='bbox 2788 5809 2802 5836; x_wconf 90' lang='lat'><strong>,</strong></span> <span class='ocrx_word' id='word_1_970' title='bbox 2831 5767 2886 5837; x_wconf 79' lang='lat'><strong>5,</strong></span> <span class='ocrx_word' id='word_1_971' title='bbox 2913 5764 2986 5839; x_wconf 80' lang='grc'><strong>6).</strong></span> <span class='ocrx_word' id='word_1_972' title='bbox 3007 5764 3083 5834; x_wconf 82' lang='lat' dir='ltr'><strong>Et</strong></span> <span class='ocrx_word' id='word_1_973' title='bbox 3111 5766 3270 5824; x_wconf 61' lang='lat' dir='ltr'><strong>(ratio</strong></span> <span class='ocrx_word' id='word_1_974' title='bbox 3297 5766 3406 5831; x_wconf 79' lang='lat' dir='ltr'><strong>ejus</strong></span> <span class='ocrx_word' id='word_1_975' title='bbox 3433 5766 3522 5834; x_wconf 80' lang='lat' dir='ltr'><strong>ﬁat</strong></span> <span class='ocrx_word' id='word_1_976' title='bbox 3545 5764 3596 5819; x_wconf 83' lang='lat' dir='ltr'><strong>in</strong></span> 
     </span>
    </p>
   </div>
  </div>
