4026 6202
423 366 557 424 ttae
1567 348 1574 360 '

421 490 711 556 peccatum;
747 483 868 554 quia
893 495 997 538 non
1026 481 1084 535 tit
1107 495 1203 552 per
1226 478 1570 535 mediatorem
1603 481 1693 535 Dei
1718 487 1770 535 et
1809 479 1983 532 homi-

423 577 621 631 minum
641 617 658 640 ,
684 575 948 629 hominem
977 571 1158 627 Jesum
1183 571 1450 626 Christum
1483 571 1523 644 (1
1572 571 1708 626 Tim-
1730 588 1763 626 ιι
1783 614 1798 634 ,
1826 573 1904 640 5),
1935 582 1989 626 et

421 667 748 722 sacerdotem
779 665 831 718 in
857 671 1112 718 aateruum
1140 662 1428 718 secundum
1455 663 1694 718 ordinem
1719 664 1989 718 Melchise-

420 759 520 812 dec
547 755 714 826 (Psal.
738 770 846 819 ctx,
866 753 945 824 4).
966 753 1119 807 Fiant
1145 754 1250 807 dies
1267 756 1375 824 ejus
1401 755 1566 824 pauci.
1585 754 1883 808 Secundum
1901 771 1987 809 re-

422 865 579 919 gnum
610 845 972 916 accipiendum
1003 857 1103 913 est,
1135 848 1256 917 quia
1284 863 1386 902 non
1414 848 1500 901 diu
1533 858 1708 915 postea
1741 865 1985 916 perseve-

419 940 555 994 ravit
574 954 792 1008 regnum
820 939 1143 994 Judteornm.
1181 937 1242 992 Et
1269 941 1611 1010 episcopatum
1638 941 1746 1010 ejus
1775 941 1988 1007 accipiat

417 1029 564 1083 alter.
611 1029 786 1098 Ipsum
816 1030 1094 1085 Dominum
1141 1028 1406 1084 Christum
1440 1046 1542 1082 non
1583 1031 1988 1100 ineougruenter

419 1120 637 1189 intelligi
659 1120 907 1174 existimo
923 1121 1284 1189 episcopatum
1311 1120 1488 1189 populi
1513 1120 1836 1185 Judzuorum,
1865 1124 1985 1190 quia

417 1212 484 1267 de
512 1212 649 1267 tribu
683 1212 814 1267 Juda
844 1211 1010 1266 factus
1036 1221 1118 1267 est
1145 1212 1432 1266 secundum
1463 1227 1676 1266 carnem
1709 1231 1721 1264 :
1755 1222 1809 1266 et
1841 1215 1985 1281 Apo-

419 1303 588 1358 stolus
608 1303 700 1366 ait,
731 1302 858 1381 Dico
883 1303 1012 1357 enim
1029 1301 1280 1358 Christum
1299 1303 1577 1356 ministrum
1603 1303 1758 1373 fuisse
1777 1303 1989 1356 circum-

418 1394 626 1448 cisionis
653 1404 853 1463 propter
877 1395 1128 1448 veritatem
1149 1392 1264 1461 Dei,
1281 1394 1348 1447 ad
1370 1394 1743 1462 conﬁrmandos
1770 1395 1986 1463 promis-

417 1490 582 1543 sioues
618 1499 817 1558 patrum
861 1489 1036 1558 (Rom.
1066 1503 1150 1554 xv,
1192 1487 1268 1558 8).
1319 1489 1384 1542 Et
1425 1488 1537 1556 ipse
1571 1488 1686 1540 ait:
1733 1485 1852 1540 Non
1877 1505 1985 1540 sunt

419 1581 599 1634 missus
628 1620 640 1641 ,
698 1580 796 1632 nisi
845 1579 911 1631 ad
977 1595 1088 1633 oves
1138 1594 1248 1648 qua:
1297 1578 1550 1647 perierunt
1595 1578 1773 1631 domus
1824 1576 1986 1631 Israel

421 1668 629 1733 (Matth.
663 1685 730 1722 xv
751 1711 766 1735 ,
791 1667 918 1738 2&9;
951 1669 1071 1737 quia
1103 1668 1204 1722 illis
1229 1666 1468 1722 exhibuit
1495 1667 1544 1720 in
1575 1682 1734 1720 carne
1759 1681 1990 1735 praisen-

421 1759 565 1816 tiam.
599 1761 663 1815 Et
687 1761 816 1831 Magi
839 1761 926 1830 qui
954 1762 1018 1814 ab
1046 1761 1249 1816 oriente
1277 1768 1554 1826 venerunt,
1587 1759 1685 1814 hoc
1707 1760 1984 1813 dixerunt:

425 1849 522 1903 libi
549 1859 618 1904 est
643 1851 728 1918 qui
751 1861 898 1904 natus
923 1860 994 1904 est
1017 1867 1106 1904 rex
1127 1849 1421 1904 Judazorum
1451 1847 1556 1919 (Id.
1593 1865 1664 1914 ιι,
1703 1849 1762 1914 1,
1801 1849 1880 1916 9.).
1924 1849 1988 1902 Ει

420 1942 523 1997 hoc
561 1943 611 1996 in
653 1942 800 1996 titulo
843 1943 1096 2011 scriptum
1124 1949 1240 1995 erat
1280 1955 1439 2010 super
1466 1940 1771 1994 crucifixum
1807 1957 1820 1992 :
1852 1939 1989 1992 unde

421 2036 548 2090 illud
576 2045 779 2089 mutare
800 2034 1096 2089 volentibus
1125 2049 1230 2087 non
1257 2033 1446 2087 frustra
1468 2031 1739 2100 respondit
1769 2031 1986 2094 Pilatus;

426 2127 572 2192 Quod
612 2125 807 2196 scripsi,
853 2126 1028 2196 scripsi
1069 2123 1248 2194 (Joan.
1290 2140 1398 2190 xut,
1441 2122 1646 2190 19-29.).
1680 2122 1827 2176 l‘lunc
1864 2139 1990 2190 ergo

421 2217 777 2286 episcopatum
807 2216 981 2286 pepuli
1010 2215 1333 2281 Iudaeorum,
1359 2214 1408 2268 id
1431 2223 1509 2269 est
1532 2214 1810 2268 Dominum
1837 2213 1990 2267 Chri-

421 2318 561 2364 stum
587 2309 790 2377 accepit
808 2308 960 2373 alter,
991 2307 1040 2361 id
1067 2315 1148 2362 est
1174 2307 1398 2376 populus
1422 2305 1689 2362 Gentium.
1722 2304 1874 2358 Fiant
1897 2307 1992 2374 ﬁlii

423 2400 534 2468 ejus
579 2399 795 2468 orphani
841 2413 861 2452 :
909 2397 976 2452 de
1010 2396 1201 2467 quibus
1241 2396 1450 2462 dicitur,
1493 2395 1614 2451 Filii
1658 2407 1823 2452 autem
1853 2399 1991 2468 regni

421 2489 563 2544 ibunt
589 2490 642 2558 in
665 2488 888 2544 tenebras
909 2489 1175 2544 exteriores
1193 2489 1404 2558 (Matth.
1426 2505 1536 2553 vui,
1568 2488 1678 2559 12).
1702 2486 1845 2543 Facti
1872 2499 1988 2543 sunt

423 2593 598 2638 autem
639 2582 859 2652 orphani
891 2581 1086 2638 amisso
1124 2583 1240 2651 ipso
1275 2597 1458 2652 regno,
1505 2582 1652 2650 quasi
1695 2591 1841 2651 patre
1869 2597 1990 2651 per-

425 2675 573 2740 dito;
617 2689 914 2743 quanquam
959 2683 1011 2728 et
1050 2674 1213 2728 Deum
1268 2683 1470 2742 patrem
1519 2674 1652 2728 bene
1689 2673 1988 2743 intelligun—

423 2775 512 2820 tur
536 2766 776 2820 amisisse
807 2781 821 2819 :
853 2765 952 2832 Qui
975 2766 1107 2819 enim
1127 2764 1316 2819 Filium
1338 2783 1434 2819 non
1464 2766 1629 2832 habet,
1662 2767 1735 2819 ait
1765 2765 1986 2831 Veritas,

424 2875 516 2912 nec
536 2858 739 2913 Patrem
763 2858 906 2912 habet
932 2857 952 2930 (
977 2857 1172 2913 lJoan.
1206 2873 1261 2921 ll,
1291 2857 1416 2928 24).
1444 2858 1509 2912 Et
1535 2875 1661 2913 uxor
1683 2860 1790 2928 ejus
1811 2859 1986 2912 vidua.

426 2949 574 3007 Uxor
599 2951 746 3020 regni
791 2950 941 3020 plebs
968 2950 1182 3021 intelligi
1214 2959 1420 3021 potest,
1451 2951 1536 3004 cui
1576 2965 1726 3022 reges
1768 2950 1991 3005 subdita:

427 3045 769 3100 dominantur
797 3062 809 3099 :
834 3045 988 3099 vidua
1013 3060 1140 3100 vero
1165 3044 1300 3100 facta
1327 3053 1412 3100 est
1439 3045 1634 3098 amisso
1664 3045 1777 3114 ipso
1805 3059 1988 3114 regno.

431 3135 688 3190 Nutantes
713 3139 1084 3208 transferantur
1103 3137 1199 3205 ﬁlii
1222 3137 1350 3206 ejus,
1376 3145 1423 3190 et
1437 3136 1735 3188 mendicant.
1757 3134 1991 3189 Nutare-

429 3236 554 3281 runt
591 3227 836 3296 periculis
861 3268 876 3292 ,
929 3227 1235 3297 urgentibus
1277 3226 1518 3280 hostibus
1547 3225 1784 3280 translati
1827 3235 1991 3290 sunt,

427 3317 677 3372 debellati
716 3317 805 3370 lilii
829 3318 974 3386 regni
1013 3316 1338 3371 Iudaeorum.
1368 3315 1502 3384 Quid
1523 3325 1606 3370 est
1627 3324 1802 3370 autem
1847 3332 1995 3371 men-

430 3408 630 3474 dicare,
663 3408 760 3464 nisi
790 3409 856 3462 ad
879 3408 1149 3462 hominum
1173 3408 1586 3462 misericordiam
1612 3408 1789 3463 vivere
1816 3449 1831 3474 ,
1859 3409 1994 3463 sicut

428 3497 613 3551 vivunt
641 3496 740 3551 sub
766 3513 947 3552 earum
970 3498 1201 3568 gentium
1227 3498 1438 3566 regibus
1461 3539 1475 3563 ,
1509 3497 1559 3551 in
1599 3512 1728 3567 quas
1757 3497 1994 3552 translati

430 3586 586 3640 siml?
611 3586 897 3657 Ejiciautur
916 3588 977 3642 de
1004 3587 1386 3642 habitationibus
1404 3588 1527 3642 suis.
1556 3587 1629 3642 Ita
1673 3588 1866 3642 factum
1889 3598 1988 3642 est.

431 3677 693 3732 Scrutatur
717 3682 967 3749 fenerator
991 3695 1188 3734 omnem
1217 3679 1545 3734 substantiam
1583 3681 1692 3752 ejus
1731 3695 1750 3734 :
1779 3680 1829 3735 id
1872 3691 1954 3736 est
1978 3723 1992 3745 ,

431 3771 610 3840 populi
639 3771 774 3840 ejus.
803 3769 902 3826 Ubi
933 3771 1060 3824 nihil
1089 3771 1276 3826 melius
1298 3770 1622 3842 intelligitur,
1642 3786 1798 3841 quam
1819 3770 1994 3826 debita

432 3875 616 3916 eorum
645 3875 749 3916 non
780 3861 1131 3926 dimittantur,
1163 3862 1284 3932 quia
1328 3862 1380 3915 in
1420 3861 1536 3916 solo
1577 3860 1787 3916 Christo
1816 3862 1994 3917 dimit-

433 3959 636 4018 tuntur,
678 3967 834 4022 quem
864 3962 1208 4022 respuerunt;
1253 3951 1341 4023 qui
1373 3953 1528 4006 etiam
1579 3952 1754 4007 dicere
1781 3953 1992 4018 docuit,

434 4042 649 4098 Dimitte
685 4044 826 4100 nobis
876 4043 1039 4098 debita
1077 4053 1247 4099 nostra
1273 4084 1289 4110 ,
1318 4045 1443 4098 sicut
1489 4052 1534 4097 et
1571 4059 1663 4098 nos
1707 4045 1997 4099 dimittimus

435 4136 736 4192 debitoribus
789 4139 972 4192 nostris
1023 4137 1250 4208 (Matth.
1278 4154 1352 4205 vr,
1387 4135 1514 4206 12).
1565 4137 1775 4190 Omnem
1820 4147 1995 4192 autem

432 4227 759 4282 substantiam
808 4229 916 4299 ejus
958 4227 1157 4282 dictum
1205 4235 1322 4292 est,
1372 4242 1580 4282 omnem
1632 4228 1790 4281 vitam
1837 4228 1993 4296 ejus;

433 4325 496 4372 ut
521 4318 570 4372 ei
601 4317 742 4372 nulla
770 4317 980 4384 debita,
1020 4317 1071 4371 id
1102 4327 1216 4383 est,
1257 4317 1398 4372 nulla
1445 4327 1657 4387 peccata
1716 4317 1993 4373 donentur.

436 4405 506 4460 Et
551 4407 792 4477 diripiant
827 4407 975 4461 alieni
1009 4406 1198 4461 labores
1239 4409 1391 4479 ejus:
1435 4407 1673 4462 diabolus
1721 4417 1776 4462 et
1823 4407 1996 4478 angi-li

438 4497 734 4568 ejus;quia
760 4512 863 4552 non
897 4497 1252 4553 tliesaurizant
1280 4497 1330 4551 in
1374 4499 1508 4552 coelo
1536 4498 1624 4568 qui
1669 4513 1775 4552 non
1801 4497 1997 4554 habent

436 4587 724 4648 Christum.
751 4587 871 4643 Non
900 4590 970 4644 sit
995 4589 1073 4643 illi
1095 4589 1316 4660 adjutor.
1344 4588 1474 4657 Quis
1501 4589 1710 4659 adjutor
1735 4597 1818 4644 est
1836 4591 1883 4644 ei
1911 4589 1995 4645 cui

437 4677 680 4739 Christus
708 4694 812 4734 non
839 4681 956 4735 est?
985 4679 1092 4734 Nec
1117 4681 1181 4734 sit
1213 4680 1299 4750 qui
1327 4680 1616 4734 misereatur
1643 4679 1848 4750 pupillis
1867 4680 1992 4748 ejus.

437 4771 538 4836 Qui
568 4780 718 4841 patre
739 4770 963 4841 perdito,
991 4771 1041 4825 id
1063 4779 1146 4825 est
1171 4785 1352 4842 regno,
1383 4771 1461 4824 sic
1483 4777 1883 4834 remanserunt,
1907 4779 1998 4824 aut

435 4863 636 4919 amisso
663 4863 792 4929 Deo,
815 4862 966 4933 cujus
989 4863 1178 4918 Filium
1201 4862 1464 4934 persecuti
1503 4870 1627 4916 sunt
1651 4869 1704 4915 et
1731 4860 1993 4928 oderunt,

434 4972 542 5012 non
586 4966 666 5013 est
706 4959 796 5028 qui
829 4973 1010 5012 eorum
1049 4958 1381 5023 misereatur,
1429 4971 1532 5012 non
1559 4956 1624 5010 ad
1655 4955 1994 5024 temporalem

433 5051 594 5104 vitam
622 5048 932 5104 sumendam
969 5049 1047 5102 vel
1074 5048 1488 5114 sustentandam,
1520 5047 1610 5102 sed
1637 5046 1702 5101 ad
1720 5062 1897 5102 veram
1919 5047 1999 5102 vi-

435 5148 565 5206 tam,
590 5139 643 5194 id
663 5148 746 5195 est
769 5148 1038 5192 mternam.
1071 5136 1228 5192 Fiant
1253 5138 1360 5191 uati
1376 5138 1482 5208 ejus
1502 5138 1554 5191 in
1575 5137 1828 5191 interitum
1851 5152 1869 5190 :
1891 5138 1994 5192 uti-

431 5243 535 5298 que
563 5230 615 5284 in
661 5229 929 5284 interitum
973 5229 1371 5298 sempiternum.
1419 5227 1485 5282 In
1531 5229 1848 5300 generatione
1893 5246 1997 5283 una

433 5320 659 5375 deleatur
688 5337 866 5375 nomen
890 5321 1020 5391 ejus.
1043 5319 1175 5388 Quia
1204 5321 1435 5389 generati
1467 5329 1608 5385 sunt,
1640 5335 1744 5374 non
1770 5335 1996 5390 regene-

435 5413 557 5478 rati,
587 5413 706 5468 ideo
733 5413 784 5468 in
807 5427 907 5467 una
928 5412 1266 5483 generatione
1292 5412 1568 5467 delentur:
1592 5427 1713 5467 nam
1735 5413 1786 5466 in
1808 5413 1992 5480 altera,

433 5501 486 5558 id
524 5514 606 5559 est
632 5505 685 5560 in
713 5505 1125 5576 regeneratione,
1149 5505 1193 5560 si
1221 5521 1338 5560 eam
1369 5515 1744 5576 cognoscerent
1767 5515 1819 5561 et
1844 5516 1994 5560 tene-

433 5607 592 5665 rent,
640 5614 744 5653 non
772 5599 1094 5656 delerentur.
1134 5599 1200 5654 In
1231 5601 1520 5654 memoriam
1546 5604 1714 5654 redeat
1759 5599 1993 5668 iniquitas

433 5696 632 5750 patrum
681 5689 790 5756 ejus
836 5690 888 5742 in
915 5679 1188 5760 (conspectu
1218 5690 1421 5745 Domini
1461 5707 1480 5746 :
1511 5699 1566 5745 ut
1594 5688 1779 5745 reddat
1819 5689 1991 5744 eidem

433 5778 628 5857 populo
657 5778 908 5833 Dominus
932 5784 1285 5848 perseveranti
1316 5783 1367 5836 in
1391 5782 1583 5836 malitia
1605 5780 1760 5835 etiam
1782 5789 1987 5850 patrum

1609 363 1664 422 S.
1706 363 2062 422 Al'CllSTlNl
2105 362 2401 420 EPlSCOPl

3527 377 3680 436 tito

2094 478 2208 546 ejus
2253 479 2601 545 iniquitatem.
2631 479 2720 536 S’e
2757 483 2895 537 enim
2924 483 3001 538 eis
3029 483 3153 538 dicit
3180 526 3192 547 ,
3222 502 3242 536 ι
3280 482 3671 537 Testimonium

2092 568 2218 621 estis
2271 569 2697 639 vobistnctipsis,
2737 573 2857 640 quia
2902 573 2995 627 ﬁlii
3046 575 3173 630 estis
3203 574 3497 640 eorumqui
3526 575 3672 628 Pru-

2092 665 2277 729 phetas
2329 664 2635 719 occiderunt
2677 683 2689 718 :
2732 686 2750 719 5
2783 675 2838 721 et
2868 669 3020 737 paula
3049 680 3163 737 post
3189 671 3280 730 ait.
3314 690 3335 723 ε
3363 670 3432 726 Ut
3488 677 3670 728 veniat

2090 769 2254 820 super
2285 770 2376 808 vos
2402 757 2574 808 omnis
2618 757 2831 826 sanguis
2861 757 3035 827 justus
3069 761 3159 830 qui
3180 763 3377 815 cllusus
3398 775 3479 816 est
3497 781 3675 831 διιιιιιτ·

2092 851 2286 898 terram
2317 887 2333 911 ,
2375 862 2404 899 a
2449 849 2702 916 sanguine
2742 849 2873 903 Abel
2900 849 3025 918 justi
3056 867 3222 920 usque
3248 852 3312 904 ad
3345 855 3670 923 sanguinem

2090 934 2378 990 Zacharim.
2435 938 2500 1012 Et
2538 949 2810 1008 peccatum
2851 942 3032 994 matris
3061 941 3174 1010 ejus
3209 959 3310 996 non
3334 942 3591 998 deleatur.
3648 967 3667 995 ι

2089 1027 2367 1082 Peccatum
2389 1029 2680 1086 Jerusalem
2709 1074 2722 1095 ,
2755 1049 2872 1101 quae
2901 1034 3062 1087 servit
3089 1050 3207 1091 cum
3242 1035 3358 1090 liliis
3381 1038 3506 1101 suis,
3538 1055 3672 1107 qum

2091 1117 2336 1172 interficit
2363 1119 2673 1189 Prophetas,
2701 1133 2754 1174 et
2777 1123 2969 1192 lapidat
2991 1125 3180 1179 missos
3198 1124 3263 1178 ad
3293 1141 3351 1180 se
3373 1125 3478 1196 (Id.
3503 1144 3670 1195 χχιιι,

2096 1209 2185 1273 51,
2215 1211 2306 1271 55,
2335 1212 2402 1268 ’57
2491 1211 2643 1266 Fiant
2672 1224 2844 1267 contra
2874 1213 3144 1268 Dominum
3164 1233 3375 1286 semper,
3405 1219 3669 1284 iniquitas

2088 1311 2142 1354 et
2182 1315 2453 1372 peccatnu'n
2497 1321 2713 1370 eorum;
2749 1305 2799 1359 id
2829 1316 2904 1361 est
2927 1349 2942 1372 ,
2972 1317 3088 1362 uta
3130 1320 3414 1378 conspectu
3449 1311 3665 1368 Domini

2088 1406 2192 1444 non
2209 1393 2534 1460 aholeantur,
2553 1396 2660 1450 Deo
2688 1397 2736 1450 in
2759 1406 3011 1451 alternum
3037 1398 3350 1452 vindicante.
3376 1397 3440 1452 Et
3457 1401 3666 1471 disper-

2088 1493 2166 1535 ραι
2195 1485 2257 1536 de
2285 1495 2417 1536 terra
2442 1486 2679 1538 memoria
2706 1504 2897 1540 eorum.
2923 1487 3083 1542 Terra
3108 1488 3220 1552 Dei,
3249 1504 3372 1557 ager
3403 1491 3492 1544 Dei
3523 1502 3608 1546 est
3641 1508 3660 1556 ;
3693 1550 3696 1554 ,

2087 1591 2213 1646 ager
2244 1578 2332 1630 Dei
2358 1620 2372 1643 ,
2404 1578 2635 1633 Ecclesia
2666 1579 2755 1633 Dei
2783 1590 2862 1634 est
2893 1599 2906 1633 :
2937 1580 3002 1634 de
3045 1596 3145 1650 qua
3178 1590 3314 1636 terra
3346 1583 3499 1650 periit
3539 1600 3664 1638 me-

2090 1667 2254 1720 moria
2286 1682 2488 1734 eorum,
2511 1669 2600 1738 qui
2634 1671 2649 1701 ¹
2678 1685 2796 1723 cum
2823 1682 3000 1725 essent
3031 1673 3161 1725 rami
3199 1673 3484 1737 naturales,
3531 1690 3661 1743 pro-

2091 1767 2206 1828 pter
2233 1759 2590 1814 inlidelitatem
2623 1761 2770 1814 fracti
2801 1772 2921 1816 sunt
2947 1762 3120 1832 (Rom.
3149 1779 3222 1829 ιιι,
3249 1762 3338 1822 20.
3365 1762 3456 1836 21)

2163 1853 2246 1908 l9.
2279 1850 2436 1924 [vers.
2473 1854 2558 1920 lli,
2586 1853 2708 1926 17.]
2746 1853 2847 1908 Pro
2872 1872 2928 1909 eo
2955 1857 3090 1926 quod
3117 1872 3215 1909 non
3241 1865 3311 1910 est
3332 1875 3368 1909 rt
3385 1858 3624 1911 cordatus
3644 1902 3660 1925 ,

2090 1947 2173 2000 vel
2202 1947 2288 2000 ille
2315 1946 2500 2015 Judas,
2527 1948 2610 2001 vel
2643 1947 2754 2016 ipse
2783 1949 3025 2016 populus,
3050 1953 3213 2018 facere
3241 1950 3660 2007 misericordiam.

2089 2034 2192 2090 Sed
2220 2036 2408 2091 melius
2436 2036 2503 2091 de
2539 2037 2730 2106 p0pulo
2769 2038 3026 2108 accipitur
3061 2038 3199 2107 quod
3229 2038 3332 2104 ait,
3363 2056 3460 2091 non
3482 2050 3554 2093 est
3579 2058 3663 2094 re—

2092 2128 2326 2182 cordatus
2352 2144 2372 2181 :
2395 2143 2515 2182 nam
2543 2128 2588 2182 si
2617 2127 2882 2182 Christum
2910 2125 3102 2183 occidit
3125 2170 3140 2195 ,
3171 2131 3357 2184 saltem
3404 2132 3660 2185 recorda—

2091 2229 2238 2274 retur
2285 2219 2627 2289 pmnitendo,
2683 2229 2737 2274 et
2789 2219 2983 2273 faceret
3036 2219 3446 2275 mi-erieordiam
3496 2236 3660 2290 super

2091 2311 2326 2366 membra
2356 2311 2468 2379 ejus
2487 2352 2502 2376 ,
2531 2326 2648 2380 qua“:
2680 2310 3198 2379 perseverantissime
3225 2324 3527 2379 persecutus
3551 2323 3658 2368 cst.

2091 2403 2211 2458 Ideo
2235 2386 2363 2458 dicit
2387 2404 2506 2473 quia
2533 2412 2819 2472 persecutus
2846 2412 2918 2457 est
2946 2405 3194 2457 hominem
3219 2405 3414 2474 inapem
3443 2415 3486 2458 et
3510 2422 3659 2458 men-

2091 2496 2278 2549 dicum.
2307 2496 2485 2550 Potest
2533 2495 2746 2564 quidem
2787 2496 2950 2565 accipi
2995 2496 3064 2550 de
3090 2496 3257 2561 Juda;
3288 2497 3407 2566 quia
3437 2513 3539 2552 noo
3573 2509 3661 2552 est

2092 2585 2402 2654 dedignatus
2428 2585 2679 2638 Dominus
2705 2600 2902 2654 pauper
2923 2585 3055 2650 tieri,
3083 2601 3201 2640 cum
3239 2586 3388 2642 dives
3416 2597 3576 2652 esset,
3599 2600 3661 2641 nt

2091 2676 2230 2729 illius
2253 2683 2559 2745 paupertate
2581 2690 2676 2729 nos
2695 2675 2983 2730 ditaremur
3008 2676 3026 2748 (
3047 2675 3089 2730 ll
3112 2675 3226 2731 Cor.
3249 2694 3360 2744 vui,
3392 2678 3483 2744 9).
3505 2679 3660 2734 Meu-

2092 2768 2267 2822 dicnm
2314 2777 2488 2822 autem
2532 2767 2795 2838 quomodo
2844 2769 3127 2837 intelligam
3157 2809 3170 2833 ,
3199 2769 3296 2823 nisi
3348 2768 3484 2825 forte
3533 2773 3659 2842 quia

2092 2861 2221 2916 dixit
2245 2862 2446 2916 mulieri
2466 2860 2827 2927 Samaritante,
2851 2861 2932 2915 Da
2951 2863 3072 2916 mihi
3093 2862 3258 2918 bibere
3277 2863 3454 2934 (Joan.
3481 2881 3553 2932 Iv,
3576 2865 3657 2932 7).

2092 2960 2146 3007 et
2175 2952 2227 3006 in
2255 2967 2411 3007 cruce
2439 2952 2544 3017 ait,
2572 2952 2702 3008 Sitio
2730 2952 2851 3023 (Id.
2883 2970 2988 3013 six.
3019 2954 3120 3024 28)
3141 2955 3164 3008 ‘?
3187 2955 3288 3012 Sed
3317 2958 3455 3027 quod
3481 2961 3662 3028 sequi-

2096 3051 2182 3098 tur
2205 3043 2468 3114 quomodo
2495 3045 2781 3113 accipiatur
2810 3046 2859 3098 in
2905 3045 3021 3116 ipso
3050 3047 3218 3115 capite
3254 3058 3433 3102 nostro
3452 3089 3466 3113 ,
3497 3049 3547 3102 id
3577 3061 3664 3105 est

2095 3134 2173 3188 sui
2221 3134 2453 3203 corporis
2479 3134 2756 3190 Salvatore
2783 3178 2796 3201 ,
2826 3151 2980 3205 quem
3025 3136 3185 3191 Judas
3208 3149 3513 3206 persecutus
3540 3151 3621 3195 est
3642 3185 3659 3206 ,

2094 3239 2200 3277 non
2255 3224 2484 3278 invenio.
2535 3222 2666 3279 Cum
2703 3225 2842 3280 enim
2892 3225 3138 3294 dixisset,
3181 3226 3247 3280 Et
3273 3240 3556 3298 persecutus
3584 3243 3663 3284 est

2095 3314 2339 3367 hominem
2367 3315 2563 3386 inapent
2588 3325 2633 3369 et
2662 3318 2939 3370 mendicum
2968 3357 2983 3382 ,
3034 3317 3227 3387 adjecit
3268 3329 3422 3390 atque
3449 3321 3558 3386 ait,
3589 3320 3664 3374 Et

2095 3417 2441 3476 compunctum
2468 3409 2617 3462 corde
2635 3409 2937 3478 morti/icore
2959 3426 2979 3476 ;
3001 3409 3052 3464 id
3079 3420 3178 3476 est,
3201 3420 3258 3465 ut
3277 3411 3621 3467 mortiﬁcaret
3644 3431 3659 3468 :

2090 3511 2217 3567 pani
2245 3496 2454 3567 quidam
2482 3499 2638 3552 etiam
2665 3498 2742 3553 sic
2767 3509 2889 3553 sunt
2917 3499 3262 3570 interpretati.
3295 3501 3684 3572 Compunctus.

2096 3597 2268 3641 autem
2307 3587 2468 3642 corde
2494 3605 2596 3642 non
2623 3589 2756 3643 solet
2777 3588 2877 3644 dici
2904 3631 2917 3654 ,
2946 3590 3047 3644 nisi
3075 3590 3299 3646 stimulis
3323 3603 3663 3661 peccatorum

2097 3680 2148 3732 in
2176 3678 2355 3732 dolore
2374 3678 2662 3748 pmoitendi
2686 3695 2698 3742 ;
2723 3680 2856 3734 sicut
2875 3679 2941 3734 de
2968 3680 3070 3734 illis
3088 3680 3283 3736 dictum
3305 3692 3404 3745 est,
3423 3683 3511 3752 qui
3535 3700 3662 3738 cum

2096 3770 2364 3824 audissent
2391 3771 2668 3840 Apostolos
2715 3778 2834 3841 post
2858 3771 3060 3825 Domini
3095 3775 3453 3828 ascensionem
3479 3815 3494 3840 ,
3521 3791 3665 3828 com-

2099 3865 2268 3931 puncti
2311 3871 2427 3916 sunt
2482 3862 2664 3924 corde,
2692 3862 2779 3931 qui
2830 3862 3132 3917 occiderant
3170 3865 3468 3918 Dominum.
3513 3867 3665 3932 Quos

2097 3953 2354 4007 allocutus
2381 3960 2464 4006 est
2489 3953 2822 4007 beatissimus
2847 3952 3033 4007 Petrus
3055 3953 3236 4009 dicens
3263 3955 3397 4009 inter
3419 3965 3609 4010 cetera
3649 3975 3664 4009 :

2097 4043 2240 4113 Agite
2267 4043 2619 4113 paenitentiam,
2637 4053 2683 4096 et
2711 4042 2987 4112 baptizetur
3010 4045 3341 4113 unusquisque
3365 4055 3576 4099 vestrum
3605 4049 3666 4099 in

2097 4135 2296 4187 nomine
2326 4133 2524 4187 Domini
2573 4132 2698 4188 Iesu
2724 4135 2940 4201 Christi,
2971 4144 3015 4188 et
3042 4135 3346 4189 dimittentur
3373 4135 3507 4190 vobis
3546 4153 3666 4203 pec-

2097 4235 2209 4279 cata
2234 4236 2398 4280 vestra
2426 4225 2576 4295 (Act.
2602 4241 2659 4292 ιι,
2687 4226 2775 4292 57,
2809 4226 2876 4281 58
2899 4229 2934 4294 ).
2967 4225 3071 4282 Sed
3100 4226 3345 4297 quoniam
3372 4229 3528 4283 iidem
3560 4230 3664 4297 ipsi

2098 4318 2329 4372 membra
2360 4318 2473 4387 ejus
2497 4316 2616 4370 facti
2647 4325 2805 4382 sunt,
2835 4319 2985 4388 cujus
3027 4320 3079 4373 in
3106 4319 3247 4389 ligno
3265 4321 3495 4376 membra
3531 4329 3668 4375 tiae-

2098 4419 2260 4474 runt,
2288 4409 2511 4479 populus
2557 4409 2856 4464 Judaeornm
2903 4426 3003 4466 non
3051 4422 3132 4467 est
3159 4414 3459 4467 recordatus
3483 4413 3667 4470 facere

2099 4499 2508 4554 misericordiam
2537 4517 2552 4565 ;
2584 4511 2886 4570 persecutus
2936 4512 3018 4556 est
3056 4503 3320 4558 hominem
3368 4504 3576 4573 inepem
3607 4517 3669 4560 et

2100 4591 2420 4658 mendicum,
2453 4592 2545 4647 sed
2571 4593 2621 4646 in
2653 4593 2907 4648 membris
2935 4594 3044 4649 suis
3082 4612 3094 4647 :
3125 4595 3190 4648 de
3215 4594 3402 4664 quibus
3423 4595 3667 4651 dicturus

2098 4692 2198 4751 est,
2226 4683 2361 4753 quod
2383 4684 2571 4738 attinet
2589 4683 2652 4737 ad
2677 4684 2787 4753 ipsa
2805 4699 2961 4753 opera
2985 4684 3375 4750 misericordiae,
3395 4695 3413 4736 ι
3437 4685 3667 4751 Quando

2098 4775 2188 4830 uni
2213 4791 2277 4830 ex
2297 4777 2544 4854 .minimis
2571 4777 2702 4832 meis
2727 4793 2830 4831 non
2857 4776 3051 4831 fecistis
3069 4818 3086 4843 ,
3115 4776 3240 4831 mihi
3267 4795 3368 4832 non
3398 4779 3594 4832 fecistis
3638 4798 3658 4831 ι

2102 4865 2324 4937 (Matth.
2354 4883 2481 4932 xxv,
2510 4868 2578 4922 43
2601 4869 2643 4936 ).
2675 4886 2693 4919 ι
2728 4868 2795 4922 Ει
2818 4878 3186 4937 compunctum
3233 4869 3390 4922 corde
3438 4871 3667 4922 mortiti-

2099 4974 2254 5013 care:
2290 4978 2308 5010 ι
2339 4959 2489 5028 plane
2511 4977 2531 5012 ι
2563 4968 2934 5028 compunctum
2961 4959 3137 5024 corde,
3166 4979 3182 5011 ι
3209 4960 3300 5014 sed
3329 4960 3380 5013 in
3409 4961 3668 5015 membris

2097 5049 2227 5104 suis.
2257 5049 2328 5104 De
2358 5048 2441 5103 his
2485 5059 2657 5104 autem
2698 5049 2784 5120 qui
2813 5049 3072 5120 persecuti
3114 5058 3234 5103 sunt
3256 5091 3270 5114 ,
3305 5059 3362 5103 ut
3400 5064 3666 5118 compun-

2097 5150 2236 5196 ctum
2264 5141 2424 5196 corde
2454 5141 2848 5206 mertilicarent,
2877 5150 2994 5197 erat
3017 5142 3070 5197 et
3096 5141 3283 5196 Saulus
3321 5143 3666 5197 consentiens

2098 5233 2151 5288 in
2180 5247 2362 5288 necem
2391 5231 2640 5302 Stephani
2681 5233 2977 5302 compuncti
3003 5233 3163 5288 corde
3195 5232 3346 5304 (Act.
3378 5248 3449 5288 vn
3471 5275 3486 5298 ,
3513 5233 3662 5303 59);

2097 5325 2216 5394 quia
2259 5333 2314 5379 et
2342 5325 2454 5393 ipse
2494 5323 2791 5393 Stephanus
2819 5325 2885 5379 de
2911 5325 3014 5380 illis
3055 5333 3168 5380 erat
3213 5326 3300 5396 qui
3357 5328 3665 5395 compuncti

2097 5427 2219 5472 sunt
2242 5416 2419 5472 corde.
2447 5415 2547 5471 Sed
2575 5416 2763 5472 Saulus
2783 5418 3087 5472 recordatus
3111 5426 3194 5473 est
3221 5417 3394 5472 facere
3442 5417 3664 5472 miseri-

2096 5508 2326 5564 cordiam
2348 5523 2363 5573 ;
2388 5517 2441 5562 et
2478 5507 2566 5577 qui
2595 5523 2748 5562 mane
2785 5509 3054 5579 rapiebat,
3083 5508 3148 5562 ad
3171 5522 3447 5580 vesperum
3475 5507 3663 5563 divisit

2096 5614 2244 5654 escas
2273 5597 2292 5668 (
2320 5595 2444 5653 Gen.
2474 5612 2597 5651 χιιι
2617 5639 2633 5663 ,
2674 5594 2784 5663 27)
2817 5613 2829 5649 :
2859 5605 2913 5652 et
2949 5597 3062 5667 ipse
3087 5605 3430 5667 compunctus
3453 5595 3620 5651 corde
3646 5637 3664 5661 ,

2098 5701 2153 5745 ut
2175 5689 2336 5746 etiam
2363 5687 2418 5742 in
2445 5686 2535 5742 illo
2557 5686 2656 5757 ipsi
2684 5695 3128 5757 persequerentur
3162 5687 3394 5759 inopem,
3421 5686 3669 5744 volentes

2161 5805 2177 5837 ί
2212 5801 2342 5864 add,
2359 5801 2487 5865 quia.
2514 5807 2564 5851 At
2585 5807 2713 5861 uss,
2732 5798 2829 5862 qui.
