4026 6202
269 359 392 414 HM

268 466 586 524 inartiﬁcarc
629 474 1001 538 eompunctum
1049 462 1228 518 corde.
1260 464 1370 518 Hoc
1396 465 1590 534 quippe
1614 463 1839 516 oderant

270 559 319 612 in
345 559 512 613 Paulo
537 557 795 627 apostolo,
823 558 942 625 quia
969 563 1321 625 compunctus
1341 554 1502 609 corde
1525 553 1844 623 prtedicabat

270 669 421 723 quem
478 653 645 706 fuerat
701 660 824 704 ante
879 659 1204 720 persecutus.
1268 648 1480 718 Inopem
1530 649 1721 717 quippe
1791 656 1844 702 et

272 743 568 799 mendicum
609 752 663 798 et
725 751 1094 811 compunctum
1139 740 1297 794 corde
1341 742 1390 793 in
1444 740 1693 794 membris
1733 743 1842 794 suis

272 844 322 890 ct
345 836 459 904 ipse
489 844 548 889 ut
573 833 914 888 mortiﬁcaret
938 875 952 899 ,
975 847 1317 902 persequens,
1345 831 1541 886 audivit
1572 831 1636 886 de
1665 831 1800 885 ctelo
1824 872 1838 892 ,

276 928 450 988 Saule,
483 926 663 990 Saule,
689 925 810 994 quid
837 941 916 978 me
941 924 1290 992 persequeris?
1315 936 1366 978 cl
1396 923 1562 976 lactus
1591 937 1844 991 compun-

275 1031 386 1073 ctus
407 1019 588 1083 corde,
616 1018 780 1087 erupit
810 1018 928 1071 talia
961 1017 1090 1086 pati,
1120 1016 1294 1086 qualia
1337 1017 1560 1070 faciebat
1586 1031 1840 1086 compun-

275 1113 372 1166 ctis
392 1111 553 1166 corde
584 1109 737 1184 (Act.
767 1127 839 1175 tx,
871 1109 996 1164 1-24
1018 1108 1058 1178 ).

341 1203 432 1258 20.
464 1202 612 1275 [vers.
643 1198 756 1273 18.]
782 1200 978 1256 Deinde
1008 1199 1247 1271 seqoitur
1283 1200 1522 1254 t’salmus
1553 1217 1566 1252 :
1602 1198 1670 1252 Et
1707 1199 1837 1253 dile-

276 1296 347 1349 xit
392 1293 812 1354 maledictioncnt,
847 1302 892 1345 et
937 1293 1093 1344 veniet
1136 1291 1200 1344 ei.
1247 1289 1554 1359 Quanquam
1600 1299 1652 1344 et
1679 1289 1841 1344 Judas

279 1385 699 1439 maledictiouem
745 1383 1004 1444 dilexerit,
1050 1392 1104 1437 et
1147 1383 1368 1436 luramlo
1411 1383 1478 1436 de
1524 1383 1741 1446 loculis,
1789 1394 1843 1436 et

279 1477 554 1531 Dominum
586 1474 866 1529 vendendo
892 1483 1048 1544 atque
1080 1474 1374 1536 tradendo;
1409 1483 1582 1541 tamen
1608 1479 1842 1542 apertius

280 1568 499 1638 populus
543 1567 632 1620 ille
676 1565 862 1619 dilexit
917 1565 1359 1628 maletlictionem,
1401 1565 1610 1633 (plaudo
1651 1565 1782 1618 dixit
1823 1579 1842 1618 :

281 1661 495 1731 Sanguis
523 1661 631 1730 ejus
659 1675 808 1729 super
845 1675 934 1711 nos
979 1669 1026 1711 et
1052 1675 1201 1726 super
1231 1658 1362 1725 [ilius
1410 1668 1603 1710 nostros
1626 1655 1839 1726 (Matth.

280 1751 576 1821 xxvu,25).
602 1750 666 1804 Et
705 1751 863 1804 noluit
900 1750 1307 1810 benedictionem,
1332 1759 1377 1802 et
1421 1749 1734 1819 elongabitnr
1773 1750 1838 1802 ab

280 1862 350 1898 eo.
375 1844 442 1898 Et
488 1843 651 1898 Judas
689 1843 923 1913 quidem,
965 1841 1084 1912 quia
1127 1842 1393 1896 Christum
1437 1843 1623 1906 noluit,
1658 1843 1706 1894 iu
1738 1859 1842 1911 qtto

285 1946 360 1991 est
393 1946 594 1991 artcrna
621 1936 961 1998 benedictio;
1015 1934 1107 1989 sed
1147 1935 1379 2004 apertius
1422 1936 1588 1989 noluit
1627 1936 1840 1991 benedi-

281 2030 502 2084 ctionem
536 2028 761 2098 populus
785 2027 1108 2092 Judteorum,
1141 2027 1224 2081 cui
1252 2027 1381 2081 dixit
1408 2028 1494 2082 ille
1521 2029 1843 2082 illuminatus

277 2137 303 2174 a
333 2122 556 2177 Domino
588 2138 604 2178 :
639 2119 898 2190 Numquid
924 2131 967 2174 et
995 2139 1077 2175 vos
1105 2121 1251 2175 uultis
1277 2121 1510 2191 discipuli
1555 2125 1661 2194 ejus
1691 2123 1843 2191 ﬁeri?

280 2216 338 2269 Et
367 2215 537 2269 noluit
566 2213 1004 2279 benedictionem,
1035 2223 1088 2268 et
1118 2229 1213 2282 pro
1241 2215 1522 2269 maledicto
1545 2215 1754 2279 habuit;
1783 2225 1838 2269 et

277 2304 565 2376 respondit,
597 2304 674 2359 Tu
709 2305 777 2358 sis
802 2305 1074 2374 discipulus
1101 2305 1208 2374 ejus
1231 2303 1408 2373 (Joan.
1441 2321 1514 2369 ix,
1538 2305 1606 2359 9.7
1626 2314 1671 2359 et
1687 2305 1788 2374 428)
1823 2323 1836 2359 :

276 2411 323 2452 et
344 2401 501 2467 longe
536 2397 671 2451 facta
712 2406 793 2451 est
818 2399 882 2449 ab
925 2412 989 2450 eo
1033 2396 1348 2462 benedictio,
1395 2397 1514 2466 quia
1565 2397 1838 2451 transitum

278 2491 395 2544 fecit
414 2490 481 2544 ad
507 2489 728 2545 Gentes.
777 2485 842 2540 Et
885 2488 1048 2541 induit
1089 2488 1486 2541 maledictionetn
1532 2489 1660 2542 sicut
1697 2489 1843 2542 vesti-

277 2593 492 2636 mentum
525 2597 543 2634 :
571 2582 682 2635 sive
729 2579 911 2643 Jodas,
963 2581 1075 2634 sive
1120 2581 1208 2635 ille
1259 2581 1500 2649 populus.
1532 2580 1600 2634 Et
1637 2581 1842 2636 intravit

274 2674 395 2726 sicut
440 2689 575 2741 aqua
617 2672 669 2725 in
709 2671 942 2724 interiora
979 2673 1103 2740 ejus.
1138 2671 1276 2741 Ergo
1320 2680 1374 2726 et
1416 2670 1544 2726 foris
1570 2681 1624 2726 et
1668 2673 1838 2737 intus;

277 2763 398 2817 loris
426 2764 566 2818 sicut
604 2763 996 2825 vestimentum,
1025 2763 1166 2816 intus
1207 2762 1344 2816 sicut
1385 2778 1518 2830 aqua
1549 2765 1834 2833 :quoniam

278 2858 326 2909 in
354 2855 468 2926 ejus
491 2855 675 2910 incidit
702 2855 979 2923 judicium,
1013 2855 1100 2924 qui
1141 2863 1314 2923 potest
1341 2864 1389 2910 et
1422 2870 1616 2923 corpus
1640 2865 1694 2911 et
1720 2858 1838 2910 ani-

277 2963 410 3001 mam
457 2949 704 3002 occidere
749 2946 800 3000 iu
847 2946 1087 3016 gehenna
1119 2945 1330 3014 (Matth.
1373 2962 1427 3006 x,
1475 2948 1602 3019 98);
1648 2963 1840 3018 corpus

277 3039 420 3103 loris,
447 3040 708 3093 animam’
740 3040 897 3092 intus.
929 3037 994 3092 Et
1021 3041 1147 3091 sicut
1179 3039 1341 3093 oleum
1389 3039 1440 3091 in
1488 3041 1677 3095 ossibus
1709 3042 1836 3110 ejus.

274 3129 510 3184 Ostendit
548 3145 671 3184 eum
718 3145 836 3184 cum
866 3129 1214 3184 delectatione
1247 3131 1578 3191 malefacere,
1610 3141 1663 3185 et
1689 3147 1837 3186 com-

278 3238 458 3290 parare
507 3221 607 3274 sibi
661 3221 1106 3282 maledictionem,
1145 3221 1246 3277 h«c
1289 3232 1391 3286 est,
1441 3238 1648 3291 poenam
1682 3232 1836 3278 acter-

275 3330 425 3372 nzun;
456 3313 578 3382 quia
627 3311 927 3365 bt-ncdictio
968 3312 1070 3365 vita
1099 3320 1292 3366 atterna
1323 3323 1423 3367 est.
1456 3313 1609 3366 Modo
1647 3314 1840 3384 quippe

279 3406 556 3460 malefacta
581 3405 864 3468 delectant,
894 3404 1030 3458 sicut
1074 3420 1205 3473 aqua
1248 3404 1298 3458 iu
1328 3405 1596 3468 interiora,
1626 3416 1680 3461 et
1703 3407 1839 3478 sicut

273 3497 446 3552 oleum
478 3497 530 3550 in
577 3494 822 3560 ossibus;
851 3493 943 3549 sed
974 3494 1093 3548 ideo
1123 3494 1419 3549 maledictio
1447 3504 1684 3562 vocatur,
1717 3500 1837 3567 quia

275 3589 460 3641 talibus
488 3588 623 3642 Deus
649 3595 905 3640 tormenta
937 3585 1201 3655 prmdixit.
1230 3586 1497 3656 Tanquam
1541 3589 1592 3641 in
1633 3589 1839 3643 ossibus

272 3689 443 3732 autem
473 3679 649 3733 oleum
696 3685 779 3731 est
821 3676 1141 3742 maledictio,
1172 3691 1291 3730 cum
1341 3677 1582 3732 homines
1631 3679 1751 3732 inde
1780 3695 1840 3734 se

275 3767 434 3824 fortes
464 3778 668 3839 putant,
704 3768 828 3838 quia
869 3767 990 3821 licet
1031 3767 1110 3822 eis
1153 3767 1290 3821 mala
1332 3777 1578 3836 tanquam
1626 3769 1840 3836 impune

274 3863 623 3914 cmnmitterc.

343 3952 424 4007 21.
450 3952 603 4024 [vers.
638 3950 703 4004 19
730 3948 748 4022 ]
781 3947 895 4001 Fiat
924 3958 968 4001 et
992 3948 1121 4001 sicut
1161 3946 1501 4000 vestimentum
1533 3962 1632 4017 quo
1677 3947 1842 4016 Operi-

275 4054 373 4097 tur.
417 4045 545 4099 Cum
591 4042 835 4112 superius
870 4040 977 4108 jam
1023 4037 1214 4093 dixerit
1259 4035 1326 4090 de
1353 4037 1685 4097 vestimento,
1716 4036 1838 4106 quid

275 4147 347 4189 rst
378 4135 515 4206 quod
547 4131 774 4202 repetit"
799 4133 876 4184 An
903 4130 1020 4201 quia
1062 4129 1290 4193 dixerat,
1319 4126 1495 4180 Induit
1539 4127 1844 4182 maledictio-

276 4245 384 4280 nent
428 4227 550 4279 sicut
581 4225 939 4285 uestimentum,
979 4220 1155 4275 differt
1179 4220 1246 4274 ab
1269 4234 1334 4274 eo
1358 4219 1703 4273 vestimentum
1745 4236 1841 4290 quo

275 4335 379 4372 non
423 4316 674 4380 induitur,
707 4315 804 4370 sed
851 4312 1116 4384 aperitur?
1158 4311 1395 4366 Induitur
1436 4311 1575 4366 enim
1621 4310 1842 4382 quisque

273 4411 472 4474 tunica,
501 4407 737 4478 operitur
763 4405 942 4476 pallio.
965 4403 1031 4456 Et
1067 4402 1193 4473 quid
1219 4411 1300 4457 est
1328 4402 1449 4466 hoc,
1472 4401 1572 4455 nisi
1600 4401 1760 4456 etiam
1783 4402 1837 4456 in

271 4511 556 4571 conspectu
602 4498 873 4553 hominum
918 4494 985 4550 de
1019 4495 1291 4566 iniquitate
1324 4495 1583 4566 gloriari?
1623 4493 1690 4549 Et
1715 4495 1842 4549 sicut

273 4612 426 4656 sana,
457 4594 639 4664 inquit,
667 4607 767 4660 qua
794 4605 990 4658 semper
1016 4588 1355 4657 precingitur.
1404 4586 1628 4641 Maxime
1671 4586 1842 4641 homi-

271 4701 368 4741 nes
387 4683 503 4738 ideo
531 4680 939 4752 praecinguntur,
958 4685 1017 4731 ut
1035 4676 1100 4730 ad
1117 4675 1441 4747 operandum
1464 4676 1567 4731 sint
1585 4678 1834 4746 aptiores,

271 4795 339 4835 ne
382 4777 542 4831 vestis
582 4773 787 4830 sinibus
826 4769 1232 4842 przepediantur.
1284 4769 1424 4840 Ergo
1472 4769 1841 4826 maledictioue

268 4885 326 4925 se
353 4867 648 4938 pmscingit,
680 4861 772 4934 qui
809 4863 1002 4917 malum
1030 4874 1135 4914 non
1162 4862 1514 4929 repentinum,
1541 4859 1633 4914 sed
1665 4859 1842 4931 dispo-

268 4962 428 5014 situm
457 4955 776 5027 aggreditur,
802 4961 856 5007 et
899 4952 969 5006 ita
997 4951 1155 5006 discit
1184 4949 1516 5013 maleiaeere,
1544 4959 1602 5004 ttt
1628 4965 1840 5020 semper

268 5060 484 5120 paratus
511 5049 581 5102 sit
615 5064 628 5100 :
657 5044 796 5100 unde
822 5053 876 5099 et
901 5043 987 5098 bic
1015 5043 1109 5108 ait,
1136 5040 1199 5095 Et
1223 5041 1346 5095 sicut
1364 5057 1491 5096 zona
1517 5057 1616 5111 qua
1647 5057 1840 5112 semper

266 5140 610 5210 praecingitur.

335 5231 428 5285 29..
457 5230 606 5302 [vers.
636 5225 752 5296 30.]
787 5223 896 5280 Hoc
926 5241 1052 5294 opus
1088 5239 1258 5278 eorum
1282 5223 1367 5293 qui
1404 5223 1673 5278 detrahunt
1715 5223 1840 5278 mihi

263 5321 408 5394 apud
435 5319 726 5374 Dominum.
753 5316 868 5372 Non
895 5314 1048 5381 dixit,
1081 5328 1286 5369 merces
1314 5327 1534 5378 eorum;
1565 5313 1681 5378 sed,
1712 5329 1840 5384 opus

262 5431 441 5470 eorum
480 5429 494 5468 ;
538 5411 876 5466 manifestum
925 5415 1008 5464 est
1049 5406 1190 5463 enim
1231 5405 1371 5476 quod
1410 5404 1745 5472 indumento,
1786 5416 1840 5462 et

260 5509 560 5579 aperturio,
590 5513 644 5560 et
673 5517 829 5574 aqua,
856 5509 912 5556 et
936 5500 1078 5566 oleo,
1101 5507 1155 5554 et
1196 5513 1349 5562 zona,
1391 5498 1504 5567 ipsa
1543 5513 1702 5568 opera
1739 5497 1837 5554 tie-

260 5598 539 5656 scribebat
566 5594 756 5666 quibus
786 5602 981 5649 :eterna
1005 5589 1305 5645 maledictio
1339 5598 1692 5658 comparatur.
1722 5588 1838 5644 Non

260 5707 400 5763 ergo
438 5697 523 5744 est
559 5701 694 5742 unus
731 5683 913 5750 Judas,
965 5681 1057 5737 sed
1096 5681 1269 5750 multi,
1296 5679 1363 5736 de
1403 5679 1594 5750 quibus
1625 5679 1836 5750 dicitur,

327 5805 349 5836 ⁸
388 5805 489 5851 Duo
510 5796 720 5849 melioris
742 5803 868 5847 notae
889 5800 1019 5861 uss,
1041 5791 1216 5842 culina.

1357 348 1745 405 mansuro
1786 345 1847 401 IN
1889 345 2203 405 PSALMUM
2242 334 2416 404 cvttt.

3377 370 3512 424 1442

1955 458 2065 512 lloc
2099 480 2224 530 opus
2267 481 2437 518 eorum
2479 468 2563 536 qui
2609 471 2871 525 detrahunt
2892 475 3013 528 mihi
3053 481 3192 546 apud
3217 479 3506 537 Dominum.

1947 552 2253 622 Quanquam
2275 565 2327 609 et
2354 556 2568 625 pluralis
2593 565 2843 616 numerus
2868 565 2990 633 poni
3015 569 3179 635 potui.
3207 587 3302 638 pro
3328 589 3518 628 mune-

1948 658 2006 695 ro
2035 644 2314 714 singulari;
2361 648 2511 711 sicut,
2559 651 2765 707 Herode
2810 666 3037 722 mortuo,
3089 659 3282 716 dictum
3322 675 3404 718 est
3443 671 3512 722 ab

1945 735 2131 802 angelo
2151 752 2163 787 :
2189 735 2372 790 Mortui
2390 749 2502 792 sunt
2519 742 2600 807 qui
2615 745 2896 808 quwrebant
2912 748 3128 800 animant
3141 753 3282 818 pueri
3299 753 3511 825 (Matth.

1949 839 2004 887 tt,
2027 823 2141 893 20).
2174 824 2274 880 Sed
2299 843 2382 896 qu:
2414 832 2578 898 magis
2614 832 2892 888 detrahunt
2922 837 3132 891 Christo
3161 823 3508 910 apudDomi-

1947 930 2095 978 num,
2127 917 2221 969 nisi
2252 918 2324 971 illi
2357 920 2442 988 qui
2473 922 2596 989 ipsis
2636 924 2810 978 verbis
2859 928 3060 982 Dozuini
3090 931 3393 997 detrahunt,
3421 937 3508 990 di-

1947 1015 2128 1062 centes
2158 1025 2259 1062 nou
2291 1026 2406 1063 esse
2427 1012 2594 1079 ipsum
2617 1031 2770 1084 quem
2795 1017 2899 1074 Lex
2925 1021 3126 1076 Domini
3149 1034 3202 1078 et
3227 1025 3506 1095 Propheta:

1950 1101 2396 1164 praenuntiaruut?
2427 1102 2492 1155 Et
2521 1106 2608 1172 qui
2637 1105 2924 1176 loquuntur,
2950 1111 3136 1180 inquit,
3173 1117 3305 1168 mala
3333 1118 3510 1171 adver-

1945 1206 2030 1243 sus
2074 1193 2289 1245 anintant
2347 1211 2556 1249 meam:
2587 1200 2826 1268 negando
2873 1218 3026 1267 etim,
3075 1220 3191 1259 cum
3238 1211 3508 1275 voluissvt,

1946 1283 2179 1350 potuisse
2205 1299 2513 1354 resurgere;
2549 1302 2667 1341 cum
2707 1290 2866 1353 dicat,
2892 1291 3198 1348 Potestutem
3239 1299 3391 1354 habeo
3423 1320 3512 1366 po-

1947 1372 2096 1423 nendi
2139 1374 2355 1427 animam
2401 1393 2580 1443 meam,
2616 1389 2660 1431 et
2687 1391 2975 1448 potestatem
3013 1385 3168 1439 habeo
3208 1389 3382 1442 iterum
3424 1409 3511 1444 su-

1947 1467 2112 1516 mendi
2135 1484 2240 1518 eam
2271 1466 2445 1533 (Joan.
2477 1486 2528 1529 x,
2567 1472 2673 1542 18).

2015 1558 2102 1613 ‘25.
2129 1558 2278 1631 [vers.
2306 1560 2418 1633 2L]
2455 1563 2517 1616 Et
2546 1574 2620 1630 tu,
2649 1565 2879 1633 Domine,
2915 1569 3144 1633 Domine,
3176 1577 3258 1644 [ac
3301 1592 3510 1629 mecum.

1947 1647 2170 1716 Quidam
2193 1652 2604 1710 subaudiendum
2627 1668 2942 1726 putaverunt
2962 1663 3372 1729 misericordiam,
3396 1669 3511 1736 qui-

1945 1741 2064 1794 dam
2095 1758 2224 1796 vero
2268 1755 2319 1798 et
2357 1746 2816 1812 addiderunt;sed
2865 1754 3253 1810 etnendatiores
3302 1759 3511 1813 Codices

1946 1833 2022 1886 sic
2061 1833 2260 1889 habent
2294 1855 2306 1889 ε
2343 1837 2405 1890 Et
2427 1849 2500 1903 tu,
2529 1839 2760 1906 Domine,
2791 1842 3022 1907 Domine,
3048 1848 3129 1916 fac
3155 1864 3363 1914 mecum,
3393 1867 3510 1919 pro-

1947 1938 2055 1995 pter
2081 1945 2260 1983 nomen
2299 1939 2456 1984 tuum.
2491 1931 2640 1987 Unde
2662 1949 2848 1989 sensus
2873 1935 3027 1989 altior
3052 1953 3158 1992 non
3181 1948 3261 1993 est
3289 1951 3508 2009 prarter-

1945 2019 2250 2086 mittendus,
2285 2022 2353 2077 ita
2382 2023 2578 2078 dixisse
2608 2024 2797 2080 Filium
2829 2027 2991 2093 Patri,
3019 2027 3124 2082 Fac
3149 2047 3360 2095 mecum,
3385 2034 3508 2101 quia

1945 2111 2126 2166 eadem
2150 2102 2280 2168 'sunt
2309 2131 2468 2190 opera
2501 2116 2670 2171 Patris
2693 2129 2746 2172 et
2773 2117 2908 2172 Filii.
2941 2119 3038 2175 Ubi
3065 2122 3268 2177 etiamsi
3300 2125 3510 2180 miseri-

1945 2203 2176 2256 cordiam
2203 2204 2554 2275 intelligamus
2579 2207 2854 2277 (sequitur
2880 2211 3042 2272 enim,
3076 2212 3208 2279 Quia
3235 2219 3401 2270 suavis
3435 2226 3506 2270 est

1945 2295 2284 2349 misericordia
2313 2307 2399 2350 tua
2419 2298 2459 2367 ),
2490 2307 2545 2353 et
2592 2300 2758 2368 ipsam
2803 2302 2921 2369 quia
2959 2320 3061 2356 non
3111 2305 3263 2368 dixit,
3311 2307 3413 2362 Fac
3457 2309 3508 2362 iu

1947 2401 2066 2450 me;
2096 2387 2180 2440 vel
2229 2387 2336 2442 Fac
2379 2405 2538 2457 super
2577 2407 2692 2455 me;
2724 2392 2802 2446 vel
2829 2394 3020 2462 aliquid
3053 2395 3381 2462 hujusmodi;
3414 2401 3507 2453 sed

1944 2475 2038 2541 ait,
2067 2475 2175 2530 Fac
2199 2494 2421 2542 mecum;
2445 2479 2576 2534 bene
2594 2480 2928 2550 intelligimus
2948 2495 3002 2538 et
3019 2485 3225 2540 Patrem
3244 2499 3297 2540 ct
3314 2489 3504 2544 Filium

1945 2566 2099 2620 simul
2166 2567 2340 2623 lacere
2396 2569 2809 2625 miscricordiam
2857 2573 2907 2626 in
2945 2590 3070 2629 vasa
3130 2575 3508 2634 misericordite

1945 2657 2119 2728 (llam.
2159 2675 2232 2724 tx,
2275 2658 2386 2730 25).
2418 2659 2598 2715 Potest
2645 2665 2744 2716 hoc
2785 2665 2940 2717 etiam
2983 2665 3060 2720 sic
3101 2667 3316 2738 intelligi
3352 2687 3364 2722 :
3399 2669 3507 2723 Fac

1944 2764 2154 2812 mecum,
2187 2749 2238 2804 id
2275 2761 2375 2816 est,
2417 2751 2605 2822 adjuva
2654 2768 2758 2808 me.
2805 2753 2953 2820 Quod
2981 2756 3031 2814 iu
3078 2760 3379 2827 quotidiana
3425 2762 3504 2815 lo-

1944 2842 2136 2910 quendi
2164 2844 2543 2899 coosuetudine
2571 2845 2850 2911 habemus,
2873 2862 2992 2901 cum
3015 2848 3081 2904 de
3105 2850 3276 2920 aliqua
3308 2869 3365 2908 re
3388 2870 3507 2924 que

1944 2933 2178 3002 partibus
2209 2934 2406 2989 nostris
2431 2945 2532 2995 est,
2564 2930 2786 2992 dicimus
2818 2956 2832 2993 :
2859 2938 3139 2995 Nobiscum
3173 2941 3317 2999 facit.
3351 2945 3507 3001 Pater

1943 3029 2134 3098 quippe
2175 3029 2388 3098 adjuvat
2415 3029 2625 3095 Filium,
2660 3033 2710 3088 in
2733 3045 2986 3104 quantum
3030 3037 3168 3093 Deus
3211 3041 3499 3106 hominem,

1939 3127 2158 3190 propter
2209 3121 2429 3176 formam
2481 3124 2662 3178 servi:
2696 3127 2779 3179 cui
2841 3126 3040 3182 homini
3109 3130 3276 3195 Deus,
3325 3143 3378 3188 et
3419 3137 3503 3188 cui

1944 3211 2130 3265 forma:
2159 3213 2297 3267 servi
2324 3215 2481 3269 etiam
2515 3215 2766 3270 Dominus
2796 3227 2876 3272 est
2905 3219 3081 3276 Pater.
3103 3222 3230 3276 Nam
3265 3226 3312 3278 iu
3338 3225 3504 3281 forma

1947 3301 2061 3362 Dei,
2115 3303 2278 3358 Filius
2321 3303 2586 3373 adjutorio
2623 3322 2728 3360 non
2771 3307 3000 3380 indiget;
3057 3314 3326 3382 a‘qttalitcr
3363 3318 3503 3370 enim

1942 3407 2061 3446 cum
2093 3392 2248 3448 Patre
2285 3395 2620 3466 omnipotens
2666 3409 2768 3462 est,
2811 3416 2876 3454 ex
2928 3417 3033 3470 quo
3059 3413 3112 3457 et
3153 3405 3264 3471 ipse
3297 3406 3508 3475 adjutor

1943 3496 2022 3538 est
2056 3485 2303 3540 hominis.
2335 3488 2476 3542 Sicut
2501 3491 2634 3542 enim
2666 3489 2820 3545 Pater
2846 3496 3050 3546 suscitat
3080 3508 3302 3550 mortuos
3343 3508 3388 3550 et
3431 3501 3506 3552 ci—

1942 3579 2130 3646 viﬁcat,
2158 3581 2229 3634 sic
2263 3591 2309 3635 et
2337 3579 2383 3634 F
2385 3581 2501 3636 ilius
2543 3599 2665 3652 quos
2693 3584 2794 3638 vult
2841 3586 3054 3654 uivi/icat
3084 3586 3260 3656 (Joan.
3290 3604 3343 3648 v,
3370 3589 3459 3660 2i)
3488 3609 3501 3645 :

1944 3684 2042 3724 nec
2086 3670 2219 3725 alios
2267 3671 2440 3736 Pater,
2468 3674 2598 3727 alios
2639 3672 2821 3736 Filius,
2850 3684 2940 3728 aut
2966 3675 3119 3729 aliter
3147 3677 3321 3742 Pater,
3349 3679 3505 3734 aliter

1944 3761 2142 3826 Filius;
2177 3763 2298 3830 quia
2351 3772 2405 3818 et
2449 3764 2634 3817 eadem
2682 3763 2826 3830 facit,
2868 3774 2922 3818 et
2963 3767 3222 3821 similiter.
3255 3768 3405 3824 Unde
3449 3772 3499 3824 in

1943 3860 2197 3920 quantum
2231 3851 2390 3906 homo
2415 3864 2497 3909 est
2527 3853 2692 3909 Filius
2721 3857 2831 3918 Dei,
2868 3857 3004 3911 Dens
3033 3859 3305 3913 suscitavit
3351 3860 3499 3916 illtuu

1943 3959 1972 3996 a
1999 3944 2240 4009 mortuis,
2271 3944 2370 3999 hoc
2413 3954 2496 3998 est
2526 3945 2696 4010 Pater,
2733 3947 2816 4000 cui
2847 3946 2973 4000 dicit
2998 3949 3048 4000 in
3095 3948 3337 4014 Psalmis,
3366 3951 3501 4005 Sus-

1944 4034 2042 4086 cita
2080 4051 2178 4100 me,
2217 4043 2264 4088 et
2303 4035 2510 4090 reddam
2552 4037 2652 4090 illis
2678 4035 2846 4109 (Psal.
2883 4053 2970 4099 ιι..
3004 4038 3090 4106 ll)
3117 4056 3130 4092 :
3162 4039 3212 4093 in
3243 4053 3497 4110 quantum

1943 4135 2118 4179 autem
2165 4127 2300 4182 Deus
2346 4135 2444 4189 est,
2490 4131 2645 4180 etiam
2675 4111 2803 4197 'ipse
2849 4144 2906 4182 se
2950 4131 3253 4196 suscitavit;
3286 4141 3504 4201 promer

1945 4217 2081 4284 quod
2129 4216 2278 4283 dicit,
2311 4216 2503 4272 Solvite
2545 4217 2782 4285 templum
2809 4217 2920 4285 hoc,
2952 4228 2996 4273 et
3037 4219 3200 4274 triduo
3251 4223 3502 4277 suscitabo

1944 4309 2074 4363 illud
2101 4309 2275 4378 (Joan.
2319 4325 2374 4375 n,
2405 4309 2516 4375 l9).
2562 4310 2712 4378 Quod
2756 4311 2912 4365 etiam
2961 4311 3047 4367 hic
3093 4313 3423 4383 signiﬁcavit,
3457 4318 3502 4370 si

1944 4403 2063 4472 quis
2090 4401 2370 4472 diligenter
2405 4403 2642 4458 intendat
2673 4422 2686 4458 :
2717 4405 2938 4458 scrutari
2986 4405 3130 4460 enim
3168 4406 3324 4477 jussit
3360 4407 3503 4463 Scri-

1945 4504 2144 4564 pturas,
2161 4511 2278 4565 qua}
2305 4495 2657 4551 testimOuium
2686 4497 2961 4567 perhibent
2982 4497 3050 4553 de
3078 4497 3167 4553 nlo
3187 4498 3292 4568 (Id.
3312 4517 3362 4566 v,
3387 4501 3502 4569 59),

1941 4601 2048 4640 non
2077 4586 2128 4640 in
2157 4587 2437 4656 sttperticie
2463 4589 2787 4657 pertransiri.
2811 4588 2927 4644 Non
2953 4590 3095 4644 enim
3133 4593 3503 4646 tantummodo

1942 4679 2038 4746 ait,
2066 4677 2164 4745 Tu,
2191 4678 2426 4744 Domine,
2457 4679 2686 4747 Domine,
2719 4681 2801 4752 fac
2837 4697 3064 4748 mecum;
3093 4683 3184 4738 sed
3209 4686 3298 4748 ait,
3337 4684 3400 4738 Et
3428 4695 3500 4738 tu.

1942 4772 2078 4839 Quid
2106 4782 2206 4836 est,
2238 4772 2304 4827 Et
2329 4783 2402 4838 tu,
2433 4772 2532 4827 nisi
2572 4773 2689 4843 quia
2726 4783 2781 4828 et
2804 4774 2937 4844 ego?
2978 4776 3127 4841 Quod
3175 4786 3349 4831 autem
3395 4794 3501 4832 non

1941 4864 2105 4918 semel
2150 4863 2380 4931 Domine,
2420 4864 2512 4920 sed
2559 4873 2804 4932 repetens
2849 4865 2944 4928 ait,
2988 4863 3225 4929 Domine,
3257 4865 3502 4929 Domine;

1943 4956 2099 5011 habet
2123 4956 2176 5010 in
2206 4955 2307 5012 hoc
2334 4954 2533 5011 orantis
2558 4955 2801 5010 allectum
2834 4972 2847 5008 :
2877 4955 3024 5010 sicuti
3057 4967 3156 5021 est,
3186 4955 3336 5023 Deus,
3365 4957 3503 5012 Dens

1941 5064 2080 5101 meus
2108 5045 2275 5118 (Psal.
2320 5062 2428 5111 xxi,
2463 5045 2539 5116 Ξ).
2579 5045 2728 5114 Quod
2763 5062 2908 5110 vero,
2953 5062 3072 5100 cum
3111 5046 3352 5112 dixisset,
3395 5045 3503 5099 Fac

1941 5154 2152 5200 mecum,
2183 5136 2402 5201 addidit,
2433 5146 2634 5207 propter
2662 5153 2838 5190 nomen
2885 5147 3064 5202 tuum;
3109 5139 3331 5206 gratiam
3357 5152 3504 5190 com-

1941 5225 2228 5282 mendavit.
2259 5226 2426 5282 Nullis
2479 5226 2619 5282 enim
2676 5227 3141 5296 operummcritis
3191 5226 3502 5296 prtecedcn-

1942 5318 2080 5373 tibus
2125 5318 2178 5372 in
2220 5326 2423 5372 tantum
2481 5317 2847 5372 celsitudinem
2891 5318 3138 5374 subvecta
3183 5324 3264 5372 est
3312 5316 3501 5371 huma-

1941 5425 2005 5463 na
2036 5417 2243 5474 natura,
2271 5416 2330 5462 ut
2355 5417 2518 5463 totum
2547 5409 2704 5464 simul
2746 5408 2974 5464 Verbum
3003 5417 3056 5464 et
3097 5422 3241 5472 caro,
3276 5407 3377 5463 hoc
3421 5417 3504 5463 est

1943 5503 2081 5557 Deus
2121 5511 2170 5556 et
2215 5502 2395 5568 homo,
2422 5500 2720 5570 unigenitus
2759 5499 2922 5555 Filius
2961 5499 3052 5554 Dei
3080 5499 3361 5555 diceretur.
3393 5499 3504 5556 Hoc

1942 5603 2117 5649 autem
2148 5593 2338 5650 factum
2383 5605 2486 5658 est,
2517 5603 2574 5648 ut
2616 5593 2798 5646 abillo
2840 5593 2927 5661 qui
2972 5601 3265 5656 creaverat,
3313 5607 3407 5662 per
3449 5593 3501 5646 id

1941 5687 2080 5758 quod
2127 5702 2230 5740 non
2280 5687 2530 5757 perierat,
2578 5685 2629 5740 id
2672 5685 2812 5756 quod
2854 5685 3080 5756 perierat
3123 5697 3498 5757 quaereretur:

1945 5781 2083 5837 unde
2106 5789 2158 5837 et
2184 5779 2268 5835 hic
2287 5778 2544 5849 sequitur,
2566 5777 2697 5846 Quia
2722 5777 2887 5834 suavis
2915 5787 2987 5834 est
3025 5778 3366 5834 misericordia
3391 5789 3498 5834 tua.

3107 5899 3125 5931 Ξ
