4026 6202
360 246 367 255 ’
445 248 583 308 1443

508 370 579 424 24
631 369 777 442 [εει-ε.
804 364 918 439 22.]
948 362 1127 419 Libera
1156 381 1252 427 me,
1274 364 1393 434 quia
1421 380 1601 436 egenus
1624 374 1669 417 et
1696 379 1885 432 pauper
1911 374 2000 430 ego

438 478 570 516 sinu.
597 461 812 530 Egestas
835 448 890 513 et
916 466 1215 528 paupertas,
1250 455 1526 511 inﬁrmitas
1546 467 1646 513 est.
1667 473 1730 511 ex
1761 471 1863 521 qua
1882 470 2002 511 etu-

437 552 624 607 ciﬁxus
654 560 754 605 est.
785 549 853 604 Et
892 566 980 603 cor
1025 566 1185 603 nteant
1223 551 1571 603 conturbatum
1610 559 1684 604 est
1724 550 1858 603 intra
1902 565 1996 603 me.

437 645 549 699 Hoc
571 644 634 698 ad
658 640 783 697 illud
811 642 1057 708 refertur,
1075 641 1214 713 quod
1237 643 1311 695 ait
1332 641 1712 711 pr0pinquante
1733 641 1997 711 passione,

438 736 612 791 Tristis
649 746 722 790 est
760 737 930 790 anima
968 752 1076 789 mea
1111 750 1265 807 usque
1291 735 1358 786 ad
1385 745 1590 787 mortem
1614 732 1825 805 (Matth.
1847 748 1995 800 xxw,

433 829 548 897 58).

498 920 586 976 25.
612 918 758 994 [υεη.
775 918 889 991 25.]
903 919 1045 974 Sicut
1066 919 1240 973 umbra
1257 935 1370 972 cum
1397 918 1630 980 declinat,
1653 918 1846 973 ablatus
1864 935 1994 973 sum.

432 1013 542 1068 Hoc
580 1014 745 1083 ipsam
778 1021 999 1068 mortem
1028 1010 1355 1082 signiﬁcavit.
1389 1010 1534 1067 Sicut
1558 1011 1698 1067 enim
1726 1027 1790 1067 ex
1812 1012 1994 1066 umbra

429 1106 728 1161 declinante
750 1105 805 1159 ﬁt
829 1121 951 1167 nox,
970 1105 1049 1159 sic
1063 1118 1127 1160 ex
1147 1105 1352 1158 nwrutli
1365 1119 1524 1158 carne
1538 1103 1595 1158 ﬁt
1617 1119 1779 1159 mors.
1799 1103 1994 1159 Excus-

427 1215 515 1251 sus
541 1214 652 1251 sum
675 1199 802 1251 sicut
834 1199 1055 1251 locusta.
1085 1195 1197 1250 Hoc
1233 1196 1341 1263 jam
1368 1195 1423 1249 in
1450 1195 1701 1251 membris
1728 1198 1862 1265 eius,
1894 1197 1993 1252 hoc

429 1297 509 1341 est
544 1287 789 1342 ﬁdelibus
836 1286 972 1357 ejus,
1018 1286 1417 1341 convenientius
1463 1286 1677 1357 intelligi
1722 1288 1989 1343 existimo.

426 1376 577 1444 Quod
618 1385 676 1431 ut
718 1376 989 1447 aliquanto
1035 1376 1267 1444 apertius
1308 1384 1548 1446 poneret,
1578 1376 1762 1431 maluit
1787 1377 1987 1445 dicere,

425 1469 550 1519 sicut
575 1467 800 1534 locusttc,
823 1482 979 1537 quam
1006 1467 1142 1521 sicut
1164 1467 1364 1522 locusta
1395 1483 1408 1521 :
1435 1468 1676 1537 quamvis
1696 1477 1750 1524 et
1770 1484 1990 1523 numero

425 1558 678 1626 singulari
706 1564 927 1626 possent
952 1558 1116 1626 accipi
1148 1557 1307 1613 etiam
1341 1557 1542 1623 multae,
1573 1558 1708 1614 sicut
1733 1558 1861 1613 illud
1881 1568 1984 1623 est,

428 1648 587 1713 Dixit,
618 1658 663 1701 et
692 1649 822 1702 venit
863 1646 1053 1701 locusta
1083 1647 1251 1720 (Psal.
1282 1663 1386 1715 etv,
1415 1647 1539 1719 54);
1569 1648 1663 1705 sed
1707 1657 1849 1704 esset
1886 1649 1985 1704 ob-

427 1739 654 1792 scurius.
684 1739 907 1794 Excussi
928 1749 1049 1793 sunt
1075 1754 1222 1809 ergo,
1250 1739 1301 1793 id
1326 1749 1426 1805 est,
1447 1738 1609 1810 fugati
1634 1754 1663 1793 a
1682 1752 1984 1808 persecuto-

424 1830 571 1884 ribus
597 1829 779 1884 lideles
822 1829 959 1899 ejus,
988 1845 1209 1898 quorum
1250 1830 1333 1884 vel
1362 1829 1749 1886 multitudinem
1779 1830 1983 1900 signiﬁ-

418 1923 527 1975 cari
558 1922 723 1975 voluit
744 1922 956 1975 nomine
988 1923 1331 1987 locustarum,
1354 1921 1438 1977 vel
1464 1921 1605 1992 quod
1627 1922 1983 1978 transilierunt

416 2013 485 2067 de
511 2013 625 2067 loco
650 2014 698 2066 iu
728 2012 924 2067 locum.

486 2104 576 2159 26.
607 2103 755 2177 [vers.
784 2104 900 2177 2.4.]
926 2104 1103 2169 Genua
1148 2122 1257 2160 mea
1289 2106 1545 2175 inﬁrmata
1579 2115 1697 2159 sunt
1716 2122 1748 2158 a
1758 2107 1976 2178 jejunio.

416 2194 663 2265 Legimus
711 2196 988 2250 Dominum
1049 2197 1312 2251 Christum
1368 2196 1740 2268 quadraginta“
1771 2197 1976 2253 dicrqu

416 2288 665 2342 habuisse
689 2287 945 2357 jejunium
974 2286 1185 2359 (Matth.
1215 2303 1291 2351 tv,
1318 2287 1410 2359 2):
1438 2289 1531 2344 sed
1575 2297 1846 2344 tantumne
1887 2305 1979 2343 va-

413 2382 511 2437 luit
533 2384 584 2438 in
618 2398 697 2438 .eo
735 2384 824 2438 illa
866 2383 1059 2445 inedia.
1083 2392 1139 2437 ut
1177 2397 1347 2453 genua
1391 2381 1508 2451 ejus
1546 2381 1976 2436 inﬁrmarentnr?

410 2475 492 2528 An
520 2482 575 2528 et
616 2474 714 2529 hoc
763 2474 813 2528 in
853 2473 1105 2528 membris
1142 2475 1286 2541 ejus,
1334 2474 1433 2527 hoc
1478 2481 1560 2526 est
1601 2472 1795 2527 sanctis
1835 2472 1977 2542 ejus,

410 2566 583 2634 aptius
605 2566 944 2635 intelligitur?
971 2564 1035 2618 Et
1063 2581 1182 2619 caro
1228 2581 1336 2618 mea
1364 2565 1623 2618 immutata
1657 2573 1728 2620 est
1770 2575 1974 2635 propter

409 2663 573 2716 oleum
602 2678 622 2715 :
647 2671 862 2731 propter
884 2660 1103 2730 gratiam
1123 2658 1468 2729 spiritualem.
1489 2658 1641 2715 Unde
1661 2668 1714 2712 et
1730 2658 1971 2713 Christus

408 2754 703 2823 appellatur
736 2768 766 2808 a
805 2753 1088 2807 chrismate
1117 2770 1130 2805 :
1157 2751 1384 2807 chrisma
1430 2759 1603 2806 autem
1644 2748 1825 2806 unctio
1865 2759 1966 2804 est.

412 2845 550 2901 Caro
591 2854 766 2900 autem
807 2853 1021 2915 propter
1065 2844 1239 2899 oleum
1285 2858 1389 2898 non
1421 2843 1472 2897 in
1498 2842 1751 2906 deterius,
1791 2841 1884 2898 sed
1913 2843 1966 2897 in

406 2935 597 2993 melius
623 2938 893 2991 immutata
923 2944 1024 2999 est,
1048 2935 1154 2991 hoc
1172 2944 1270 3000 est,
1298 2950 1329 2989 a
1356 2934 1541 2990 mortis
1568 2936 1885 2991 contumelia
1912 2936 1962 2991 in

404 3029 626 3099 gloriam
661 3028 1069 3083 immortalitatis
1092 3041 1402 3098 exsurgens.
1429 3025 1558 3081 Cum
1604 3027 1779 3097 itaque
1804 3029 1968 3083 dixis-

403 3129 504 3182 set,
537 3118 711 3175 Genua
751 3135 862 3172 mea
902 3119 1160 3187 inﬁrmata
1204 3126 1320 3172 sunt
1349 3134 1381 3170 a
1395 3118 1613 3188 jejunio,
1642 3118 1728 3173 ubi
1759 3119 1963 3187 signiﬁ-

402 3221 575 3264 catum
625 3225 743 3265 esse
786 3210 1014 3264 arbitror
1038 3224 1130 3263 eos
1154 3209 1241 3279 qui
1273 3208 1323 3262 in
1355 3209 1608 3263 membris
1645 3211 1760 3276 ejus
1799 3209 1962 3265 fortes

403 3300 740 3362 videbantur,
774 3308 1021 3369 tanquam
1069 3298 1346 3369 praesentia
1378 3299 1525 3367 panis
1553 3315 1658 3365 quo
1696 3309 1962 3355 sustenta-

398 3391 591 3445 bantur
636 3391 919 3455 abstracta,
952 3390 1001 3444 in
1044 3389 1171 3459 ejns'
1202 3390 1448 3459 passione
1488 3389 1748 3467 defecisse
1793 3408 1958 3461 usque

398 3481 465 3536 ad
495 3483 846 3552 negationem,
879 3497 996 3549 quae
1024 3483 1267 3552 apparuit
1291 3481 1343 3536 in
1375 3480 1562 3548 Petro;
1592 3491 1838 3554 tanquam
1887 3483 1951 3537 ad

397 3586 490 3626 eos
518 3571 923 3634 conﬁrmandos,
942 3586 1008 3628 ne
1033 3571 1422 3627 suecumbendo
1448 3573 1657 3642 penitus
1682 3573 1951 3637 caderent,

398 3660 466 3715 Et
503 3678 620 3714 caro
651 3677 781 3722 mea,
832 3661 1020 3732 inquit,
1056 3662 1318 3716 immutata
1357 3671 1428 3716 est
1458 3674 1659 3734 propter
1686 3664 1870 3729 oleum,
1899 3674 1956 3719 ut

395 3769 488 3805 eos
514 3767 628 3806 un-a
657 3763 828 3807 morte
852 3753 1180 3815 deﬁcientes,
1221 3767 1337 3808 mea
1366 3754 1753 3810 resurrectione
1779 3752 1956 3808 ﬁrma-

396 3859 529 3911 rem,
562 3855 623 3900 et
644 3847 804 3899 misso
834 3844 1032 3912 Spiritu
1058 3830 1241 3899 sancto
1308 3856 1578 3916 ungerem,
1601 3846 1689 3914 qui
1738 3861 1840 3900 non
1885 3847 1952 3902 ad

392 3950 486 3990 eos
516 3936 757 4000 venisset,
793 3937 890 3989 nisi
940 3950 1039 4005 ego
1083 3936 1351 3990 abiissem.
1393 3932 1504 3989 Hoc
1538 3938 1679 3994 enim
1722 3935 1949 3997 dixerat.

395 4026 516 4081 Non
547 4037 703 4095 potest
738 4024 826 4081 ille
860 4027 1044 4093 pertire,
1070 4026 1164 4080 nisi
1209 4042 1300 4097 ego
1328 4026 1492 4081 abiero
1513 4024 1689 4100 (Joan.
1712 4042 1823 4095 xvr,
1855 4028 1947 4098 7):

391 4129 441 4174 et
496 4119 829 4189 Evangelista
873 4118 1040 4181 dixit,
1088 4118 1329 4173 Nondum
1373 4130 1478 4173 erat
1517 4119 1740 4189 Spiritus
1779 4121 1947 4187 datus,

391 4211 507 4280 quia
545 4209 696 4263 Iesus
736 4208 961 4263 nondum
1001 4210 1166 4278 fuerat
1207 4210 1514 4279 glori/iaetu:
1544 4210 1656 4283 (Id.
1695 4227 1787 4273 νη,
1832 4211 1945 4279 39).

393 4300 633 4355 Nondum
665 4311 778 4354 crat
831 4301 1099 4355 immutata
1144 4314 1271 4355 caro
1297 4303 1432 4370 ejus.
1478 4302 1607 4358 Sive
1646 4314 1819 4358 autem
1851 4319 1948 4372 per

391 4408 579 4456 aquam
634 4384 852 4462 propter
891 4391 1210 4448 ablutionem
1264 4393 1348 4446 vel
1402 4393 1781 4463 irrigationem,
1835 4397 1947 4450 sive

393 4499 486 4551 per
512 4484 683 4537 oleum
720 4494 936 4554 prepter
973 4483 1376 4538 exsultationem
1404 4493 1459 4539 et
1480 4483 1963 4541 inflammationem.

389 4576 693 4643 charitatis,
741 4577 1064 4647 signiﬁcetur
1104 4577 1332 4647 Spiritus
1379 4574 1626 4642 sanctus;
1677 4594 1783 4634 non
1824 4579 1944 4634 ideo

390 4678 525 4723 cst’a
553 4671 730 4740 seipse
759 4669 999 4724 diversus
1017 4713 1031 4733 ,
1062 4671 1183 4741 quia
1227 4670 1374 4741 signa
1403 4671 1609 4727 diversa
1636 4680 1777 4726 sunt.
1808 4671 1942 4726 Mul-

389 4772 496 4815 ttnn
523 4763 661 4817 erim
708 4762 915 4819 diversa
940 4774 1063 4819 sunt
1088 4766 1243 4820 etiam
1274 4767 1356 4821 leo
1380 4776 1433 4821 et
1471 4782 1655 4837 agnus,
1683 4780 1737 4821 et
1768 4777 1940 4823 tamen

388 4866 609 4923 utroque
636 4856 960 4925 signiﬁcatus
984 4865 1068 4911 est
1091 4856 1354 4911 Christus.
1377 4855 1487 4912 Leo
1511 4864 1727 4928 propter
1761 4857 1901 4912 aliud
1920 4898 1936 4922 ,

385 4962 550 5017 agnus
581 4961 793 5017 propter
814 4947 984 5012 aliud;
1017 4964 1121 5002 non
1150 4957 1325 5004 tamen
1352 4949 1492 5004 alius
1519 4966 1533 5002 :
1559 4949 1681 5019 quia
1709 4964 1809 5005 nec
1832 4948 1940 5003 for-

386 5044 451 5094 tis
499 5050 580 5095 est
623 5056 808 5111 agnus,
846 5055 942 5094 uec
988 5040 1241 5095 innocens
1269 5041 1389 5104 leo;
1421 5039 1660 5094 Christus
1684 5049 1861 5093 autem
1887 5048 1941 5092 et

383 5134 637 5189 innocens
663 5142 744 5187 est
774 5141 833 5187 ut
881 5148 1046 5201 agnus
1066 5175 1080 5196 ,
1111 5143 1163 5186 et
1194 5132 1344 5186 fortis
1372 5143 1427 5186 ut
1455 5133 1558 5187 leo.
1603 5132 1736 5186 Dicit
1762 5142 1934 5185 autem

379 5226 515 5295 apud
540 5227 722 5280 l~aiam
754 5226 864 5293 ipse
892 5224 1047 5298 Jesus
1070 5224 1310 5279 Christus
1337 5241 1351 5280 :
1385 5226 1608 5303 Spiritus
1632 5223 1836 5278 Domini
1853 5240 1928 5278 sn-

381 5335 468 5387 per
498 5335 594 5383 me,
623 5326 827 5389 propter
851 5319 983 5386 quod
1007 5317 1150 5371 unrit
1178 5332 1255 5370 me
1278 5314 1424 5388 (Isai.
1453 5332 1557 5380 LXI,
1582 5318 1659 5387 1.)

446 5409 531 5462 27.
563 5409 709 5482 [vers.
732 5409 853 5482 25.]
876 5407 941 5464 Et
989 5426 1078 5481 ego
1108 5414 1269 5480 factus
1313 5426 1422 5462 sum
1447 5409 1766 5479 opprobrium
1792 5407 1893 5461 illis
1918 5422 1937 5459 :

379 5515 471 5567 per
495 5512 717 5554 mortem
740 5502 930 5556 crucis.
963 5499 1189 5557 Christus
1214 5502 1353 5555 enim
1383 5518 1473 5555 nos
1499 5500 1705 5554 redeunt
1740 5499 1801 5553 de
1828 5515 1935 5551 mn-

378 5589 556 5643 ledicto
587 5589 731 5660 Legis
752 5632 768 5653 ,
804 5593 964 5659 factus
1002 5609 1091 5659 pro
1111 5593 1249 5647 nobis
1280 5591 1596 5645 maledictum
1622 5589 1809 5662 (Galat.
1845 5605 1897 5643 Ill
1916 5628 1932 5652 ,

377 5681 488 5751 15).
529 5678 763 5731 Viderunt
786 5697 895 5747 me,
934 5694 979 5734 et
1007 5695 1257 5736 mouerunt
1283 5685 1447 5751 capita
1488 5699 1595 5735 suo.
1627 5681 1756 5763 Quia
1788 5681 1934 5733 video

1662 245 1716 301 S.
1757 239 2120 299 AUGUS'UNI
2161 243 2457 304 EDESCO"

3551 264 3674 320 itit

2113 369 2230 412 runt
2263 362 2594 430 pependisse,
2625 381 2730 422 non
2761 368 3003 426 viderunt
3020 374 3406 437 resurrcxisse;
3435 376 3671 435 viderunt

2107 450 2318 518 quando
2367 468 2537 522 genua
2593 458 2706 525 ejus
2752 469 2876 514 sunt
2926 462 3225 529 inﬁrmata,
3281 472 3386 522 non
3436 470 3671 527 viderunt

2106 541 2316 610 quando
2344 554 2427 597 est
2450 558 2575 599 caro
2605 546 2901 604 immutata.

2172 632 2261 688 28.
2294 631 2442 707 [ταῖς.
2474 634 2589 709 26.]
2614 638 2813 710 Adjnva
2837 659 2948 706 me,
2982 643 3195 701 Domine
3212 646 3349 703 Deus
3376 667 3547 719 meus,
3571 656 3668 708 tal-

2102 741 2216 778 vum
2236 742 2315 780 nte
2336 727 2419 797 [ac
2437 731 2706 785 secundum
2729 734 3123 791 misericordiam
3149 750 3307 795 tuam.
3361 742 3474 798 Hoc
3498 745 3563 800 ad
3594 759 3667 801 to-

2104 824 2212 870 tum
2241 817 2423 873 referri
2451 831 2622 889 potest
2643 864 2657 884 ,
2687 823 2739 878 id
2762 837 2844 880 est
2866 835 2919 880 et
2941 827 3005 881 ad
3028 840 3184 898 caput
3208 872 3223 895 ,
3254 841 3309 886 et
3336 834 3402 888 ad
3432 850 3662 907 corpus:

2099 910 2165 964 ad
2193 923 2387 980 caput,
2418 926 2634 984 propter
2660 918 2879 972 formam
2906 922 3050 975 servi
3075 937 3089 984 ;
3117 923 3185 978 ad
3205 940 3424 997 corpus,
3453 944 3660 1001 propter

2099 999 2242 1071 ipsos
2269 1017 2473 1058 servos.
2503 1004 2680 1061 Potuit
2705 1009 2846 1063 enim
2873 1021 2928 1065 et
2954 1010 3003 1065 in
3034 1013 3111 1067 eis
3137 1014 3316 1071 dicere
3339 999 3480 1084 Deo,
3508 1040 3528 1074 ι
3555 999 3662 1076 -ΑιΙ-

2092 1094 2216 1161 juva
2249 1109 2367 1161 me,
2402 1112 2423 1146 ι
2455 1105 2530 1165 et,
2568 1116 2586 1149 ε
2617 1099 2819 1154 salvum
2864 1117 2950 1158 me
2976 1102 3095 1170 fac;
3134 1123 3153 1157 ι
3190 1106 3241 1161 in
3275 1109 3465 1178 quibus
3504 1112 3658 1168 Saulo

2096 1182 2263 1252 dixit,
2294 1205 2314 1239 ‹
2341 1185 2477 1256 Quid
2509 1204 2596 1244 me
2645 1194 2983 1263 persequeris
3018 1210 3047 1248 ι’
3072 1195 3211 1266 (Act.
3244 1214 3297 1252 ix
3325 1241 3340 1262 ,
3371 1200 3464 1269 4)?
3512 1203 3658 1271 Quod

2094 1284 2271 1330 autem
2301 1276 2539 1340 addidit,
2575 1297 2595 1331 ι
2632 1282 2923 1337 secundum
2957 1284 3375 1345 misericordiam
3408 1301 3590 1355 tuam;
3633 1313 3653 1348 ι

2091 1369 2317 1436 gratuita
2344 1370 2512 1450 gratia
2534 1385 3016 1441 commemoratur,
3046 1392 3149 1433 non
3195 1395 3259 1435 ex
3302 1396 3523 1452 operum
3561 1385 3655 1442 de-

2090 1458 2221 1513 bilo.

2158 1549 2249 1605 29.
2277 1548 2424 1623 [verm
2451 1550 2565 1626 27.]
2600 1554 2664 1608 Et
2683 1556 2845 1610 sciant
2867 1559 3101 1629 quoniam
3121 1578 3300 1619 manus
3322 1573 3409 1618 tua
3448 1566 3583 1634 lucc,
3604 1577 3650 1624 et

2088 1650 2173 1707 tu,
2208 1642 2454 1709 Domine,
2506 1646 2666 1717 fecisti
2690 1663 2819 1701 eam.
2872 1648 2945 1703 De
2975 1648 3056 1704 Itis
3088 1650 3263 1719 dixit,
3313 1654 3504 1723 sciant,
3560 1673 3653 1727 pro

2086 1735 2275 1802 quibus
2300 1738 2636 1794 satvientibus
2659 1748 2713 1794 et
2736 1740 2942 1802 oravit;
2972 1742 3093 1811 quia
3144 1745 3195 1798 in
3237 1745 3316 1800 eis
3341 1747 3533 1816 quibus
3577 1750 3652 1804 fa-

2084 1834 2202 1880 ctus
2223 1836 2305 1881 est
2326 1828 2665 1898 opprobrium
2692 1832 3024 1886 moventibus
3049 1834 3098 1887 in
3117 1834 3230 1903 ejus
3246 1824 3540 1895 illusionem
3565 1856 3651 1896 ca-

2084 1916 2189 1984 pita
2218 1931 2311 1970 sua
2330 1958 2346 1983 ,
2375 1927 2526 1973 erant
2566 1920 2724 1975 etiam
2774 1920 2828 1975 hi
2853 1923 2943 1993 qui
2975 1924 3025 1977 in
3054 1941 3174 1979 eum
3207 1936 3386 1994 postea
3410 1932 3649 1988 credide-

2082 2017 2222 2061 runt.
2280 2009 2489 2064 Discant
2537 2022 2710 2066 autem
2761 2012 2851 2083 qui
2897 2015 3113 2070 formam
3155 2017 3368 2074 humani
3411 2024 3648 2093 corporis

2084 2098 2192 2153 Deo
2221 2099 2472 2167 tribuunt,
2495 2101 2762 2170 quomodo
2790 2102 2983 2158 habeat
3007 2106 3142 2162 Deus
3164 2124 3399 2165 manum.
3424 2111 3479 2168 Si
3504 2114 3645 2169 enim

2079 2189 2219 2259 quod
2248 2188 2407 2255 facit,
2464 2206 2624 2246 manu
2662 2191 2805 2258 facit,
2850 2196 3101 2265 nuntquid
3145 2207 3197 2252 et
3228 2199 3392 2270 ipsam
3434 2218 3644 2257 manum

2078 2294 2227 2334 suam
2257 2296 2413 2336 manu
2441 2280 2603 2336 facit?
2640 2282 2916 2351 Quomodo
2936 2301 3062 2355 ergo
3090 2285 3176 2342 hic
3207 2287 3402 2345 dictum
3433 2301 3547 2358 est,
3577 2293 3645 2348 Et

2077 2369 2235 2429 sciant
2266 2371 2500 2441 quoniam
2527 2388 2704 2427 manus
2728 2383 2816 2427 tua
2841 2374 2967 2438 Ita’c,
2998 2387 3043 2430 et
3086 2386 3161 2441 tu,
3206 2376 3438 2440 Domine.
3482 2384 3644 2453 feciin

2075 2462 2223 2515 eam?
2246 2460 2601 2533 lntelligamus
2631 2463 2805 2533 itaque
2830 2481 3042 2520 manum
3071 2466 3161 2521 Dei
3192 2483 3311 2524 esse
3330 2470 3598 2526 Christum
3625 2490 3639 2526 :

2076 2552 2212 2607 unde
2238 2552 2360 2605 alibi
2396 2553 2607 2618 dicitur,
2641 2551 2706 2608 Et
2735 2554 2991 2609 brae/tium
3021 2555 3225 2610 Domini
3255 2560 3337 2611 cui
3371 2561 3642 2617 revelatum

2075 2651 2146 2696 est
2178 2639 2332 2712 (Isai.
2364 2657 2473 2708 un,
2504 2643 2601 2714 1)?
2639 2643 2760 2698 Hmc
2789 2660 2974 2699 manus
3006 2655 3060 2700 ct
3097 2656 3230 2713 erat,
3266 2657 3319 2703 et
3347 2648 3465 2704 fecit
3489 2666 3639 2714 eam;

2072 2733 2211 2804 quia,
2243 2732 2311 2787 In
2331 2734 2575 2806 principio
2596 2745 2702 2789 erat
2731 2733 2966 2801 Verbum,
2993 2746 3039 2790 et
3068 2735 3280 2791 Verbum
3307 2756 3425 2793 caro
3449 2742 3642 2810 factum

2072 2835 2142 2879 est
2168 2824 2341 2898 (Joan.
2376 2826 2488 2889 1,1,
2516 2826 2603 2896 14)
2636 2842 2650 2879 :
2681 2834 2734 2881 et
2770 2834 2884 2880 erat
2912 2827 3027 2882 sine
3079 2837 3315 2899 tempore
3339 2834 3638 2889 secundum

2068 2914 2417 2982 divinitatem,
2445 2925 2494 2970 et
2526 2915 2690 2971 lactus
2727 2925 2809 2970 est
2832 2916 2880 2971 ei
2911 2932 2976 2973 ex
3014 2919 3217 2976 semine
3249 2920 3407 2976 David
3436 2937 3639 2980 secun-

2068 3004 2190 3068 dum
2217 3020 2433 3059 carnem
2462 3003 2634 3074 (Rom.
2662 3020 2700 3069 ι,
2729 3006 2808 3075 '5).
2832 3046 2841 3049 λ

2137 3096 2223 3151 30.
2265 3092 2411 3166 [vers.
2438 3092 2551 3168 28.]
2582 3093 2884 3150 Maledicent
2909 3097 3004 3163 illi,
3029 3108 3074 3151 ct
3104 3107 3156 3151 tu
3180 3099 3452 3172 benedices.
3485 3102 3633 3160 Vana

2066 3195 2141 3240 est
2172 3201 2298 3255 ergo
2335 3194 2389 3240 et
2417 3184 2546 3240 falsa
2583 3186 2881 3241 maledictio
2906 3187 3130 3243 ﬁliorqu
3175 3190 3468 3260 hominum,
3506 3196 3631 3257 dili-

2060 3277 2295 3347 gentiam
2326 3276 2630 3343 vanitatem,
2649 3287 2704 3333 et
2726 3279 3070 3349 qumrentium
3098 3283 3425 3340 mendacium
3454 3274 3629 3360 (Prol.

2061 3382 2139 3433 tv,
2165 3366 2257 3437 3);
2304 3366 2441 3422 Dens
2466 3376 2641 3423 autem
2671 3384 2791 3424 cum
2823 3370 3111 3438 benedicit,
3162 3373 3285 3429 iacit
3310 3376 3449 3446 quod
3478 3378 3627 3435 dicit.

2064 3459 2163 3527 Qui
2194 3460 2461 3530 insurgunt
2497 3460 2549 3514 in
2591 3477 2687 3528 me,
2718 3463 3142 3534 confundantur‘.
3186 3465 3255 3522 Ut
3282 3470 3420 3524 enim
3452 3471 3628 3526 insur-

2058 3559 2184 3622 gant
2223 3551 2419 3621 aliquid
2461 3567 2520 3606 se
2543 3552 2794 3608 adversus
2839 3570 2924 3609 me
2969 3556 3225 3623 prolicere
3264 3559 3623 3628 arbitrantur;

2058 3641 2152 3696 sed
2177 3655 2297 3695 cum
2322 3642 2579 3697 exaltatus
2605 3641 2752 3697 luero
2779 3657 2938 3714 super
2965 3646 3147 3709 caelos,
3177 3655 3224 3701 et
3257 3662 3377 3704 esse
3401 3655 3627 3719 coeperit

2057 3719 2217 3804 super
2249 3748 2459 3787 onmem
2483 3742 2673 3787 terram
2699 3734 2865 3804 gloria
2892 3750 3028 3804 mea,
3056 3736 3461 3794 confundentur.
3495 3742 3627 3796 Ser-

2056 3841 2146 3880 vus
2168 3834 2334 3880 autem
2359 3836 2472 3879 tuus
2500 3825 2747 3880 laetabitur
2775 3842 2795 3881 :
2823 3827 2934 3883 sive
2962 3828 3013 3882 in
3040 3828 3255 3888 dextera
3279 3831 3464 3899 Patris,
3509 3833 3624 3889 sive

2056 3917 2108 3972 in
2139 3918 2389 3973 membris
2431 3919 2543 3973 suis
2594 3918 2908 3983 laetantibus,
2955 3930 3009 3977 et
3037 3923 3172 3979 inter
3210 3926 3525 3981 tentationes
3568 3928 3621 3981 in

2052 4024 2166 4078 spe,
2190 4017 2379 4076 etpost
2405 4008 2718 4064 tentationes
2743 4004 2792 4063 in
2822 4019 3096 4067 arternum.

2123 4100 2209 4154 51.
2230 4098 2372 4172 [υεη.
2393 4097 2506 4172 29.]
2523 4097 2809 4154 Induantur
2822 4102 2908 4169 qui
2921 4102 3188 4158 detrahunt
3203 4106 3322 4159 mihi
3339 4106 3583 4176 pudorem
3601 4126 3616 4163 :

2054 4190 2103 4244 id
2128 4199 2229 4254 est,
2261 4189 2454 4259 pudeat
2479 4204 2573 4245 eos
2597 4190 2892 4266 detraxisse
2922 4194 3069 4247 mihi.
3108 4194 3211 4250 Sed
3239 4196 3338 4251 hoc
3364 4207 3532 4266 potest
3561 4210 3617 4254 et

2053 4279 2105 4332 in
2131 4278 2269 4333 bono
2296 4278 2481 4349 accipi,
2523 4262 2661 4334 dum.
2688 4280 3038 4351 corriguntur.
3091 4283 3153 4337 Et
3178 4262 3466 4355 aperiantur
3490 4289 3617 4341 sicut

2050 4369 2322 4441 diploidem
2358 4369 2699 4437 confusionem
2726 4388 2887 4426 suam.
2940 4372 3135 4445 Diplois
3171 4374 3365 4444 duplex
3397 4378 3615 4446 pallium

2049 4470 2149 4516 est.
2187 4460 2316 4514 Nam
2364 4460 2573 4529 quidam
2619 4462 2776 4515 etiam
2822 4463 2896 4516 sic
2931 4463 3255 4534 interpretati
3295 4477 3417 4520 sunt
3455 4469 3613 4522 istum

2047 4568 2259 4609 versum
2283 4572 2297 4607 :
2330 4552 2394 4607 Et
2422 4554 2710 4625 aperiantur
2732 4556 2858 4608 sicut
2895 4556 3103 4624 pallium
3132 4557 3317 4629 duplex
3351 4562 3615 4631 confusio-

2047 4663 2158 4701 nem
2182 4663 2342 4700 suum.
2396 4645 2706 4715 lntelligitur
2728 4658 2926 4713 autem,
2966 4647 3434 4706 confundantur-et
3468 4652 3615 4708 intus

2047 4748 2103 4793 et
2130 4737 2276 4803 loris,
2303 4737 2352 4791 id
2376 4747 2456 4791 est
2481 4745 2534 4790 et
2552 4750 2727 4790 coram
2762 4738 2869 4791 Deo
2888 4747 2942 4792 et
2967 4752 3144 4792 coram
3175 4741 3492 4797 horninibus.

2115 4830 2203 4887 32.
2245 4828 2394 4902 [υεη.
2426 4828 2539 4902 '50.]
2577 4829 2856 4898 Conﬁtebor
2877 4828 3096 4885 Domino
3124 4833 3270 4887 nimis
3293 4834 3345 4888 in
3371 4852 3457 4889 ore
3475 4853 3613 4892 meo.

2048 4922 2216 4977 Nimis
2243 4922 2343 4976 dici
2365 4922 2498 4976 solet
2519 4922 2568 4974 in
2594 4920 2970 4975 consuetudine
2995 4924 3252 4978 sermonis
3279 4924 3446 4991 latini,
3467 4928 3612 4996 (μιοά

2049 5015 2162 5082 plus
2187 5023 2439 5083 estquam
2468 5011 2661 5067 debet:
2689 5011 2771 5065 cui
2797 5013 3113 5067 contrarium
3136 5024 3214 5068 est
3238 5031 3441 5083 parum,
3465 5018 3612 5086 quod

2047 5107 2218 5160 minus
2243 5116 2323 5159 est
2347 5120 2504 5174 quam
2525 5103 2697 5159 debet.
2728 5102 2830 5158 Sed
2858 5104 3022 5164 nimis,
3053 5120 3222 5174 grtece
3241 5110 3359 5171 ἄκαν
3382 5106 3609 5170 dicitur;

2044 5199 2142 5252 iste
2165 5206 2338 5252 autem
2376 5210 2559 5249 versus
2588 5209 2692 5249 non
2730 5193 2889 5248 habet
2918 5200 3054 5261 ἄγαν,
3105 5196 3195 5250 sed
3228 5196 3384 5250 habet
3410 5202 3609 5270 σφόδρα.

2042 5289 2191 5356 Quod
2237 5286 2446 5358 quidam
2479 5287 2638 5340 nostri
2669 5286 2747 5340 sic
2772 5285 3093 5354 interpretati
3123 5296 3265 5350 sunt,
3312 5297 3368 5339 ut
3399 5302 3495 5355 pro
3538 5305 3611 5338 eo

2043 5388 2300 5452 ponerent
2347 5376 2627 5445 aliquando
2672 5377 2840 5441 ninus,
2887 5376 3166 5448 aliquando
3210 5378 3372 5433 valde.
3412 5378 3517 5433 Sed
3560 5380 3609 5436 si

2043 5474 2189 5527 nimis
2227 5487 2321 5541 pro
2345 5486 2409 5526 eo
2437 5468 2575 5540 quod
2600 5478 2681 5524 est
2708 5471 2851 5523 valde
2879 5468 3214 5539 intelligatur,
3250 5478 3424 5539 potest
3460 5478 3514 5525 et
3553 5473 3608 5525 in

2044 5563 2197 5620 laude
2223 5563 2377 5632 poni;
2417 5576 2538 5615 nam
2567 5569 2622 5615 et
2655 5558 2753 5613 ista
2797 5559 3057 5614 confessio
3089 5559 3295 5615 laudem
3320 5559 3607 5631 signiﬁcat.

2107 5682 2125 5712 ι
2157 5682 2229 5731 sic
2252 5689 2348 5727 Am.
2368 5681 2446 5725 Er.
2470 5681 2523 5724 et
2542 5671 2708 5734 plures
2728 5678 2833 5723 Mss.
2860 5677 2915 5720 At
2933 5675 3064 5733 t.ov.,
3087 5670 3452 5735 omfundenttu'.
