4026 6202
268 331 396 387 1445

262 443 328 498 lta
361 441 500 498 enim
540 439 819 510 sequitur:
866 437 934 492 Et
977 438 1031 492 in
1083 437 1241 492 medio
1286 436 1554 490 multorum
1599 434 1815 488 laudabo

259 553 383 590 eunt.
416 533 553 588 Dicit
595 535 754 587 etiam
799 532 850 586 in
890 531 995 584 alio
1025 531 1243 599 psalmo,
1289 527 1356 582 In
1394 528 1554 581 medio
1583 525 1821 580 Ecclesia:

259 628 454 681 cantabo
475 635 522 680 te
547 624 716 692 (I’sal.
749 639 857 690 ΠΙ,
889 622 1006 691 23).
1031 621 1134 678 Sed
1156 636 1275 676 cum
1302 620 1412 690 ipsa
1441 627 1618 673 cantat
1643 619 1821 672 Eccle-

258 721 348 786 sia,
373 735 492 790 quas
511 734 705 789 corpus
727 716 1037 783 estChristi,
1071 714 1333 786 quomodo
1359 715 1408 768 in
1437 712 1610 767 medio
1636 712 1818 767 Eccle-

256 811 340 866 sia:
365 819 547 865 cantat
571 809 838 865 Ecclesia?
866 808 937 862 Ita
961 817 1014 863 et
1033 807 1118 862 hic
1140 806 1286 860 multi
1312 821 1431 860 cum
1454 805 1559 859 sint
1582 804 1817 858 membra

255 903 462 969 Christi,
509 903 555 956 si
585 917 706 957 cum
735 902 832 972 ipsi
859 900 1075 956 laudant
1099 901 1134 964 ί,
1171 898 1260 952 ille
1284 897 1479 958 laudat,
1503 896 1622 966 quia
1645 909 1819 948 mem-

257 996 338 1049 bra
373 1003 500 1050 sunt
530 997 683 1061 ejus;
721 992 984 1064 quomodo
1028 992 1080 1045 in
1110 989 1285 1045 medio
1313 989 1592 1043 multorum
1621 985 1816 1048 laudat,

253 1087 454 1157 quando
498 1073 828 1156 ipsis'multis
863 1083 1196 1138 laudantibus
1217 1081 1407 1136 dicitur
1435 1080 1545 1148 ipse
1566 1076 1820 1132 laudare?

253 1183 323 1233 An
351 1179 474 1234 ideo
501 1178 681 1234 laudat
709 1178 760 1232 in
791 1175 966 1232 medio
996 1176 1300 1240 multorum,
1332 1175 1452 1244 quia
1479 1189 1597 1228 cum
1628 1169 1818 1226 Eccle-

253 1273 316 1324 sia
359 1287 457 1325 sua
512 1281 597 1326 est
642 1271 729 1325 hic
781 1285 950 1340 usque
992 1269 1044 1322 in
1087 1269 1595 1324 consummationem
1638 1265 1816 1320 smculi

253 1363 449 1420 (Matth.
489 1379 670 1426 xxvul,
708 1361 838 1435 20);
878 1361 1092 1432 utquod
1118 1362 1208 1423 ait,
1249 1361 1302 1414 in
1327 1360 1491 1414 medio
1523 1361 1811 1425 multorum,

253 1451 338 1506 hoc
360 1455 685 1522 accipiamus
709 1452 850 1523 quod
875 1452 941 1505 ab
967 1451 1163 1506 eisdem
1197 1450 1376 1504 multis
1406 1449 1730 1505 honoratur?
1760 1449 1813 1503 lu

254 1543 414 1598 medio
435 1545 631 1614 quippe
655 1558 772 1599 esse
798 1543 1010 1608 dicitur,
1040 1543 1122 1618 cui
1147 1541 1317 1596 honor
1345 1541 1640 1612 praecipuus
1660 1541 1812 1595 exhi-

252 1633 408 1688 betur.
453 1635 506 1690 Si
539 1643 714 1688 autem
759 1649 853 1687 car
897 1643 979 1688 est
1011 1643 1256 1702 tanquam
1288 1631 1518 1687 hominis
1547 1632 1809 1696 medium;
1865 1689 1871 1695 ,

252 1725 364 1780 nihil
397 1726 588 1781 melius
633 1725 939 1795 intelligitur
986 1723 1204 1788 dictum,
1256 1739 1412 1793 quam
1468 1723 1520 1778 in
1567 1722 1812 1778 cordibus

253 1819 520 1872 multorum
565 1816 791 1872 laudabo
832 1831 972 1872 eum.
1021 1815 1230 1870 Habitat
1264 1816 1403 1870 enim
1440 1815 1681 1872 Christus
1717 1831 1813 1884 per

252 1907 391 1962 fidem
421 1909 473 1962 in
496 1907 746 1964 cordibus
769 1907 966 1962 nostris
987 1906 1198 1977 (Ep/tes.
1229 1922 1307 1971 Ill,
1340 1905 1427 1977 l7)
1453 1923 1466 1960 :
1499 1915 1552 1962 et
1572 1907 1689 1961 ideo
1715 1907 1808 1974 ait,

251 2001 390 2054 inore
414 2017 545 2066 meo,
577 2002 627 2055 id
653 2011 734 2056 est
760 2001 812 2055 in
839 2016 932 2056 ore
955 2000 1190 2070 corporis
1211 2000 1334 2065 mei,
1357 1999 1496 2070 quod
1523 2010 1603 2054 est
1632 1999 1811 2054 Eccle«

250 2092 352 2154 sia~
378 2090 554 2146 Corde
601 2091 742 2146 enim
787 2091 1021 2145 creditur
1058 2089 1123 2144 ad
1161 2089 1464 2158 justitiam;
1515 2104 1608 2144 ore
1632 2098 1807 2144 autem

250 2180 505 2237 confessio
537 2183 596 2236 lit
622 2182 687 2236 ad
714 2183 932 2237 salutem
961 2179 1133 2252 (Rom.
1162 2198 1216 2242 χ.
1246 2178 1359 2250 10).

309 2299 394 2351 53.
434 2295 601 2370 [τετε.
632 2295 756 2370 51.]
796 2295 927 2362 Quia
964 2295 1117 2349 astitit
1154 2310 1185 2346 a
1212 2293 1400 2348 dextris
1439 2292 1690 2362 pauperis.
1734 2291 1807 2347 De

249 2386 368 2442 luda
393 2388 591 2442 dictum
619 2397 754 2453 erat,
790 2386 854 2440 Et
882 2385 1112 2440 diabolus
1140 2393 1232 2440 stet
1260 2401 1291 2437 a
1319 2384 1507 2438 dextris
1533 2383 1684 2454 ejus;
1716 2382 1804 2452 qui

251 2494 361 2533 suas
397 2480 607 2534 divitias
647 2494 842 2549 augere
865 2478 1030 2532 voluit
1067 2476 1278 2532 Christo
1309 2475 1523 2532 vendito
1556 2493 1568 2529 :
1599 2474 1685 2528 hic
1712 2489 1805 2528 aus

250 2580 342 2623 tem
392 2570 640 2624 Dominus
686 2570 845 2624 astitit
889 2583 922 2620 a
959 2568 1148 2622 dextris
1193 2567 1462 2637 pauperis,
1509 2573 1566 2619 ut
1609 2564 1803 2618 divitiae

250 2661 479 2730 pauperis
520 2662 626 2715 sint
666 2661 778 2730 ipse
821 2660 1093 2714 Dominus.
1139 2657 1305 2736 Astitit
1340 2657 1531 2726 quippe
1556 2672 1587 2708 a
1615 2654 1803 2710 dextris

247 2755 496 2821 pauperis,
533 2769 636 2808 non
666 2764 719 2807 ut
749 2753 796 2808 ei
825 2750 1200 2821 multiplicarct
1228 2764 1396 2804 annos
1420 2748 1541 2801 vitae
1566 2745 1801 2817 quando-

246 2863 341 2917 que
375 2847 610 2902 finienda}
632 2888 646 2912 ,
676 2861 846 2915 neque
883 2854 941 2899 ut
982 2843 1096 2914 ejus
1122 2851 1337 2912 augeret
1361 2841 1634 2911 pecuniam
1655 2879 1672 2905 ,
1712 2847 1803 2892 aut

244 2955 363 2995 eum
391 2940 577 2996 laceret
616 2940 853 3010 corporis
882 2937 1080 2992 viribus
1127 2934 1318 2992 fortem
1341 2975 1356 2997 ,
1385 2933 1468 2989 vel
1498 2931 1562 2987 ad
1595 2941 1802 3001 tempus

245 3031 548 3087 inertiumem
565 3049 580 3096 ;
599 3030 694 3086 sed
721 3041 772 3084 ut
798 3030 989 3084 salvam
1014 3032 1218 3098 faceret,
1243 3026 1429 3096 inquit,
1453 3041 1483 3076 α
1509 3039 1802 3095 persequen-

243 3123 373 3176 tibus
397 3125 610 3177 animam
637 3137 814 3176 meam.
839 3121 995 3175 Salva
1028 3120 1082 3173 lit
1109 3129 1284 3173 autem
1310 3132 1340 3172 a
1365 3113 1800 3186 persequentibus

244 3218 409 3270 anima
432 3257 447 3284 ,
492 3217 534 3272 si
576 3230 681 3270 nou
718 3215 796 3269 eis
824 3207 1184 3268 consentiatur
1220 3211 1284 3264 ad
1314 3211 1544 3272 malum;
1591 3222 1693 3260 non
1721 3205 1800 3259 eis

244 3317 411 3362 autem
441 3307 802 3371 consentitur,
833 3320 953 3359 cum
994 3303 1192 3357 assistit
1231 3302 1484 3356 Dominus
1523 3314 1550 3353 a
1598 3297 1797 3353 dextris

244 3400 496 3470 pauperis,
526 3415 594 3454 ne
620 3398 732 3469 ipsa
762 3405 1101 3466 paupertate,
1134 3393 1183 3448 id
1213 3402 1293 3448 est
1320 3391 1642 3457 infirmitate,
1673 3405 1796 3445 suc-

246 3492 462 3546 cumbat.
495 3490 605 3545 Hoc
632 3487 948 3557 adjutorium
982 3484 1271 3554 prtestitum
1297 3491 1380 3538 est
1406 3483 1613 3551 corpori
1638 3481 1795 3535 Chri-

244 3583 303 3636 διὶ
334 3582 382 3635 iu
405 3583 598 3637 sanctis
627 3579 948 3651 martyribus
975 3576 1242 3631 omnibus.

699 3832 779 3894 IN
822 3828 1197 3893 PSALMUM
1239 3825 1376 3888 CIX

807 3948 1218 4006 ENARRATIO.

753 4085 810 4126 SE
818 4086 922 4126 BHO
951 4085 1017 4125 AD
1047 4082 1270 4123 PLEBE“.

307 4192 349 4246 l.
387 4190 652 4258 Quantum
694 4187 951 4240 Dominus
1001 4184 1201 4249 donat,
1240 4181 1328 4252 qui
1381 4195 1480 4236 nos
1526 4179 1794 4234 ministros

242 4283 498 4338 constituit
536 4279 684 4336 verbi
739 4284 793 4332 et
832 4274 1145 4331 sacramenti
1186 4273 1265 4328 sui
1317 4272 1518 4328 servire
1555 4271 1704 4326 vobis
1742 4271 1792 4326 in

239 4375 380 4445 adipe
408 4358 786 4429 misericordia:
811 4384 943 4434 suae,
967 4365 1294 4436 suscepimus
1322 4362 1581 4434 psalmum
1613 4362 1790 4428 istum,

241 4481 383 4534 quem
411 4465 569 4521 modo
599 4461 930 4518 cautavimus
950 4501 966 4525 ,
998 4457 1210 4514 brevem
1239 4469 1462 4510 numero
1486 4452 1790 4516 verborum,

241 4574 474 4629 magnum
516 4555 755 4628 pondere
799 4551 1210 4614 sententiarum,
1251 4547 1531 4618 adjuvante
1577 4545 1664 4601 illo
1706 4545 1791 4615 qui

241 4666 326 4706 vos
354 4651 473 4707 fecit
497 4652 750 4712 intentos,
779 4657 834 4702 ut
863 4653 917 4701 et
945 4659 1042 4698 nos
1068 4643 1221 4696 faciat
1249 4641 1488 4705 idoneos,
1515 4639 1648 4694 sicut
1672 4651 1794 4708 pos-

244 4756 446 4806 sumus,
477 4740 819 4798 considerare
845 4747 1004 4808 atque
1036 4742 1278 4788 tractare.
1310 4732 1464 4787 Vivat
1501 4731 1673 4784 anima
1699 4745 1794 4784 ve-

246 4844 374 4901 stra,
411 4844 465 4890 et
500 4832 686 4904 vigilet
734 4831 784 4884 in
829 4830 1013 4884 Deum.
1067 4825 1298 4894 Tempus
1343 4823 1484 4878 enim
1523 4821 1797 4877 constituit

248 4924 370 4982 Deus
397 4924 680 4997 promissis
708 4923 834 4985 suis,
869 4931 922 4976 et
947 4928 1150 4986 tempus
1177 4916 1256 4972 eis
1284 4931 1399 4986 qua:
1432 4913 1669 4984 promisit
1698 4913 1794 4968 im-

250 5020 453 5086 plendis.
482 5016 897 5073 Promissionum
926 5020 1132 5078 tempus
1158 5018 1272 5064 erat
1302 5017 1541 5077 tempore
1561 5005 1794 5082 Prophe-

250 5118 401 5164 tarum
441 5122 610 5178 usque
638 5104 702 5158 ad
736 5104 993 5157 Joannem
1022 5099 1307 5168 Baptistam
1339 5114 1352 5150 :
1385 5097 1453 5152 ab
1496 5095 1584 5151 illo
1619 5106 1793 5150 autem

248 5207 293 5252 et
315 5200 558 5268 deinceps
589 5211 752 5265 usque
775 5193 837 5247 ad
869 5193 1045 5255 finem,
1070 5199 1277 5258 tempus
1300 5197 1382 5243 est
1408 5185 1655 5255 implendi
1679 5201 1794 5256 qua:

250 5293 484 5356 pnnuissa
517 5297 659 5343 sunt.
703 5284 901 5341 Fidelis
932 5283 1068 5334 Deus
1103 5280 1189 5348 qui
1230 5294 1286 5333 se
1317 5286 1555 5331 nostrum
1587 5276 1794 5332 debito-

250 5397 347 5434 rem
374 5381 488 5439 fecit
513 5399 527 5444 ;
564 5395 666 5433 non
698 5373 896 5445 aliquid
922 5389 950 5426 a
983 5371 1133 5426 nobis
1162 5368 1468 5437 accipiendo
1488 5411 1502 5431 ,
1532 5367 1623 5422 sed
1655 5377 1793 5420 tanta

250 5473 385 5528 nobis
410 5469 779 5540 promittendo.
807 5466 999 5521 Parum
1024 5471 1137 5541 erat
1158 5460 1457 5530 promissio,
1483 5459 1638 5512 etiam
1668 5457 1797 5513 scri-

249 5575 329 5630 nto
353 5580 406 5618 se
439 5563 603 5618 teneri
634 5560 833 5620 voluit,
866 5554 1023 5609 veluti
1059 5551 1257 5606 iaciens
1283 5548 1556 5603 uobiscum
1625 5550 1796 5604 chiro-

249 5657 487 5726 graphum
541 5652 924 5724 promissorum
981 5660 1240 5706 suorum;
1303 5652 1359 5697 ut
1404 5657 1523 5698 cum
1573 5655 1633 5696 ea
1681 5657 1796 5711 quae

308 5789 323 5819 ⁸
355 5790 420 5839 Sic
441 5797 546 5840 ηδε.
572 5792 625 5836 At
646 5783 778 5845 Edd.,
801 5780 920 5832 sicut
942 5777 1032 5842 ipsi
1054 5775 1265 5829 laudant.

1348 321 1735 378 ENARRATIO
1774 321 1838 379 lN
1876 322 2368 384 PSALMUMCIX.

3354 331 3488 388 1448

1932 433 2173 515 promisit
2195 437 2402 493 solvere
2431 437 2712 508 inciperet,
2743 439 2793 494 in
2821 440 3081 510 scriptura
3112 443 3484 512 promissorum

1926 529 2383 585 consideraremus
2423 530 2660 586 ordinem
2702 532 3094 588 solvendorum.
3123 535 3354 607 Tempus
3384 539 3490 592 ita-

1927 633 2029 688 que
2055 619 2364 689 prophetiae,
2391 621 2664 692 praedictio
2688 630 2831 687 erat,
2863 631 2918 675 ut
2943 637 3082 691 smpe
3103 623 3214 693 jam.
3238 625 3487 686 diximus.

1927 713 2356 780 promissionum.
2385 713 2632 768 Promisit
2657 713 2878 768 salutem
2905 722 3177 780 aeternam,
3206 726 3260 771 et
3280 717 3489 772 beatam

1925 802 2086 857 vitam
2111 819 2230 859 cum
2262 805 2474 874 Angelis
2504 804 2618 860 sine
2644 803 2768 870 ﬁne,
2800 814 2852 860 et
2876 805 3237 862 haereditatem
3271 809 3488 861 immar-

1897 918 1900 921 ·
1925 894 2244 958 cescibilem,
2276 894 2492 964 gloriam
2523 896 2925 966 sempiternam,
2953 896 3284 952 dulcedinem
3314 899 3486 954 vultus

1925 983 2026 1049 sui,
2057 984 2270 1039 domum
2305 985 2732 1042 sanctificationis
2773 1002 2882 1041 sua:
2924 989 2974 1042 in
3005 989 3187 1056 caelis,
3216 1005 3280 1043 ex
3309 1004 3487 1047 resurg-

1925 1075 2158 1129 reclione
2183 1090 2212 1128 a
2238 1077 2459 1130 mortuis
2479 1077 2675 1130 nullum
2702 1077 2954 1148 deinceps
2979 1079 3237 1148 moriendi
3265 1089 3484 1135 metum.

1926 1164 2038 1220 lioc
2065 1175 2146 1220 est
2174 1167 2487 1235 promissum
2514 1167 2629 1236 ejus
2655 1178 2900 1238 tauquam
2930 1168 3101 1234 ﬁnale,
3127 1185 3231 1240 quo
3257 1169 3486 1224 decurrit

1924 1266 2103 1310 nostra
2133 1257 2306 1312 omnis
2335 1259 2576 1326 intentio,
2602 1275 2706 1329 quo
2732 1276 2850 1314 cum
2873 1262 3191 1328 venerimus,
3221 1263 3346 1316 nihil
3374 1278 3484 1315 aiu-

1924 1343 2061 1416 plius
2107 1347 2470 1418 requiramus,
2517 1351 2646 1404 nihil
2687 1351 2913 1420 amplius
2955 1352 3246 1422 exigamus.
3277 1352 3380 1408 Sed
3417 1353 3482 1406 ad

1921 1439 2048 1493 illud
2091 1440 2230 1510 quod
2272 1440 2372 1496 erit
2418 1442 2468 1496 in
2503 1441 2606 1496 line
2648 1457 2754 1512 quo
2794 1442 2981 1496 ordine
3009 1443 3280 1509 veniatur,
3313 1459 3484 1513 neque

1921 1529 2021 1584 hoc
2069 1532 2231 1585 tacuit
2271 1533 2625 1601 promittendo
2671 1541 2723 1587 ct
2768 1533 3189 1601 praenuntiando.
3236 1534 3482 1586 Promisit

1920 1621 2062 1676 enim
2097 1620 2397 1677 hominibus
2425 1621 2749 1677 divinitatem
2773 1664 2788 1689 ,
2822 1623 3131 1677 mortalibus
3171 1624 3483 1678 immortali-

1920 1717 2078 1765 tatem
2101 1753 2116 1778 ,
2151 1713 2515 1782 peccatoribus
2549 1713 2976 1783 justificationem
2998 1753 3013 1779 ,
3041 1714 3260 1784 abjectis
3287 1714 3483 1785 gloriﬁ-

1917 1803 2200 1860 cationem.
2244 1805 2506 1876 Quidquid
2549 1807 2822 1875 promisit,
2851 1807 3075 1877 indignis
3116 1807 3392 1877 promisit,
3427 1817 3508 1862 ut‘

1918 1909 2024 1949 non
2055 1897 2203 1967 quasi
2230 1899 2482 1968 operibus
2507 1913 2710 1954 merces
2735 1900 3134 1971 promitteretur
3151 1941 3166 1960 .
3199 1900 3288 1953 sed
3315 1901 3480 1970 gratia

1913 2000 1945 2040 a
1976 1987 2193 2043 nomine
2209 2002 2305 2042 suo
2331 1990 2494 2059 gratis
2521 1989 2753 2045 daretur.
2785 1990 2917 2059 Quia
2943 2000 2996 2045 et
3021 1990 3121 2045 hoc
3148 1991 3316 2060 ipsum
3341 1992 3480 2062 quntl

1909 2077 2050 2147 juste
2074 2079 2220 2145 vivit,
2250 2080 2301 2134 in
2325 2090 2577 2153 quantum
2606 2082 2764 2136 homo
2790 2090 2965 2152 potest
2988 2082 3129 2152 juste
3149 2083 3348 2149 vivere,
3376 2099 3479 2137 non

1913 2170 2088 2224 meriti
2118 2170 2353 2236 humani,
2384 2172 2478 2228 sed
2508 2173 2749 2229 beneficii
2776 2183 2856 2230 est
2883 2175 3047 2229 divini
3075 2175 3114 2228 ί.
3147 2174 3313 2230 Nemo
3339 2175 3479 2230 enim

1907 2259 2051 2326 juste
2080 2260 2238 2328 vivit,
2267 2262 2366 2316 nisi
2403 2263 2750 2331 justificatus,
2784 2265 2834 2319 id
2860 2275 2974 2331 est,
3010 2265 3186 2335 justus
3214 2265 3430 2320 eﬂ‘ectus
3463 2284 3478 2319 :

1909 2349 1978 2404 ab
2016 2350 2107 2405 illo
2143 2360 2322 2407 autem
2366 2353 2424 2406 fit
2463 2352 2621 2407 homo
2653 2355 2859 2423 justus,
2887 2355 2975 2425 qui
3011 2371 3276 2424 nunquam
3306 2363 3478 2424 potest

1909 2454 2029 2496 esse
2054 2440 2300 2510 injustus.
2329 2442 2475 2497 Sicut
2503 2443 2645 2498 enim
2673 2444 2884 2498 lucerna
2910 2461 3012 2498 non
3038 2460 3068 2498 a
3093 2446 3264 2514 seipsa
3287 2459 3476 2499 accen—

1908 2531 2087 2596 ditur,
2123 2533 2196 2588 ita
2246 2548 2345 2590 nec
2381 2534 2554 2588 anima
2598 2535 2826 2590 humana
2867 2536 2966 2590 sibi
3005 2545 3220 2606 pra-stat
3260 2536 3474 2601 lucem;

1905 2622 2001 2676 Sed
2030 2623 2221 2678 clamat
2243 2625 2308 2678 ad
2340 2625 2526 2690 Deum,
2560 2624 2634 2679 Tu
2671 2625 2981 2680 illuminabis
3010 2627 3265 2680 lucernam
3291 2644 3472 2690 meam,

1906 2713 2125 2769 Domine
2149 2716 2317 2786 (Psal.
2349 2734 2476 2784 xvu,
2502 2717 2616 2779 29).
3375 2716 3391 2725 ’

1975 2805 2029 2859 2.
2071 2805 2200 2861 Cum
2241 2823 2368 2878 ergo
2409 2807 2771 2878 peccatoribus
2801 2809 3118 2879 promissum
3145 2809 3213 2864 sit
3253 2825 3473 2880 regnum

1906 2897 2164 2952 caelorum
2187 2941 2202 2963 ,
2229 2915 2333 2953 non
2360 2900 2412 2954 in
2445 2909 2664 2968 peccato
2691 2901 3138 2970 permanentibus,
3171 2902 3263 2956 sed
3289 2917 3317 2954 a
3345 2918 3474 2972 pec-

1905 2998 2024 3044 cato
2051 2989 2318 3055 liberatis,
2347 3000 2402 3048 et
2439 2991 2655 3061 justitize
2695 2992 3089 3058 servientibus;
3132 2994 3271 3064 quod
3302 2995 3472 3065 ipsum

1904 3091 1962 3135 ut
1988 3083 2225 3154 possint,
2255 3084 2420 3154 gratia
2441 3125 2455 3148 ,
2489 3094 2547 3138 ut
2572 3084 2798 3139 diximus
2818 3126 2832 3152 ,
2861 3084 3209 3154 adjuvantur,
3239 3096 3291 3142 et
3316 3088 3382 3142 ab
3405 3102 3471 3141 eo

1903 3174 1991 3243 qui
2039 3189 2252 3245 semper
2295 3185 2376 3231 est
2417 3177 2634 3246 justus'
2659 3218 2673 3242 ,
2711 3177 3071 3246 justificantur
3108 3196 3122 3231 :
3165 3178 3471 3234 incredibile

1904 3264 2181 3319 videbatur
2207 3275 2405 3321 tantam
2429 3267 2590 3322 Deum
2613 3282 2793 3322 curam
2816 3283 3001 3338 gerere
3027 3284 3122 3337 pro
3148 3268 3470 3334 hominibus,

1904 3354 2165 3427 hodieque
2192 3359 2280 3428 qui
2307 3357 2373 3413 de
2397 3358 2565 3429 gratia
2587 3359 2762 3414 divina
2784 3359 3089 3430 desperant,
3117 3370 3274 3432 atque
3297 3376 3324 3415 a
3354 3377 3472 3430 pes-

1901 3445 2052 3502 simis
2082 3448 2316 3503 moribus
2343 3448 2532 3504 nolunt
2567 3465 2626 3504 se
2659 3458 2970 3507 convertere
3001 3450 3068 3505 ad
3093 3450 3260 3506 Deum
3279 3495 3293 3517 ,
3325 3461 3382 3506 ut
3405 3453 3473 3505 ab

1902 3539 1991 3594 illo
2033 3541 2424 3610 justificentur,
2471 3553 2526 3598 ct
2567 3559 2663 3614 per
2707 3546 2822 3615 ejus
2868 3545 3242 3617 indulgentiam
3282 3547 3472 3603 deletis

1900 3631 2154 3704 omnibus
2191 3633 2419 3702 peccatis
2452 3633 2562 3687 suis
2601 3634 2852 3704 incipiant
2890 3636 2940 3689 in
2987 3637 3078 3690 illo
3102 3638 3279 3691 vivere
3302 3636 3468 3705 juste,

1900 3720 1991 3790 qui
2033 3737 2299 3790 nunquam
2329 3722 2459 3776 vixit
2498 3722 2726 3792 injuste,
2773 3724 2910 3778 hanc
2945 3724 3141 3780 habent
3180 3725 3466 3794 perniciem

1900 3814 2235 3884 cogitationis
2271 3829 2380 3869 suae
2407 3816 2456 3869 in
2487 3817 2726 3886 seipsos,
2760 3825 2816 3871 ut
2841 3817 3018 3872 dicant
3047 3819 3210 3873 Deum
3252 3835 3336 3872 res
3367 3819 3468 3873 hu-

1900 3921 2081 3960 manas
2120 3921 2223 3961 non
2265 3922 2489 3974 curare,
2529 3924 2627 3964 nec
2669 3909 2792 3964 inde
2835 3925 2989 3980 posse
3026 3913 3256 3980 cogitare
3286 3913 3465 3968 mundi

1902 3996 2060 4066 hujus
2083 3998 2339 4052 artificem
2366 4007 2521 4070 atque
2545 4009 2829 4065 rectorem,
2858 4001 3297 4071 quemadmodum
3323 4004 3467 4074 quis-

1898 4103 2002 4157 que
2045 4088 2283 4143 mortalis
2331 4089 2383 4143 in
2431 4099 2567 4144 terra
2607 4090 2767 4144 vivat.
2813 4089 2886 4144 ita
2935 4107 3033 4146 nec
3077 4095 3366 4161 computari
3408 4109 3467 4148 se

1903 4182 2063 4237 homo
2092 4191 2240 4251 putat
2267 4197 2296 4236 a
2325 4182 2432 4236 Deo
2458 4225 2472 4248 ,
2499 4183 2586 4252 qui
2620 4183 2787 4238 factus
2822 4193 2903 4239 est
2926 4198 2955 4238 a
2982 4184 3112 4239 Deo.
3142 4183 3322 4239 Talem
3365 4185 3466 4240 ho-

1899 4275 2094 4330 minem
2122 4275 2166 4330 si
2190 4274 2384 4344 alloqui
2427 4275 2686 4344 possimus
2709 4291 2724 4332 :
2765 4275 2810 4331 si
2839 4275 3084 4330 admittat
3111 4291 3207 4332 nos
3233 4277 3375 4346 prius
3400 4278 3465 4331 ad

1899 4381 2054 4421 aures
2079 4380 2220 4432 suas,
2243 4365 2436 4422 deinde
2459 4367 2522 4421 ad
2548 4382 2642 4422 cor
2669 4382 2859 4434 suum;
2888 4370 2932 4424 si
2958 4383 3061 4424 non
3093 4368 3312 4439 repellat
3333 4372 3466 4426 resi-

1898 4456 2086 4512 stendo
2123 4465 2447 4528 quaerentem
2486 4472 2572 4522 se,
2621 4468 2673 4513 et
2707 4460 2934 4528 patiatur
2962 4460 3199 4530 perditus
3242 4462 3466 4516 inveniri

1897 4562 1994 4614 se;
2026 4563 2306 4619 possumus
2335 4548 2382 4604 ei
2418 4549 2595 4605 dicere
2623 4567 2636 4604 :
2669 4549 2712 4606 O
2738 4550 2930 4616 homo,
2957 4553 3221 4622 quomodo
3249 4561 3300 4609 te
3327 4554 3466 4610 Deus

1898 4639 2096 4696 factum
2125 4656 2231 4696 non
2271 4641 2629 4712 computabit,
2661 4643 2750 4712 qui
2791 4652 2846 4697 ut
2871 4643 3028 4698 ﬁeres
3057 4656 3178 4698 ante
3218 4647 3464 4700 curavit?

1898 4731 2006 4788 Cur
2047 4740 2099 4787 te
2137 4733 2188 4787 in
2229 4733 2416 4789 ordine
2460 4748 2635 4788 rerum
2676 4734 3004 4789 conditarum
3051 4737 3312 4790 numerari
3358 4752 3463 4792 non

1900 4823 2095 4892 putas?
2131 4822 2250 4878 Noli
2279 4823 2496 4878 credere
2516 4822 2536 4854 ³
2559 4823 2824 4889 seductori
2857 4840 2870 4876 :
2901 4824 3072 4894 capilli
3101 4825 3174 4879 tui
3203 4827 3466 4881 numerati

1899 4927 2024 4972 sunt
2048 4917 2311 4972 conditori
2339 4915 2549 4988 (Matth.
2582 4932 2638 4984 ι,
2665 4915 2778 4987 '50).
2807 4916 2919 4972 Hoc
2942 4917 3171 4988 denique
3197 4927 3252 4973 et
3282 4919 3464 4974 Domi-

1898 5022 1998 5061 nus
2025 5008 2076 5061 in
2104 5006 2389 5076 Evangciio
2413 5005 2688 5076 discipulis
2716 5007 2808 5073 ait,
2837 5023 2904 5064 ne
2942 5017 3167 5064 mortem
3192 5009 3460 5074 timerent,

1899 5113 1969 5153 ne
2001 5097 2200 5166 aliquid
2219 5087 2376 5150 suum
2415 5097 2466 5150 in
2497 5106 2668 5153 morte
2696 5099 2983 5168 periturum
3014 5108 3278 5169 putarent.
3305 5098 3381 5152 illi
3411 5101 3462 5152 iu

1900 5198 2072 5244 morte
2093 5188 2159 5242 de
2185 5189 2357 5242 anima
2384 5203 2478 5242 sua
2506 5189 2966 5259 pertimescebant,
2996 5191 3084 5246 ille
3111 5192 3238 5261 ipsis
3265 5193 3466 5246 securi-

1901 5292 2060 5337 tatem
2088 5280 2244 5334 etiam
2267 5279 2332 5334 de
2356 5280 2562 5350 capillis
2588 5280 2763 5336 dabat.
2792 5280 2934 5337 itane
2956 5297 3081 5337 vero
3105 5282 3276 5335 anima
3302 5281 3462 5350 perit,

1901 5373 2051 5444 cujus
2073 5371 2294 5441 capillus
2323 5387 2426 5424 non
2457 5372 2637 5441 perit?
2675 5373 3068 5438 Verumtamen,
3101 5373 3310 5438 fratres,
3342 5373 3464 5442 quia

1902 5463 2212 5521 incredibile
2263 5461 2542 5517 videbatur
2599 5463 2898 5519 hominibus
2943 5463 3083 5534 quod
3126 5464 3464 5534 promittebat

1965 5649 1983 5680 ι
2021 5654 2123 5694 uss.
2149 5642 2391 5706 plerique,
2413 5652 2503 5690 non
2519 5639 2695 5706 meriti,
2719 5639 2803 5689 sed
2827 5637 3040 5704 beneﬁcii
3055 5645 3140 5691 est.

1967 5710 1986 5741 ⁸
2020 5715 2136 5765 vox,
2151 5701 2330 5768 justus,
2354 5705 2493 5752 abest
2514 5713 2542 5750 a
2567 5701 2810 5768 plerisque
2832 5707 2936 5768 uss.

1973 5771 1995 5804 ⁸
2025 5770 2096 5819 sic
2120 5762 2200 5817 sin
2244 5773 2389 5817 ett-‘1'.
2415 5773 2466 5816 At
2489 5762 2616 5825 Mss,
2638 5762 2741 5815 Noti
2761 5764 2947 5815 cedere.
2971 5770 3101 5828 Lov.,
3120 5762 3244 5816 Nulli
3259 5762 3423 5816 crede.
