4026 6202
477 358 610 414 tm
1324 361 1338 374 ‘
1693 345 1747 401 S-

477 471 634 531 Deus,
677 485 740 524 ex
784 469 880 521 hac
908 461 1226 520 mortalitate
1252 501 1266 524 .
1309 461 1646 527 corruptione
1669 500 1683 524 ,
1709 457 2027 527 abjectione,

473 562 796 621 iulirmitate.
826 557 1043 629 pulvere
1060 563 1122 609 'et
1145 555 1324 608 cinere
1351 554 1549 605 futuros
1585 550 1826 604 homines
1849 564 2030 619 mqua-

475 655 552 705 les
575 650 786 719 Angelis
815 648 904 701 Dei
932 663 946 709 ;
976 662 1080 699 non
1105 645 1273 699 snlutn
1297 643 1626 711 Scripturam
1655 657 1772 695 cum
1805 641 2031 694 homini-

473 742 568 795 bus
600 741 718 794 fecit
740 781 754 804 ,
794 745 850 791 ut
883 737 1199 794 crederent;
1243 733 1333 787 sed
1374 733 1531 787 etiam
1560 731 1678 786 iidei
1720 746 1827 785 sum
1858 731 2032 800 posuit

474 832 834 892 mediatorem,
880 844 982 881 non
1011 825 1298 896 quemlibet
1344 825 1630 894 principem
1657 865 1670 887 ,
1717 832 1806 876 aut
1845 839 2029 890 quem-

474 925 594 977 libet
629 924 867 991 angelum
895 923 978 975 vel
1009 918 1414 988 archangelum,
1441 915 1531 970 sed
1561 917 1768 970 unicum
1796 915 1983 968 Filium
2013 933 2027 968 :

473 1024 527 1067 ut
564 1029 663 1082 qua
707 1014 789 1066 via
842 1027 936 1066 nos
983 1009 1331 1080 perducturus
1381 1016 1523 1062 esset
1565 1006 1628 1060 ad
1681 1007 1823 1060 illum
1871 1007 2028 1060 linem

442 1089 623 1175 'qucm
671 1105 948 1174 promisit,
1004 1120 1096 1174 per
1152 1121 1270 1158 eum
1312 1103 1480 1173 ipsmn
1527 1103 1714 1157 Filium
1772 1117 1924 1156 suum
1977 1089 2056 1156 eti

469 1196 770 1248 ottcnderet
791 1203 843 1248 et
869 1194 1144 1261 prmbcret.
1187 1194 1377 1247 Parum
1409 1194 1547 1246 enim
1585 1201 1697 1246 crat
1722 1192 1831 1246 Deo
1856 1191 1899 1245 si
1938 1190 2028 1246 Fio

470 1289 596 1342 lium
625 1303 774 1341 suum
810 1288 1002 1340 faceret
1027 1288 1500 1340 dentonstratorcm
1528 1286 1662 1351 vite;
1703 1300 1820 1339 eum
1857 1284 2029 1354 ipsum

470 1379 604 1431 viam
633 1379 772 1443 fecit,
815 1388 871 1431 ut
911 1395 1004 1448 per
1033 1379 1177 1432 illum
1210 1378 1313 1432 ires
1341 1388 1609 1447 regentem
1647 1387 1718 1444 te,
1759 1376 2031 1432 ambulan-

472 1481 575 1524 tem
609 1457 702 1538 per
726 1485 805 1524 se.

541 1563 592 1616 5.
635 1561 880 1615 Promisit
903 1576 1030 1627 ergo
1065 1560 1182 1630 quia
1212 1559 1418 1614 venturi
1443 1574 1678 1615 essemus
1709 1558 1774 1613 ad
1805 1573 1947 1624 eum,
1975 1558 2028 1613 id

467 1662 550 1708 est
577 1653 638 1706 ad
665 1653 802 1705 illam
831 1651 1147 1706 ineffabilem
1177 1651 1646 1716 immortalitatem,
1681 1660 1735 1705 et
1761 1667 1882 1706 cum
1917 1652 2028 1705 An-

466 1745 602 1814 gelis
627 1744 740 1812 ejus
770 1743 1140 1812 aiqualitatem.
1189 1742 1354 1809 Quam
1398 1743 1548 1811 longe
1589 1742 1836 1796 eramus?
1874 1757 2030 1811 quam

469 1835 554 1888 ille
580 1849 808 1896 sursum,
835 1848 987 1902 quam
1017 1848 1111 1887 nos
1132 1831 1416 1888 deorsum?
1442 1847 1596 1901 quam
1615 1832 1702 1886 ille
1723 1831 1773 1886 in
1799 1846 2028 1899 summo,

467 1944 622 1993 eumn
656 1943 750 1979 nos
780 1927 830 1979 in
859 1927 963 1979 imo
1002 1925 1264 1994 desperati
1307 1924 1648 1994 jacebamus?
1687 1923 1814 1978 Sine
1837 1938 2028 1992 exspe-

467 2017 695 2069 ctatione
724 2015 906 2068 salutis
948 2015 1376 2084 :rgrotabamns:
1415 2015 1606 2067 missus
1649 2022 1732 2068 est
1774 2013 2028 2077 medicus,

469 2124 625 2178 quem
669 2124 770 2162 non
799 2108 1037 2177 cognovit
1069 2115 1315 2177 :rgrotus.
1364 2105 1420 2160 Si
1455 2107 1593 2160 enim
1638 2105 2028 2173 cognovissent,

468 2215 729 2267 numquam
763 2198 1037 2251 Dominum
1051 2190 1233 2267 gloria:
1249 2198 1633 2252 crucilixisscnt
1661 2182 1702 2270 (l
1728 2197 1844 2252 Cor.
1869 2213 1925 2262 ll,
1947 2195 2026 2268 8).

464 2288 565 2342 Sed
596 2289 694 2341 hoe
719 2303 927 2358 quoque
948 2289 1106 2340 valuit
1122 2288 1184 2340 ad
1203 2288 1383 2358 a’groti
1407 2289 1868 2352 medicamentum,
1887 2287 2029 2358 quod

469 2379 726 2430 medicum
768 2377 959 2431 occidit
988 2388 1248 2447 argrotus:
1277 2378 1417 2432 venit
1448 2388 1498 2431 ut
1529 2378 1785 2442 visitaret,
1825 2378 2030 2433 occisus

467 2476 547 2521 est
574 2476 628 2520 ut
656 2478 882 2521 sanaret.
919 2467 1202 2521 lnshmavit
1229 2482 1284 2520 se
1313 2467 1647 2522 credentibus
1677 2467 1841 2522 Demn
1863 2479 1914 2522 et
1937 2468 2031 2521 ho-

467 2560 692 2622 minem;
736 2559 898 2613 Deum
945 2574 1036 2627 per
1077 2575 1231 2628 quem
1262 2559 1381 2613 facti
1412 2574 1610 2625 sumus,
1642 2560 1906 2614 hominem
1937 2575 2031 2628 per

466 2668 623 2722 quem
651 2651 868 2706 recreati
898 2666 1098 2704 sumus.
1144 2651 1297 2705 Aliud
1343 2652 1394 2704 in
1427 2652 1516 2704 illo
1543 2653 1858 2720 apparebat;
1887 2651 2028 2705 aliud

468 2743 685 2802 latebat;
711 2749 765 2796 ct
788 2741 924 2811 quod
952 2741 1164 2806 latebat,
1200 2741 1362 2794 multo
1382 2751 1494 2795 erat
1521 2745 1852 2812 prmstantlus
1871 2757 2026 2811 quam

467 2833 516 2885 id
543 2831 678 2902 quod
702 2832 984 2901 apparebat
1006 2849 1020 2886 :
1043 2832 1135 2885 sed
1160 2831 1297 2901 quod
1321 2842 1432 2886 erat
1461 2833 1817 2902 praestantius,
1859 2832 2028 2888 videri

469 2941 572 2978 non
601 2933 825 2994 poterat.
855 2923 1146 2978 Curabatur
1173 2939 1312 2994 a‘ger
1331 2939 1425 2994 per
1447 2924 1497 2978 id
1525 2923 1664 2994 quod
1689 2924 1854 2979 videri
1883 2935 2029 2994 pote-

469 3026 576 3078 rat;
611 3026 667 3071 ut
695 3028 871 3086 postea
902 3034 1063 3087 capax
1094 3015 1241 3072 licret
1269 3017 1485 3071 visionis
1518 3017 1656 3086 ejus,
1680 3033 1796 3086 qua:
1819 3017 2030 3072 latendo

469 3111 826 3176 dill‘erebatnr,
862 3125 963 3164 nou
994 3109 1229 3179 negando
1257 3109 1608 3164 auferebatur.
1633 3107 1830 3164 Unicus
1855 3109 2030 3179 itaque

468 3201 630 3256 Filius
661 3201 750 3256 Dei
776 3209 1027 3256 venturus
1054 3201 1119 3254 ad
1161 3201 1423 3265 homines,
1454 3209 1815 3270 assu’mpturus
1853 3201 2024 3258 homi-

465 3307 607 3356 nem,
638 3301 690 3345 et
731 3307 823 3360 per
847 3290 896 3344 id
923 3289 1062 3360 quod
1092 3292 1318 3360 sumpsit
1357 3290 1559 3344 futurus
1588 3291 1767 3355 homo,
1810 3293 2030 3346 moritu-

468 3397 576 3446 rus,
604 3389 1016 3444 resurrecturus,
1039 3394 1355 3434 ascensurus
1384 3380 1433 3433 in
1462 3380 1672 3444 caelum,
1706 3396 1948 3438 sessurus
1963 3384 2027 3438 ad

468 3471 738 3526 dexteram
768 3471 959 3537 Patris,
987 3479 1040 3525 et
1067 3472 1374 3542 impleturus
1413 3473 1464 3525 in
1491 3473 1731 3541 gentibus
1755 3490 1872 3544 qum
1903 3491 2027 3545 pro-

466 3563 630 3628 miSit,
660 3571 712 3618 et
740 3571 858 3634 post
901 3562 1256 3631 impletionem
1301 3563 1680 3632 promissorum
1719 3580 1932 3620 suorum
1977 3568 2027 3622 in

467 3655 714 3726 gentibus
736 3656 891 3709 etiam
921 3655 1018 3709 hoc
1043 3655 1350 3724 impleturus
1367 3663 1420 3709 ut
1437 3656 1631 3721 veniat,
1659 3664 1712 3711 et
1735 3657 1874 3726 quod
1897 3673 2029 3726 pra:-

468 3749 670 3816 rogavit
693 3749 881 3816 exigat,
911 3747 1176 3800 discernat
1215 3760 1338 3800 vasa
1377 3747 1468 3801 iraa
1505 3761 1534 3800 a
1560 3747 1697 3800 vasis
1728 3748 2030 3802 misericor-

465 3837 585 3902 ἀίω,
614 3837 798 3892 reddat
825 3837 998 3906 impiis
1024 3835 1161 3906 quod
1187 3837 1414 3891 minatus
1440 3845 1542 3903 est,
1569 3837 1725 3906 justis
1749 3839 1886 3908 quod
1917 3839 2024 3907 pol-

468 3929 637 3982 licitus
665 3935 779 3983 est:
805 3928 905 3982 hoe
927 3943 1053 3998 ergo
1083 3930 1263 3982 totum
1287 3919 1702 3997 prophetandum
1733 3927 1850 3994 l'uit,
1888 3945 2028 4000 prac-

467 4020 808 4074 nuntiandum
839 4017 953 4084 fuit,
997 4029 1274 4073 venturum
1319 4017 1791 4074 commemlandum
1823 4018 1946 4085 fuit;
1975 4029 2028 4073 ut

466 4127 572 4166 non
601 4112 775 4167 subito
819 4112 1034 4166 veniens
1059 4111 1382 4177 horreretur,
1422 4112 1515 4167 sed
1544 4113 1803 4167 creditum
1833 4130 2024 4184 exspe-

466 4215 714 4260 ctaretur.
747 4205 826 4260 Ex
853 4205 932 4260 his
955 4203 1388 4274 promissionibus
1416 4212 1497 4259 est
1522 4205 1755 4274 psalmus
1782 4205 1898 4272 iste,
1920 4206 2024 4260 Do-

469 4297 664 4350 minum
694 4307 747 4350 et
775 4296 1085 4349 Salvatorem
1117 4302 1350 4348 nostrum
1381 4295 1561 4349 Jesum
1587 4294 1853 4350 Christum
1883 4307 2028 4350 certe

469 4397 751 4456 aperteque
781 4386 1130 4454 prephetans;
1159 4393 1214 4438 ut
1241 4385 1457 4438 omnino
1485 4385 1727 4440 dubitare
1756 4401 1860 4439 non
1908 4401 2027 4455 pos-

467 4477 630 4530 simus
655 4473 918 4529 Christum
958 4476 1253 4528 annuntiari
1281 4475 1480 4544 psalmo
1510 4475 1609 4529 hoc
1643 4494 1657 4530 :
1703 4474 2028 4545 quandoqui-

467 4567 586 4620 dem
627 4566 895 4621 christiani
936 4581 1136 4632 sumus,
1177 4577 1230 4621 et
1259 4565 1544 4637 Evangelia
1581 4566 1690 4634 jam
1739 4565 2024 4620 credimus.

470 4657 598 4712 Nam
625 4673 743 4712 cum
774 4659 885 4727 ipse
917 4657 1166 4711 Dominus
1183 4667 1361 4711 noster
1379 4667 1430 4712 et
1449 4657 1676 4710 salvator
1697 4655 1850 4710 Jesus
1879 4656 2027 4709 Chri-

467 4756 583 4802 stus
610 4757 867 4816 quaereret
904 4762 932 4801 a
975 4745 1191 4812 Judacis,
1223 4747 1375 4815 cujus
1417 4746 1580 4799 tilium
1627 4745 1862 4799 dicerent
1907 4760 2028 4799 esse

467 4837 761 4901 Christum,
795 4845 847 4891 et
876 4837 1292 4906 respondissent,
1327 4836 1524 4900 David;
1553 4835 1638 4890 ille
1661 4837 1912 4890 continuo
1941 4852 2026 4888 re-

467 4931 588 4984 tulit
619 4929 1078 5000 respondentibus,
1112 4938 1168 4985 et
1208 4931 1312 4982 ait:
1349 4947 1365 4983 ι
1395 4927 1670 4993 Quomodo
1699 4942 1825 4995 ergo
1870 4928 2026 4981 David

469 5022 521 5074 in
548 5020 732 5091 spiritu
760 5020 886 5074 dicit
913 5035 1029 5074 eum
1059 5020 1356 5080 Dominum,
1380 5018 1583 5080 dicens,
1613 5017 1750 5086 Dixit
1775 5019 2028 5072 Dominus

471 5113 693 5167 Domino
722 5127 859 5175 meo,
884 5110 1020 5166 Sede
1047 5111 1110 5164 ad
1141 5109 1411 5165 dexteram
1437 5123 1630 5175 meam,
1653 5109 1822 5165 donec
1840 5126 2026 5180 ponam

468 5205 708 5258 inimicos
739 5215 855 5258 tuos
884 5202 980 5256 sub
1013 5198 1228 5270 pedibus
1275 5200 1410 5255 tuis?
1453 5200 1507 5256 Si
1537 5215 1662 5271 ergo
1691 5201 1740 5254 in
1771 5202 1976 5271 spiritu,
2003 5222 2023 5253 ν

471 5294 656 5363 inquit,
670 5303 850 5347 «vocat
869 5307 987 5347 eum
1010 5291 1307 5357 Dominum,
1322 5290 1585 5360 quomodo
1612 5291 1746 5345 tilius
1771 5294 1884 5359 ejus
1902 5303 1982 5347 est
2005 5313 2022 5342 ι

467 5383 694 5443 (Matt/1.
742 5399 868 5451 χιιι,
922 5380 1164 5452 42-45)?
1209 5382 1288 5436 Ab
1325 5381 1424 5437 hoc
1459 5397 1610 5438 versu
1657 5383 1890 5453 psalmus
1934 5387 2030 5438 isne

473 5476 670 5544 incipit.

543 5566 593 5618 4.
645 5565 792 5638 [vcrs.
851 5566 927 5640 1.]
968 5566 1106 5623 Dixit
1149 5565 1394 5621 Dentium
1425 5565 1639 5622 Domino
1683 5584 1808 5632 meo,
1841 5567 1972 5622 Sede
1999 5585 2030 5620 a

470 5653 659 5707 dextris
686 5658 823 5721 meis,
855 5659 1010 5712 donrc
1038 5675 1218 5728 ponam
1255 5657 1481 5712 inimicos
1508 5666 1618 5713 tuos
1642 5657 1908 5712 scabellum
1939 5675 2028 5727 pc-

463 5745 590 5797 dum
615 5753 828 5800 tuorum.
859 5749 1001 5804 lianc
1029 5767 1152 5820 ergo
1181 5751 1522 5821 qua-stionem
1559 5749 1754 5804 Judzcis
1783 5751 2024 5820 proposi-

1789 343 2144 401 AUCUSTINI
2187 344 2477 401 EPISCOPI

3570 351 3698 408 1M8

2138 467 2241 510 tam
2275 473 2302 510 a
2329 459 2569 522 Domino,
2613 458 2665 514 in
2715 460 2830 532 ipso
2873 461 3110 533 ingressu
3157 463 3348 518 Psalmi
3378 475 3698 535 pertractare

2135 547 2407 602 debemus.
2440 551 2493 604 Si
2522 551 2660 604 enim
2692 553 2830 621 quod
2860 557 3243 623 responderunt
3266 556 3435 611 Judaei
3460 560 3694 630 exigatur

2135 655 2163 692 a
2192 641 2360 703 nobis,
2385 652 2555 696 utrum
2574 647 2917 700 eontiteamur
2945 655 2997 701 et
3027 663 3142 712 nos,
3171 664 3234 701 an
3257 665 3535 717 negemus;
3563 652 3697 708 absit

2137 741 2192 785 ut
2213 748 2483 802 negemus.
2533 735 2588 789 Si
2627 737 2831 791 dicatur
2859 739 3031 804 nobis,
3055 739 3290 795 Christus
3324 742 3460 797 tilius
3481 753 3563 797 est
3595 746 3696 798 Da-

2134 821 2240 885 vid,
2265 838 2437 878 annon
2459 825 2574 879 est?
2594 827 2636 879 si
2653 826 2942 882 dixerimus
2958 845 3082 893 non,
3102 833 3511 888 contradicimus
3536 835 3698 890 Evan-

2134 913 2542 985 gelio;namqne
2562 916 2808 971 Mattiaco
2834 919 3119 985 scribente,
3150 922 3228 974 Sic
3256 921 3434 990 incipit
3463 926 3695 996 Evange-

2134 1002 2293 1056 lium:
2319 1004 2464 1058 Liber
2487 1007 2950 1075 generationisJesu
2973 1010 3152 1063 Christi
3183 1012 3276 1077 ﬁlii
3298 1011 3461 1074 David
3489 1014 3698 1086 (Matt/1.

2136 1106 2173 1156 ι,
2195 1092 2270 1160 1).
2299 1093 2629 1164 Evangelista
2651 1095 2779 1150 dicit
2796 1097 2984 1151 librum
3010 1114 3066 1153 se
3091 1101 3322 1156 scribere
3347 1106 3699 1172 generationis

2133 1182 2256 1237 Jesu
2286 1183 2504 1252 Christi,
2535 1187 2624 1240 tilii
2649 1187 2829 1241 David.
2861 1188 3023 1245 Recte
3053 1205 3178 1261 ergo
3200 1191 3364 1248 Jud:ei
3395 1195 3699 1268 interrogati

2133 1289 2162 1328 a
2186 1275 2416 1344 Christo,
2447 1279 2598 1348 cujus
2621 1294 2738 1334 esse
2769 1281 2932 1336 lilium
2973 1283 3254 1338 crederent
3291 1285 3579 1354 Christum,
3609 1305 3700 1344 rc-

2133 1368 2477 1435 sponderunt,
2505 1369 2683 1424 David.
2705 1371 3054 1443 Responsioni
3073 1390 3252 1428 eorum
3274 1381 3514 1447 congruit
3535 1381 3700 1435 Evan-

2133 1460 2349 1527 gelium.
2377 1460 2547 1516 Habet
2577 1463 2674 1518 hoc
2701 1480 2802 1519 non
2821 1467 2991 1520 solum
3009 1469 3238 1537 suspicio
3259 1469 3581 1536 .ludaeorum,
3601 1472 3700 1528 sed

2133 1561 2186 1603 ct
2221 1551 2348 1605 fides
2374 1550 2816 1609 Christianorum.
2844 1556 3029 1611 Adhuc
3055 1559 3157 1612 alia
3197 1559 3526 1615 ﬁrmamenta
3564 1577 3698 1616 con-

2135 1641 2320 1710 spicio.
2345 1641 2476 1696 Dicit
2501 1645 2801 1712 Apostolus,
2829 1645 2929 1713 Qui
2949 1650 3113 1718 factus
3138 1660 3206 1704 est
3233 1652 3276 1704 ei
3303 1667 3364 1704 ea:
3389 1654 3576 1706 semine
3595 1653 3700 1706 Da-

2133 1733 2215 1786 vid
2244 1734 2512 1787 secundum
2539 1751 2736 1790 carnem
2763 1738 2934 1808 (Rom.
2965 1755 3000 1805 t,
3031 1739 3086 1811 3)
3108 1758 3121 1794 2
3143 1741 3272 1796 dicit
3299 1744 3456 1798 etiam
3503 1744 3569 1798 ad
3605 1745 3700 1798 Tia

2135 1824 2425 1888 mothcum,
2469 1823 2666 1880 Memor
2689 1837 2792 1880 esto
2818 1826 3068 1882 Christum
3109 1828 3284 1884 Jesum
3319 1834 3644 1886 resurrexisse
3669 1850 3702 1887 α

2135 1915 2341 1968 mortuis
2366 1932 2427 1969 ea:
2453 1913 2638 1970 semine
2665 1917 2848 1981 David,
2877 1920 3150 1973 secundum
3178 1923 3485 1994 wangelium
3510 1941 3696 1978 meum.

2135 2005 2201 2058 Et
2226 2005 2292 2060 de
2331 2006 2446 2075 ipso
2470 2009 2743 2078 evangelio
2771 2010 2896 2080 quid
2935 2011 3094 2066 dicit?
3123 2012 3188 2066 In
3217 2031 3314 2077 quo
3352 2015 3522 2070 laboro
3548 2033 3703 2088 usque

2133 2097 2201 2149 ad
2229 2098 2442 2165 vincula,
2475 2109 2711 2169 tanquam
2753 2103 3104 2172 malefaciens;
3147 2105 3237 2158 sed
3279 2123 3438 2160 sermo
3469 2107 3564 2160 Dei
3599 2126 3702 2163 non

2135 2198 2204 2241 est
2229 2189 2464 2258 alligatus
2488 2191 2557 2259 (Il
2598 2189 2732 2244 Tim.
2781 2208 2838 2255 ll,
2869 2194 2923 2258 8,
2951 2193 3026 2262 9).
3051 2195 3349 2250 Lahorabat
3379 2214 3506 2268 ergo
3535 2215 3703 2269 usque

2133 2279 2198 2332 ad
2229 2281 2434 2334 vincula
2478 2283 2761 2350 Apostolus
2789 2299 2883 2353 pro
2913 2287 3188 2353 evangelio
3218 2302 3334 2350 suo.
3376 2288 3425 2342 id
3474 2298 3557 2343 est
3603 2307 3702 2358 pro

2131 2369 2527 2438 dispensatione
2553 2367 2872 2442 evangelica,
2915 2391 3071 2445 quam
3119 2379 3326 2447 populis
3355 2381 3697 2449 prmdicabat,

2131 2474 2288 2528 quam
2333 2461 2539 2530 pepulis
2569 2463 2938 2533 impendebat:
2973 2467 3062 2522 ille
3101 2469 3190 2537 qui
3231 2483 3385 2525 mane
3431 2484 3700 2541 rapuerat,

2128 2565 2280 2604 escas
2299 2551 2364 2604 ad
2386 2567 2660 2622 vesperum
2683 2554 2948 2611 dividebat
2970 2557 3120 2626 (Gen.
3153 2575 3291 2624 ms,
3321 2560 3436 2630 27).
3469 2561 3705 2618 Labora-

2134 2643 2224 2696 bat
2247 2659 2373 2712 ergo
2396 2660 2562 2714 usque
2585 2645 2651 2700 ad
2695 2649 2906 2703 vincula
2945 2663 3042 2718 pro
3079 2653 3368 2721 evangelio.
3397 2653 3512 2720 Quo
3540 2670 3705 2711 evan-

2131 2735 2269 2806 gelio
2289 2736 2348 2790 ‘i
2375 2736 2626 2793 Christum
2649 2738 2824 2794 Je‘sum
2861 2744 3186 2796 resurrexisse
3209 2761 3240 2796 a
3269 2745 3495 2809 mortuis,
3523 2764 3587 2801 ea:
3623 2765 3705 2802 se-

2133 2829 2266 2882 mine
2285 2828 2472 2885 David.
2503 2831 2604 2885 Pro
2634 2831 2732 2887 hoc
2757 2835 3032 2904 evangelio
3069 2837 3352 2904 Apostolus
3387 2839 3699 2896 laborabat:

2131 2928 2184 2972 et
2207 2926 2380 2975 tamen
2409 2921 2476 2976 de
2506 2921 2604 2976 hoc
2628 2921 2865 2977 Christus
2890 2924 3271 2993 interrogabat;
3296 2937 3350 2981 et
3371 2932 3703 2998 responden-

2134 3009 2274 3066 tibus
2313 3011 2509 3067 Judzeis
2533 3012 2672 3082 quod
2701 3013 3018 3081 praedicabat
3049 3017 3351 3086 Apostolus,
3396 3022 3577 3076 retulit
3608 3039 3703 3078 vo-

2134 3116 2250 3156 cem
2279 3111 2521 3171 tanquam
2565 3102 3014 3168 contradictionis,
3054 3117 3106 3160 et
3132 3107 3240 3162 ait:
3271 3109 3536 3172 Quomodo
3578 3131 3701 3184 ergo

2132 3191 2298 3246 David
2321 3193 2373 3246 in
2395 3194 2574 3261 spiritu
2600 3194 2722 3248 dicit
2747 3212 2856 3248 eum
2879 3196 3184 3254 Dominum?
3209 3209 3263 3254 et
3283 3201 3596 3272 interposuit
3619 3215 3702 3262 te-

2133 3284 2439 3339 stimonium
2462 3284 2529 3340 de
2554 3284 2654 3341 hoc
2672 3287 2894 3356 psalmo,
2916 3288 3053 3343 Dixit
3073 3289 3317 3348 Dominus
3336 3293 3548 3350 Domino
3563 3315 3698 3354 meo.

2134 3373 2196 3428 Si
2220 3391 2336 3446 ergo
2362 3375 2412 3428 in
2437 3375 2618 3444 spiritu
2644 3377 2761 3430 dicit
2804 3395 2917 3431 eum
2960 3378 3249 3450 Dominum,
3280 3387 3528 3453 quomodo
3556 3389 3700 3457 ﬁlius

2132 3474 2203 3519 est
2221 3466 2367 3536 ejus?
2389 3466 2553 3522 Judaei
2575 3469 2672 3523 sub
2688 3469 2785 3524 hac
2801 3470 3212 3542 interrogatione
3239 3487 3544 3544 tacuerunt;
3566 3481 3701 3549 quid

2133 3557 2509 3626 responderent
2528 3557 2778 3629 deinceps
2807 3575 2912 3614 non
2943 3562 3286 3618 invenerunt:
3313 3581 3410 3622 nec
3447 3583 3568 3623 eum
3612 3581 3700 3624 ta-

2132 3663 2251 3700 men
2289 3647 2563 3702 Dominum
2593 3651 2929 3720 quzcsierunt,
2959 3653 3080 3722 quia
3099 3661 3156 3708 et
3195 3653 3363 3724 ipsum
3390 3672 3509 3713 esse
3546 3659 3699 3715 illum

2135 3738 2300 3792 tilium
2323 3738 2479 3792 l‘avid
2504 3737 2606 3794 non
2641 3753 2984 3810 agnoverunt.
3009 3742 3118 3798 Nos
3137 3753 3333 3811 autem,
3359 3747 3702 3812 fratres.cre-

2131 3827 2339 3895 damus,
2364 3838 2415 3884 et
2433 3829 2670 3884 dicamus
2695 3848 2708 3884 :
2733 3831 2895 3886 corde
2914 3832 3053 3886 enim
3077 3834 3309 3890 creditur
3329 3837 3393 3891 ad
3411 3837 3696 3906 justitiam;

2130 3935 2223 3975 ore
2242 3932 2415 3976 autem
2437 3921 2701 3977 confessio
2725 3924 2782 3977 tit
2806 3923 2870 3977 ad
2897 3923 3118 3980 salutem
3145 3927 3316 3992 (Rom.
3351 3944 3404 3994 ι,
3432 3929 3522 3998 l0)
3541 3948 3554 3984 :
3577 3945 3701 3986 cre-

2129 4012 2336 4077 damus,
2363 4013 2598 4082 inquam,
2622 4023 2676 4069 et
2701 4015 2936 4071 dicamus
2965 4026 3018 4072 ct
3055 4019 3216 4073 lilium
3243 4020 3423 4085 David,
3444 4031 3498 4076 et
3517 4023 3701 4078 Domi-

2131 4118 2256 4157 num
2277 4103 2456 4156 David.
2480 4103 2593 4158 Non
2613 4105 2988 4162 erubescamus
3009 4109 3074 4162 de
3097 4110 3201 4164 lilio
3225 4110 3406 4174 David,
3423 4127 3490 4167 ne
3505 4112 3697 4167 iratum

2131 4193 2459 4249 inveniamus
2483 4195 2758 4250 Dominum
2786 4195 2967 4251 David.

2185 4285 2254 4338 '5.
2296 4283 2406 4338 lloc
2430 4285 2568 4339 enim
2598 4287 2810 4341 nomine
2840 4287 2984 4341 illum
3017 4294 3310 4348 rectissume
3333 4303 3694 4353 transeuntem

2129 4376 2456 4446 appellantes
2499 4377 2667 4442 caici,
2715 4377 2994 4434 illuminari
3039 4395 3364 4439 meruerunt.
3411 4387 3698 4445 Trausibat

2129 4471 2269 4522 enim
2299 4468 2476 4532 Jcsus,
2515 4477 2568 4523 et
2596 4470 2666 4522 illi
2693 4469 2875 4525 audito
2921 4475 3092 4528 sonitu
3143 4483 3461 4532 transeuntis
3502 4481 3694 4548 turbzv,

2129 4574 2255 4612 aure
2276 4556 2383 4628 jam
2408 4569 2787 4628 cognoscentes
2808 4563 2948 4631 quod
2978 4566 3210 4620 noiidnm
3235 4578 3476 4637 poterant
3501 4572 3694 4637 oculis,

2130 4651 2554 4705 acclamaverunt
2579 4668 2706 4706 voce
2735 4668 2944 4724 magna,
2969 4667 3020 4710 et
3044 4657 3319 4713 dixerunt:
3343 4660 3583 4716 Miserere
3600 4681 3666 4717 no
3682 4693 3700 4705 ο

2128 4743 2238 4806 stri,
2265 4743 2337 4810 [ili
2385 4742 2567 4798 David.
2596 4743 2784 4800 Turba:
2807 4757 2982 4803 autem
3012 4751 3130 4804 illos
3153 4753 3512 4822 increpabant,
3539 4765 3595 4809 ut
3619 4767 3700 4809 ta-

2130 4845 2342 4889 cerent:
2371 4845 2424 4889 et
2449 4836 2522 4890 illi
2552 4835 2909 4905 nihilominus,
2934 4841 3064 4895 lucis
3089 4842 3375 4912 desiderio,
3421 4848 3699 4903 turbarum

2128 4927 2600 4984 contradictionem
2644 4931 2939 4998 vincentes,
2986 4933 3037 4987 in
3068 4934 3346 4991 clamando
3386 4953 3702 5009 persevera-

2133 5031 2352 5086 vcrunt;
2385 5034 2738 5078 transeuntem
2773 5035 3072 5090 tenuerunt;
3103 5039 3155 5083 et
3181 5045 3210 5083 a
3239 5039 3485 5101 tangente
3505 5032 3705 5088 illumi-

2133 5115 2244 5167 nari
2271 5124 2595 5168 mernerunt.
2623 5115 2874 5170 Dicebant
2915 5119 3057 5173 enim
3103 5124 3393 5176 transeunti
3422 5141 3434 5178 :
3462 5123 3708 5180 Miserere

2132 5204 2305 5266 nostri,
2335 5204 2411 5270 fili
2467 5203 2646 5258 David.
2684 5206 2837 5260 Stetit
2882 5209 2988 5274 ille,
3033 5221 3084 5264 et
3110 5211 3246 5265 victo
3271 5213 3338 5264 ab
3362 5215 3439 5268 eis
3467 5217 3706 5270 clamore

2131 5293 2602 5348 Contradicentium
2632 5313 2643 5348 :
2673 5295 2826 5362 Quid,
2859 5299 3044 5368 inquit,
3072 5300 3220 5355 vultis
3239 5313 3293 5355 ut
3317 5304 3499 5371 [ariam
3526 5306 3705 5360 vobis?

2135 5386 2200 5439 Et
2222 5386 2318 5451 illi,
2339 5384 2576 5450 Domine,
2602 5397 2654 5439 ut
2679 5387 2951 5442 videamus.
2975 5390 3164 5461 Tetigit
3191 5403 3245 5447 et
3278 5395 3484 5464 aperuit
3514 5397 3703 5449 oculos

2132 5491 2350 5540 eorum;
2379 5475 2618 5530 viderunt
2654 5487 2987 5545 prmseutem,
3021 5496 3178 5550 quem
3217 5493 3493 5539 senserant
3527 5495 3708 5541 trans~

2134 5579 2346 5624 euntem
2369 5567 2578 5638 (Matth.
2604 5585 2691 5634 sx,
2713 5569 2912 5640 2905i).
2947 5572 3154 5644 Aliquid
3182 5591 3308 5646 ergo
3337 5579 3705 5634 transitorium

2133 5701 2240 5810 us;
2250 5699 2377 5760 add,
2412 5712 2505 5763 quo
2537 5701 2782 5765 Ermtgctio
2803 5702 3114 5764 prtrdicabat.
3155 5707 3314 5769 Abest,
3335 5709 3657 5774 prmi-itabat,
3682 5728 3709 5765 a
