4026 6202
271 370 392 423 Hi9

266 484 498 540 Dominus
516 480 636 536 fecit
657 497 670 533 :
695 488 773 535 est
790 487 966 533 autem
989 475 1131 531 aliud
1153 475 1291 545 quod
1310 483 1431 527 stat.
1452 471 1608 526 Aliud
1629 478 1730 531 est,
1747 469 1818 522 in-

262 593 424 646 quam,
439 573 794 628 transitorium
813 567 1185 632 Domini,aliud
1200 565 1388 620 stabile
1401 561 1822 618 Domini.’l‘raus-

262 668 455 721 itoriutn
486 664 716 727 Domini,
747 662 974 731 Virginis
994 657 1356 730 partus,Verbi
1377 653 1824 716 incarnatio,:eta-

262 771 345 813 tun
392 756 639 825 .‘_t‘3dtlli0,
665 755 1041 809 miraculorum
1075 751 1349 814 exhibitio,
1371 747 1672 818 passionuin
1704 760 1823 814 pcr-

261 861 440 918 pessm,
459 859 620 908 mors,
640 843 979 907 resurrectio,
1012 840 1252 895 ascensio
1272 840 1322 892 in
1351 838 1542 892 etelum
1570 854 1582 890 :
1614 836 1712 888 hoe
1744 843 1823 887 to-

262 949 360 991 tum
389 935 737 991 transitorium
764 933 878 986 fuit.
906 931 1020 985 Non
1045 931 1183 986 enim
1205 928 1375 984 adhuc
1389 927 1632 982 Christus
1652 923 1823 977 nasci-

262 1040 356 1095 tur,
386 1038 472 1082 aut
492 1026 668 1081 adhuc
709 1025 952 1086 moritur,
986 1021 1262 1076 autadhuc
1280 1014 1821 1088 resurgit,autadhue

258 1119 479 1175 ascendit
492 1120 541 1172 in
558 1119 774 1172 coelum.
788 1115 973 1171 Nonne
990 1114 1177 1168 videtis
1194 1114 1287 1166 ista
1303 1110 1456 1175 facta,
1474 1125 1568 1190 per
1585 1117 1821 1176 tempora

260 1212 560 1272 cucurrisse,
597 1225 692 1278 per
724 1219 964 1277 tempora
993 1204 1297 1259 exhibuisse
1335 1201 1628 1256 viatoribus
1668 1197 1824 1268 quid-

259 1302 371 1356 dam
403 1301 775 1365 transitorium,
805 1313 870 1353 ne
899 1302 951 1350 in
981 1297 1066 1350 via
1111 1301 1467 1354 remanerent.
1501 1289 1597 1346 sed
1626 1289 1689 1344 ad
1721 1304 1821 1358 pa.

260 1397 404 1448 triam
434 1391 803 1461 pervenirent?
838 1388 1071 1457 Denique
1097 1396 1152 1441 et
1193 1386 1264 1440 illi
1296 1385 1421 1439 caeci
1452 1382 1519 1436 ad
1566 1383 1703 1435 viam
1730 1396 1820 1434 se-

258 1486 459 1548 debant,
481 1483 549 1538 ibi
573 1492 931 1536 transeuntem
951 1487 1249 1541 senserunt,
1273 1486 1326 1530 et
1345 1473 1620 1530 clamando
1640 1481 1822 1526 tenue-

259 1587 392 1628 runt.
421 1575 474 1627 In
499 1575 578 1626 via
607 1588 736 1642 ergo
780 1571 960 1625 sasculi
995 1570 1149 1637 hujus
1193 1567 1294 1621 hoc
1333 1563 1692 1619 transitorium
1736 1561 1818 1615 sui

260 1665 500 1719 Daumius
529 1672 778 1733 operatus
823 1670 925 1724 est,
968 1669 1022 1714 et
1061 1659 1161 1713 hoc
1199 1655 1559 1712 transitorium
1594 1655 1821 1724 pertinet

257 1757 313 1811 ad
339 1757 503 1810 lilium
539 1755 721 1808 David.
768 1755 893 1808 Ideo
924 1753 997 1808 illi
1044 1750 1268 1806 Domino
1294 1749 1587 1803 transeunti
1615 1765 1627 1800 :
1659 1747 1817 1800 Mise-

257 1864 354 1900 rere
379 1847 550 1909 nostri,
575 1847 653 1914 [ili
693 1843 878 1898 David.
904 1843 1177 1911 Tanquam
1207 1841 1477 1896 dicerent:
1500 1840 1690 1895 Filium
1715 1839 1819 1894 Da-

261 1938 335 1991 vid
365 1938 414 1991 in
444 1947 752 1990 transeunte
777 1937 791 1966 ¹
817 1935 1207 2004 cognoscimus,
1241 1933 1404 1986 ﬁlium
1433 1932 1595 1986 David
1624 1931 1817 1985 factum

263 2029 308 2082 in
333 2029 548 2082 transitu
578 2028 854 2081 discimus.
889 2029 1254 2096 Agnoscamus
1285 2038 1413 2092 ergo
1437 2030 1491 2098 et
1519 2036 1638 2086 nos,
1670 2031 1724 2075 et
1754 2021 1818 2074 li-

261 2119 373 2174 lium
426 2119 590 2173 David
638 2107 1016 2180 couﬁteamur,
1065 2125 1123 2169 ut
1170 2113 1454 2168 illuminari
1496 2127 1815 2167 mereamur.

260 2211 512 2266 Sentimus
550 2211 692 2265 enim
736 2217 1098 2264 transeuntem
1130 2206 1293 2262 tilium
1323 2205 1510 2274 David,
1536 2214 1589 2262 et
1618 2205 1815 2260 illumi-

261 2321 432 2360 namur
454 2320 483 2359 a
510 2303 736 2359 Domino
761 2301 945 2357 David.

317 2397 368 2453 6.
408 2398 546 2452 Ecce
571 2411 698 2466 ergo
722 2395 841 2466 quia
871 2394 1119 2464 Magister
1148 2400 1330 2447 noster
1361 2391 1705 2461 interrogavit
1723 2388 1819 2445 Ju-

259 2489 409 2554 da'os,
451 2498 504 2542 et
548 2487 668 2541 ideo
697 2502 800 2541 non
829 2483 1239 2554 reSponderunt,
1274 2483 1396 2553 quia
1423 2481 1667 2550 discipuli
1699 2495 1819 2536 esse

259 2581 561 2640 noluerunt;
595 2592 722 2632 ecce
749 2577 791 2631 si
825 2591 922 2631 nos
954 2575 1329 2644 interrogaret,
1362 2572 1487 2642 quid
1519 2570 1815 2640 reSponde-

260 2671 454 2723 rcuius‘?
486 2669 798 2722 Deleceruut
825 2668 875 2720 in
905 2667 1002 2720 hac
1031 2664 1446 2734 interrogatione
1472 2661 1663 2728 Judwi,
1696 2676 1820 2730 pro-

260 2763 420 2813 liciaut
447 2759 766 2821 Christiani;
801 2774 904 2812 non
939 2757 1338 2827 perturbentur,
1363 2753 1457 2810 sed
1487 2753 1817 2809 erudiantur.

258 2852 357 2906 Non
397 2853 538 2906 enim
585 2851 838 2904 Dominus
881 2850 1171 2918 interrogat
1218 2846 1427 2901 discere
1467 2844 1681 2908 volens,
1722 2843 1818 2899 led

259 2950 490 3011 tanquam
533 2940 720 2995 doctor
755 2940 1063 3008 interrogat.
1098 2939 1347 2992 Dicerent
1373 2935 1555 2991 miseri
1599 2932 1769 2990 Judaei
1799 2952 1815 2990 :

258 3033 344 3096 Tu,
371 3034 455 3088 dic
481 3033 656 3088 nobis.
686 3032 982 3086 Malueruut
1012 3029 1190 3084 inﬂata
1216 3029 1576 3084 taciturnitate
1596 3027 1820 3081 disrum-

258 3125 322 3194 pi,
349 3139 502 3197 quam
531 3123 719 3178 humili
750 3122 1087 3178 confessione
1113 3121 1347 3178 edoceri.
1392 3122 1539 3176 Dicat
1561 3135 1689 3191 ergo
1719 3135 1820 3174 no-

258 3215 329 3268 bis
370 3215 617 3286 Magister
653 3223 854 3278 noster,
899 3224 954 3269 et
993 3214 1268 3269 videamus
1307 3213 1433 3284 quid
1474 3213 1818 3284 interroganti

256 3306 689 3374 respondeamus:
717 3304 850 3372 Quid
877 3303 1008 3358 vobis
1033 3304 1232 3358 videtur
1246 3303 1307 3357 de
1328 3303 1565 3358 Christo?
1584 3308 1727 3371 cujus
1747 3311 1822 3357 est

255 3395 420 3463 ﬁlius?
448 3393 884 3466 Respondeamus
911 3394 1130 3449 omnino
1168 3394 1310 3464 quod
1339 3393 1529 3458 Judaei,
1579 3394 1672 3448 sed
1715 3410 1820 3448 non

258 3501 615 3541 remaneamus
638 3486 725 3540 ubi
751 3485 940 3541 Judaii.
965 3486 1284 3544 Recolamus
1308 3485 1650 3556 Evangelium
1677 3485 1820 3555 quod

257 3579 537 3634 credimus:
574 3579 730 3634 Liber.
763 3580 1095 3650 generationis
1120 3579 1244 3633 Iesu
1273 3579 1479 3644 Christi,
1511 3580 1604 3646 ﬁlii
1633 3578 1817 3633 David.

258 3670 358 3727 Non
399 3675 518 3744 quia
550 3675 942 3743 iuterrogamur
967 3673 1175 3729 excidat
1215 3672 1366 3727 nobis
1404 3673 1672 3727 Christum
1702 3687 1821 3727 esse

259 3763 408 3818 tilitnn
439 3765 624 3828 David,
653 3764 792 3835 quod
826 3765 1095 3820 memoria:
1125 3764 1464 3819 commendat
1499 3765 1818 3835 Apostolus:

257 3853 361 3916 Eia,
378 3856 686 3920 Christiane,
706 3871 892 3908 memor
907 3864 1007 3909 esto
1027 3852 1281 3910 Christum
1297 3852 1335 3907 Ι
1337 3870 1474 3908 esum
1496 3854 1824 3907 resurrexisse

258 3963 284 3997 ιι
311 3947 530 4011 mortuis,
558 3963 620 4001 ex
641 3947 827 4000 semine
862 3946 1045 4000 David.
1079 3947 1216 4017 Ergo
1247 3946 1634 4016 interrogemur
1655 3955 1708 4001 et
1733 3962 1823 4001 reo

258 4038 636 4103 spondeanms:
666 4037 803 4104 Quid
832 4038 967 4092 vobis
1006 4038 1198 4092 videtur
1226 4039 1289 4091 de
1317 4037 1553 4092 Christo?
1581 4041 1727 4110 cujus
1752 4040 1822 4107 [i-

256 4125 347 4180 lius
369 4129 476 4181 est?
513 4128 697 4182 Dicant
721 4129 1003 4183 concordia
1029 4145 1122 4183 ora
1150 4129 1468 4183 christiana:
1504 4129 1684 4183 David.
1713 4130 1820 4185 Re-

259 4215 381 4271 [erat
410 4228 465 4272 et
494 4219 707 4283 Doctor,
763 4229 816 4274 et
859 4230 1072 4276 revocet
1115 4220 1304 4274 nobis:
1334 4238 1351 4271 ι
1385 4220 1665 4287 Quomodo
1695 4235 1822 4291 ergo

258 4307 412 4363 David
441 4310 492 4363 in
521 4311 707 4379 spiritu
734 4311 860 4365 dicit
899 4326 1021 4365 eum
1051 4311 1368 4365 Dominum?
1398 4311 1540 4366 Dixit
1567 4312 1824 4366 Dominus

259 4401 473 4456 Domino
495 4418 633 4468 meo,
657 4401 794 4458 Sede
821 4403 887 4456 ad
911 4403 1180 4458 dexteram
1211 4419 1404 4468 meam,
1433 4403 1602 4460 donec
1632 4420 1822 4473 ponam

257 4491 490 4548 inimicos
519 4503 634 4549 tuos
660 4495 757 4550 sub
790 4496 1010 4563 pedibus
1037 4496 1161 4549 tuis.
1193 4515 1211 4547 )
1242 4495 1521 4562 Quomodo
1561 4511 1657 4550 nos
1683 4497 1825 4549 dice-

255 4598 450 4649 remus,
482 4585 584 4639 nisi
610 4599 639 4639 a
669 4595 718 4640 te
747 4586 1108 4640 disceremus?
1151 4585 1302 4641 Nunc
1329 4602 1457 4656 ergo
1486 4588 1604 4656 quia
1633 4588 1822 4642 didici-
1867 4649 1873 4653 ,

255 4688 387 4736 mus,
409 4675 669 4730 dicimus:
698 4674 753 4730 ln
786 4676 1041 4746 principio
1064 4691 1182 4732 eras
1221 4677 1473 4743 Verbum,
1508 4688 1560 4733 et
1588 4678 1821 4734 Verbum

257 4781 372 4820 eras
393 4767 534 4836 apud
565 4767 752 4833 Deum,
782 4777 834 4823 et
864 4769 1004 4824 Deus
1048 4784 1168 4824 eras
1196 4770 1462 4837 Verbum;
1504 4771 1681 4831 omnia
1728 4787 1825 4842 per

257 4865 304 4910 te
327 4855 462 4912 facta
489 4866 646 4917 sunt:
670 4873 792 4914 ecce
817 4860 1075 4915 Dominus
1099 4859 1284 4915 David.
1306 4861 1410 4916 Sed
1439 4872 1653 4931 propter
1679 4862 1827 4916 inﬁr-

257 4949 484 5003 mitatem
506 4959 760 5017 nostram,
779 4952 897 5020 quia
912 4966 1040 5006 caro
1056 4950 1330 5021 desperata
1347 4952 1676 5022 jacebamns,
1697 4953 1824 5007 Ver-

258 5038 372 5093 bum
397 5055 524 5095 caro
551 5039 746 5095 factum
773 5057 850 5108 es,
877 5050 932 5096 ut
959 5042 1225 5098 babitares
1253 5044 1305 5098 in
1330 5043 1481 5099 nobis
1506 5043 1678 5114 (Joan.
1711 5059 1749 5108 ι,
1773 5047 1824 5109 t,

258 5128 306 5194 5,
340 5130 461 5201 14):
487 5145 611 5186 ecce
640 5132 777 5187 [ilius
814 5132 1002 5188 David.
1045 5133 1200 5188 Certe
1226 5141 1284 5186 tu
1310 5133 1363 5188 in
1389 5133 1556 5188 forma
1585 5135 1676 5189 Dei
1706 5150 1824 5188 cunt

258 5233 418 5286 esses,
467 5236 574 5276 non
613 5223 852 5298 rapinam
881 5223 1169 5279 arbitratus
1197 5239 1257 5280 es
1283 5240 1403 5281 esse
1429 5227 1645 5296 aequalis
1677 5227 1821 5291 Deo;

259 5307 370 5364 ideo
398 5311 656 5368 Dominus
687 5312 883 5370 David:
910 5313 1002 5369 sed
1030 5315 1366 5383 temetipsum
1416 5315 1696 5370 exinanisti
1720 5316 1826 5369 tor-

259 5414 391 5453 niam
419 5402 560 5456 servi
586 5403 854 5473 accipiens
899 5403 1155 5476 (Philipp.
1197 5421 1251 5472 ιι,
1279 5406 1369 5478 7);
1401 5405 1522 5462 inde
1549 5407 1689 5462 ﬁlius
1720 5408 1826 5461 Da-

259 5491 356 5543 vid.
388 5492 630 5562 Denique
671 5505 726 5549 et
773 5497 825 5550 in
866 5495 980 5568 ipsa
1029 5497 1442 5566 interrogatione
1492 5507 1576 5553 tua
1606 5498 1824 5566 dicens,

257 5582 518 5646 Quomodo
540 5586 677 5654 ﬁlius
696 5587 809 5657 ejus
824 5590 934 5643 est?
960 5603 1064 5643 non
1085 5600 1136 5644 te
1154 5588 1318 5643 ﬁlium
1344 5588 1460 5660 ejus
1486 5591 1708 5661 negasti,
1733 5590 1826 5647 sed

311 5775 334 5814 ⁸
363 5779 444 5832 Sc
463 5790 562 5831 Mss.
589 5783 700 5833 edd.
727 5797 863 5840 vero.
887 5791 1204 5836 inmaenntem
1228 5785 1568 5852 cognoscimus.

462 5874 736 5940 PATROL.
781 5873 1072 5939 XXXVII.

1303 353 1699 414 EN.\llRATIO
1752 349 1815 405 IN
1857 350 2175 407 PSALMUM
2214 353 2350 408 CIX.

3372 365 3510 419 1450

1932 467 2144 520 modmn
2172 484 2277 537 quo
2301 467 2350 521 id
2384 469 2532 522 ﬁeret
2562 469 2843 540 iuquisisti.
2872 471 3003 527 Dicit
3025 491 3159 538 eum,
3188 476 3377 546 inquis,
3407 477 3508 532 Da-

1930 560 2013 612 vid
2045 558 2353 623 Dominum;
2383 561 2648 629 quomodo
2676 564 2813 619 illius
2829 566 2942 634 ejus
2964 569 3076 621 est?
3103 584 3204 623 non
3234 585 3388 639 nego,
3413 571 3507 624 sed

1931 649 2016 703 dic
2041 651 2327 720 quomodo.
2372 651 2446 705 llli
2477 668 2604 722 ergo
2648 670 2711 708 cx
2754 655 2969 711 Litteris
2996 673 3126 728 quas
3156 661 3419 727 legebant,
3451 671 3507 715 et

1931 755 2036 793 non
2069 741 2452 810 iutelligcbant,
2486 743 2530 796 si
2560 743 2609 796 in
2639 744 2733 798 ista
2767 746 3179 817 interrogatione
3202 751 3506 805 recolet-cut

1931 832 2166 891 modum,
2199 827 2374 887 nonne
2418 834 2837 903 responderent:
2864 837 3140 903 Quomodo
3171 840 3505 910 interrogas?

1930 917 2062 974 Ecce
2098 921 2238 990 virgo
2266 923 2473 991 accipiet
2502 924 2553 976 in
2584 933 2744 989 utero,
2787 937 2831 978 et
2869 928 3029 994 pariet
3067 929 3249 997 ﬁlium,
3281 940 3327 982 et
3356 946 3506 984 voca-

1930 1010 2049 1061 bunt
2077 1026 2256 1063 nomen
2302 1012 2411 1081 ejus
2452 1010 2773 1078 Emmanuel,
2821 1016 2954 1085 quod
2990 1027 3060 1071 est
3098 1017 3499 1088 interpretatum,

1931 1098 2211 1154 Nobiscum
2239 1100 2374 1156 Deus
2406 1103 2553 1172 (lsai.
2596 1121 2688 1170 vn,
2719 1106 2813 1171 M;
2848 1107 3031 1162 Matth.
3061 1125 3097 1176 I,
3128 1109 3239 1180 25).
3267 1111 3508 1182 Accipiet

1930 1191 2078 1260 virgo
2105 1195 2154 1246 in
2184 1202 2356 1261 utero,
2381 1197 2530 1266 virgo
2555 1212 2616 1251 ex
2639 1199 2842 1253 semine
2869 1200 3027 1254 David
3053 1204 3218 1270 pariet
3244 1203 3428 1271 ﬁlium,
3449 1216 3507 1260 ut
3580 1242 3588 1249 -

1929 1282 1997 1336 sit
2028 1282 2166 1338 ﬁlius
2195 1285 2356 1340 David
2381 1306 2394 1339 :
2423 1296 2575 1341 erant
2601 1289 2740 1342 enim
2768 1289 2966 1359 Joseph
2993 1300 3044 1345 et
3070 1291 3232 1346 Maria
3255 1294 3320 1348 de
3347 1294 3506 1348 domo

1929 1382 1983 1427 et
2029 1377 2196 1444 patria
2237 1378 2398 1432 David
2440 1378 2588 1451 (Luc.
2619 1397 2656 1444 ι,
2684 1381 2774 1445 27,
2804 1382 2902 1444 52;
2935 1392 2978 1435 et
3007 1400 3040 1436 ll
3063 1426 3075 1446 ,
3105 1385 3156 1443 4,
3189 1383 3264 1455 5).
3297 1385 3510 1454 Peperit

1929 1480 2057 1535 ergo
2088 1467 2236 1536 virgo
2272 1469 2379 1531 illa,
2409 1481 2465 1522 ut
2487 1481 2630 1524 esset
2664 1472 2799 1524 ﬁlius
2850 1473 3031 1527 David.
3058 1473 3163 1529 Sed
3212 1476 3300 1529 ille
3351 1492 3505 1543 quem

1929 1558 2154 1626 peperit,
2197 1559 2440 1613 vocabunt
2471 1577 2649 1616 nomen
2695 1563 2807 1632 ejus
2859 1563 3176 1632 Emmanuel,
3228 1565 3508 1625 Nobiscum

1927 1645 2065 1702 Deus
2083 1664 2101 1702 :
2121 1664 2246 1704 ecce
2271 1649 2438 1706 habes
2458 1660 2511 1706 et
2541 1653 2817 1712 Dominum
2847 1655 3030 1710 David.

2000 1741 2053 1794 7.
2086 1741 2296 1810 Aliquid
2345 1743 2500 1798 nobis
2539 1744 2777 1800 fortassis
2821 1763 2884 1800 ex
2937 1747 3036 1802 hac
3084 1765 3182 1814 rc,
3237 1753 3506 1819 quomodo

1927 1828 2171 1885 Christus
2197 1843 2250 1886 et
2280 1832 2422 1886 ﬁlius
2449 1834 2519 1887 sit
2553 1834 2738 1901 David,
2763 1845 2817 1889 et
2844 1837 3099 1892 Dominus
3126 1840 3310 1904 David,
3345 1843 3505 1897 etiam

1931 1920 2164 1990 psalmus
2191 1923 2290 1978 iste
2334 1924 2617 1979 intimabit.
2671 1926 2962 1984 Audiamus
3006 1944 3165 1999 ergo,
3203 1940 3259 1985 et
3301 1943 3506 2001 pertra-

1927 2023 2133 2068 ctemus
2153 2031 2308 2081 eum;
2351 2018 2620 2086 pulsemus
2647 2020 2862 2090 pietate,
2891 2031 3303 2092 extorqueamus
3333 2025 3504 2079 chari-

1930 2117 2054 2162 tate.
2088 2108 2248 2162 David
2277 2125 2404 2180 ergo
2426 2111 2539 2181 ipse
2559 2111 2686 2167 dicit
2711 2131 2724 2167 :
2749 2129 2920 2184 neque
2945 2115 3085 2170 enim
3117 2117 3343 2171 Domino
3369 2133 3499 2172 con-

1928 2199 2191 2256 tradicere
2234 2202 2358 2256 licet
2400 2201 2644 2267 :David,
2688 2205 2897 2276 inquit,
2937 2208 2989 2260 in
3019 2209 3202 2278 spiritu
3244 2210 3366 2262 dicit
3392 2227 3505 2262 etim

1929 2289 2220 2344 Dominum.
2276 2291 2392 2361 Ipse
2433 2309 2561 2363 ergo
2611 2295 2773 2348 David
2819 2295 3120 2352 deChristo
3159 2298 3283 2367 quid
3336 2299 3507 2353 dicit?

1927 2379 2080 2443 Nam,
2128 2379 2235 2452 Ipsi
2268 2381 2434 2436 David
2460 2383 2701 2441 Psalmns
2733 2401 2752 2438 :
2779 2396 2832 2439 et
2861 2386 2960 2441 iste
2995 2396 3077 2441 est
3106 2397 3247 2443 totus
3279 2389 3462 2442 titulus
3487 2432 3501 2454 ,

1925 2471 2170 2542 simplex,
2192 2473 2309 2528 sine
2331 2473 2493 2544 ﬁgura
2523 2475 2834 2544 qumstionis
2855 2519 2868 2540 ,
2896 2477 3014 2532 sine
3043 2478 3150 2532 ullo
3189 2478 3330 2532 nodo
3357 2479 3504 2533 dil'li.

1925 2563 2157 2618 cultatis.
2204 2563 2340 2631 Quid
2371 2579 2499 2634 ergo
2529 2565 2658 2619 dicit
2705 2566 2912 2620 David?
2936 2565 3081 2623 Dixit
3127 2566 3377 2622 Dominus
3401 2569 3507 2622 Do.

1925 2653 2062 2707 mino
2091 2669 2199 2708 meo
2223 2695 2238 2720 ,
2268 2654 2402 2709 Sede
2427 2671 2459 2707 a
2486 2656 2676 2709 dextris
2703 2657 2843 2722 meis,
2886 2656 3044 2711 donec
3075 2674 3257 2727 ponant
3277 2659 3505 2714 inimicos

1927 2753 2038 2798 tuos
2063 2745 2337 2802 scabellum
2365 2749 2546 2816 pedum
2573 2757 2793 2802 tuorum.
2815 2749 2966 2816 Quod
2992 2756 3094 2813 est,
3122 2750 3391 2803 scabellum
3421 2763 3507 2821 per

1928 2837 2051 2890 dum
2101 2847 2332 2905 tuorum;
2360 2837 2460 2892 hoc
2487 2847 2570 2892 est
2593 2879 2606 2902 ,
2658 2839 2752 2892 sub
2799 2839 3010 2905 pedibus
3039 2841 3139 2894 tuis
3171 2841 3504 2896 :scahelfum

1927 2928 2068 2979 enim
2095 2928 2287 2996 pedum
2319 2927 2418 2982 sub
2457 2927 2683 2999 pedibus
2709 2939 2809 2982 est.
2838 2927 3002 2992 Dixit,
3032 2930 3220 2999 inquit,
3256 2929 3506 2986 Dominus

1928 3019 2144 3094 Domino
2172 3035 2303 3073 meo.
2340 3019 2556 3074 Audivit
2596 3021 2695 3075 hoc
2729 3020 2916 3086 David,
2949 3023 3144 3076 audivit
3179 3023 3231 3077 in
3259 3024 3445 3094 spiritu
3481 3042 3494 3076 :

1927 3111 2014 3167 ubi
2039 3093 2154 3176 nos,
2173 3110 2385 3181 quando
2409 3111 2629 3177 audivit,
2659 3126 2765 3165 non
2790 3112 3121 3178 audivimus;
3145 3112 3240 3168 sed
3266 3093 3503 3183 quItenti

1925 3201 2065 3272 quod
2101 3200 2302 3257 audivit
2349 3212 2403 3256 et
2453 3202 2707 3257 scribenti
2752 3202 3100 3258 credidimus.
3130 3204 3346 3258 Audivit
3374 3221 3503 3275 ergo

1928 3308 2143 3365 prorsus
2167 3335 2180 3358 ,
2210 3292 2413 3348 audivit
2443 3294 2494 3348 in
2537 3293 2764 3364 quodam
2808 3295 3103 3349 secretario
3147 3296 3422 3363 veritatis,
3452 3297 3506 3353 in

1925 3384 2154 3455 quodam
2197 3384 2573 3456 mysteriorum
2613 3389 2953 3440 sanctuario:
2989 3386 3077 3441 ubi
3123 3386 3404 3456 Propheta:
3450 3389 3502 3442 in

1889 3478 2138 3536 ,Oeculto
2183 3478 2493 3541 audierunt,
2539 3478 2680 3546 quod
2731 3479 2782 3532 in
2827 3489 3015 3548 aperto
3046 3480 3501 3552 praedicaverunt;

1926 3567 1998 3622 ibi
2025 3567 2222 3622 audivit
2251 3567 2437 3633 David,
2469 3567 2560 3637 qui
2587 3583 2707 3622 eum
2731 3568 2920 3626 ﬁducia
2964 3585 3154 3640 magna
3184 3571 3331 3636 dicit,
3359 3571 3505 3628 Dixit

1927 3659 2176 3713 Dominus
2205 3657 2421 3713 Domino
2445 3675 2573 3723 meo,
2610 3657 2744 3712 Sede
2765 3675 2797 3711 a
2823 3659 3012 3713 dextris
3053 3661 3191 3725 meis,
3232 3663 3389 3714 donec
3413 3681 3498 3730 po.

1926 3767 2043 3803 nam
2084 3751 2314 3803 inimicos
2358 3759 2469 3802 tuos
2496 3750 2768 3803 scabclt-um
2794 3751 2977 3819 pedum
3008 3760 3224 3803 tuorum.
3253 3751 3505 3808 Novitnns

1925 3842 2193 3896 Christum
2218 3840 2405 3895 sedere
2429 3839 2495 3894 ad
2519 3839 2790 3894 dexteram
2821 3839 2992 3893 Patris
3018 3849 3138 3908 post
3163 3843 3508 3896 resurrectio-

1926 3947 2048 3987 nem
2082 3948 2112 3986 a
2142 3931 2388 3997 mortuis,
2423 3931 2549 3985 etin
2571 3931 2736 3985 emlos
2768 3933 3154 3986 ascensionem.
3188 3931 3403 3987 Factum
3425 3943 3508 3993 est

1922 4025 2062 4096 jam;
2095 4039 2193 4080 nec
2221 4023 2465 4088 vidimus,
2491 4022 2585 4077 sed
2605 4022 2962 4078 credidimus:
2991 4023 3042 4077 in
3063 4023 3234 4083 Libris
3258 4025 3504 4096 legimus,

1926 4115 2268 4186 prtedicatum
2285 4113 2602 4175 audivimus,
2622 4112 2723 4168 ﬁde
2739 4115 3048 4168 retinemus.
3071 4113 3220 4169 Unde
3231 4125 3285 4170 et
3305 4132 3369 4170 eo
3391 4117 3508 4186 ipso

1926 4206 2067 4277 quod
2085 4214 2195 4261 erat
2223 4205 2360 4260 ﬁlius
2377 4203 2543 4259 David
2563 4202 2825 4272 Christus,
2847 4203 3016 4259 factus
3032 4217 3110 4260 est
3127 4205 3379 4261 Dominus
3404 4208 3506 4264 Da-

1928 4299 2035 4355 vid.
2053 4299 2184 4355 lllud
2202 4299 2339 4354 enim
2357 4298 2496 4369 quod
2513 4305 2692 4352 natum
2709 4305 2876 4355 estex
2894 4298 3096 4356 semine
3117 4298 3299 4365 David,
3319 4301 3389 4352 ita
3415 4298 3512 4353 ho-

1931 4400 2173 4444 noratum
2201 4399 2313 4453 est,
2343 4398 2401 4443 ut
2428 4399 2572 4444 esset
2596 4398 2649 4443 et
2677 4389 2932 4445 Dominus
2957 4389 3140 4446 David.
3169 4389 3245 4443 Ita
3273 4390 3507 4447 admira-

1929 4483 2002 4537 ris
2029 4481 2156 4543 hoc,
2190 4481 2341 4551 quasi
2378 4491 2430 4534 et
2459 4481 2512 4534 in
2542 4481 2700 4535 rebus
2730 4481 2974 4536 humanis
2998 4483 3096 4536 ista
3126 4497 3231 4540 non
3265 4484 3412 4542 ﬁant.
3452 4487 3509 4540 Si

1929 4575 2070 4629 enim
2099 4575 2368 4643 contingat
2413 4573 2575 4628 lilium
2621 4572 2929 4643 cujusquam
2974 4588 3152 4644 regem
3202 4575 3314 4628 ﬁeri
3358 4585 3510 4645 patre

1931 4670 2154 4736 privato,
2181 4680 2359 4720 nonne
2385 4665 2489 4719 erit
2515 4664 2762 4719 dominus
2790 4665 2998 4733 patris?
3025 4664 3400 4719 Admirabilius
3431 4677 3511 4719 est

1929 4758 2068 4828 quod
2100 4765 2272 4827 potest
2295 4756 2636 4825 contingere,
2665 4766 2720 4809 ut
2745 4769 2850 4809 non
2881 4754 3052 4809 solum
3080 4771 3170 4810 rex
3201 4754 3372 4810 factus
3402 4758 3512 4825 pri-

1931 4853 2034 4906 vati
2082 4850 2241 4914 ﬁlius,
2295 4849 2542 4904 dominus
2586 4846 2656 4900 sit
2702 4847 2866 4915 patris
2907 4846 3028 4911 sui;
3086 4847 3178 4900 sed
3227 4847 3509 4916 episcopus

1932 4945 2098 5000 lactus
2126 4942 2242 4995 laici
2271 4940 2428 5005 ﬁlius,
2462 4939 2530 4991 sit
2561 4947 2710 5006 pater
2741 4937 2903 5006 patris
2929 4939 3030 4991 sui.
3061 4939 3200 5008 Ergo
3222 4949 3275 4993 et
3301 4955 3368 4994 eo
3394 4940 3510 5008 ipso

1930 5033 2068 5104 quod
2100 5046 2314 5086 carnem
2357 5029 2561 5098 accepit
2587 5027 2859 5089 Christus,
2891 5029 3032 5098 quod
3077 5029 3128 5082 in
3169 5045 3326 5084 carne
3362 5045 3510 5084 mor-

1933 5133 2052 5177 tuus
2080 5132 2196 5187 cst,
2229 5121 2370 5191 quod
2413 5121 2463 5174 in
2510 5119 2696 5175 eadem
2737 5135 2897 5175 carne
2937 5121 3258 5187 resurrexit,
3289 5122 3429 5190 quod
3457 5125 3510 5179 in

1930 5217 2115 5273 eadem
2137 5215 2377 5271 ascendit
2403 5215 2456 5269 in
2476 5216 2668 5271 coelum
2691 5225 2743 5270 et
2762 5217 2914 5272 sedet
2933 5216 2998 5270 ad
3022 5215 3292 5270 dexteram
3318 5215 3508 5283 Patris,

1931 5318 1985 5362 et
2015 5310 2064 5363 in
2095 5307 2280 5362 eadem
2316 5308 2430 5377 ipsa
2469 5322 2628 5361 carne
2657 5308 2736 5362 sic
2773 5307 3030 5361 honorata
3051 5347 3066 5374 ,
3098 5307 3174 5360 sic
3201 5305 3509 5373 clariﬁcata,

1933 5400 2083 5456 sicin
2115 5398 2390 5452 cmlestem
2419 5397 2656 5452 habitum
2685 5405 3029 5463 commutata,
3055 5407 3106 5450 et
3137 5396 3274 5450 ﬁlius
3302 5405 3382 5448 est
3412 5396 3512 5448 Da-

1935 5491 2058 5556 vid,
2087 5499 2142 5546 et
2179 5490 2432 5544 Dominus
2477 5498 2560 5543 est
2608 5490 2790 5544 David.
2842 5487 3143 5545 Secundum
3191 5486 3326 5544 hanc
3367 5486 3511 5542 enim

1935 5581 2384 5654 diSpensationem
2433 5582 2684 5636 transitus
2726 5583 2739 5612 ¹
2786 5577 3017 5643 Christi,
3063 5579 3221 5632 etiam
3277 5577 3402 5633 illud
3447 5580 3515 5637 ab

3481 5727 3541 5788 ἐξ

2005 5786 2024 5820 ι
2057 5785 2242 5849 Aliquot
2262 5788 2382 5844 uss,
2410 5777 2709 5841 transitum.
3084 5847 3090 5856 _

2812 5853 3382 5947 (Quamuis—six.)

1948 5923 1979 5959 ί
2339 5946 2366 5955 _
2499 5944 2520 5950 ,.

2054 5954 2056 5957 .
2369 5949 2383 5957 .
2481 5953 2520 5959 μ

2054 5954 2056 5957 -
2128 5958 2130 5960 τ
2339 5949 2383 5957 ’.δ
2481 5953 2546 5962 ς...»

3528 5820 3554 5892 ι
