4026 6202
426 312 587 371 “MSS

456 422 712 497 Apostolo
738 420 965 478 dicitur:
998 416 1221 484 Propter
1244 410 1380 484 quod
1404 407 1554 464 illum
1581 406 1814 463 excitavit
1843 421 1874 458 a
1902 420 2036 458 mor-

459 518 576 580 tuis,
607 524 654 571 et
679 514 880 569 donavit
904 511 982 565 illi
1008 523 1188 562 nomen
1216 504 1351 575 quod
1375 512 1447 571 est
1472 516 1625 570 super
1651 514 1797 555 omne
1821 511 2036 561 nomen;

452 621 514 665 ut
538 611 591 665 in
620 607 817 663 nomine
844 602 967 658 Jssu
992 615 1138 655 omne
1161 613 1288 668 genu
1309 596 1538 665 ﬂectatur
1557 634 1572 659 ,
1600 590 1871 645 caelestium
1890 628 1905 654 ,
1939 596 2038 641 ter-

459 701 691 760 restrium
717 707 762 751 et
788 696 1098 766 infernarum
1126 689 1146 760 (
1170 686 1403 756 Philipp.
1432 699 1470 738 ll
1494 725 1508 749 ,
1536 682 1568 738 9
1590 724 1604 748 ,
1634 682 1702 737 10
1721 681 1765 752 ).
1793 678 2035 743 Donavit,

466 791 657 862 inquit,
687 787 733 841 ei
762 802 938 840 nomen
966 781 1099 855 quod
1127 790 1197 835 est
1224 795 1374 847 super
1401 792 1546 829 omne
1581 791 1757 828 nomen
1782 788 1800 826 :
1826 771 2038 827 Christo

462 879 755 937 secundum
784 876 1076 933 hominem,
1098 869 1311 925 Christo
1337 865 1624 921 secundum
1652 879 1866 919 carnem
1897 876 2039 916 mor-

460 983 569 1034 tuo,
599 965 901 1038 resurgenti
923 1005 937 1027 ,
967 959 1276 1017 ascendenti
1303 1000 1316 1019 .
1346 956 1547 1011 donavit
1589 970 1767 1007 nomen
1807 952 1941 1022 quod
1966 959 2038 1004 est

458 1077 609 1131 super
635 1074 782 1113 omne
811 1071 1030 1119 nomen;
1070 1061 1122 1105 ut
1160 1052 1213 1104 in
1252 1048 1450 1102 nomine
1471 1045 1595 1099 Jesu
1626 1060 1769 1098 omne
1796 1058 1926 1113 genu
1946 1043 2040 1111 ﬂe-

458 1162 644 1217 ctatur,
672 1148 943 1204 crvlestium
968 1187 981 1211 ,
1013 1142 1318 1199 terrestrium
1355 1146 1399 1191 et
1447 1137 1779 1206 infernarum.
1808 1133 1909 1189 Ubi
1935 1134 2039 1189 erit

434 1241 620 1298 David
643 1283 658 1306 ,
688 1248 745 1293 ut
770 1252 874 1292 non
901 1235 948 1290 ei
990 1234 1058 1289 sit
1085 1229 1382 1288 Dominus?
1427 1227 1482 1282 In
1512 1227 1649 1282 coelo
1678 1225 1779 1289 sit,
1813 1224 1864 1284 in
1899 1232 2039 1279 terra

458 1334 546 1398 sit,
578 1333 631 1385 in
674 1329 879 1384 inferno
912 1326 1016 1389 sit;
1055 1323 1311 1377 Dominus
1339 1318 1454 1388 ejus
1482 1318 1586 1374 erit
1618 1315 1710 1386 qui
1739 1323 1820 1369 est
1851 1313 2034 1368 Domi-

461 1440 561 1479 nus
591 1421 883 1478 caelestium
906 1459 921 1482 ,
955 1415 1287 1472 terrestrium
1327 1422 1382 1467 et
1410 1410 1763 1469 infernorum.
1800 1405 2039 1462 Gaudeat

441 1531 587 1587 ergo
613 1513 886 1569 nobiseum
916 1517 968 1563 et
989 1505 1174 1571 David,
1198 1503 1290 1558 ﬁlii
1319 1503 1398 1557 sui
1429 1501 1700 1555 uativitate
1728 1498 2038 1563 honoratus,

459 1606 732 1665 dominatu
766 1603 1052 1662 liberatus;
1082 1605 1134 1651 et
1161 1593 1397 1666 gaudens
1422 1592 1566 1647 dicat
1586 1631 1598 1654 ,
1630 1605 1659 1645 a
1688 1587 2039 1659 gaudentibus

462 1699 710 1753 audiatur
741 1713 755 1749 :
782 1693 929 1748 Dixit
956 1690 1204 1744 Dominus
1225 1685 1447 1740 Domino
1475 1700 1601 1747 meo,
1638 1682 1770 1737 Sede
1796 1697 1828 1733 a
1852 1678 2038 1732 dextris

459 1790 583 1842 meis
609 1828 624 1852 ,
674 1787 829 1840 donec
874 1797 1059 1854 ponam
1102 1776 1329 1832 inimicos
1376 1785 1486 1828 tuos
1535 1772 1804 1828 scabrttum
1851 1768 2037 1841 pedum

456 1888 676 1933 tuorum.

528 1968 583 2022 8.
625 1965 792 2030 Sede,
833 1977 938 2017 nou
970 1960 1140 2017 solum
1189 1958 1242 2012 in
1290 1956 1430 2019 alto,
1462 1954 1553 2009 sed
1596 1960 1653 2008 et
1685 1953 1735 2006 iu
1781 1951 2032 2006 occulto:

430 2056 726 2114 excellens
752 2061 810 2109 ut
836 2049 1145 2114 domineris,
1176 2048 1343 2101 latens
1368 2056 1426 2100 ut
1455 2043 1710 2100 credaris.
1740 2041 1868 2110 Qum
1894 2043 2037 2096 enim

456 2157 600 2204 esset
626 2160 832 2201 merces
864 2142 1005 2206 ﬁdei,
1038 2140 1140 2195 nisi
1170 2137 1358 2191 lateret
1386 2134 1525 2206 quod
1557 2132 1866 2189 credimus?
1895 2131 2034 2185 Mer-

454 2252 547 2293 ces
575 2247 751 2292 autem
785 2234 905 2289 ﬁdei
952 2240 1036 2288 est
1061 2271 1074 2293 ,
1103 2228 1290 2286 videre
1330 2227 1470 2298 quod
1514 2225 1836 2281 credidimus
1879 2231 2035 2278 ante-

454 2343 614 2397 quam
652 2325 972 2379 videremus.
1026 2321 1174 2375 Sicut
1218 2329 1395 2373 autem
1442 2314 1714 2385 Scriptura
1761 2323 2032 2385 personat,

455 2418 634 2472 Justus
663 2433 725 2470 ex
750 2415 851 2484 [ide
875 2414 989 2467 vivit
1016 2412 1189 2481 (Rom.
1212 2425 1250 2472 ι,
1282 2407 1393 2479 17).
1424 2406 1536 2462 Non
1564 2422 1689 2475 ergo
1713 2414 1855 2460 esset
1879 2404 2035 2472 justi-

457 2512 525 2566 tia
559 2510 719 2574 ﬁdei,
750 2507 852 2561 nisi
897 2511 1041 2560 esset
1086 2500 1454 2557 absconditum
1500 2498 1641 2568 quod
1690 2496 2033 2567 prmdicatum

455 2600 817 2661 crederemus,
840 2602 894 2650 et
918 2591 1186 2649 credendo
1211 2589 1277 2643 ad
1306 2586 1586 2642 videndum
1617 2584 2034 2656 perveniremus.

436 2690 627 2757 .Quum
660 2688 801 2742 enim
839 2685 997 2737 multa
1034 2680 1303 2735 multitudo
1331 2676 1609 2731 dulcedinis
1635 2686 1766 2736 tute,
1795 2672 2031 2740 Domine,

456 2797 607 2850 quam
650 2775 956 2831 abscondisti
997 2769 1280 2842 timentibus
1310 2768 1396 2822 te!
1438 2767 1576 2836 Ergo
1618 2763 1957 2828 abscondisti,
1982 2772 2037 2817 ct

458 2865 870 2925 remanserunt?
911 2863 1061 2918 Absit
1093 2879 1108 2916 :
1135 2859 1400 2930 Perfecisti
1437 2865 1604 2911 autem
1638 2853 1956 2924 sperantibus
1981 2853 2034 2905 in

458 2971 506 3016 te
525 2961 550 3032 Δ(
569 2957 715 3013 Psol.
745 2973 872 3018 xxx,
896 2951 1025 3025 20).
1053 2950 1289 3007 Mirabile
1328 2962 1454 3018 ergo
1488 2945 1801 3029 mysterium
1839 2942 2035 2997 Christi

459 3049 695 3107 sedentis
723 3046 789 3102 ad
818 3045 1089 3100 dexteram
1122 3041 1214 3096 Dei
1251 3057 1264 3094 :
1297 3037 1618 3099 occultatum
1647 3043 1730 3091 est
1758 3042 1815 3088 ut
1843 3032 2031 3089 crede-

456 3153 635 3209 retur,
665 3140 989 3196 subtractum
1019 3143 1101 3191 est
1137 3142 1197 3189 ut
1234 3137 1556 3201 speraretur.
1588 3127 1695 3197 Spe
1736 3126 1868 3180 enim
1909 3122 2038 3179 salvi

446 3236 581 3297 tacti
619 3248 811 3288 sumus.
859 3228 990 3297 Spes
1027 3235 1193 3280 autem
1222 3238 1334 3292 qua:
1360 3220 1589 3285 videtur,
1635 3234 1738 3272 non
1778 3224 1848 3271 est
1876 3229 2035 3285 spes:

460 3326 594 3399 quod
635 3324 771 3378 enim
814 3320 944 3373 videt
990 3317 1138 3387 quis,
1187 3313 1306 3384 quid
1347 3310 1561 3380 sperat?
1601 3307 1842 3399 Apostoli
1869 3306 2033 3361 verba

459 3397 602 3472 eunt.
634 3408 1034 3479 Recognoscitis
1059 3403 1296 3475 quidem,
1327 3400 1421 3455 sed
1451 3406 1667 3469 propter
1692 3397 1851 3451 rudes
1879 3410 2030 3450 eom-

462 3503 675 3560 mendo.
703 3498 841 3567 Quid
869 3510 998 3567 ergo
1026 3495 1099 3549 ait
1124 3491 1454 3562 Apostolus?
1498 3488 1605 3554 Spe
1625 3529 1639 3552 ,
1672 3486 1876 3556 inquit,
1909 3485 2035 3540 salvi

461 3595 585 3667 facti
625 3607 818 3646 sumus.
864 3588 994 3658 Spes
1019 3592 1186 3638 autem
1214 3597 1325 3651 qua:
1352 3580 1576 3643 videtur,
1618 3593 1718 3631 non
1760 3585 1831 3630 est
1875 3591 1987 3645 spes
2013 3591 2034 3630 :

438 3665 593 3755 [quod
617 3681 751 3735 enim
774 3678 903 3733 videt
929 3676 1059 3744 quis,
1086 3671 1209 3743 quid
1238 3678 1405 3739 sperat
1428 3668 1453 3722 ?
1482 3666 1541 3723 Si
1581 3677 1747 3721 autent
1775 3665 1910 3735 quod
1934 3681 2033 3719 non

460 3774 683 3829 videmus
727 3783 986 3841 speramus
1008 3806 1024 3829 ,
1055 3780 1168 3818 cum
1207 3760 1446 3834 patientia
1475 3767 1818 3828 exspectamus
1845 3755 2030 3826 (Rom.

456 3882 549 3929 vu,
579 3864 670 3924 9.4-,
689 3859 816 3932 25).
846 3858 979 3927 Quia
1008 3869 1136 3926 ergo
1161 3869 1275 3924 quin
1297 3851 1492 3906 videtur
1516 3866 1613 3903 non
1630 3858 1701 3903 est
1725 3864 1876 3919 spes;
1904 3848 2033 3903 Abs-

456 3955 669 4012 condiin
728 3950 1060 4008 dulcedinem
1111 3945 1396 4000 timentibus
1439 3951 1505 3997 te.
1559 3941 1691 4009 Quia
1740 3940 1876 4011 quod
1932 3955 2033 3993 non

460 4046 719 4110 videmus,
760 4054 1020 4113 speramus
1044 4078 1058 4102 ,
1102 4043 1157 4091 et
1198 4049 1286 4104 per
1323 4031 1613 4103 patientiam
1649 4037 2034 4101 exspectamus;

459 4120 725 4206 Perfecisti
753 4128 1070 4212 sperantibus
1096 4126 1149 4179 in
1190 4134 1254 4178 te.
1290 4122 1521 4191 Denique
1542 4161 1558 4186 ,
1585 4120 1884 4176 eharissimi
1905 4162 1918 4186 ,
1954 4121 2034 4174 in-

458 4240 602 4287 tente
639 4225 863 4297 accipite
900 4210 1040 4293 quod
1070 4218 1308 4273 dicturus
1349 4230 1487 4270 sum.
1530 4214 1790 4282 Quoniam
1828 4210 2035 4282 justitia

444 4331 637 4377 nostra
676 4333 743 4371 ex
784 4313 887 4367 ﬁde
914 4319 997 4367 est
1018 4351 1031 4375 ,
1060 4316 1115 4364 et
1156 4306 1260 4361 ﬁde
1294 4304 1614 4360 mandantur
1637 4302 1796 4359 corda
1828 4310 2031 4365 nostra,

457 4425 515 4469 ut
557 4407 697 4482 quod
746 4402 1105 4464 credidimus,
1150 4396 1332 4451 videre
1380 4395 1646 4465 possimus
1691 4411 1706 4450 :
1749 4402 2033 4461 utrumque

450 4504 598 4558 enim
642 4496 869 4568 positum
898 4500 1020 4555 est;
1065 4497 1118 4543 et
1142 4527 1158 4553 ,
1191 4485 1332 4540 Beati
1379 4483 1728 4539 mundicordes
1752 4524 1768 4551 ,
1795 4484 2033 4551 quoniam

456 4595 554 4666 ipsi
583 4590 745 4645 Deum
774 4583 1005 4639 videbunt
1033 4578 1242 4649 (Matth.
1269 4591 1324 4643 ν,
1352 4575 1417 4645 8)
1446 4590 1463 4641 ;
1491 4583 1583 4666 et,
1612 4572 1742 4626 Fide
1782 4571 2033 4666 mandans

454 4661 609 4743 corda
638 4696 806 4738 eorum
836 4677 984 4748 (Act.
1010 4689 1110 4738 xv,
1138 4671 1226 4741 9).
1256 4668 1387 4737 Quia
1417 4680 1543 4735 ergo
1573 4665 1685 4717 haec
1711 4670 1793 4718 est
1827 4661 2032 4729 justitia

463 4778 585 4836 ﬁdei
613 4778 629 4809 ¹
653 4817 670 4844 ,
700 4770 918 4829 credere
945 4763 1082 4836 quod
1115 4777 1219 4816 non
1245 4759 1394 4814 vides
1412 4799 1426 4823 ,
1466 4765 1520 4810 et
1548 4754 1663 4824 ipso
1692 4752 1885 4806 merito
1911 4750 2031 4805 ﬁdei

456 4872 522 4926 ad
565 4843 822 4924 visionem
869 4874 967 4918 suo
1018 4868 1257 4926 tempore
1308 4846 1629 4921 pervenire;
1678 4844 1932 4899 Dominus
1976 4843 2029 4895 in

457 4958 743 5030 Evangelia
781 4968 900 5010 cum
947 4948 1279 5019 promitteret
1318 4941 1570 5010 Spiritum
1616 4945 1896 5030 sanctum,
1931 4935 2030 4990 hoc

454 5054 529 5109 ait
556 5069 571 5107 ε
602 5026 631 5104 ί
636 5064 722 5118 pse
749 5051 923 5115 arguet
948 5037 1191 5093 mundum
1220 5034 1283 5087 de
1308 5039 1510 5102 peccato
1532 5070 1545 5095 ,
1577 5040 1623 5083 et
1647 5028 1710 5083 de
1723 5026 1954 5101 justitia,
1980 5034 2028 5079 et

454 5145 518 5197 de
538 5139 755 5214 judicio.
790 5136 865 5189 De
893 5145 1000 5201 quo
1032 5126 1287 5197 peccato?
1327 5123 1393 5178 de
1423 5137 1523 5193 qua
1544 5119 1790 5214 justitia?
1830 5118 1895 5214 de
1923 5132 2028 5214 quo

448 5210 689 5308 judicio?
718 5225 832 5298 ipse
857 5223 1097 5294 sequitur
1122 5229 1176 5274 et
1204 5216 1420 5287 exponit
1443 5232 1459 5282 ;
1490 5213 1822 5284 conjecturas
1846 5210 2027 5266 bomi-

453 5304 579 5384 num
607 5339 712 5381 non
739 5316 968 5375 admittit
993 5331 1008 5369 :
1045 5313 1119 5368 De
1147 5320 1349 5383 peccato
1389 5308 1588 5381 quidem
1615 5348 1630 5373 ,
1661 5305 1866 5375 inquit,
1911 5304 2029 5373 quia

448 5434 551 5472 non
578 5413 900 5469 crediderunt
945 5409 999 5461 in
1042 5421 1138 5460 me.
1180 5402 1385 5469 Quanta
1428 5400 1529 5453 alia
1572 5405 1787 5468 peccata
1813 5393 2028 5450 Jud:eo-

451 5504 607 5562 rum!
658 5504 724 5558 Et
750 5511 924 5558 tamen
974 5496 1123 5569 quasi
1156 5495 1256 5550 hoc
1285 5506 1447 5546 unum
1496 5490 1600 5557 sit,
1648 5488 1719 5543 ita
1749 5487 1878 5542 dixit
1909 5504 1923 5539 :
1952 5484 2029 5538 De

440 5649 526 5771 αἱ
559 5657 632 5705 sic
654 5662 756 5704 Mss.
785 5662 837 5705 At
868 5652 1003 5713 εδδ..
1025 5658 1138 5712 (iure
1161 5660 1275 5713 ergo
1297 5644 1400 5697 Itwe
1425 5650 1492 5695 est
1508 5640 1697 5705 justiti-1
1720 5638 1880 5706 fidei?
1910 5649 2026 5691 (γε-

504 5728 587 5771 re,
602 5728 698 5765 etc.
938 5744 949 5749 -
1535 5758 1546 5767 .

504 5728 587 5777 re,
602 5728 698 5765 etc.
938 5744 949 5749 -

1690 294 1749 351 S.
1790 286 2157 349 AUGUSTINI
2193 286 2496 347 EPISCOPI

3228 362 3237 365 _
3593 287 3732 344 uss

2145 410 2349 472 peccato
2378 400 2581 469 quidem
2606 441 2619 466 ,
2642 400 2767 471 quia
2810 417 2908 455 non
2939 400 3256 456 crediderunt
3284 401 3336 455 in
3363 416 3460 456 me.
3507 399 3620 456 Hoc
3647 411 3729 457 est
3767 433 3783 445 -

2143 491 2267 547 illud
2296 500 2598 562 peccaturo,
2635 491 2703 546 de
2732 506 2838 561 quo
2875 491 3003 546 alibi
3042 492 3171 547 dicit
3202 509 3213 545 ε
3245 492 3304 547 Si
3335 508 3436 546 non
3461 493 3777 556 venissem,"

2143 592 2400 653 peccatum
2426 599 2525 636 non
2554 581 2789 636 haberent
2816 579 3005 655 (Joan.
3036 598 3102 636 xv
3121 623 3137 649 ,
3166 582 3237 636 22
3255 586 3291 652 ).
3324 581 3462 650 Quid
3492 591 3573 637 est
3603 582 3727 649 hoc,

2145 673 2206 728 Si
2228 690 2327 727 non
2357 674 2616 738 venissem,
2642 683 2901 744 peccatum
2925 689 3025 727 non
3055 673 3338 728 haberent?
3356 673 3516 743 Ergo
3540 670 3608 727 ad
3636 672 3730 741 ju-

2143 772 2256 817 stos
2281 763 2510 826 venisti,
2542 774 2595 817 et
2620 778 2713 818 eos
2742 773 3047 832 peccatores
3087 762 3305 817 fecisti?
3343 761 3447 817 Sed
3488 763 3731 833 exceptis

2142 853 2258 907 aliis
2286 853 2549 923 peccatis,
2583 869 2699 924 qua:
2745 862 2965 923 possent
3010 853 3208 907 remitti
3260 868 3353 921 per
3393 851 3552 907 ﬁdem
3575 896 3589 917 ,
3622 858 3727 908 tme

2143 960 2305 997 unum
2331 954 2602 1014 peceatum
2632 945 2944 1011 nominavit,
2968 944 3105 1013 quod
3133 944 3175 998 si
3204 959 3307 998 non
3329 944 3727 1013 admitteretur,

2144 1035 2322 1113 omnia
2356 1036 2747 1090 relaxarentur.
2776 1034 2852 1088 De
2879 1046 3083 1105 peccato
3104 1035 3323 1105 quidem,
3351 1035 3419 1089 ait
3439 1077 3453 1101 ,
3482 1038 3599 1105 quia
3625 1053 3730 1090 non

2142 1125 2463 1180 crediderunt
2490 1124 2543 1180 in
2571 1142 2650 1179 me
2673 1142 2693 1180 :
2711 1137 2760 1181 et
2791 1128 2938 1193 alibi,
2966 1126 3028 1181 Si
3053 1143 3152 1180 non
3179 1128 3439 1191 venissem,
3468 1137 3730 1197 peccatum

2143 1235 2241 1272 non
2272 1218 2529 1273 haberent.
2576 1220 2653 1273 Eo
2694 1219 2835 1274 enim
2869 1220 2983 1289 ipso
3013 1234 3120 1289 quo
3149 1220 3292 1274 venit
3318 1228 3371 1274 et
3417 1208 3519 1273 non
3552 1219 3730 1274 crcdi~

2144 1309 2337 1364 derunt
2363 1310 2416 1364 in
2444 1325 2586 1376 eum,
2620 1309 2919 1364 inciderunt
2950 1309 3001 1364 in
3033 1319 3306 1380 peceatum
3337 1326 3349 1363 :
3380 1310 3519 1380 quod
3544 1311 3587 1363 si
3617 1326 3726 1365 non

2143 1399 2465 1464 inciderent,
2495 1400 2671 1453 omnia
2701 1410 2890 1454 caetera
2920 1409 3132 1469 peccata
3159 1400 3353 1455 dimitti
3387 1408 3603 1470 possent
3629 1416 3730 1470 per

2143 1490 2525 1560 indulgentiam
2569 1474 2751 1559 gratiae
2794 1490 3124 1559 impetratam
3156 1506 3248 1560 per
3278 1489 3456 1545 ﬁdem.
3499 1491 3636 1561 Ergo
3661 1490 3728 1545 de

2142 1592 2344 1653 peccato
2365 1624 2378 1649 ,
2409 1583 2529 1654 quia
2558 1599 2658 1636 non
2683 1582 3004 1637 crediderunt
3034 1583 3084 1636 in
3111 1599 3188 1636 me
3210 1599 3228 1636 :
3258 1582 3320 1636 de
3337 1582 3538 1654 justitia
3562 1624 3576 1649 ,
3603 1585 3726 1653 quia

2141 1672 2208 1726 ad
2247 1671 2456 1727 Patrem
2496 1674 2661 1739 vado,
2693 1684 2738 1727 et
2769 1675 2883 1744 jam
2925 1689 3026 1727 non
3069 1673 3295 1727 videbitis
3336 1691 3415 1727 me
3452 1671 3574 1746 (Id.
3606 1691 3720 1742 xvr,

2140 1761 2322 1836 8-10).
2347 1763 2472 1820 Haec
2497 1771 2580 1819 est
2601 1764 2827 1833 justitia,
2855 1764 2976 1834 quia
3000 1764 3064 1819 ad
3099 1764 3307 1820 Patrem
3334 1765 3505 1829 vadis,
3538 1775 3593 1820 et
3609 1766 3723 1835 jam

2141 1869 2245 1909 non
2272 1854 2524 1909 videbunt
2554 1863 2604 1908 te
2630 1870 2644 1908 :
2672 1854 2785 1925 luce
2805 1854 3007 1922 justitia
3031 1855 3170 1908 enim
3199 1869 3261 1909 ex
3290 1854 3396 1909 ﬁde
3420 1864 3519 1909 est.
3543 1855 3726 1912 Justus

2140 1946 2280 1999 enim
2307 1962 2371 1999 ea:
2393 1944 2494 2013 [ide
2518 1945 2673 2012 vivit;
2698 1956 2753 2000 et
2782 1954 2906 2000 tunc
2934 1960 2999 2000 ex
3031 1945 3132 1999 ﬁde
3158 1947 3305 2011 vivit,
3335 1946 3378 2000 si
3408 1962 3510 2001 non
3538 1948 3723 2004 videat

2140 2035 2279 2105 quod
2310 2035 2500 2090 credit.
2546 2035 2679 2100 Quia
2721 2050 2850 2106 ergo
2871 2035 2935 2090 ad
2959 2034 3217 2105 justitiam
3251 2037 3479 2107 pertinet
3520 2053 3585 2094 ex
3616 2040 3725 2094 tida

2139 2128 2348 2194 vivere,
2375 2137 2430 2184 et
2455 2143 2520 2184 ex
2546 2126 2652 2182 ﬁde
2678 2143 2835 2183 nemo
2858 2128 3024 2196 vivit,
3055 2129 3154 2183 nisi
3187 2144 3292 2181 non
3324 2128 3551 2184 videndo
3580 2130 3722 2200 quod

2139 2220 2346 2286 credit;
2391 2231 2450 2274 ut
2488 2222 2656 2291 ipsam
2697 2220 2955 2291 justitiam
2999 2220 3195 2275 faceret
3230 2221 3281 2275 iu
3313 2221 3636 2286 hominibus,
3670 2221 3724 2277 id

2138 2321 2243 2378 est,
2273 2320 2330 2365 ιιι
2352 2311 2633 2366 crederent
2659 2310 2799 2381 quod
2831 2326 2938 2364 non
2966 2310 3226 2375 viderent,
3269 2310 3342 2365 De
3374 2312 3604 2380 justitia,
3634 2311 3722 2366 in-

2139 2405 2272 2475 quit,
2302 2407 2419 2475 quia
2446 2405 2512 2457 ad
2538 2403 2742 2459 Patrem
2795 2404 2922 2456 vado
2947 2443 2959 2467 ,
3010 2413 3056 2456 et
3076 2420 3189 2476 3am
3219 2420 3318 2457 non
3367 2404 3593 2459 videbitis
3620 2421 3723 2459 me.

2139 2497 2289 2564 "rec,
2336 2496 2543 2567 inquit,
2572 2497 2675 2550 erit
2699 2495 2905 2564 justitia
2935 2502 3129 2559 vestra,
3177 2504 3234 2549 ut
3258 2494 3489 2550 credatis
3520 2496 3570 2549 in
3598 2508 3724 2551 enm

2138 2604 2293 2658 quem
2322 2604 2426 2643 non
2448 2587 2659 2653 videtis,
2691 2597 2745 2641 et
2777 2586 2878 2642 ﬁde
2908 2587 3166 2648 mttndati,
3195 2603 3315 2642 eum
3342 2587 3392 2640 in
3421 2603 3577 2656 quem
3602 2603 3724 2643 cre-

2139 2681 2372 2746 didistis,
2402 2680 2454 2733 in
2484 2680 2570 2734 die
2601 2679 3008 2735 resurrectionis
3040 2680 3056 2710 ¹
3086 2689 3263 2747 postea
3298 2678 3539 2733 videatis.

2209 2770 2263 2826 9.
2302 2770 2463 2826 Sedet
2513 2784 2640 2840 ergo
2677 2784 2706 2821 a
2746 2768 2946 2824 dextris
2986 2768 3078 2821 Dei
3120 2768 3362 2821 Christus
3386 2810 3399 2832 ,
3440 2783 3470 2822 a
3510 2767 3720 2823 dextris

2139 2862 2310 2917 Patris
2340 2861 2508 2917 Filius
2552 2861 2604 2915 in
2631 2860 2840 2915 occulto
2864 2866 2947 2914 est
2977 2874 2992 2913 :
3020 2858 3318 2911 credamus.
3347 2857 3559 2913 Etenim
3589 2859 3726 2914 duas

2138 2968 2227 3007 res
2252 2952 2338 3006 hic
2361 2952 2505 3017 dicit,
2530 2951 2651 3021 quia
2677 2958 2731 3003 et
2753 2949 2886 3023 dixit
2909 2950 3065 3012 Deus,
3094 2946 3228 3003 Sede
3267 2965 3300 3001 a
3344 2948 3532 3003 dextris
3561 2951 3725 3018 meis;

2138 3052 2193 3099 et
2215 3043 2439 3107 addidit,
2463 3042 2619 3095 donec
2644 3056 2828 3110 ponam
2852 3040 3082 3093 inimicos
3106 3049 3216 3093 tuos
3241 3038 3509 3094 scabeltum
3535 3041 3724 3109 pedum

2139 3143 2371 3199 tuorum,
2401 3131 2502 3186 hoc
2528 3140 2630 3197 est,
2661 3131 2761 3187 sub
2806 3131 3029 3200 pedibus
3074 3130 3197 3185 tuis.
3232 3127 3347 3185 Non
3373 3131 3524 3186 vides
3554 3130 3723 3186 Chri-

2142 3236 2280 3281 stum
2312 3224 2586 3281 sedentem
2614 3224 2681 3278 ad
2723 3224 2996 3278 dexteram
3026 3222 3199 3276 Patris
3230 3238 3243 3278 :
3279 3222 3362 3277 vel
3395 3224 3493 3278 hac
3523 3233 3675 3292 potes
3699 3224 3725 3255 ⁸

2137 3318 2356 3382 videre,
2403 3300 2668 3385 quomodo
2716 3323 2980 3384 ponantur
3026 3313 3225 3367 inimici
3270 3312 3384 3382 ejus
3428 3313 3720 3368 scabellum

2140 3407 2329 3479 pedum
2356 3406 2493 3477 ejus.
2521 3407 2650 3461 Cum
2682 3406 2781 3460 hoc
2812 3404 3060 3475 impletur
3086 3404 3139 3459 in
3166 3414 3373 3475 aperto,
3401 3390 3558 3459 crede
3588 3404 3723 3459 illud

2139 3516 2258 3556 esse
2287 3500 2338 3553 in
2367 3499 2597 3553 occulto.
2643 3498 2741 3565 Qui
2773 3496 2969 3551 inimici
3002 3505 3270 3567 ponuntur
3299 3496 3583 3551 scabellum
3621 3513 3720 3565 pe-

2136 3592 2259 3647 dum
2287 3591 2438 3660 ejus?
2471 3591 2671 3659 Quibus
2700 3590 2782 3642 ina
2795 3590 2879 3642 nia
2910 3588 3289 3643 meditantibus
3309 3588 3518 3654 dicitur,
3548 3589 3725 3655 Quare

2104 3720 2111 3727 κ
2136 3684 2445 3754 fremuerunt
2467 3690 2659 3753 gentes,
2682 3688 2729 3733 et
2756 3680 2929 3750 populi
2952 3679 3178 3732 meditati
3202 3688 3318 3732 sunt
3343 3679 3560 3732 inania?
3584 3680 3722 3733 Asti—

2137 3786 2299 3832 terunt
2328 3792 2467 3847 reges
2505 3784 2651 3828 terra:
2672 3815 2685 3838 ,
2715 3782 2760 3827 et
2794 3773 3045 3842 principes
3086 3780 3420 3826 convenerunt
3448 3771 3498 3824 in
3536 3787 3717 3836 unum,

2135 3871 2374 3925 adversus
2399 3867 2673 3922 Dominum
2704 3875 2751 3920 et
2780 3866 3019 3919 adversus
3038 3862 3291 3920 Christum
3314 3865 3463 3934 ejus;
3490 3873 3538 3917 et
3568 3863 3723 3918 dixe-

2136 3971 2293 4028 runt,
2343 3960 2731 4029 Disrumpamus
2779 3956 2977 4010 vincula
3023 3972 3232 4017 eorum,
3266 3961 3310 4006 et
3351 3954 3647 4024 abjicimnus
3688 3971 3719 4008 a

2136 4054 2278 4107 nobis
2317 4053 2499 4122 iugum
2542 4051 2942 4122 ipsorum:non
2996 4045 3148 4099 nobis
3191 4044 3564 4102 dominentur.
3609 4059 3721 4098 non

2137 4160 2236 4199 nos
2265 4143 2363 4199 sibi
2395 4141 2696 4211 sulijugent.
2728 4138 2825 4204 Qui
2853 4137 3043 4190 habitat
3068 4136 3120 4188 in
3151 4134 3311 4198 certis,
3339 4133 3566 4186 irridebit
3595 4149 3721 4188 eos:

2139 4236 2382 4291 inimicus
2409 4248 2566 4297 eras;
2596 4231 2703 4286 eris
2732 4229 2829 4282 sub
2859 4227 3083 4297 pedibus
3108 4226 3224 4295 ejus
3246 4267 3259 4284 .
3290 4234 3381 4278 aut
3411 4226 3719 4295 adoptatus,

2136 4336 2224 4381 aut
2251 4327 2440 4379 vietus.
2473 4322 2663 4389 Qurere
2702 4333 2833 4389 ergo
2863 4333 3021 4387 quem
3067 4317 3241 4370 locum
3273 4316 3473 4370 habeas
3495 4316 3592 4369 sub
3621 4331 3719 4385 pc-

2135 4417 2290 4472 dibus
2319 4414 2523 4469 Domini
2556 4412 2648 4466 Dei
2694 4411 2804 4475 tui;
2844 4424 2966 4463 nam
3013 4422 3234 4463 necesse
3278 4415 3361 4461 est
3400 4416 3459 4460 ut
3493 4405 3717 4479 habeas,

2135 4516 2223 4561 aut
2249 4506 2433 4577 gratia:
2454 4544 2467 4566 ,
2496 4511 2587 4557 aut
2614 4516 2805 4571 postue.
2838 4500 3009 4555 Sedet
3033 4514 3162 4568 ergo
3194 4498 3257 4553 ad
3288 4499 3564 4553 dexteram
3595 4499 3716 4566 Dei,

2135 4597 2303 4651 donec
2333 4603 2595 4667 ponantur
2639 4592 2838 4646 inimici
2880 4590 2997 4660 ejus
3039 4589 3136 4644 sub
3177 4589 3399 4658 pedibus
3434 4588 3570 4658 ejus.
3602 4589 3719 4645 Hoc

2136 4688 2214 4751 ﬁt,
2245 4688 2344 4741 hoc
2368 4688 2579 4756 agitur:
2608 4683 2708 4737 etsi
2735 4682 2984 4751 paulatim
3013 4681 3316 4750 peragitur,
3352 4679 3715 4735 indesinenter

2135 4781 2326 4850 agitur.
2356 4776 2698 4833 Fremuerint
2739 4775 2880 4830 enim
2919 4783 3134 4843 gentes,
3168 4781 3221 4827 et
3261 4771 3442 4843 populi
3474 4771 3712 4831 meditati

2133 4873 2242 4926 sint
2268 4870 2440 4925 inania
2466 4886 2479 4933 ;
2524 4865 2789 4921 astiterint
2813 4880 2967 4936 reges
2996 4873 3180 4929 terrce,
3214 4874 3266 4918 et
3291 4865 3557 4934 principes
3579 4879 3708 4919 con-

2136 4963 2379 5019 venerint
2422 4961 2475 5014 in
2517 4974 2702 5021 unum,
2747 4957 3003 5011 adversus
3036 4955 3319 5010 Dominum
3365 4965 3419 5009 ct
3458 4956 3717 5011 adversus

2132 5054 2402 5111 Christum
2425 5051 2542 5121 ejus
2570 5067 2586 5105 :
2623 5046 2876 5117 numquid
2916 5044 3193 5100 fremendo
3212 5087 3226 5110 ,
3255 5044 3509 5115 numquid
3537 5045 3717 5099 medi-

2135 5143 2295 5199 tando
2321 5141 2494 5196 inauia
2519 5180 2533 5206 ,
2564 5138 2816 5207 umnquid
2846 5138 2897 5190 iu
2938 5151 3098 5189 unum
3144 5134 3401 5189 adversus
3440 5133 3714 5189 Christum
3750 5185 3757 5217 ς

2132 5230 2530 5297 couveniendo,
2571 5229 2803 5284 efﬁcient
2843 5237 2905 5281 ut
2947 5240 3053 5280 non
3099 5225 3415 5295 impleatur,
3450 5223 3595 5278 Dabo
3625 5226 3716 5278 tibi
3746 5228 3765 5247 ’ν

2133 5334 2299 5397 gentes
2330 5321 2670 5378 hereditatem
2701 5328 2838 5372 tuam
2858 5360 2872 5385 ,
2909 5326 2955 5371 et
2981 5318 3340 5388 possessionem
3370 5326 3508 5369 tuam
3536 5317 3717 5369 termi-

2133 5434 2224 5473 nos
2252 5414 2441 5471 terraz?
2481 5412 2789 5483 lmplebitur
2818 5410 3067 5473 omnino,
3102 5418 3159 5463 et
3197 5408 3303 5463 illis
3332 5407 3714 5472 frementibus,

2193 5575 2400 5625 ivlures
2435 5571 2598 5635 proba:
2635 5574 2764 5619 noue
2810 5574 2914 5616 Mss.
2939 5577 3037 5614 non
3075 5562 3274 5621 habent,
3314 5561 3364 5612 in
3387 5560 3467 5613 die
3490 5571 3717 5612 resurre-

2126 5635 2308 5690 (tionis.

2198 5685 2227 5732 ἵ
2242 5685 2320 5749 εἰς
2344 5696 2525 5758 aliquot
2546 5700 2647 5742 uss.
2673 5690 2782 5740 add.
2810 5701 2947 5751 vero,
2972 5698 3059 5739 nec
3082 5685 3168 5735 hoc
3189 5687 3338 5745 potes.
