3964 6204
231 332 354 388 1153

230 455 276 499 et
300 443 397 497 illis
424 441 596 495 inania
623 440 1003 496 meditantibus
1022 482 1037 507 ,
1071 439 1211 493 Dabo
1251 439 1339 492 tibi
1375 449 1543 509 gentes
1572 437 1788 493 hwredi-

232 546 368 588 latent
395 544 532 586 tuum
553 574 567 598 ,
599 543 645 585 et
674 532 1037 602 possessionem
1078 540 1216 584 tuam
1247 530 1482 584 terminos
1513 538 1677 583 terra.
1720 526 1795 582 Illi

230 624 360 678 enim
399 621 571 676 inania
611 620 935 674 meditantur
964 638 975 673 :
1011 630 1066 673 ut
1095 629 1272 674 autem
1305 618 1621 687 impleatur,
1651 616 1795 671 Dabo

229 715 310 769 tibi
345 722 512 784 gentes
560 712 903 767 [nereditatem
944 721 1084 765 tuom
1103 753 1118 776 ,
1166 720 1215 765 et
1259 710 1618 779 possessionem
1656 717 1794 761 tuam

230 804 454 857 tenninos
497 811 683 865 teme;
728 815 833 855 non
876 801 1057 855 nescio
1097 800 1215 869 quis
1259 797 1671 869 inaniloquus’,
1700 797 1794 852 sed

229 893 465 948 Dominus
490 892 616 945 dixit
642 891 709 944 ad
752 907 830 944 me
858 889 1042 962 (Psal.
1072 906 1108 944 tt
1134 932 1147 953 ,
1177 890 1203 944 1
1230 921 1256 932 -
1276 889 1311 945 8
1330 887 1372 960 ).
1415 888 1503 944 Sic
1533 895 1587 943 et
1614 886 1667 941 in
1695 886 1796 942 hoc

229 986 422 1056 psalmo
443 1000 723 1053 possumus
747 984 926 1039 dicere
954 1000 967 1036 :
991 982 1157 1048 Dixit,
1187 996 1291 1037 non
1318 982 1660 1051 quicumque,
1683 994 1792 1034 non

228 1079 296 1132 illi
320 1076 403 1147 qui
433 1076 665 1132 fremunt
694 1085 749 1131 et
777 1075 1104 1131 meditantur
1129 1074 1302 1128 inania
1327 1090 1342 1139 ;
1385 1072 1479 1126 sed
1511 1072 1651 1126 Dixit
1681 1070 1788 1124 Do.

229 1170 382 1222 minus
402 1166 623 1222 Domino
647 1184 776 1230 meo,
801 1167 935 1222 Sede
961 1183 991 1219 a
1035 1166 1224 1220 dextris
1251 1164 1395 1231 meis,
1424 1164 1582 1217 donec
1609 1177 1794 1233 ponam

228 1263 443 1316 inimicos
470 1270 583 1314 tuos
612 1260 882 1315 scabellum
914 1259 1099 1330 pedum
1129 1270 1348 1312 tuorum.
1377 1257 1652 1321 Fremant,
1679 1269 1793 1308 me-

227 1353 450 1407 ditentur
493 1352 704 1418 inania,
749 1359 1121 1420 perstrepant;
1163 1346 1417 1417 numquid
1459 1362 1563 1399 non
1604 1344 1792 1414 imple-

230 1443 401 1497 bitur?
442 1441 601 1495 Periit
641 1442 881 1495 memoria
923 1456 1097 1494 eorum
1123 1455 1238 1493 cum
1265 1437 1492 1507 strepitu.
1538 1436 1795 1506 Loquitur

226 1544 363 1590 certe
388 1545 439 1590 et
464 1536 602 1588 alius
628 1534 881 1603 psalmus,
914 1532 1008 1588 sed
1048 1548 1153 1587 non
1184 1532 1320 1586 alius
1345 1530 1563 1600 spiritus
1592 1546 1605 1582 :
1635 1528 1794 1582 Periit

228 1628 453 1681 memoria
480 1643 656 1680 eorum
694 1642 808 1680 cum
846 1625 1092 1694 strepitu,
1129 1632 1175 1677 et
1199 1622 1448 1676 Dominus
1476 1620 1529 1674 in
1551 1629 1795 1675 attentum

228 1730 382 1772 manet
409 1716 576 1789 (Psai.
605 1733 678 1780 ιι,
706 1717 762 1783 7,
794 1716 870 1787 8).
902 1716 995 1771 Ille
1033 1729 1162 1784 ergo
1202 1713 1291 1784 qui
1330 1712 1583 1767 memoria
1609 1725 1791 1765 eorum

229 1820 469 1881 pereunte
494 1826 615 1866 eum
645 1809 866 1878 strepitu
887 1849 902 1874 ,
933 1808 985 1862 in
1014 1816 1273 1862 aeternum
1302 1813 1499 1871 manet,
1529 1803 1641 1873 ipse
1666 1802 1794 1855 dixit

227 1902 433 1975 Domino
459 1919 591 1967 meo,
620 1900 755 1957 Sede
781 1918 812 1953 a
836 1899 1027 1954 dextris
1052 1899 1194 1952 meis.
1237 1897 1402 1952 Sedet
1438 1896 1577 1949 enim
1606 1909 1635 1948 a
1664 1894 1795 1946 dex-

228 1995 317 2048 tris
341 1992 533 2058 I’atris,
564 1992 736 2046 donec
765 1998 930 2061 ponat
956 2003 1144 2043 omnes
1172 1987 1414 2041 inimicos
1443 1984 1560 2054 ejus
1585 1981 1793 2038 scabel-

226 2084 323 2139 lum
350 2083 543 2153 pedum
572 2085 705 2151 ejus.

288 2174 369 2229 1ο.
405 2172 555 2245 [ναῖε.
578 2172 659 2245 2.]
684 2173 748 2226 Et
775 2171 898 2241 quid
922 2169 1199 2240 sequitur?
1248 2166 1455 2238 Virgam
1480 2165 1674 2220 uirtutis
1696 2171 1795 2216 tua:

225 2267 397 2319 emittet
425 2263 677 2319 Dominus
702 2279 765 2317 ea:
790 2262 936 2317 Sion.
972 2263 1236 2332 Apparet,
1267 2259 1479 2325 fratres,
1507 2256 1793 2313 evidentis-

224 2358 347 2411 simc
388 2363 612 2426 apparet
639 2370 742 2410 non
770 2352 838 2408 de
880 2352 973 2407 illo
1019 2366 1185 2421 regno
1227 2349 1425 2405 Christi
1468 2347 1789 2418 Prophetam

226 2447 353 2516 loqui
374 2486 390 2512 ,
434 2460 539 2516 quo
567 2452 755 2516 regnat
783 2458 995 2513 semper
1018 2442 1156 2512 apud
1188 2441 1395 2496 Patrem
1420 2482 1437 2508 ,
1482 2455 1663 2496 rerum
1691 2440 1797 2494 Do-

225 2540 413 2592 ininum
438 2553 556 2608 qua:
587 2552 681 2606 per
706 2536 851 2591 illum
878 2544 1070 2590 creatze
1096 2542 1218 2588 sunt
1241 2550 1257 2587 :
1283 2535 1495 2602 quando
1519 2532 1663 2588 enim
1686 2547 1792 2586 non

224 2643 399 2702 regnat
430 2632 479 2685 in
522 2630 785 2701 principio
812 2627 1044 2684 Verbum
1078 2628 1218 2681 Deus
1262 2624 1401 2695 apud
1439 2625 1645 2679 Deum?
1704 2625 1795 2678 Di-

222 2721 352 2775 ritur
400 2720 589 2776 enim:
637 2738 657 2772 Ι
692 2718 823 2789 Regi
877 2728 1053 2777 autem
1098 2717 1414 2771 smculorum
1440 2716 1461 2747 ³
1503 2715 1791 2781 invisibili,

224 2814 634 2882 incorruptibili,
690 2813 787 2866 soli
842 2812 948 2865 Deo
996 2810 1169 2864 honor
1211 2817 1265 2864 et
1313 2808 1520 2877 gloria,
1587 2808 1640 2861 in
1686 2821 1792 2862 sm-

222 2906 333 2960 cula
357 2906 666 2963 szcculorum
706 2923 725 2956 ι
764 2903 819 2975 (l
848 2902 975 2957 Tim.
1006 2918 1059 2969 ι,
1089 2899 1216 2971 I7).
1256 2918 1276 2953 ι
1312 2898 1445 2968 Regi
1475 2899 1793 2954 saeculorum

225 2998 387 3053 honor
409 3008 460 3052 et
478 2997 668 3068 gloria,
694 2997 743 3051 in
762 2996 955 3051 saecula
986 2993 1334 3050 saeculorum:
1362 3010 1382 3045 ι
1402 2990 1485 3047 cui
1505 3008 1527 3043 ‹
1561 2989 1673 3060 regi
1696 3004 1797 3044 sa:-

223 3090 497 3145 culorum?
527 3089 801 3156 Invisibili,
826 3085 1229 3156 incorruptibili.
1259 3103 1278 3138 ›
1310 3084 1366 3139 In
1395 3099 1461 3137 co
1489 3082 1628 3137 enim
1652 3080 1795 3152 quod

223 3193 269 3236 et
295 3182 535 3235 Chrisms
562 3189 643 3235 est
672 3194 791 3234 cum
826 3178 982 3233 Patre
1023 3177 1300 3231 invisibilis
1326 3184 1380 3230 et
1417 3172 1794 3241 ineoiruptibi-

224 3273 283 3327 lis
308 3315 324 3336 ,
352 3274 467 3343 quia
498 3271 729 3326 Verbum
757 3270 871 3340 ejus
895 3278 977 3331 est
1001 3309 1014 3331 ,
1043 3276 1097 3321 et
1124 3266 1303 3321 Virtus
1327 3266 1463 3335 ejus,
1490 3272 1546 3320 et
1570 3262 1793 3334 Sapien-

226 3365 286 3416 tia
324 3366 469 3432 ejus,
514 3370 569 3416 et
615 3362 751 3416 Deus
781 3358 919 3431 apud
953 3360 1114 3413 Deum
1135 3399 1150 3424 ,
1203 3372 1296 3427 per
1322 3371 1480 3427 quem
1509 3355 1644 3410 facta
1671 3363 1797 3432 sunt

222 3428 390 3508 omnia
413 3471 426 3519 ;
451 3452 568 3508 Rex
598 3460 679 3507 est
707 3428 1020 3506 seculorum
1050 3465 1066 3502 :
1096 3448 1189 3503 sed
1216 3438 1391 3502 tamen
1419 3445 1548 3501 illud
1574 3428 1794 3514 dispenv

225 3545 470 3598 satorium
500 3551 555 3597 et
586 3541 945 3595 transitorium
973 3580 988 3605 ,
1036 3553 1141 3608 quo
1182 3552 1280 3593 nos
1310 3553 1406 3607 per
1449 3536 1791 3591 medietatem

226 3636 389 3689 carnis
415 3651 524 3690 sua:
552 3634 759 3688 vocavit
799 3633 851 3687 in
894 3633 1239 3685 a-ternitatem
1261 3673 1276 3696 ,
1312 3645 1535 3701 regnum
1564 3629 1679 3697 ejus
1708 3630 1789 3682 in-

227 3726 344 3794 cipit
378 3740 408 3779 a
447 3723 808 3787 Christianis;
863 3723 956 3778 sed
1004 3722 1150 3791 regni
1195 3721 1312 3791 ejus
1357 3736 1463 3775 non
1503 3721 1606 3775 erit
1652 3720 1791 3774 ﬂuis.

230 3808 495 3871 Ponuntur
542 3831 670 3885 ergo
717 3814 1006 3869 scabellqu
1053 3814 1248 3884 pedum
1278 3813 1393 3883 ejus
1431 3811 1632 3867 inimici
1656 3810 1793 3880 ejus,

228 3908 453 3963 sedentis
472 3907 538 3961 ad
567 3907 837 3961 dexteram
861 3904 1053 3971 Patris,
1079 3914 1366 3971 ponuntur,
1384 3913 1440 3957 ut
1463 3903 1660 3957 dictum
1683 3910 1793 3968 est;

229 3999 275 4052 id
302 3999 491 4070 agitur,
524 3998 576 4053 id
608 4012 771 4068 usque
803 3997 854 4051 in
882 3997 1038 4051 linem
1068 3997 1285 4050 omnino
1311 3994 1599 4065 peragitur.
1631 3992 1799 4049 Nemo

227 4091 358 4146 dicat
381 4107 484 4145 non
509 4106 664 4161 posse
690 4090 892 4159 impleri
915 4089 1055 4159 quod
1084 4098 1316 4158 coeptum
1341 4097 1444 4142 est.
1467 4086 1604 4154 Quid
1639 4078 1797 4140 finem

227 4184 380 4253 erepti
420 4183 714 4254 desperas?
761 4182 1109 4251 Omnipotens
1133 4182 1293 4250 erepit
1314 4222 1333 4247 ,
1378 4180 1715 4248 omnipotens
1742 4193 1800 4232 se

229 4276 469 4345 promisit
513 4276 852 4345 impleturum
887 4290 1007 4331 esse
1045 4273 1186 4345 quod
1216 4273 1397 4342 erepit.
1443 4271 1593 4327 Unde
1622 4280 1799 4327 autem

228 4369 426 4439 εωρίιῖ
482 4368 685 4440 I’irgam
717 4368 912 4423 virtutis
935 4377 1035 4422 tute
1059 4368 1247 4421 emittet
1290 4365 1536 4419 Dominus
1560 4379 1622 4419 ea:
1649 4363 1797 4418 Sion.

226 4460 356 4527 Quae
378 4462 523 4519 Sion.
555 4461 664 4530 ipsa
687 4468 769 4514 est
796 4459 1109 4514 Jerusalem.
1138 4457 1273 4512 Audi
1294 4458 1463 4527 ipsum
1484 4455 1798 4510 Dominum:

231 4552 499 4621 Oportebat
531 4551 785 4605 Christum
822 4552 929 4620 pati
962 4558 1009 4604 et
1046 4564 1306 4619 resurgere
1338 4564 1369 4600 a
1406 4546 1617 4601 mortuis
1656 4546 1799 4599 tertio

228 4645 324 4698 die.
365 4645 499 4700 Iliae
532 4645 681 4698 sedet
707 4645 772 4697 ad
804 4644 1076 4698 dexteram
1111 4643 1201 4695 Dei
1231 4641 1401 4696 Patris
1423 4683 1437 4706 ,
1477 4637 1803 4709 resurgendo

228 4735 310 4789 ubi
337 4735 451 4789 fuit;
484 4734 683 4789 Deinde
708 4735 796 4789 illo
812 4735 1030 4790 sedente
1055 4734 1121 4788 ad
1149 4733 1420 4788 dexteram
1450 4731 1646 4796 Patris,
1673 4730 1801 4799 quid

227 4827 438 4894 :-gitur?
481 4836 541 4881 ut
569 4835 831 4895 ponantur
883 4825 1079 4880 inimici
1129 4826 1247 4892 ejus
1288 4822 1577 4878 seabellum
1609 4821 1800 4891 pedum

228 4920 359 4985 ejus,
394 4918 518 4988 quid
547 4918 756 4987 agitur?
784 4917 919 4971 Audi
952 4916 1095 4969 illum
1126 4915 1410 4969 docentem
1440 4925 1494 4968 et
1524 4927 1799 4982 exponen-

231 5018 331 5063 tem
369 5028 383 5062 :
420 5028 438 5061 ‹
477 5010 545 5064 Et
590 5007 966 5077 pra-dicabitur
1008 5008 1059 5061 in
1107 5006 1322 5059 nomine
1348 5005 1463 5074 ejus
1495 5002 1801 5073 pmnitentia

227 5116 278 5157 et
307 5104 550 5159 remissio
570 5110 908 5172 peccatorum
938 5116 1029 5170 per
1058 5113 1241 5152 omnes
1276 5105 1480 5168 gentes,
1509 5093 1805 5164 incipienti-

229 5195 324 5249 bus
345 5196 411 5249 ab
430 5194 724 5249 Jerusalem
754 5211 772 5244 ι
812 5191 960 5261 (Luc.
994 5205 1141 5257 χειν,
1170 5189 1262 5253 46,
1293 5188 1423 5257 47);
1453 5186 1594 5257 quia,
1634 5203 1652 5234 ο
1686 5184 1803 5237 Vir-

226 5302 344 5357 gam
387 5287 598 5341 virtutis
631 5294 733 5339 tum
778 5286 985 5338 emittet
1014 5282 1266 5336 Dominus
1291 5294 1354 5332 ex
1383 5278 1535 5333 Sion.
1588 5275 1800 5345 Virgam

226 5380 435 5432 virtutis
474 5388 607 5444 tute,
646 5396 664 5430 ι
716 5377 815 5431 ltoc
842 5385 921 5431 est
958 5390 1174 5445 regnum
1204 5372 1457 5441 potentia:
1483 5379 1625 5434 tum;
1658 5367 1801 5437 quia,

230 5486 249 5520 α
280 5469 454 5538 Reges
479 5484 572 5523 eos
604 5469 654 5522 in
685 5469 829 5537 virga
853 5466 1021 5521 ferrea
1066 5486 1082 5516 ι
1112 5463 1280 5535 (Psal.
1311 5479 1346 5516 ιι
1366 5504 1379 5521 ,
1411 5462 1465 5531 9)
1496 5479 1508 5514 :
1545 5477 1561 5511 ι
1600 5459 1805 5513 emittet

228 5559 481 5613 Dominus
507 5574 571 5613 ex
599 5558 760 5623 Sion;
801 5577 820 5610 ι
873 5556 1029 5627 quia,
1065 5574 1083 5608 ι
1120 5552 1496 5624 lncipientibus
1538 5550 1603 5604 ab
1645 5548 1802 5603 Jeru-

225 5651 411 5705 salem.
452 5670 471 5702 ι

284 5743 303 5774 ⁸
327 5743 402 5790 Sic
422 5747 527 5790 Mss.
554 5746 606 5790 At
628 5741 676 5789 in
692 5738 825 5796 ειη,
844 5736 999 5788 inanis
1023 5734 1204 5796 loeutus
1223 5738 1311 5784 est.

283 5805 306 5837 ³
340 5805 421 5853 me
444 5804 491 5852 iu
513 5803 623 5854 Edd.
649 5791 855 5862 additur,
874 5795 1128 5851 immortali
1158 5809 1174 5848 :
1198 5794 1324 5859 quod
1344 5807 1370 5843 a
1391 5800 1498 5845 Mss.
1524 5791 1680 5842 abest.

1312 326 1704 383 ENARHATIO
1743 325 1807 380 IN
1850 322 2170 379 I’SALMUM
2211 323 2345 379 CIX.

3352 330 3485 384 1155

1982 437 2066 489 II.
2120 435 2253 488 Cum
2304 449 2432 502 ergo
2479 436 2717 489 emiserit
2759 451 2825 490 ex
2862 436 2989 490 Sion
3031 436 3227 506 virgam
3273 439 3482 495 virtutis

1903 529 2050 596 ejus,
2077 528 2200 597 quid
2233 527 2363 583 lict?
2404 525 2471 580 Et
2492 527 2753 581 dominare
2777 529 2828 581 in
2849 528 3012 581 medio
3033 529 3347 585 inimicorum
3376 541 3489 587 tuo-

1904 635 2038 673 rum.
2088 618 2242 672 Prius
2280 617 2542 671 dominare
2588 618 2640 672 in
2684 618 2847 671 medio
2886 618 3204 673 inimicorum
3243 606 3481 676 tuorum:

1905 709 2045 765 iuter
2087 708 2379 764 frementes
2406 719 2609 778 gentes.
2660 708 2925 779 Numquid
2964 711 3107 765 enim
3150 721 3335 781 postea
3363 729 3485 768 eum

1904 799 2492 868 acceperinthonorem
2519 815 2673 854 suum
2704 800 2896 866 sancti,
2922 812 2976 854 et
3004 816 3153 855 suam
3184 802 3482 857 damnatio.

1904 906 2025 943 nem
2059 889 2240 959 impii,
2268 890 2322 944 in
2363 890 2540 945 medio
2577 889 2915 944 inimicorum
2941 907 3156 953 suorum
3189 893 3488 949 dominabi-

1903 983 2032 1036 tur?
2078 982 2146 1037 Et
2180 982 2307 1052 quid
2345 983 2538 1037 mirum
2568 982 2613 1036 si
2640 991 2765 1037 tunc
2792 982 3150 1038 dominabitur
3171 1024 3188 1052 ,
3218 999 3400 1040 secum
3430 987 3486 1040 in

1901 1083 2157 1127 aiternum
2186 1073 2530 1143 regnantibus
2549 1072 2708 1142 justis
2732 1114 2747 1138 ,
2774 1080 2827 1127 et
2850 1064 3264 1143 reterrris‘pmnis
3290 1076 3487 1130 ardea.

1903 1165 2041 1219 tibus
2082 1164 2302 1234 impiis?
2330 1164 2457 1236 quid
2502 1165 2694 1218 tnirum
2741 1164 2784 1217 si
2834 1164 2998 1218 tunc?
3047 1164 3198 1218 Modo
3225 1166 3277 1220 in
3308 1166 3487 1221 medio

1901 1255 2239 1311 inimicorum
2268 1265 2500 1323 tuorum,
2525 1271 2666 1310 nunc
2691 1256 2746 1309 in
2773 1255 2873 1309 isto
2898 1256 3119 1310 transitu
3140 1258 3481 1318 sreculorum,

1900 1346 1952 1400 in
1985 1350 2087 1401 ista
2130 1347 2508 1418 propagatione
2533 1356 2586 1401 et
2628 1347 2967 1401 successione
3010 1346 3347 1402 mortalitatis
3378 1347 3479 1401 bu-

1900 1452 2072 1491 mame
2096 1478 2111 1504 ,
2143 1452 2285 1492 nunc
2304 1432 2450 1492 dum
2497 1447 2708 1492 torrens
2736 1446 3037 1506 temporum
3068 1438 3481 1506 pneterlabitur,

1898 1527 1965 1581 ad
1995 1527 2095 1582 hoc
2131 1529 2330 1583 directa
2359 1539 2442 1583 est
2464 1528 2607 1598 virga
2652 1528 2862 1581 virtutis
2890 1537 2993 1581 tua:
3016 1543 3079 1582 ex
3110 1528 3237 1583 Sion
3261 1569 3277 1593 ,
3306 1539 3363 1582 ut
3388 1529 3485 1584 do-

1899 1619 2119 1673 mineris
2170 1620 2224 1673 iu
2273 1617 2449 1673 medio
2498 1618 2830 1687 inimicorum
2879 1627 3112 1672 murum.
3172 1619 3479 1685 Dominare,

1898 1712 2176 1768 dominare
2203 1714 2256 1767 in
2280 1713 2454 1768 medio
2493 1712 2825 1783 Paganorum
2847 1754 2861 1777 ,
2887 1710 3192 1766 Judzcorum
3214 1754 3229 1776 ,
3264 1711 3481 1768 h:ereti-

1897 1819 2081 1859 corum
2107 1847 2123 1872 ,
2153 1806 2408 1860 falsorum
2437 1804 2681 1859 fratrum.
2736 1805 3050 1870 Dominare,
3079 1804 3374 1871 dominare,
3407 1807 3481 1861 (ili

1898 1896 2082 1963 David,
2108 1880 2329 1952 Domine
2342 1897 2524 1963 David,
2543 1897 2825 1952 dominare
2850 1896 2900 1950 in
2925 1897 3099 1952 medio
3122 1897 3478 1967 Paganorum,

1895 1986 2221 2052 Judmorum,
2242 1987 2634 2054 ha-relieomm,
2659 1987 2909 2043 falsorum
2938 1989 3177 2042 fratrum.
3206 1988 3483 2045 Dominure

1895 2079 1949 2132 in
1987 2079 2152 2132 medio
2183 2080 2499 2134 inimicorum
2528 2090 2749 2133 tuorum.
2782 2079 2935 2135 llunc
2964 2095 3177 2135 versum
3207 2095 3312 2135 non
3334 2091 3483 2137 recte

1896 2171 2272 2242 intelligimus,
2312 2174 2358 2227 si
2398 2186 2501 2226 non
2536 2173 2648 2226 ﬁeri
2685 2173 2794 2241 jam
2820 2173 3080 2227 videmus.
3134 2173 3272 2230 Sede
3296 2190 3423 2244 ergo
3448 2192 3477 2228 a

1895 2263 2105 2319 dextris
2136 2265 2247 2330 Dei,
2282 2264 2550 2319 occultare
2585 2274 2641 2319 ut
2670 2265 2924 2330 cretlaris,
2954 2266 3128 2321 donec
3157 2266 3479 2334 impleantur

1897 2364 2136 2426 tempora
2161 2356 2415 2426 gentium.
2438 2355 2527 2412 Sic
2551 2356 2690 2409 enim
2718 2355 2972 2425 scriptum
2992 2364 3077 2410 est
3101 2373 3114 2408 :
3144 2356 3303 2419 Quem
3323 2372 3478 2427 opor—

1896 2448 2026 2501 tebat
2055 2447 2232 2503 cretum
2270 2448 2492 2519 recipere
2515 2490 2531 2514 ,
2564 2448 2719 2502 donec
2749 2446 3053 2519 impleantur
3088 2458 3314 2517 tempora
3351 2467 3480 2520 geu-

1897 2540 2020 2594 tium
2048 2539 2185 2614 (Act.
2216 2556 2292 2606 tu,
2320 2539 2433 2613 21).
2470 2539 2535 2596 Ut
2569 2541 2709 2594 enim
2740 2554 3049 2609 resurgeres
3071 2581 3086 2605 ,
3116 2550 3355 2595 mortuus
3382 2556 3475 2604 es;

1898 2640 1958 2686 ut
1984 2631 2304 2687 ascenderes
2327 2674 2342 2697 ,
2384 2630 2719 2685 resurrexisti
2744 2645 2759 2695 ;
2790 2640 2846 2684 ut
2871 2629 3087 2684 sederes
3116 2629 3181 2683 ad
3206 2629 3477 2685 dexteram

1900 2723 2105 2787 Patris,
2136 2721 2420 2777 ascendisti
2454 2735 2624 2791 :ergo
2668 2730 2723 2775 ut
2768 2720 2835 2775 ad
2876 2719 3151 2775 dexteram
3179 2720 3350 2775 Patris
3388 2736 3479 2775 se-

1896 2814 2053 2870 deres
2075 2854 2090 2880 ,
2141 2825 2380 2869 mortuus
2428 2829 2508 2868 es.
2564 2813 2639 2868 De
2665 2821 2835 2868 morte
2860 2812 3002 2866 enim
3033 2813 3380 2879 resurrectio,
3411 2813 3481 2868 de

1898 2907 2286 2962 resurrectione
2310 2905 2588 2968 ascensio,
2636 2904 2705 2958 de
2746 2904 3057 2958 ascensione
3098 2903 3164 2956 ad
3205 2903 3479 2958 dexteram

1897 2996 2066 3050 sessio
2096 3014 2111 3051 :
2136 2995 2242 3053 hoc
2284 3005 2453 3050 totum
2482 3010 2612 3065 ergo
2658 2996 2821 3064 erepit
2856 3008 2885 3047 a
2913 3002 3105 3049 morte.
3156 2994 3481 3051 Excellentia

1901 3086 2160 3142 claritatis
2189 3085 2367 3155 lmjus,
2402 3085 2715 3155 principium
2744 3083 2904 3138 habet
2928 3083 3260 3138 humilitatis.
3289 3084 3364 3140 'I‘e
3386 3086 3483 3139 ita-

1898 3195 2001 3250 que
2025 3179 2247 3234 sedeute
2282 3177 2348 3232 ad
2374 3178 2643 3232 dexteram
2674 3176 2846 3230 Patris
2870 3215 2884 3235 .
2927 3175 3212 3244 implentur
3243 3185 3479 3245 tempora

1898 3272 2173 3342 gentium,
2222 3279 2489 3340 ponuntur
2515 3268 2709 3324 inimici
2741 3282 2930 3322 OIDIICS
2964 3267 3255 3322 scabellum
3286 3267 3481 3337 pedum

1901 3374 2131 3427 tuorum,
2160 3373 2214 3417 et
2238 3362 2305 3417 ad
2330 3362 2432 3417 hoc
2461 3372 2515 3416 ut
2542 3361 2902 3431 perveniatur,
2936 3359 3082 3427 prius
3110 3358 3485 3417 dominaberis

1900 3454 1952 3508 in
1993 3453 2167 3508 medio
2209 3453 2541 3507 inimicorum
2583 3464 2791 3505 tuorum
2824 3467 2837 3502 :
2871 3448 2937 3503 ad
2983 3448 3083 3504 hoc
3115 3450 3257 3504 enim
3287 3450 3484 3520 virgam

1897 3546 2093 3600 virtutis
2115 3555 2216 3599 tute
2249 3545 2436 3598 emittet
2468 3543 2714 3597 Dominus
2734 3558 2796 3596 ea:
2826 3542 2974 3597 Sion.
3006 3540 3074 3596 Ut
3095 3550 3270 3597 autem
3299 3558 3482 3596 more-

1900 3638 2034 3691 reris
2056 3675 2072 3700 ,
2118 3644 2175 3691 et
2204 3650 2298 3704 per
2327 3642 2552 3689 mortem
2599 3644 2743 3686 tuam
2771 3632 3041 3686 deleretur
3067 3630 3480 3702 chirographum

1901 3737 2235 3800 peccatorum
2263 3725 2478 3799 (Coloss.
2508 3740 2567 3790 II,
2598 3725 2710 3794 I4),
2743 3730 2797 3777 et
2818 3721 3196 3791 pra‘dicaretur
3223 3724 3485 3792 pmniton-

1903 3821 1970 3874 tia
1994 3829 2046 3874 et
2092 3818 2337 3873 remissio
2381 3815 2695 3871 delictorum
2735 3827 2829 3882 per
2871 3826 3058 3867 omnes
3094 3824 3280 3882 gentes
3304 3856 3318 3879 ,
3351 3814 3484 3868 inci-

1902 3915 2166 3985 pientibus
2214 3912 2281 3966 ab
2326 3909 2662 3973 Jerusalem,
2714 3906 2927 3960 οωοίιτιε
2976 3904 3280 3961 ,Ιιιάωοιιιιηι
3318 3905 3483 3975 fecit.

1901 4005 2034 4061 Aliis
2064 4000 2421 4058 illuminandis
2445 4043 2459 4066 ,
2504 3999 2730 4053 aliorum
2762 3996 2973 4051 ca-citas
3004 3997 3247 4051 militavit
3268 4015 3291 4051 με
3322 4015 3340 4049 t
3371 3996 3487 4053 Cm-

1902 4100 2032 4154 citas
2066 4115 2085 4149 i
2119 4096 2261 4151 enim
2295 4112 2314 4144 ι
2348 4108 2415 4147 ex
2444 4099 2594 4161 parte
2622 4087 2784 4143 Israel
2816 4087 2950 4142 facta
2979 4094 3094 4153 est,
3125 4095 3183 4141 ut
3212 4087 3489 4158 plenitudo

1902 4189 2148 4245 Gentium
2179 4187 2435 4248 intraret,
2464 4192 2519 4239 et
2554 4182 2631 4236 sic
2660 4180 2834 4236 omnis
2866 4178 3027 4234 Israel
3057 4179 3237 4235 salvus
3275 4180 3424 4234 tieret
3460 4199 3480 4232 ι

1903 4285 2079 4351 (Itoni.
2108 4295 2182 4345 ιι,
2202 4278 2319 4348 ‘25).
2350 4295 2368 4328 ι
2392 4273 2614 4331 Czecitas
2636 4288 2700 4328 ex
2726 4281 2875 4341 parte
2906 4270 3065 4325 Israel
3096 4269 3230 4325 facta
3252 4288 3271 4322 ›
3294 4270 3488 4325 occidit

1906 4386 1989 4440 te;
2032 4373 2238 4429 occisus
2273 4367 2609 4425 resurrexisti
2631 4407 2648 4432 ,
2692 4363 2949 4434 sanguine
2978 4371 3069 4417 tuo
3095 4370 3309 4432 peccata
3337 4361 3487 4418 Gen-

1907 4468 2035 4520 tium
2067 4462 2288 4526 diluisti,
2318 4460 2385 4514 ad
2411 4458 2684 4514 dexteram
2714 4455 2883 4509 Patris
2913 4452 3107 4509 sedens
3130 4452 3369 4523 undique
3397 4468 3488 4522 pa-

1906 4558 2099 4612 tientes
2123 4563 2177 4609 et
2200 4554 2266 4607 ad
2306 4561 2357 4607 te
2383 4548 2755 4620 confugientes
2782 4545 3062 4616 eollegisti.
3110 4562 3130 4596 ι
3159 4545 3319 4599 Facta
3348 4555 3430 4600 est
3465 4564 3484 4597 ι

1905 4662 2034 4719 ergo
2062 4664 2080 4697 ι
2111 4644 2333 4723 caecitas
2346 4658 2412 4697 ex
2441 4649 2591 4711 parte
2622 4638 2780 4693 Israel
2802 4678 2816 4701 ,
2851 4635 2984 4691 facta
3013 4644 3095 4691 est
3119 4643 3178 4691 ut
3213 4635 3490 4705 plenitudo

1906 4740 2153 4795 Gentium
2180 4736 2431 4799 intraret,
2461 4739 2515 4786 et
2541 4731 2618 4785 sic
2647 4728 2818 4784 omnis
2843 4726 3001 4781 Israel
3028 4726 3207 4781 salvus
3235 4725 3385 4781 ﬁeret
3410 4767 3426 4791 ,
3464 4744 3483 4777 ι

1907 4846 1961 4889 et
1999 4846 2186 4887 omnes
2216 4827 2413 4883 inimici
2446 4825 2517 4879 tui
2546 4830 2726 4879 essent
2757 4822 2772 4852 ¹
2802 4818 3090 4874 scabellum
3136 4817 3329 4889 pedum
3372 4826 3483 4874 tuo-

1909 4941 2045 4980 rum.
2074 4922 2177 4979 Sed
2207 4922 2310 4975 hoc
2338 4931 2496 4981 nuric,
2526 4924 2705 4985 postea
2733 4910 2898 4983 quid?

1980 5018 2065 5072 12.
2097 5014 2246 5088 [vers.
2274 5010 2353 5083 5.]
2400 5009 2583 5064 Tecum
2615 5004 2917 5077 principium
2952 5003 3006 5055 in
3035 5000 3116 5055 die
3147 5002 3343 5056 uirtutis
3365 5009 3484 5057 ture.

1908 5109 2037 5174 Quis
2065 5106 2163 5159 iste
2189 5103 2301 5157 dies
2329 5108 2408 5155 est
2430 5098 2641 5153 virtutis
2670 5093 2823 5164 ejus?
2850 5091 3072 5161 Quando
3099 5107 3219 5146 cum
3238 5091 3326 5145 illo
3352 5092 3491 5160 prin—

1907 5198 2103 5268 cipium
2129 5236 2143 5260 ,
2174 5194 2256 5248 vel
2278 5190 2419 5262 quod
2452 5188 2769 5259 principium
2793 5227 2806 5250 ,
2851 5186 2933 5239 vel
2960 5182 3227 5252 quomodo
3245 5196 3367 5238 cum
3395 5182 3493 5236 illo.

1910 5286 2220 5360 principium
2246 5299 2262 5350 ;
2310 5279 2736 5353 quandoquidem
2760 5286 2812 5332 et
2839 5278 2953 5345 ipse
2981 5272 3335 5344 principium?
3378 5272 3481 5333 Ad-

1903 5383 2052 5453 juvet
2079 5378 2335 5434 Dominus
2358 5414 2374 5442 ,
2408 5383 2464 5429 ut
2502 5387 2602 5428 nec
2628 5370 2756 5426 mihi
2785 5370 2963 5424 dicere
2990 5367 3346 5437 perturbetur,
3387 5381 3486 5421 nec

1907 5471 2057 5526 vobis
2093 5467 2298 5523 audire.
2350 5464 2520 5519 Video
2556 5463 2697 5517 enim
2736 5457 2877 5529 quod
2920 5458 3028 5526 jam
3071 5454 3265 5511 factum
3295 5464 3489 5522 est,.et

1910 5561 2181 5617 vobiscum
2218 5557 2374 5612 video
2427 5555 2594 5610 oculis
2643 5551 2807 5606 ﬁdei:
2839 5549 3009 5605 oculis
3060 5562 3270 5618 quoque
3312 5548 3492 5603 carnis

1974 5665 1989 5696 ⁸
2029 5662 2352 5715 Rcstituimus,
2377 5652 2547 5722 tui,et,
2566 5660 2737 5709 essent,
2763 5664 2824 5700 ex
2850 5657 2921 5699 Er.
2948 5650 3094 5722 tugd.
3122 5659 3242 5722 ven.
3280 5656 3331 5698 et
3358 5655 3490 5709 l,ov.;

1909 5737 2115 5849 qportlnn
2139 5724 2395 5772 verbortmt
2430 5718 2535 5769 loco
2560 5732 2607 5766 Ill
2630 5722 2884 5791 B.'uotalur
2908 5714 2965 5763 ad
2987 5714 3256 5777 marginem
3284 5726 3295 5761 :
3331 5731 3352 5759 ι
3372 5725 3491 5774 δυρ-

1916 5800 1943 5849 ιλ
1969 5800 2014 5847 e,
2061 5791 2226 5835 territt.
2254 5800 2273 5828 θ
2375 5788 2429 5830 Μ.

1916 5800 2014 5850 μυ,
2039 5800 2226 5849 fierent.
2254 5800 2273 5828 θ
2375 5800 2429 5830 ιι.

3480 5882 3505 5900 δ’

3160 5922 3187 5937 ρ
