4026 6202
478 305 617 364 £3555

479 421 635 473 video
661 415 799 488 quod
839 415 947 485 jam
991 414 1046 466 lit
1069 453 1084 476 ,
1116 424 1404 480 rursusque
1435 408 1601 465 oculis
1636 406 1757 462 ﬁdei
1778 406 2057 463 vobiscum

480 523 638 578 spero
669 505 808 578 quod
842 505 1075 558 futurum
1106 510 1206 554 est.
1240 499 1377 567 Quid
1399 514 1525 571 ergo
1550 498 1746 553 factum
1777 497 1901 552 est?
1930 494 2058 566 quid

480 599 581 655 lit?
624 598 746 669 quid
776 596 1007 650 futurum
1034 592 1152 648 est?
1193 591 1436 647 Christus
1462 604 1648 660 passus
1673 598 1788 655 est,
1819 599 2060 642 mortuus

479 700 583 752 est,
613 686 902 744 resurrexit
932 684 1083 738 tertia
1113 683 1201 737 die
1224 723 1238 748 ,
1270 682 1509 737 ascendit
1537 682 1590 735 in
1618 681 1812 737 coelum
1838 722 1852 745 ,
1882 689 1941 734 ut
1962 694 2060 734 no-

480 784 674 846 vimus,
700 777 1104 849 quadragesimo
1128 775 1213 831 die
1237 816 1250 839 ,
1283 775 1434 829 scdct
1454 774 1519 828 ad
1546 773 1820 832 dexteram
1852 772 2021 835 Patris
2043 788 2058 824 :

481 874 581 927 hoc
605 874 714 941 jam
743 871 934 924 factum
968 878 1043 924 est
1066 909 1081 932 ,
1112 866 1214 921 hoc
1233 882 1335 933 non
1361 865 1608 931 vidimus,
1652 863 1742 917 sed
1765 863 2057 918 credimus.

479 964 612 1031 Quid
642 978 780 1017 nunc
809 960 866 1014 lit
885 960 911 1013 ’ἶ
952 959 1261 1013 Dominatur
1289 959 1339 1011 in
1373 957 1545 1010 medio
1574 955 1908 1010 inimicorum
1940 968 2062 1007 suo-

478 1072 596 1110 rum
619 1097 632 1118 ,
671 1054 865 1109 emissa
906 1052 1048 1121 virga
1089 1049 1298 1103 virtutis
1327 1048 1441 1117 ejus
1475 1062 1540 1102 ex
1565 1047 1731 1108 Sion;
1767 1045 1824 1099 lit
1850 1045 1983 1107 hoc,
2009 1042 2061 1098 id

478 1149 669 1218 agitur.
714 1144 962 1199 Formam
1010 1142 1149 1195 servi
1179 1142 1194 1172 ¹
1224 1151 1276 1194 ει
1318 1147 1632 1209 praesentem
1665 1144 1790 1191 tunc
1819 1135 2062 1189 viderunt

480 1239 643 1302 servi,
677 1245 730 1292 et
756 1235 1029 1289 absentem
1053 1246 1192 1286 nunc
1221 1230 1444 1285 credunt
1467 1230 1627 1285 servi.
1660 1228 1771 1282 lloc
1795 1226 2062 1282 credimus

481 1331 548 1385 de
575 1329 743 1383 forma
770 1325 943 1391 servi,
988 1323 1128 1395 quod
1156 1335 1652 1398 possumuscapere
1676 1362 1691 1386 ,
1739 1319 1864 1373 dum
1891 1317 2064 1373 adlmc

482 1435 667 1476 sumus
683 1417 841 1474 servi.
874 1416 982 1471 lloc
1001 1423 1079 1469 est
1108 1414 1248 1469 enim
1267 1412 1397 1466 illud
1426 1412 1506 1466 lae
1535 1410 1893 1480 parvulorum,
1921 1407 2062 1478 quod
2098 1469 2107 1480 ,

482 1508 818 1580 temperavit,
849 1520 1039 1577 panem
1067 1503 1333 1573 trajiciens
1360 1517 1457 1572 per
1477 1516 1711 1555 carnem.
1755 1499 1887 1554 Nam
1913 1497 2062 1568 panis

483 1602 576 1657 ille
603 1598 950 1670 Angelorum,
983 1595 1034 1649 in
1068 1594 1331 1666 principio
1354 1601 1469 1647 eral.
1492 1591 1725 1646 Verbum
1761 1598 2061 1644 :ut1amen

480 1706 674 1763 panem
721 1687 1039 1758 Angelorum
1093 1683 1434 1739 tuanduearet
1467 1681 1637 1736 homo
1664 1680 1829 1753 (Psal.
1864 1694 2059 1744 Lxxvn,

480 1783 574 1853 25)
605 1824 619 1850 ,
648 1780 867 1837 Creator
904 1777 1225 1848 Angelorum
1262 1774 1432 1829 factus
1469 1783 1550 1828 est
1595 1773 1773 1827 homo.
1807 1771 1879 1851 lla
1910 1769 2063 1825 nobis

480 1871 716 1927 Verbum
744 1869 1076 1924 incarnatum
1107 1864 1298 1919 factum
1326 1872 1409 1918 est
1435 1862 1738 1933 receptibile
1766 1878 1779 1914 :
1811 1858 1950 1930 quod
1976 1873 2063 1914 re-

480 1964 659 2033 cipere
696 1974 803 2015 non
830 1958 1129 2013 valeremus
1151 1996 1165 2022 ,
1207 1955 1252 2008 si
1291 1954 1456 2009 Filius
1482 1952 1699 2021 mqualis
1727 1951 1835 2005 Deo
1868 1966 1971 2004 non
2003 1964 2063 2006 se

482 2052 787 2110 cxinaniret
808 2050 1028 2104 formam
1051 2047 1187 2101 servi
1216 2046 1497 2114 accipiens,
1529 2044 1579 2097 in
1605 2042 1949 2098 similitudine
1967 2042 2064 2095 ho-

483 2146 686 2201 minum
716 2141 881 2196 lactus
904 2181 918 2202 ,
951 2147 1005 2192 et
1035 2137 1214 2192 habitu
1243 2136 1486 2190 inventus
1515 2141 1573 2188 ut
1612 2132 1770 2187 homo
1804 2131 2058 2204 (Philipp.

446 2249 539 2302 =11;
563 2235 597 2290 6
633 2241 681 2288 et
710 2229 787 2305 Ἰ).
821 2230 893 2287 υιι
914 2243 1040 2299 ergo
1082 2235 1366 2296 utcumque
1402 2238 1595 2294 capere
1636 2236 1917 2294 possemus
1939 2236 2059 2276 eum

481 2327 571 2397 qui
596 2339 704 2380 non
731 2329 911 2393 posset
924 2319 1061 2391 'capi
1087 2334 1115 2372 a
1149 2317 1459 2373 mortalibus
1477 2308 1758 2381 ,mortalis
1785 2313 1953 2368 factus
1978 2324 2063 2369 est

480 2414 831 2479 immortalis;
860 2420 918 2466 nt
948 2418 1157 2482 peracta
1183 2423 1278 2464 sua
1307 2416 1477 2463 morte
1496 2404 2059 2473 iaceretinimortales,

480 2517 535 2563 et
563 2504 762 2576 aliquid
802 2503 954 2558 daret
996 2498 1383 2571 inspiciendum
1408 2540 1423 2565 ,
1466 2496 1666 2568 aliquid
1711 2496 2058 2562 credendum,

450 2596 679 2667 aliquid
719 2602 839 2666 post
881 2591 1189 2647 videndum.
1243 2588 1629 2660 lnspiciendam
1660 2588 1807 2644 dedit
1834 2587 2059 2643 formam

479 2687 620 2743 servi
661 2685 1009 2758 prmsentibus
1028 2724 1043 2748 ,
1080 2697 1187 2737 non
1216 2682 1387 2737 solum
1416 2681 1584 2736 oculis
1612 2679 1898 2735 videndam
1922 2720 1937 2745 ,
1965 2679 2082 2735 sed.

448 2780 638 2835 etiam
687 2776 934 2832 manibus
975 2771 1419 2843 pertractandam.
1469 2770 1603 2827 Cum
1646 2770 1835 2827 eadem
1891 2770 2061 2825 [tanta

480 2867 718 2925 ascendit
743 2866 795 2921 in
817 2865 1042 2929 celum,
1078 2862 1301 2919 credere
1335 2861 1489 2917 nobis
1511 2861 1669 2932 jussit
1687 2860 1828 2932 quod
1853 2859 2058 2916 illisali-

481 2963 612 3018 dere
643 2957 930 3016 concessit.
948 2954 1073 3011 “Sed
1099 2962 1155 3010 et
1175 2952 1559 3011 nostbabcmus
1576 2951 1719 3024 quod
1748 2951 2058 3011 videamus:

454 3054 555 3108 illi
583 3052 723 3109 enim
743 3050 991 3106 viderunt
1019 3047 1219 3117 virgam
1244 3045 1495 3101 emissam
1518 3059 1583 3099 ex
1613 3042 1766 3109 Sion,
1787 3058 1887 3099 nos
1914 3042 2061 3099 vide-

480 3159 600 3199 mus
625 3141 887 3199 dominari
918 3140 968 3194 in
1001 3136 1177 3192 medio
1206 3136 1538 3190 inimicorum
1568 3150 1804 3188 suorum.
1844 3133 1957 3189 Hoc
1981 3142 2061 3189 to-

450 3257 459 3262 τ
481 3244 592 3290 tum
610 3276 625 3301 ,
654 3233 845 3288 fratres
868 3272 883 3295 ,
910 3228 1138 3299 pertinet
1164 3226 1230 3280 ad
1256 3226 1702 3294 dispensationem
1731 3222 1915 3279 forma:
1942 3237 2058 3280 ser-

448 3324 600 3378 -vilis
620 3363 637 3388 ,
669 3337 787 3391 quin
826 3318 1173 3374 tolerabiliter
1200 3316 1405 3384 capitur
1431 3330 1462 3369 a
1490 3315 1658 3369 servis
1680 3356 1694 3376 ,
1723 3325 1778 3370 et
1797 3324 2007 3369 amatur
2027 3331 2059 3371 a

479 3413 670 3469 futuris
693 3407 1138 3465 liberisx-Veritas
1157 3407 1298 3462 enim
1342 3405 1784 3460 incommutabilis
1813 3405 2062 3477 quod-est

454 3505 715 3561 ‘Verbnm
746 3501 873 3568 Dei,
906 3501 1049 3556 Deus
1073 3497 1400 3568 apudDenm
1425 3525 1449 3564 ,-
1474 3511 1568 3566 per
1591 3512 1746 3567 quem
1777 3499 1910 3552 iacta
1937 3507 2060 3552 sunt

479 3599 688 3662 (nimia,
736 3597 787 3651 in
818 3610 877 3650 se
914 3608 1134 3648 manens
1165 3593 1380 3646 innovat
1416 3590 1592 3644 omnia
1626 3589 1778 3661 tSap.
1811 3605 1882 3644 vn
1903 3633 1917 3654 ,
1938 3589 2055 3660 27).

452 3691 628 3747 iHanc
655 3698 713 3743 ut
744 3687 1014 3741 videamus
1037 3725 1051 3748 ,
1080 3696 1266 3751 magna
1293 3692 1345 3736 et
1368 3681 1606 3750 perfecta
1629 3679 1807 3734 cordis
1846 3679 2055 3734 niuudi-

479 3784 550 3837 tis
570 3779 984 3842 necessariaest,
1003 3790 1121 3844 quae
1144 3775 1200 3828 lit
1219 3789 1311 3844 per
1329 3773 1506 3827 tidem.
1533 3772 1894 3827 Demonstrata
1917 3772 2057 3826 enim

479 3876 648 3930 forma
683 3872 854 3934 servi,
900 3869 1107 3925 dilata“
1136 3876 1217 3922 est
1244 3867 1308 3921 ad
1339 3864 1803 3920 demonstrandam
1834 3863 2057 3918 fortnam

480 3969 596 4022 Dei.
627 3966 768 4020 ldaatn
794 3963 987 4034 quippe
1015 3959 1261 4018 in'furma
1305 3958 1444 4014 servi
1494 3958 1718 4028 loquens
1755 3957 1922 4013 servis
1951 3957 2057 4011 ait:

486 4073 511 4110 ‹
541 4057 639 4126 Qui
660 4052 1251 4126 diligit'me,'mandata
1283 4064 1403 4105 mea
1432 4049 1664 4104 custodit
1690 4067 1703 4104 :
1735 4059 1791 4104 et
1815 4049 1903 4118 qui
1933 4048 2058 4102 dili-

479 4150 557 4221 git
580 4163 665 4203 me
688 4188 704 4215 ,
749 4146 999 4216 diligetur
1020 4143 1237 4198 a'Patre
1266 4154 1425 4207 meo;
1458 4151 1505 4196 et
1546 4140 1884 4211 ego'diligam
1912 4157 2055 4205 eum,

478 4250 533 4295 ct
558 4235 1120 4303 ostendam‘meipsum
1152 4232 1225 4286 illi
1256 4251 1275 4283 ι
1301 4231 1632 4301 (Joan.~x1v,
1661 4230 1775 4302 2|).
1819 4230 2059 4286 Videnti-

479 4335 579 4390 bus
609 4347 667 4388 se
694 4328 933 4400 promisit
966 4325 1453 4381 demonstraturum
1483 4338 1559 4378 se.
1607 4322 1742 4391 Quid
1772 4322 2058 4400 videbant?

478 4422 605 4491 quid
632 4394 1007 4491 promittebat?
1044 4412 1305 4469 Videbaut
1333 4411 1554 4466 formam
1576 4413 1713 4467 servi
1739 4454 1754 4478 ,
1788 4394 2060 4483 promitte.

479 4514 571 4570 bat
599 4512 824 4566 fortnam
851 4506 966 4562 Dei.
999 4503 1295 4568 Ostendam,
1327 4502 1517 4571 inquit,
1541 4502 1786 4573 meipsum
1810 4503 1905 4557 illi.
1941 4504 2057 4572 Ipsa

484 4602 804 4663 estvclaritas
830 4597 897 4653 ad
925 4610 1083 4668 quam
1128 4592 1435 4665 perducitur
1473 4607 1692 4663 regnum
1736 4592 1875 4663 quod
1902 4594 2059 4648 modo

435 4720 437 4723 τ
486 4696 711 4754 transitu
758 4690 935 4749 stet-ali
986 4687 1143 4757 hujus
1188 4684 1450 4754 colligitur
1495 4701 1509 4738 :
1555 4682 1767 4738 ducitur
1807 4684 1951 4738 enim
1992 4683 2058 4739 ad

481 4787 763 4861 quamdam
790 4782 1050 4836 visionem
1081 4775 1422 4840 ineliabilem,
1457 4788 1617 4845 quam
1640 4788 1747 4828 non
1776 4774 2061 4829 merebun-

483 4895 570 4938 tur
599 4876 766 4947 impii.
806 4873 1063 4930 C:etertnn
1090 4870 1262 4924 forma
1287 4868 1427 4923 servi
1461 4865 1709 4921 cum'hic
1744 4875 1918 4933 esset,
1955 4866 2059 4923 riga

482 4984 565 5033 est
593 4973 660 5028 ab
704 4967 878 5038 impiis
907 4981 920 5018 :
954 4963 1199 5017 viderunt
1235 4975 1350 5013 eam
1388 4960 1475 5028 qui
1496 4956 1872 5021 crediderunt,
1915 4957 2057 5013 vide-

483 5048 609 5123 runt
637 5071 688 5118 et
714 5059 802 5131 qni
828 5054 1155 5110 occiderunt.
1196 5049 1272 5104 Ne
1305 5048 1502 5118 aliquid
1533 5063 1780 5118 magnum
1806 5056 1959 5117 putes
1981 5048 2060 5101 vi-

488 5157 603 5212 deri
626 5154 852 5210 formam
881 5147 1042 5210 illam,
1074 5141 1315 5196 viderunt
1334 5139 1509 5204 amici,
1545 5139 1793 5194 viderunt
1825 5138 2059 5205 inimici;

488 5259 543 5305 ct
572 5247 784 5318 quidam
828 5240 1068 5295 videntes
1117 5230 1538 5298 interfecerunt,
1583 5217 1797 5301 quidam
1842 5247 1946 5286 non
1987 5232 2063 5285 vi-

491 5340 680 5396 dentes
718 5332 1077 5393 crediderunt.
1121 5325 1269 5381 lianc
1291 5338 1417 5393 ergo
1442 5322 1665 5377 formam
1687 5322 1862 5389 servi,
1906 5337 2063 5393 quam

490 5432 578 5487 hic
602 5432 709 5501 jam
752 5429 805 5481 in
847 5420 1148 5479 humilitate
1173 5414 1418 5471 viderunt
1442 5420 1495 5467 et
1520 5412 1588 5483 pii
1616 5423 1667 5467 et
1698 5413 1841 5484 impii
1870 5455 1884 5481 ,
1910 5413 2064 5495 vidc-

552 5585 570 5616 ι
604 5588 678 5630 διε
700 5587 806 5629 uss.
843 5584 897 5627 At
930 5574 1062 5643 add"
1090 5570 1141 5621 id
1166 5567 1322 5633 agitur
1344 5566 1395 5617 in
1416 5567 1571 5630 forma
1592 5578 1716 5617 srrrz
1745 5579 1762 5616 :
1790 5573 1834 5618 ct
1857 5577 2067 5630 prasen-

487 5651 599 5700 Ifm,
627 5652 722 5690 etc.

555 5689 684 5752 ς’ω,
710 5696 851 5760 ιιιςιὶΔ
877 5700 999 5749 Ven.
1022 5700 1074 5743 et
1095 5697 1225 5752 Com,
1247 5689 1463 5746 dtlatata.
1590 5694 1644 5739 It.

1700 295 1773 353 'S.
1813 291 2181 353 AUGUSTINI
2218 290 2519 351 EPISCOP:

2165 402 2298 458 bunt
2322 414 2375 460 et
2405 405 2467 459 in
2477 402 2751 475 judicitret
2777 404 2847 475 pii
2874 414 2928 460 et
2961 404 3288 477 impiLCum
3308 406 3462 463 enim
3486 409 3719 473 Dominus

2161 503 2287 549 ante
2318 496 2502 551 oculos
2529 495 2910 565 discipulorum
2949 511 3163 552 suorum
3190 497 3417 553 ferretur
3438 500 3486 554 in
3515 505 3717 570 emlum,

2164 586 2464 641 sonuitvox
2498 587 2734 656 angelica
2766 586 3094 642 intuentibus
3115 604 3235 643 eum
3270 607 3283 643 :
3318 607 3339 641 ι
3366 589 3477 646 Viri
3511 592 3718 662 Galilmi,

2164 679 2288 748 quid
2308 678 2464 732 statis
2484 678 2749 733 intuentes
2777 680 2827 733 in
2858 679 3098 735 coelum?
3134 679 3237 735 Iste
3260 662 3416 737 .iesus
3436 683 3510 738 sic
3536 689 3719 754 veniet,

2165 769 2432 839 quomodo
2448 784 2573 825 eum
2598 770 2799 824 vidistis
2815 782 3031 826 euntem
3053 772 3103 825 in
3128 772 3324 827 cmlum
3353 793 3373 825 ›
3404 775 3718 849 (Ach-ull).

2168 858 2257 913 Sic
2291 873 2448 928 ergo,
2480 859 2584 923 sic,
2633 859 2897 915 in‘eadem
2940 861 3104 915 forma
3148 879 3162 916 :
3203 863 3325 933 quia
3362 863 3432 918 de
3456 865 3625 935 impiis
3646 869 3722 924 di-

2165 958 2307 1003 ctum
2351 960 2462 1014 est,
2523 947 2767 1004 Videbunt
2807 951 2859 1003 in
2884 968 3031 1021 quem
3070 963 3387 1023 pupagernnt
3430 953 3606 1026 (Zach.
3635 974 3722 1025 xn,

2173 1038 2278 1111 λε).
2320 1040 2581 1095 Videbunt
2605 1040 2959 1108 judicaturum
2982 1083 2998 1107 ,
3027 1058 3184 1111 quem
3226 1044 3502 1098 irriserunt
3528 1045 3724 1115 judica-

2167 1139 2298 1184 tnm.
2326 1131 2441 1199 Ipsa
2468 1133 2645 1201 itaque
2677 1132 2843 1186 forma
2870 1133 3008 1197 servi
3032 1134 3081 1186 in
3104 1133 3305 1202 judicio
3329 1136 3606 1204 conspicua
3633 1140 3727 1193 erit

2166 1231 2219 1277 ct
2240 1223 2398 1292 justis
2424 1233 2478 1277 et
2508 1224 2717 1292 injustis
2742 1266 2756 1285 ,
2803 1233 2854 1278 et
2882 1225 2981 1293 piis
3007 1234 3060 1280 et
3097 1225 3273 1294 impiis
3292 1266 3307 1289 ,
3348 1235 3403 1280 et
3430 1225 3659 1283 ﬁdelibus
3676 1238 3727 1284 et

2166 1314 2486 1370 inlidelibus.
2527 1316 2661 1383 Quid
2688 1332 2815 1386 ergo
2854 1317 3000 1386 impii
3037 1332 3140 1372 non
3178 1317 3471 1374 videbunt?
3516 1319 3640 1374 Nam
3664 1320 3726 1376 de

2166 1405 2360 1475 quibus
2387 1405 2584 1460 dictum
2618 1415 2729 1470 est,
2772 1405 3020 1462 Videbunt
3045 1407 3098 1460 in
3118 1423 3262 1477 quem
3288 1420 3640 1480 pupugermtt;
3664 1410 3727 1466 de

2165 1497 2295 1567 ipsis
2321 1512 2533 1552 rursum
2571 1497 2768 1552 dictum
2795 1508 2909 1564 est,
2961 1498 3191 1552 Tollatur
3218 1499 3423 1568 imjn'us,
3463 1509 3631 1555 utnon
3656 1503 3727 1556 vi-

2166 1586 2280 1641 deat
2306 1587 2589 1641 claritatem
2620 1586 2822 1640 Domini
2843 1586 2996 1658 (lsai.
3026 1604 3170 1655 nrt,
3204 1589 3316 1659 10).
3341 1588 3480 1656 Quid
3507 1599 3587 1645 εει
3615 1592 3725 1655 hoc,

2164 1679 2396 1735 fratres?
2438 1680 2846 1746 Diseernamus,
2887 1680 3236 1736 discutiamus
3262 1681 3301 1736 ί.
3352 1681 3731 1736 Escitaturiiu-

2164 1771 2304 1841 pius,
2335 1779 2393 1826 ut
2411 1771 2607 1841 aliquid
2622 1770 2840 1834 videat;
2874 1770 3074 1825 tuliitur
3094 1770 3307 1840 impius,
3333 1779 3389 1826 ut
3416 1771 3610 1842 aliquid
3633 1788 3728 1827 non

2164 1861 2362 1918 videat.
2411 1861 2526 1918 Jatn
2556 1862 2682 1932 quid
2720 1863 2790 1917 sit
2814 1862 3053 1928 visurus,
3091 1862 3471 1929 ostendimus;
3519 1862 3728 1917 formant

2166 1951 2311 2006 illam
2326 1951 2394 2007 de
2418 1965 2519 2022 qua
2549 1951 2749 2006 dictum
2772 1962 2873 2017 est,
2894 1952 2991 2007 δίε
3018 1953 3197 2007 veniet.
3224 1952 3361 2019 Quid
3381 1968 3513 2025 ergo
3537 1968 3635 2009 non
3655 1961 3731 2008 est

2164 2044 2416 2098 visurus?
2440 2043 2507 2097 Et
2526 2044 2785 2098 ostendam
2803 2045 3045 2113 meipsnm
3064 2046 3159 2099 illi.
3179 2047 3315 2114 Quid
3334 2055 3439 2110 est,
3464 2046 3732 2118 meipsnm.’

2164 2132 2279 2189 Non
2303 2134 2525 2190 formam
2552 2136 2713 2190 servi.
2752 2135 2887 2203 Quid
2916 2137 3326 2207 est,meipsum?
3355 2136 3601 2192 Formam
3624 2138 3727 2202 Dei,

2166 2227 2339 2296 inqua
2377 2242 2483 2281 non
2504 2227 2758 2296 'rapinam
2789 2227 3073 2282 arbitratus
3099 2243 3215 2282 sum
3243 2243 3362 2282 esse
3388 2229 3607 2299 arqualis
3629 2229 3730 2283 Deo

2165 2318 2422 2388 (Philipp.
2443 2336 2501 2385 ιι,
2525 2318 2614 2374 6et
2632 2320 2710 2390 7).
2742 2318 2877 2386 Quid
2896 2329 2995 2387 est,
3021 2337 3040 2370 ι
3063 2320 3361 2390 meipsum?
3384 2320 3728 2385 Dilectissimi,

2165 2409 2255 2464 ﬁlii
2303 2410 2395 2465 Dei
2444 2425 2661 2476 sumus,
2711 2421 2765 2465 et
2811 2409 3046 2465 nondum
3071 2411 3316 2480 apparuit
3339 2412 3466 2481 quid
3496 2412 3726 2467 erimus:

2165 2500 2364 2556 scimus
2390 2499 2509 2568 quia
2536 2514 2658 2554 cum
2686 2499 3013 2568 apparuerit,
3037 2499 3241 2554 similes
3269 2501 3583 2566 civerimus;
3610 2514 3731 2567 ρυε-

2164 2590 2306 2644 niam
2332 2589 2628 2645 videbimus
2652 2605 2778 2644 cum
2805 2590 2961 2644 sicuti
2986 2598 3069 2645 est
3097 2609 3117 2642 ι
3140 2589 3182 2660 (ι
3209 2588 3363 2652 Joan.
3390 2606 3471 2659 nt,
3506 2588 3730 2659 2)..ll:ec

2165 2681 2380 2736 claritas
2412 2681 2503 2736 Dei
2529 2691 2615 2736 est
2641 2680 2923 2735 incli‘abilis
2956 2680 3080 2747 lux,
3124 2679 3244 2737 fons
3282 2680 3416 2736 lueis
3457 2681 3731 2735 sineocom-

2164 2772 2512 2828 mutabilitate
2533 2812 2549 2839 ,
2587 2772 2783 2826 veritas
2811 2771 2926 2827 sine
2950 2770 3183 2838 defectu,
3205 2770 3463 2841 sapientia
3485 2772 3538 2825 in
3567 2771 3731 2840 seipse

2164 2879 2408 2928 manens,
2460 2865 2719 2919 innumus
2758 2864 2933 2918 omnia
2967 2880 2982 2917 :
3020 2863 3134 2918 haec
3168 2864 3459 2918 substantia
3504 2863 3598 2917 Dei
3635 2870 3728 2917 est.

2164 2956 2347 3027 Itaque
2376 2957 2590 3025 tolletur
2614 2957 2806 3027 impius
2828 2998 2842 3021 ,
2876 2965 2932 3011 ut
2968 2970 3074 3011 non
3107 2956 3286 3011 videat
3310 2956 3451 3011 hunc
3477 2955 3731 3011 honorem

2164 3047 2393 3102 Domini.
2427 3046 2568 3102 Beati
2586 3047 2730 3102 enim
2748 3046 3115 3113 mundicordes,
3146 3047 3265 3118 quia
3292 3047 3390 3117 ipsi
3414 3045 3577 3101 Deum
3602 3046 3733 3099 ridel

2161 3138 2283 3198 bunt
2312 3139 2521 3212 (Matth.
2558 3156 2609 3208 ν,
2636 3139 2715 3211 ε).

2236 3232 2323 3288 15.
2367 3231 2585 3287 \‘idctnr
2621 3246 2747 3302 ergo
2789 3231 2917 3287 mihi
2942 3273 2956 3297 ,
2992 3230 3182 3287 fratres
3204 3272 3221 3299 ,
3252 3238 3510 3303 quantum
3542 3236 3731 3286 nostra

2160 3323 2440 3395 capacitati
2472 3323 2733 3378 Dominus
2763 3323 3019 3395 impertiri
3052 3323 3312 3394 dignatur,
3354 3322 3424 3378 de
3456 3323 3573 3393 ipso
3601 3329 3730 3376 tem-

2162 3431 2291 3485 pore
2321 3433 2333 3469 :
2365 3414 2408 3470 si
2439 3425 2613 3469 tamen
2659 3415 2940 3469 dicendum
2992 3422 3071 3468 est
3091 3456 3106 3481 ,
3151 3416 3391 3484 tempore
3412 3416 3466 3480 ’;
3496 3410 3729 3483 quodam

2163 3509 2303 3563 enim
2337 3518 2577 3578 tempore
2605 3508 2810 3562 venturi
2850 3522 3035 3563 sumus
3075 3505 3141 3562 ad
3177 3522 3283 3562 non
3332 3517 3544 3576 tempus
3573 3523 3586 3560 :
3617 3501 3731 3558 inde

2162 3598 2292 3653 mihi
2322 3599 2528 3652 videtur
2555 3598 2786 3663 dictum;
2816 3596 2955 3667 quod
2988 3599 3105 3651 sine
3132 3595 3439 3666 prmjudieio
3470 3596 3661 3660 dicam,
3687 3591 3728 3645 si

2163 3689 2285 3759 quis
2311 3688 2610 3759 intelligere
2636 3688 2835 3758 aliquid
2874 3687 3085 3754 melius,
3125 3687 3448 3758 expeditius,
3484 3683 3729 3757 probabi-

2162 3781 2268 3836 lius
2293 3780 2458 3850 possit
2482 3797 2495 3833 :
2524 3779 2647 3834 inde
2675 3778 2803 3832 mihi
2831 3778 3036 3832 videtur
3058 3777 3256 3833 dictum
3275 3821 3291 3845 ,
3314 3776 3509 3833 Tecum
3546 3773 3728 3848 princi-

2162 3874 2300 3943 pium
2327 3872 2379 3926 in
2404 3873 2484 3926 die
2513 3872 2709 3926 virtutis
2737 3880 2854 3924 tute.
2886 3869 3123 3940 Denique
3149 3868 3252 3924 hoc
3269 3911 3284 3935 ,
3306 3880 3565 3939 quantum
3587 3873 3725 3938 puto,

2162 3980 2316 4020 versu
2362 3974 2716 4033 consequente
2755 3963 2883 4017 satis
2920 3962 3186 4029 explanat.
3218 3960 3350 4028 Quia
3379 3962 3526 4017 enim
3556 3967 3609 4015 et
3648 3956 3762 4011 hic-

2161 4056 2300 4110 dicta
2330 4064 2412 4109 est
2440 4056 2606 4110 virtus
2645 4054 2788 4124 ejus,
2831 4068 2933 4122 qua
2962 4053 3183 4121 subjecit
3221 4060 3407 4122 gentes
3453 4053 3580 4123 jugo
3606 4062 3727 4112 suo,

2162 4161 2263 4215 qua
2309 4146 2495 4199 stravit
2524 4146 2747 4214 populus
2770 4185 2786 4211 ,
2838 4161 2943 4197 non
2975 4143 3115 4198 ferro
3140 4184 3154 4208 ,
3203 4144 3302 4198 sed
3326 4143 3472 4213 ligno
3495 4184 3510 4210 ,
3556 4140 3651 4197 etsi
3680 4138 3730 4192 in

2162 4251 2322 4290 carne
2346 4277 2361 4301 ,
2386 4236 2484 4290 etsi
2511 4236 2562 4288 in
2590 4228 2884 4288 humilitate
2911 4276 2925 4299 ,
2957 4234 3055 4288 etsi
3086 4234 3257 4287 adhuc
3284 4244 3541 4304 quantum
3571 4227 3729 4288 servi-

2165 4327 2228 4380 lis
2254 4325 2420 4379 forma
2453 4326 2644 4393 patitur
2665 4365 2681 4390 ,
2718 4323 2925 4391 capitur
2952 4335 3126 4377 tamen
3167 4338 3352 4393 magna
3385 4323 3555 4377 virtus
3584 4321 3730 4389 ejus;

2162 4418 2281 4489 quia
2311 4417 2450 4486 quod
2498 4416 2765 4470 inlirmum
2811 4424 2894 4468 est
2936 4415 3066 4481 Dei,
3109 4415 3298 4470 fortius
3328 4423 3410 4470 est
3438 4412 3732 4469 hominibus

2165 4510 2208 4580 (Ι
2239 4508 2353 4563 Cor.
2374 4524 2396 4563 ι
2418 4549 2432 4572 ,
2462 4506 2555 4580 25)
2590 4524 2603 4561 :
2632 4508 2755 4578 quia
2785 4523 2912 4577 ergo
2937 4507 3075 4561 dicta
3100 4517 3180 4561 est
3204 4514 3260 4561 ει
3288 4506 3373 4560 hic
3392 4507 3562 4561 virtus
3585 4502 3727 4574 ejus,

2164 4613 2320 4669 quam
2350 4597 2738 4654 commendavit
2756 4595 3000 4661 dicendo,
3025 4596 3235 4667 Virgam
3256 4597 3455 4651 virtutis
3479 4605 3581 4651 tua:
3598 4592 3733 4649 emit-

2163 4700 2231 4745 tet
2257 4689 2505 4744 Dominus
2529 4706 2593 4744 ea:
2620 4688 2768 4756 Sion,
2800 4698 2846 4742 et
2870 4689 3128 4742 dominare
3154 4688 3204 4740 in
3231 4688 3397 4742 medio
3423 4686 3733 4742 inimicorum
3804 4740 3811 4743 _

2166 4792 2367 4859 tuorum
2399 4797 2417 4836 :
2445 4791 2638 4851 quanta
2669 4780 2814 4859 enim
2838 4780 3006 4835 virtus
3032 4779 3146 4848 ejus
3171 4777 3455 4834 dominans
3484 4780 3536 4834 in
3565 4773 3734 4833 medio

2167 4856 2497 4927 inimicorum
2528 4864 2746 4926 suorum
2774 4856 3234 4940 pxrstrcpeutinm,
3260 4868 3389 4924 nihil
3414 4877 3597 4924 contra
3618 4877 3733 4921 eum

2166 4966 2471 5028 valentium,
2501 4963 2737 5033 quotidie
2759 4962 2857 5017 sibi
2884 4960 3192 5022 dicentium,
3225 4959 3437 5026 Quando
3475 4958 3730 5017 morietur,

2166 5069 2211 5112 et
2248 5055 2423 5124 peribit
2457 5066 2636 5107 nomen
2662 5054 2772 5124 ejus
2798 5051 2968 5122 (Psal.
2997 5068 3063 5106 ιιι.
3082 5094 3096 5117 ,
3126 5051 3222 5123 6)?
3252 5067 3371 5107 cum
3396 5059 3599 5107 crescat
3624 5046 3736 5117 glo-

2169 5147 2243 5201 riu
2272 5146 2389 5215 ejus
2432 5159 2526 5214 per
2553 5143 2778 5214 populos
2799 5185 2814 5209 ,
2845 5158 2965 5198 cum
3010 5141 3125 5211 ejus
3152 5142 3352 5197 nomini
3396 5140 3737 5211 subjiciuntur
3762 5156 3780 5209 ι

2168 5247 2352 5306 gentes
2377 5279 2391 5303 ,
2439 5250 2558 5289 cum
2592 5242 2836 5303 peccator
2862 5234 3036 5288 videat
3078 5242 3133 5288 et
3175 5235 3429 5289 irascatur
3451 5274 3466 5300 ,
3496 5228 3737 5286 dentibus
3768 5224 3771 5227 Α

2170 5328 2280 5384 suis
2325 5324 2532 5382 frendat
2556 5333 2611 5379 et
2639 5324 2874 5381 tabescat
2903 5322 3088 5396 (Psal.
3134 5338 3218 5378 cst
3240 5363 3254 5389 ,
3286 5322 3391 5396 ιο)
3426 5341 3439 5378 :
3470 5321 3592 5391 quia
3619 5330 3736 5383 ergo

2171 5429 2253 5475 est
2279 5428 2332 5472 ει
2358 5418 2472 5471 lucc
2494 5414 2659 5469 virtus
2686 5413 2803 5483 ejus
2825 5453 2840 5478 ,
2868 5413 3054 5468 volens
3081 5412 3344 5483 PrOpbeta
3372 5405 3739 5469 commendare

2172 5512 2326 5567 aliter
2350 5509 2595 5562 virtutem
2623 5506 2736 5575 ejus
2758 5543 2777 5572 ,
2805 5504 2960 5561 sicuti
2999 5515 3083 5561 cst
3112 5506 3291 5561 Virtus
3320 5506 3411 5562 Dei
3439 5512 3489 5560 et
3520 5501 3741 5571 Sapien-

2238 5623 2256 5656 ί
2290 5631 2468 5670 omnes
2492 5627 2617 5679 Mss,
2641 5616 2900 5668 discamus.

2240 5688 2261 5719 ²
2293 5688 2366 5735 Er.
2392 5689 2510 5732 Ven.
2536 5689 2589 5732 et
2610 5688 2740 5743 Lov.,
2764 5684 2963 5744 tempus.
3015 5683 3057 5731 It
3126 5721 3132 5727 .
