  <div class='ocr_page' id='page_1' title='image "/cluster/home/n/w/nwhite01/storage/ocr_20150623/37/hvd.32044096580592/224.png"; bbox 0 0 4026 6202; ppageno 0'>
   <div class='ocr_carea' id='block_1_1' title="bbox 273 412 417 472">
    <p class='ocr_par' dir='ltr' id='par_1_1' title="bbox 273 412 417 472">
     <span class='ocr_line' id='line_1_1' title="bbox 273 412 417 472; baseline 0 0"><span class='ocrx_word' id='word_1_1' title='bbox 273 412 417 472; x_wconf 67' lang='lat' dir='ltr'><strong>H57</strong></span> 
     </span>
    </p>
   </div>
   <div class='ocr_carea' id='block_1_2' title="bbox 271 519 1856 592">
    <p class='ocr_par' dir='ltr' id='par_1_2' title="bbox 271 519 1856 592">
     <span class='ocr_line' id='line_1_2' title="bbox 271 519 1856 592; baseline -0.006 -9"><span class='ocrx_word' id='word_1_2' title='bbox 271 529 348 583; x_wconf 82' lang='lat' dir='ltr'><strong>tia</strong></span> <span class='ocrx_word' id='word_1_3' title='bbox 383 526 473 582; x_wconf 83' lang='lat' dir='ltr'><strong>Dei</strong></span> <span class='ocrx_word' id='word_1_4' title='bbox 503 521 746 580; x_wconf 75' lang='lat' dir='ltr'><strong>Christus</strong></span> <span class='ocrx_word' id='word_1_5' title='bbox 789 522 844 580; x_wconf 88' lang='lat' dir='ltr'><strong>in</strong></span> <span class='ocrx_word' id='word_1_6' title='bbox 883 521 1081 578; x_wconf 97' lang='lat' dir='ltr'><strong>lumine</strong></span> <span class='ocrx_word' id='word_1_7' title='bbox 1110 529 1366 592; x_wconf 87' lang='lat' dir='ltr'><strong>perpetuo</strong></span> <span class='ocrx_word' id='word_1_8' title='bbox 1411 519 1856 576; x_wconf 74' lang='lat' dir='ltr'><strong>incommutabilis</strong></span> 
     </span>
    </p>
   </div>
   <div class='ocr_carea' id='block_1_3' title="bbox 271 613 1859 687">
    <p class='ocr_par' dir='ltr' id='par_1_3' title="bbox 271 613 1859 687">
     <span class='ocr_line' id='line_1_3' title="bbox 271 613 1859 687; baseline -0.003 -15"><span class='ocrx_word' id='word_1_9' title='bbox 271 619 554 683; x_wconf 83' lang='lat' dir='ltr'><strong>veritatis;</strong></span> <span class='ocrx_word' id='word_1_10' title='bbox 584 617 648 672; x_wconf 88' lang='lat' dir='ltr'><strong>ad</strong></span> <span class='ocrx_word' id='word_1_11' title='bbox 678 632 838 687; x_wconf 91' lang='lat' dir='ltr'><strong>quam</strong></span> <span class='ocrx_word' id='word_1_12' title='bbox 867 615 1124 670; x_wconf 85' lang='lat' dir='ltr'><strong>visionem</strong></span> <span class='ocrx_word' id='word_1_13' title='bbox 1156 629 1430 669; x_wconf 87' lang='lat' dir='ltr'><strong>scrvamur</strong></span> <span class='ocrx_word' id='word_1_14' title='bbox 1453 655 1468 680; x_wconf 96' lang='lat'><strong>,</strong></span> <span class='ocrx_word' id='word_1_15' title='bbox 1499 613 1567 668; x_wconf 89' lang='lat' dir='ltr'><strong>ad</strong></span> <span class='ocrx_word' id='word_1_16' title='bbox 1594 629 1752 684; x_wconf 85' lang='lat' dir='ltr'><strong>quam</strong></span> <span class='ocrx_word' id='word_1_17' title='bbox 1783 613 1859 668; x_wconf 79' lang='lat' dir='ltr'><strong>vi-</strong></span> 
     </span>
    </p>
   </div>
   <div class='ocr_carea' id='block_1_4' title="bbox 270 705 1855 778">
    <p class='ocr_par' dir='ltr' id='par_1_4' title="bbox 270 705 1855 778">
     <span class='ocr_line' id='line_1_4' title="bbox 270 705 1855 778; baseline -0.006 -11"><span class='ocrx_word' id='word_1_18' title='bbox 270 713 483 767; x_wconf 88' lang='lat' dir='ltr'><strong>sionem</strong></span> <span class='ocrx_word' id='word_1_19' title='bbox 501 709 817 773; x_wconf 80' lang='lat' dir='ltr'><strong>diti&#39;erimur,</strong></span> <span class='ocrx_word' id='word_1_20' title='bbox 837 707 904 762; x_wconf 91' lang='lat' dir='ltr'><strong>ad</strong></span> <span class='ocrx_word' id='word_1_21' title='bbox 931 722 1088 778; x_wconf 84' lang='lat' dir='ltr'><strong>quant</strong></span> <span class='ocrx_word' id='word_1_22' title='bbox 1106 707 1360 760; x_wconf 87' lang='lat' dir='ltr'><strong>visionem</strong></span> <span class='ocrx_word' id='word_1_23' title='bbox 1389 705 1491 761; x_wconf 91' lang='lat' dir='ltr'><strong>ﬁde</strong></span> <span class='ocrx_word' id='word_1_24' title='bbox 1518 705 1855 773; x_wconf 89' lang='lat' dir='ltr'><strong>mundamur,</strong></span> 
     </span>
    </p>
   </div>
   <div class='ocr_carea' id='block_1_5' title="bbox 270 785 1861 872">
    <p class='ocr_par' dir='ltr' id='par_1_5' title="bbox 270 785 1861 872">
     <span class='ocr_line' id='line_1_5' title="bbox 270 785 1861 872; baseline -0.003 -16"><span class='ocrx_word' id='word_1_25' title='bbox 270 785 306 856; x_wconf 66' lang='grc' dir='ltr'><strong><em>ὸ</em></strong></span> <span class='ocrx_word' id='word_1_26' title='bbox 337 817 439 872; x_wconf 89' lang='lat' dir='ltr'><strong>qua</strong></span> <span class='ocrx_word' id='word_1_27' title='bbox 470 801 672 856; x_wconf 79' lang='lat' dir='ltr'><strong>visione</strong></span> <span class='ocrx_word' id='word_1_28' title='bbox 698 799 902 855; x_wconf 90' lang='lat' dir='ltr'><strong>tollitur</strong></span> <span class='ocrx_word' id='word_1_29' title='bbox 931 798 1144 868; x_wconf 90' lang='lat' dir='ltr'><strong>impius,</strong></span> <span class='ocrx_word' id='word_1_30' title='bbox 1177 815 1242 852; x_wconf 88' lang='lat' dir='ltr'><strong>ne</strong></span> <span class='ocrx_word' id='word_1_31' title='bbox 1271 797 1448 853; x_wconf 85' lang='lat' dir='ltr'><strong>videat</strong></span> <span class='ocrx_word' id='word_1_32' title='bbox 1477 797 1729 852; x_wconf 87' lang='lat' dir='ltr'><strong>honorem</strong></span> <span class='ocrx_word' id='word_1_33' title='bbox 1759 799 1861 852; x_wconf 83' lang='lat' dir='ltr'><strong>Do-</strong></span> 
     </span>
    </p>
   </div>
   <div class='ocr_carea' id='block_1_6' title="bbox 269 885 1860 959">
    <p class='ocr_par' dir='ltr' id='par_1_6' title="bbox 269 885 1860 959">
     <span class='ocr_line' id='line_1_6' title="bbox 269 885 1860 959; baseline -0.003 -12"><span class='ocrx_word' id='word_1_34' title='bbox 269 889 408 946; x_wconf 84' lang='lat' dir='ltr'><strong>mini</strong></span> <span class='ocrx_word' id='word_1_35' title='bbox 434 907 448 956; x_wconf 91' lang='lat'><strong>;</strong></span> <span class='ocrx_word' id='word_1_36' title='bbox 500 890 601 947; x_wconf 92' lang='lat' dir='ltr'><strong>hoc</strong></span> <span class='ocrx_word' id='word_1_37' title='bbox 629 905 758 959; x_wconf 80' lang='lat' dir='ltr'><strong>ergo</strong></span> <span class='ocrx_word' id='word_1_38' title='bbox 793 889 976 944; x_wconf 89' lang='lat' dir='ltr'><strong>volens</strong></span> <span class='ocrx_word' id='word_1_39' title='bbox 1005 887 1286 942; x_wconf 90' lang='lat' dir='ltr'><strong>ostendere</strong></span> <span class='ocrx_word' id='word_1_40' title='bbox 1308 927 1324 954; x_wconf 92' lang='lat'><strong>,</strong></span> <span class='ocrx_word' id='word_1_41' title='bbox 1375 885 1563 940; x_wconf 86' lang='lat' dir='ltr'><strong>Tecum</strong></span> <span class='ocrx_word' id='word_1_42' title='bbox 1585 928 1600 954; x_wconf 93' lang='lat'><strong>,</strong></span> <span class='ocrx_word' id='word_1_43' title='bbox 1651 887 1860 956; x_wconf 89' lang='lat' dir='ltr'><strong>inquit,</strong></span> 
     </span>
    </p>
   </div>
   <div class='ocr_carea' id='block_1_7' title="bbox 274 976 1859 1052">
    <p class='ocr_par' dir='ltr' id='par_1_7' title="bbox 274 976 1859 1052">
     <span class='ocr_line' id='line_1_7' title="bbox 274 976 1859 1052; baseline -0.004 -17"><span class='ocrx_word' id='word_1_44' title='bbox 274 982 582 1052; x_wconf 71' lang='lat' dir='ltr'><strong>principium</strong></span> <span class='ocrx_word' id='word_1_45' title='bbox 600 981 654 1034; x_wconf 86' lang='lat' dir='ltr'><strong>in</strong></span> <span class='ocrx_word' id='word_1_46' title='bbox 679 980 761 1034; x_wconf 88' lang='lat' dir='ltr'><strong>die</strong></span> <span class='ocrx_word' id='word_1_47' title='bbox 780 979 974 1034; x_wconf 85' lang='lat' dir='ltr'><strong>virtutis</strong></span> <span class='ocrx_word' id='word_1_48' title='bbox 1003 989 1120 1032; x_wconf 79' lang='lat' dir='ltr'><strong>tute.</strong></span> <span class='ocrx_word' id='word_1_49' title='bbox 1144 977 1286 1044; x_wconf 82' lang='lat' dir='ltr'><strong>Quid</strong></span> <span class='ocrx_word' id='word_1_50' title='bbox 1309 986 1390 1031; x_wconf 88' lang='lat' dir='ltr'><strong>est</strong></span> <span class='ocrx_word' id='word_1_51' title='bbox 1413 1021 1429 1042; x_wconf 89' lang='lat'><strong>,</strong></span> <span class='ocrx_word' id='word_1_52' title='bbox 1465 976 1647 1031; x_wconf 86' lang='lat' dir='ltr'><strong>Tecum</strong></span> <span class='ocrx_word' id='word_1_53' title='bbox 1674 977 1859 1046; x_wconf 87' lang='lat' dir='ltr'><strong>princi-</strong></span> 
     </span>
    </p>
   </div>
   <div class='ocr_carea' id='block_1_8' title="bbox 275 1067 1856 1144">
    <p class='ocr_par' dir='ltr' id='par_1_8' title="bbox 275 1067 1856 1144">
     <span class='ocr_line' id='line_1_8' title="bbox 275 1067 1856 1144; baseline -0.004 -18"><span class='ocrx_word' id='word_1_54' title='bbox 275 1071 753 1144; x_wconf 68' lang='lat' dir='ltr'><strong>piumiQuodlibet</strong></span> <span class='ocrx_word' id='word_1_55' title='bbox 770 1085 905 1140; x_wconf 88' lang='lat' dir='ltr'><strong>pone</strong></span> <span class='ocrx_word' id='word_1_56' title='bbox 935 1069 1270 1140; x_wconf 79' lang='lat' dir='ltr'><strong>principium.</strong></span> <span class='ocrx_word' id='word_1_57' title='bbox 1288 1067 1343 1124; x_wconf 90' lang='lat' dir='ltr'><strong>Si</strong></span> <span class='ocrx_word' id='word_1_58' title='bbox 1369 1068 1540 1137; x_wconf 87' lang='lat' dir='ltr'><strong>ipsum</strong></span> <span class='ocrx_word' id='word_1_59' title='bbox 1557 1067 1856 1132; x_wconf 79' lang='lat' dir='ltr'><strong>Christum;</strong></span> 
     </span>
    </p>
   </div>
   <div class='ocr_carea' id='block_1_9' title="bbox 274 1159 1863 1238">
    <p class='ocr_par' dir='ltr' id='par_1_9' title="bbox 274 1159 1863 1238">
     <span class='ocr_line' id='line_1_9' title="bbox 274 1159 1863 1238; baseline -0.002 -22"><span class='ocrx_word' id='word_1_60' title='bbox 274 1165 455 1238; x_wconf 79' lang='lat' dir='ltr'><strong>potius</strong></span> <span class='ocrx_word' id='word_1_61' title='bbox 484 1165 770 1229; x_wconf 83' lang='lat' dir='ltr'><strong>diceretur,</strong></span> <span class='ocrx_word' id='word_1_62' title='bbox 788 1161 867 1218; x_wconf 88' lang='lat' dir='ltr'><strong>Tu</strong></span> <span class='ocrx_word' id='word_1_63' title='bbox 894 1178 950 1218; x_wconf 90' lang='lat' dir='ltr'><strong>es</strong></span> <span class='ocrx_word' id='word_1_64' title='bbox 981 1161 1316 1231; x_wconf 78' lang='lat' dir='ltr'><strong>principium,</strong></span> <span class='ocrx_word' id='word_1_65' title='bbox 1337 1176 1492 1230; x_wconf 90' lang='lat' dir='ltr'><strong>quam</strong></span> <span class='ocrx_word' id='word_1_66' title='bbox 1520 1159 1704 1214; x_wconf 85' lang='lat' dir='ltr'><strong>Tecum</strong></span> <span class='ocrx_word' id='word_1_67' title='bbox 1723 1160 1863 1230; x_wconf 89' lang='lat' dir='ltr'><strong>prin-</strong></span> 
     </span>
    </p>
   </div>
   <div class='ocr_carea' id='block_1_10' title="bbox 275 1252 1857 1330">
    <p class='ocr_par' dir='ltr' id='par_1_10' title="bbox 275 1252 1857 1330">
     <span class='ocr_line' id='line_1_10' title="bbox 275 1252 1857 1330; baseline -0.005 -16"><span class='ocrx_word' id='word_1_68' title='bbox 275 1259 482 1330; x_wconf 85' lang='lat' dir='ltr'><strong>cipium.</strong></span> <span class='ocrx_word' id='word_1_69' title='bbox 517 1255 814 1327; x_wconf 79' lang='lat' dir='ltr'><strong>Respondit</strong></span> <span class='ocrx_word' id='word_1_70' title='bbox 840 1256 981 1310; x_wconf 89' lang='lat' dir='ltr'><strong>enim</strong></span> <span class='ocrx_word' id='word_1_71' title='bbox 1013 1253 1461 1324; x_wconf 77' lang='lat' dir='ltr'><strong>interrogantibus</strong></span> <span class='ocrx_word' id='word_1_72' title='bbox 1488 1294 1501 1316; x_wconf 93' lang='lat'><strong>,</strong></span> <span class='ocrx_word' id='word_1_73' title='bbox 1537 1252 1612 1306; x_wconf 88' lang='lat' dir='ltr'><strong>Tu</strong></span> <span class='ocrx_word' id='word_1_74' title='bbox 1635 1253 1746 1322; x_wconf 82' lang='lat' dir='ltr'><strong>quis</strong></span> <span class='ocrx_word' id='word_1_75' title='bbox 1767 1269 1819 1306; x_wconf 91' lang='lat' dir='ltr'><strong>es</strong></span> <span class='ocrx_word' id='word_1_76' title='bbox 1841 1292 1857 1318; x_wconf 90' lang='lat'><strong>,</strong></span> 
     </span>
    </p>
   </div>
   <div class='ocr_carea' id='block_1_11' title="bbox 276 1343 1856 1419">
    <p class='ocr_par' dir='ltr' id='par_1_11' title="bbox 276 1343 1856 1419">
     <span class='ocr_line' id='line_1_11' title="bbox 276 1343 1856 1419; baseline -0.006 -12"><span class='ocrx_word' id='word_1_77' title='bbox 276 1362 330 1407; x_wconf 84' lang='lat' dir='ltr'><strong>et</strong></span> <span class='ocrx_word' id='word_1_78' title='bbox 359 1352 470 1415; x_wconf 91' lang='lat' dir='ltr'><strong>ait,</strong></span> <span class='ocrx_word' id='word_1_79' title='bbox 509 1349 826 1419; x_wconf 82' lang='lat' dir='ltr'><strong>Principium</strong></span> <span class='ocrx_word' id='word_1_80' title='bbox 850 1391 864 1412; x_wconf 89' lang='lat'><strong>,</strong></span> <span class='ocrx_word' id='word_1_81' title='bbox 895 1349 1011 1418; x_wconf 83' lang='lat' dir='ltr'><strong>quia</strong></span> <span class='ocrx_word' id='word_1_82' title='bbox 1051 1357 1096 1401; x_wconf 88' lang='lat' dir='ltr'><strong>et</strong></span> <span class='ocrx_word' id='word_1_83' title='bbox 1127 1347 1301 1414; x_wconf 86' lang='lat' dir='ltr'><strong>loquor</strong></span> <span class='ocrx_word' id='word_1_84' title='bbox 1343 1345 1478 1399; x_wconf 81' lang='lat' dir='ltr'><strong>vobis</strong></span> <span class='ocrx_word' id='word_1_85' title='bbox 1505 1343 1701 1414; x_wconf 87' lang='lat' dir='ltr'><strong>(Joan.</strong></span> <span class='ocrx_word' id='word_1_86' title='bbox 1729 1360 1817 1398; x_wconf 87' lang='lat' dir='ltr'><strong>vttt</strong></span> <span class='ocrx_word' id='word_1_87' title='bbox 1841 1386 1856 1410; x_wconf 93' lang='lat'><strong>,</strong></span> 
     </span>
    </p>
   </div>
   <div class='ocr_carea' id='block_1_12' title="bbox 275 1435 1860 1511">
    <p class='ocr_par' dir='ltr' id='par_1_12' title="bbox 275 1435 1860 1511">
     <span class='ocr_line' id='line_1_12' title="bbox 275 1435 1860 1511; baseline -0.005 -15"><span class='ocrx_word' id='word_1_88' title='bbox 275 1441 369 1511; x_wconf 72' lang='lat'><strong>2:3)</strong></span> <span class='ocrx_word' id='word_1_89' title='bbox 405 1459 419 1496; x_wconf 91' lang='lat'><strong>:</strong></span> <span class='ocrx_word' id='word_1_90' title='bbox 451 1456 573 1496; x_wconf 92' lang='lat' dir='ltr'><strong>cum</strong></span> <span class='ocrx_word' id='word_1_91' title='bbox 600 1441 668 1496; x_wconf 83' lang='lat' dir='ltr'><strong>sit</strong></span> <span class='ocrx_word' id='word_1_92' title='bbox 696 1439 1007 1509; x_wconf 87' lang='lat' dir='ltr'><strong>principium</strong></span> <span class='ocrx_word' id='word_1_93' title='bbox 1032 1447 1084 1492; x_wconf 90' lang='lat' dir='ltr'><strong>et</strong></span> <span class='ocrx_word' id='word_1_94' title='bbox 1113 1437 1268 1492; x_wconf 81' lang='lat' dir='ltr'><strong>Pater</strong></span> <span class='ocrx_word' id='word_1_95' title='bbox 1290 1477 1306 1501; x_wconf 89' lang='lat'><strong>,</strong></span> <span class='ocrx_word' id='word_1_96' title='bbox 1339 1436 1402 1490; x_wconf 94' lang='lat' dir='ltr'><strong>de</strong></span> <span class='ocrx_word' id='word_1_97' title='bbox 1427 1450 1532 1504; x_wconf 88' lang='lat' dir='ltr'><strong>quo</strong></span> <span class='ocrx_word' id='word_1_98' title='bbox 1562 1435 1860 1504; x_wconf 83' lang='lat' dir='ltr'><strong>unigenitus</strong></span> 
     </span>
    </p>
   </div>
   <div class='ocr_carea' id='block_1_13' title="bbox 278 1523 1858 1601">
    <p class='ocr_par' dir='ltr' id='par_1_13' title="bbox 278 1523 1858 1601">
     <span class='ocr_line' id='line_1_13' title="bbox 278 1523 1858 1601; baseline -0.006 -14"><span class='ocrx_word' id='word_1_99' title='bbox 278 1533 465 1598; x_wconf 81' lang='lat' dir='ltr'><strong>Filius,</strong></span> <span class='ocrx_word' id='word_1_100' title='bbox 515 1532 571 1586; x_wconf 88' lang='lat' dir='ltr'><strong>in</strong></span> <span class='ocrx_word' id='word_1_101' title='bbox 611 1547 720 1601; x_wconf 87' lang='lat' dir='ltr'><strong>quo</strong></span> <span class='ocrx_word' id='word_1_102' title='bbox 751 1529 1008 1599; x_wconf 89' lang='lat' dir='ltr'><strong>principio</strong></span> <span class='ocrx_word' id='word_1_103' title='bbox 1051 1535 1165 1582; x_wconf 88' lang='lat' dir='ltr'><strong>erat</strong></span> <span class='ocrx_word' id='word_1_104' title='bbox 1194 1525 1448 1590; x_wconf 90' lang='lat' dir='ltr'><strong>Verbum,</strong></span> <span class='ocrx_word' id='word_1_105' title='bbox 1479 1525 1598 1595; x_wconf 87' lang='lat' dir='ltr'><strong>quia</strong></span> <span class='ocrx_word' id='word_1_106' title='bbox 1631 1523 1858 1578; x_wconf 87' lang='lat' dir='ltr'><strong>Verbum</strong></span> 
     </span>
    </p>
   </div>
   <div class='ocr_carea' id='block_1_14' title="bbox 279 1613 1856 1691">
    <p class='ocr_par' dir='ltr' id='par_1_14' title="bbox 279 1613 1856 1691">
     <span class='ocr_line' id='line_1_14' title="bbox 279 1613 1856 1691; baseline -0.006 -14"><span class='ocrx_word' id='word_1_107' title='bbox 279 1632 399 1677; x_wconf 89' lang='lat' dir='ltr'><strong>erat</strong></span> <span class='ocrx_word' id='word_1_108' title='bbox 425 1619 565 1691; x_wconf 89' lang='lat' dir='ltr'><strong>apud</strong></span> <span class='ocrx_word' id='word_1_109' title='bbox 595 1620 779 1674; x_wconf 91' lang='lat' dir='ltr'><strong>Deum.</strong></span> <span class='ocrx_word' id='word_1_110' title='bbox 809 1618 941 1686; x_wconf 86' lang='lat' dir='ltr'><strong>Quid</strong></span> <span class='ocrx_word' id='word_1_111' title='bbox 969 1633 1096 1687; x_wconf 79' lang='lat' dir='ltr'><strong>ergo</strong></span> <span class='ocrx_word' id='word_1_112' title='bbox 1121 1659 1135 1681; x_wconf 92' lang='lat'><strong>,</strong></span> <span class='ocrx_word' id='word_1_113' title='bbox 1168 1616 1211 1669; x_wconf 86' lang='lat' dir='ltr'><strong>si</strong></span> <span class='ocrx_word' id='word_1_114' title='bbox 1243 1623 1295 1669; x_wconf 89' lang='lat' dir='ltr'><strong>et</strong></span> <span class='ocrx_word' id='word_1_115' title='bbox 1325 1615 1481 1669; x_wconf 88' lang='lat' dir='ltr'><strong>Pater</strong></span> <span class='ocrx_word' id='word_1_116' title='bbox 1507 1613 1816 1684; x_wconf 89' lang='lat' dir='ltr'><strong>principium</strong></span> <span class='ocrx_word' id='word_1_117' title='bbox 1843 1653 1856 1677; x_wconf 89' lang='lat'><strong>,</strong></span> 
     </span>
    </p>
   </div>
   <div class='ocr_carea' id='block_1_15' title="bbox 279 1705 1906 1784">
    <p class='ocr_par' dir='ltr' id='par_1_15' title="bbox 279 1705 1906 1784">
     <span class='ocr_line' id='line_1_15' title="bbox 279 1705 1906 1784; baseline -0.008 -13"><span class='ocrx_word' id='word_1_118' title='bbox 279 1726 335 1771; x_wconf 87' lang='lat' dir='ltr'><strong>et</strong></span> <span class='ocrx_word' id='word_1_119' title='bbox 364 1715 534 1770; x_wconf 81' lang='lat' dir='ltr'><strong>Filius</strong></span> <span class='ocrx_word' id='word_1_120' title='bbox 560 1712 895 1783; x_wconf 90' lang='lat' dir='ltr'><strong>principium,</strong></span> <span class='ocrx_word' id='word_1_121' title='bbox 915 1710 1020 1765; x_wconf 93' lang='lat' dir='ltr'><strong>duo</strong></span> <span class='ocrx_word' id='word_1_122' title='bbox 1048 1706 1334 1778; x_wconf 83' lang='lat' dir='ltr'><strong>principia?</strong></span> <span class='ocrx_word' id='word_1_123' title='bbox 1352 1707 1520 1761; x_wconf 78' lang='lat' dir='ltr'><strong>Absit.</strong></span> <span class='ocrx_word' id='word_1_124' title='bbox 1544 1706 1689 1761; x_wconf 89' lang='lat' dir='ltr'><strong>Sicut</strong></span> <span class='ocrx_word' id='word_1_125' title='bbox 1717 1705 1858 1759; x_wconf 88' lang='lat' dir='ltr'><strong>enint</strong></span> <span class='ocrx_word' id='word_1_126' title='bbox 1903 1781 1906 1784; x_wconf 7' lang='grc' dir='ltr'><strong><em>ἢ</em></strong></span> 
     </span>
    </p>
   </div>
   <div class='ocr_carea' id='block_1_16' title="bbox 278 1795 1856 1866">
    <p class='ocr_par' dir='ltr' id='par_1_16' title="bbox 278 1795 1856 1866">
     <span class='ocr_line' id='line_1_16' title="bbox 278 1795 1856 1866; baseline -0.009 -5"><span class='ocrx_word' id='word_1_127' title='bbox 278 1805 440 1861; x_wconf 80' lang='lat' dir='ltr'><strong>Pater</strong></span> <span class='ocrx_word' id='word_1_128' title='bbox 472 1805 610 1860; x_wconf 87' lang='lat' dir='ltr'><strong>Deus</strong></span> <span class='ocrx_word' id='word_1_129' title='bbox 639 1813 691 1858; x_wconf 91' lang='lat' dir='ltr'><strong>et</strong></span> <span class='ocrx_word' id='word_1_130' title='bbox 716 1801 880 1856; x_wconf 84' lang='lat' dir='ltr'><strong>Filius</strong></span> <span class='ocrx_word' id='word_1_131' title='bbox 907 1801 1066 1866; x_wconf 89' lang='lat' dir='ltr'><strong>Deus,</strong></span> <span class='ocrx_word' id='word_1_132' title='bbox 1099 1799 1254 1853; x_wconf 83' lang='lat' dir='ltr'><strong>Pater</strong></span> <span class='ocrx_word' id='word_1_133' title='bbox 1281 1807 1456 1852; x_wconf 90' lang='lat' dir='ltr'><strong>autem</strong></span> <span class='ocrx_word' id='word_1_134' title='bbox 1483 1807 1538 1851; x_wconf 89' lang='lat' dir='ltr'><strong>et</strong></span> <span class='ocrx_word' id='word_1_135' title='bbox 1562 1795 1726 1850; x_wconf 86' lang='lat' dir='ltr'><strong>Filius</strong></span> <span class='ocrx_word' id='word_1_136' title='bbox 1753 1811 1856 1848; x_wconf 84' lang='lat' dir='ltr'><strong>non</strong></span> 
     </span>
    </p>
   </div>
   <div class='ocr_carea' id='block_1_17' title="bbox 278 1885 1862 1960">
    <p class='ocr_par' dir='ltr' id='par_1_17' title="bbox 278 1885 1862 1960">
     <span class='ocr_line' id='line_1_17' title="bbox 278 1885 1862 1960; baseline -0.006 -12"><span class='ocrx_word' id='word_1_137' title='bbox 278 1895 388 1948; x_wconf 86' lang='lat' dir='ltr'><strong>duo</strong></span> <span class='ocrx_word' id='word_1_138' title='bbox 411 1893 482 1948; x_wconf 89' lang='lat' dir='ltr'><strong>dii</strong></span> <span class='ocrx_word' id='word_1_139' title='bbox 508 1935 524 1960; x_wconf 91' lang='lat'><strong>,</strong></span> <span class='ocrx_word' id='word_1_140' title='bbox 553 1893 644 1948; x_wconf 90' lang='lat' dir='ltr'><strong>sed</strong></span> <span class='ocrx_word' id='word_1_141' title='bbox 675 1907 808 1947; x_wconf 91' lang='lat' dir='ltr'><strong>unus</strong></span> <span class='ocrx_word' id='word_1_142' title='bbox 840 1892 980 1946; x_wconf 90' lang='lat' dir='ltr'><strong>Deus</strong></span> <span class='ocrx_word' id='word_1_143' title='bbox 1010 1906 1023 1942; x_wconf 88' lang='lat'><strong>:</strong></span> <span class='ocrx_word' id='word_1_144' title='bbox 1060 1890 1136 1944; x_wconf 90' lang='lat' dir='ltr'><strong>sic</strong></span> <span class='ocrx_word' id='word_1_145' title='bbox 1165 1889 1321 1943; x_wconf 85' lang='lat' dir='ltr'><strong>Pater</strong></span> <span class='ocrx_word' id='word_1_146' title='bbox 1351 1886 1664 1958; x_wconf 89' lang='lat' dir='ltr'><strong>principium</strong></span> <span class='ocrx_word' id='word_1_147' title='bbox 1691 1895 1745 1940; x_wconf 88' lang='lat' dir='ltr'><strong>et</strong></span> <span class='ocrx_word' id='word_1_148' title='bbox 1774 1885 1862 1939; x_wconf 88' lang='lat' dir='ltr'><strong>Fi-</strong></span> 
     </span>
    </p>
   </div>
   <div class='ocr_carea' id='block_1_18' title="bbox 278 1976 1859 2053">
    <p class='ocr_par' dir='ltr' id='par_1_18' title="bbox 278 1976 1859 2053">
     <span class='ocr_line' id='line_1_18' title="bbox 278 1976 1859 2053; baseline -0.006 -14"><span class='ocrx_word' id='word_1_149' title='bbox 278 1984 385 2039; x_wconf 90' lang='lat' dir='ltr'><strong>lius</strong></span> <span class='ocrx_word' id='word_1_150' title='bbox 411 1984 724 2053; x_wconf 89' lang='lat' dir='ltr'><strong>principium</strong></span> <span class='ocrx_word' id='word_1_151' title='bbox 751 2023 765 2047; x_wconf 93' lang='lat'><strong>,</strong></span> <span class='ocrx_word' id='word_1_152' title='bbox 797 1983 952 2037; x_wconf 74' lang='lat' dir='ltr'><strong>Pater</strong></span> <span class='ocrx_word' id='word_1_153' title='bbox 990 1991 1166 2035; x_wconf 87' lang='lat' dir='ltr'><strong>autem</strong></span> <span class='ocrx_word' id='word_1_154' title='bbox 1192 1989 1244 2035; x_wconf 90' lang='lat' dir='ltr'><strong>et</strong></span> <span class='ocrx_word' id='word_1_155' title='bbox 1272 1978 1434 2033; x_wconf 86' lang='lat' dir='ltr'><strong>Filius</strong></span> <span class='ocrx_word' id='word_1_156' title='bbox 1465 1993 1567 2032; x_wconf 93' lang='lat' dir='ltr'><strong>non</strong></span> <span class='ocrx_word' id='word_1_157' title='bbox 1594 1977 1697 2031; x_wconf 92' lang='lat' dir='ltr'><strong>duo</strong></span> <span class='ocrx_word' id='word_1_158' title='bbox 1721 2018 1736 2042; x_wconf 92' lang='lat'><strong>,</strong></span> <span class='ocrx_word' id='word_1_159' title='bbox 1765 1976 1859 2031; x_wconf 90' lang='lat' dir='ltr'><strong>sed</strong></span> 
     </span>
    </p>
   </div>
   <div class='ocr_carea' id='block_1_19' title="bbox 278 2066 1860 2143">
    <p class='ocr_par' dir='ltr' id='par_1_19' title="bbox 278 2066 1860 2143">
     <span class='ocr_line' id='line_1_19' title="bbox 278 2066 1860 2143; baseline -0.005 -15"><span class='ocrx_word' id='word_1_160' title='bbox 278 2090 444 2128; x_wconf 81' lang='lat' dir='ltr'><strong>unum</strong></span> <span class='ocrx_word' id='word_1_161' title='bbox 473 2073 805 2143; x_wconf 89' lang='lat' dir='ltr'><strong>principium.</strong></span> <span class='ocrx_word' id='word_1_162' title='bbox 836 2071 1022 2125; x_wconf 87' lang='lat' dir='ltr'><strong>Tecum</strong></span> <span class='ocrx_word' id='word_1_163' title='bbox 1053 2070 1375 2141; x_wconf 82' lang='lat' dir='ltr'><strong>principium.</strong></span> <span class='ocrx_word' id='word_1_164' title='bbox 1407 2068 1557 2122; x_wconf 89' lang='lat' dir='ltr'><strong>Tunc</strong></span> <span class='ocrx_word' id='word_1_165' title='bbox 1597 2066 1860 2121; x_wconf 76' lang='lat' dir='ltr'><strong>videberis</strong></span> 
     </span>
    </p>
   </div>
   <div class='ocr_carea' id='block_1_20' title="bbox 277 2158 1859 2234">
    <p class='ocr_par' dir='ltr' id='par_1_20' title="bbox 277 2158 1859 2234">
     <span class='ocr_line' id='line_1_20' title="bbox 277 2158 1859 2234; baseline -0.002 -20"><span class='ocrx_word' id='word_1_166' title='bbox 277 2163 549 2234; x_wconf 79' lang='lat' dir='ltr'><strong>quomodo</strong></span> <span class='ocrx_word' id='word_1_167' title='bbox 581 2172 752 2216; x_wconf 91' lang='lat' dir='ltr'><strong>tecum</strong></span> <span class='ocrx_word' id='word_1_168' title='bbox 783 2162 850 2216; x_wconf 92' lang='lat' dir='ltr'><strong>sit</strong></span> <span class='ocrx_word' id='word_1_169' title='bbox 879 2161 1216 2232; x_wconf 89' lang='lat' dir='ltr'><strong>principium.</strong></span> <span class='ocrx_word' id='word_1_170' title='bbox 1242 2158 1356 2214; x_wconf 89' lang='lat' dir='ltr'><strong>Non</strong></span> <span class='ocrx_word' id='word_1_171' title='bbox 1387 2159 1528 2213; x_wconf 88' lang='lat' dir='ltr'><strong>enim</strong></span> <span class='ocrx_word' id='word_1_172' title='bbox 1559 2168 1613 2214; x_wconf 90' lang='lat' dir='ltr'><strong>et</strong></span> <span class='ocrx_word' id='word_1_173' title='bbox 1643 2158 1728 2212; x_wconf 89' lang='lat' dir='ltr'><strong>hic</strong></span> <span class='ocrx_word' id='word_1_174' title='bbox 1754 2174 1859 2211; x_wconf 90' lang='lat' dir='ltr'><strong>non</strong></span> 
     </span>
    </p>
   </div>
   <div class='ocr_carea' id='block_1_21' title="bbox 279 2247 1861 2321">
    <p class='ocr_par' dir='ltr' id='par_1_21' title="bbox 279 2247 1861 2321">
     <span class='ocr_line' id='line_1_21' title="bbox 279 2247 1861 2321; baseline -0.004 -13"><span class='ocrx_word' id='word_1_175' title='bbox 279 2264 457 2308; x_wconf 84' lang='lat' dir='ltr'><strong>tecum</strong></span> <span class='ocrx_word' id='word_1_176' title='bbox 492 2252 827 2321; x_wconf 91' lang='lat' dir='ltr'><strong>principium.</strong></span> <span class='ocrx_word' id='word_1_177' title='bbox 857 2251 1045 2306; x_wconf 88' lang='lat' dir='ltr'><strong>Nonne</strong></span> <span class='ocrx_word' id='word_1_178' title='bbox 1084 2251 1223 2304; x_wconf 88' lang='lat' dir='ltr'><strong>enim</strong></span> <span class='ocrx_word' id='word_1_179' title='bbox 1272 2259 1324 2304; x_wconf 93' lang='lat' dir='ltr'><strong>tu</strong></span> <span class='ocrx_word' id='word_1_180' title='bbox 1353 2249 1530 2303; x_wconf 83' lang='lat' dir='ltr'><strong>dixisti</strong></span> <span class='ocrx_word' id='word_1_181' title='bbox 1565 2266 1578 2302; x_wconf 87' lang='lat'><strong>:</strong></span> <span class='ocrx_word' id='word_1_182' title='bbox 1614 2247 1742 2302; x_wconf 81' lang='lat' dir='ltr'><strong>Ecce</strong></span> <span class='ocrx_word' id='word_1_183' title='bbox 1779 2248 1861 2301; x_wconf 91' lang='lat' dir='ltr'><strong>itis</strong></span> 
     </span>
    </p>
   </div>
   <div class='ocr_carea' id='block_1_22' title="bbox 279 2339 1864 2413">
    <p class='ocr_par' dir='ltr' id='par_1_22' title="bbox 279 2339 1864 2413">
     <span class='ocr_line' id='line_1_22' title="bbox 279 2339 1864 2413; baseline -0.001 -18"><span class='ocrx_word' id='word_1_184' title='bbox 279 2344 489 2413; x_wconf 82' lang='lat' dir='ltr'><strong>quisque</strong></span> <span class='ocrx_word' id='word_1_185' title='bbox 525 2341 592 2394; x_wconf 88' lang='lat' dir='ltr'><strong>ad</strong></span> <span class='ocrx_word' id='word_1_186' title='bbox 617 2359 710 2396; x_wconf 91' lang='lat' dir='ltr'><strong>sua</strong></span> <span class='ocrx_word' id='word_1_187' title='bbox 734 2383 747 2403; x_wconf 96' lang='lat'><strong>,</strong></span> <span class='ocrx_word' id='word_1_188' title='bbox 780 2350 825 2394; x_wconf 87' lang='lat' dir='ltr'><strong>et</strong></span> <span class='ocrx_word' id='word_1_189' title='bbox 855 2359 932 2395; x_wconf 90' lang='lat' dir='ltr'><strong>me</strong></span> <span class='ocrx_word' id='word_1_190' title='bbox 957 2342 1119 2394; x_wconf 88' lang='lat' dir='ltr'><strong>solum</strong></span> <span class='ocrx_word' id='word_1_191' title='bbox 1159 2339 1440 2411; x_wconf 72' lang='lat' dir='ltr'><strong>relinquetis</strong></span> <span class='ocrx_word' id='word_1_192' title='bbox 1464 2355 1481 2402; x_wconf 88' lang='lat'><strong><em>;</em></strong></span> <span class='ocrx_word' id='word_1_193' title='bbox 1511 2339 1596 2393; x_wconf 86' lang='lat' dir='ltr'><strong>sed</strong></span> <span class='ocrx_word' id='word_1_194' title='bbox 1624 2355 1722 2392; x_wconf 90' lang='lat' dir='ltr'><strong>non</strong></span> <span class='ocrx_word' id='word_1_195' title='bbox 1751 2352 1864 2393; x_wconf 86' lang='lat' dir='ltr'><strong>sum</strong></span> 
     </span>
    </p>
   </div>
   <div class='ocr_carea' id='block_1_23' title="bbox 278 2427 1864 2504">
    <p class='ocr_par' dir='ltr' id='par_1_23' title="bbox 278 2427 1864 2504">
     <span class='ocr_line' id='line_1_23' title="bbox 278 2427 1864 2504; baseline -0.005 -14"><span class='ocrx_word' id='word_1_196' title='bbox 278 2436 422 2490; x_wconf 77' lang='lat' dir='ltr'><strong>solus</strong></span> <span class='ocrx_word' id='word_1_197' title='bbox 445 2476 459 2497; x_wconf 91' lang='lat'><strong>,</strong></span> <span class='ocrx_word' id='word_1_198' title='bbox 488 2435 604 2504; x_wconf 83' lang='lat' dir='ltr'><strong>quia</strong></span> <span class='ocrx_word' id='word_1_199' title='bbox 636 2433 786 2487; x_wconf 80' lang='lat' dir='ltr'><strong>Pater</strong></span> <span class='ocrx_word' id='word_1_200' title='bbox 805 2449 995 2486; x_wconf 88' lang='lat' dir='ltr'><strong>mecum</strong></span> <span class='ocrx_word' id='word_1_201' title='bbox 1022 2441 1092 2486; x_wconf 86' lang='lat' dir='ltr'><strong>est</strong></span> <span class='ocrx_word' id='word_1_202' title='bbox 1124 2430 1231 2503; x_wconf 88' lang='lat' dir='ltr'><strong>(Id.</strong></span> <span class='ocrx_word' id='word_1_203' title='bbox 1261 2447 1344 2485; x_wconf 74' lang='lat' dir='ltr'><strong>xvr</strong></span> <span class='ocrx_word' id='word_1_204' title='bbox 1365 2472 1380 2498; x_wconf 91' lang='lat'><strong>,</strong></span> <span class='ocrx_word' id='word_1_205' title='bbox 1410 2431 1498 2500; x_wconf 79' lang='lat'><strong>5‘2)</strong></span> <span class='ocrx_word' id='word_1_206' title='bbox 1523 2430 1545 2481; x_wconf 74' lang='lat'><strong>7</strong></span> <span class='ocrx_word' id='word_1_207' title='bbox 1576 2430 1639 2484; x_wconf 87' lang='lat' dir='ltr'><strong>Et</strong></span> <span class='ocrx_word' id='word_1_208' title='bbox 1663 2427 1752 2484; x_wconf 90' lang='lat' dir='ltr'><strong>hic</strong></span> <span class='ocrx_word' id='word_1_209' title='bbox 1778 2443 1864 2484; x_wconf 86' lang='lat' dir='ltr'><strong>er-</strong></span> 
     </span>
    </p>
   </div>
   <div class='ocr_carea' id='block_1_24' title="bbox 175 2518 1861 2595">
    <p class='ocr_par' dir='ltr' id='par_1_24' title="bbox 175 2518 1861 2595">
     <span class='ocr_line' id='line_1_24' title="bbox 175 2518 1861 2595; baseline -0.005 -15"><span class='ocrx_word' id='word_1_210' title='bbox 175 2566 190 2580; x_wconf 94' lang='lat'><strong>.</strong></span> <span class='ocrx_word' id='word_1_211' title='bbox 279 2541 351 2595; x_wconf 68' lang='lat' dir='ltr'><strong>go</strong></span> <span class='ocrx_word' id='word_1_212' title='bbox 379 2535 540 2578; x_wconf 88' lang='lat' dir='ltr'><strong>tecum</strong></span> <span class='ocrx_word' id='word_1_213' title='bbox 560 2524 883 2594; x_wconf 82' lang='lat' dir='ltr'><strong>principium.</strong></span> <span class='ocrx_word' id='word_1_214' title='bbox 919 2522 1110 2577; x_wconf 74' lang='lat' dir='ltr'><strong>Dixisti</strong></span> <span class='ocrx_word' id='word_1_215' title='bbox 1142 2522 1282 2577; x_wconf 84' lang='lat' dir='ltr'><strong>enim</strong></span> <span class='ocrx_word' id='word_1_216' title='bbox 1313 2529 1363 2576; x_wconf 91' lang='lat' dir='ltr'><strong>et</strong></span> <span class='ocrx_word' id='word_1_217' title='bbox 1394 2520 1516 2574; x_wconf 83' lang='lat' dir='ltr'><strong>alibi</strong></span> <span class='ocrx_word' id='word_1_218' title='bbox 1541 2560 1557 2585; x_wconf 89' lang='lat'><strong>,</strong></span> <span class='ocrx_word' id='word_1_219' title='bbox 1591 2518 1747 2573; x_wconf 87' lang='lat' dir='ltr'><strong>Pater</strong></span> <span class='ocrx_word' id='word_1_220' title='bbox 1764 2535 1861 2572; x_wconf 81' lang='lat' dir='ltr'><strong>au-</strong></span> 
     </span>
    </p>
   </div>
   <div class='ocr_carea' id='block_1_25' title="bbox 280 2610 1863 2685">
    <p class='ocr_par' dir='ltr' id='par_1_25' title="bbox 280 2610 1863 2685">
     <span class='ocr_line' id='line_1_25' title="bbox 280 2610 1863 2685; baseline -0.004 -16"><span class='ocrx_word' id='word_1_221' title='bbox 280 2627 386 2670; x_wconf 85' lang='lat' dir='ltr'><strong>tem</strong></span> <span class='ocrx_word' id='word_1_222' title='bbox 410 2617 460 2668; x_wconf 89' lang='lat' dir='ltr'><strong>in</strong></span> <span class='ocrx_word' id='word_1_223' title='bbox 488 2632 566 2669; x_wconf 87' lang='lat' dir='ltr'><strong>me</strong></span> <span class='ocrx_word' id='word_1_224' title='bbox 590 2631 794 2669; x_wconf 87' lang='lat' dir='ltr'><strong>manens</strong></span> <span class='ocrx_word' id='word_1_225' title='bbox 820 2614 941 2685; x_wconf 77' lang='lat' dir='ltr'><strong>facit</strong></span> <span class='ocrx_word' id='word_1_226' title='bbox 970 2629 1122 2683; x_wconf 82' lang='lat' dir='ltr'><strong>opera</strong></span> <span class='ocrx_word' id='word_1_227' title='bbox 1141 2629 1234 2667; x_wconf 82' lang='lat' dir='ltr'><strong>sua</strong></span> <span class='ocrx_word' id='word_1_228' title='bbox 1265 2611 1372 2682; x_wconf 86' lang='lat' dir='ltr'><strong>(Id.</strong></span> <span class='ocrx_word' id='word_1_229' title='bbox 1403 2627 1512 2678; x_wconf 76' lang='lat' dir='ltr'><strong>xw,</strong></span> <span class='ocrx_word' id='word_1_230' title='bbox 1539 2611 1647 2680; x_wconf 75' lang='grc'><strong>10).</strong></span> <span class='ocrx_word' id='word_1_231' title='bbox 1679 2610 1863 2664; x_wconf 80' lang='lat' dir='ltr'><strong>Tecum</strong></span> 
     </span>
    </p>
   </div>
   <div class='ocr_carea' id='block_1_26' title="bbox 281 2700 1863 2775">
    <p class='ocr_par' dir='ltr' id='par_1_26' title="bbox 281 2700 1863 2775">
     <span class='ocr_line' id='line_1_26' title="bbox 281 2700 1863 2775; baseline -0.001 -19"><span class='ocrx_word' id='word_1_232' title='bbox 281 2705 622 2775; x_wconf 78' lang='lat' dir='ltr'><strong>principium;</strong></span> <span class='ocrx_word' id='word_1_233' title='bbox 644 2719 742 2760; x_wconf 90' lang='lat' dir='ltr'><strong>nec</strong></span> <span class='ocrx_word' id='word_1_234' title='bbox 769 2720 994 2774; x_wconf 82' lang='lat' dir='ltr'><strong>unquam</strong></span> <span class='ocrx_word' id='word_1_235' title='bbox 1019 2719 1047 2757; x_wconf 90' lang='lat' dir='ltr'><strong>a</strong></span> <span class='ocrx_word' id='word_1_236' title='bbox 1071 2713 1124 2758; x_wconf 90' lang='lat' dir='ltr'><strong>te</strong></span> <span class='ocrx_word' id='word_1_237' title='bbox 1147 2709 1422 2771; x_wconf 82' lang='lat' dir='ltr'><strong>separatus</strong></span> <span class='ocrx_word' id='word_1_238' title='bbox 1451 2708 1531 2756; x_wconf 89' lang='lat' dir='ltr'><strong>est</strong></span> <span class='ocrx_word' id='word_1_239' title='bbox 1554 2701 1730 2760; x_wconf 82' lang='lat' dir='ltr'><strong>Pater.</strong></span> <span class='ocrx_word' id='word_1_240' title='bbox 1757 2700 1863 2755; x_wconf 86' lang='lat' dir='ltr'><strong>Sed</strong></span> 
     </span>
    </p>
   </div>
   <div class='ocr_carea' id='block_1_27' title="bbox 280 2789 1863 2866">
    <p class='ocr_par' dir='ltr' id='par_1_27' title="bbox 280 2789 1863 2866">
     <span class='ocr_line' id='line_1_27' title="bbox 280 2789 1863 2866; baseline -0.003 -18"><span class='ocrx_word' id='word_1_241' title='bbox 280 2795 500 2866; x_wconf 81' lang='lat' dir='ltr'><strong>quando</strong></span> <span class='ocrx_word' id='word_1_242' title='bbox 528 2795 790 2850; x_wconf 90' lang='lat' dir='ltr'><strong>videbitur</strong></span> <span class='ocrx_word' id='word_1_243' title='bbox 820 2803 990 2850; x_wconf 89' lang='lat' dir='ltr'><strong>tecum</strong></span> <span class='ocrx_word' id='word_1_244' title='bbox 1021 2809 1139 2849; x_wconf 89' lang='lat' dir='ltr'><strong>esse</strong></span> <span class='ocrx_word' id='word_1_245' title='bbox 1171 2791 1503 2862; x_wconf 87' lang='lat' dir='ltr'><strong>principium,</strong></span> <span class='ocrx_word' id='word_1_246' title='bbox 1539 2799 1661 2844; x_wconf 90' lang='lat' dir='ltr'><strong>tunc</strong></span> <span class='ocrx_word' id='word_1_247' title='bbox 1691 2789 1863 2844; x_wconf 89' lang='lat' dir='ltr'><strong>mani-</strong></span> 
     </span>
    </p>
   </div>
   <div class='ocr_carea' id='block_1_28' title="bbox 280 2879 1864 2952">
    <p class='ocr_par' dir='ltr' id='par_1_28' title="bbox 280 2879 1864 2952">
     <span class='ocr_line' id='line_1_28' title="bbox 280 2879 1864 2952; baseline -0.004 -11"><span class='ocrx_word' id='word_1_248' title='bbox 280 2886 482 2941; x_wconf 82' lang='lat' dir='ltr'><strong>festum</strong></span> <span class='ocrx_word' id='word_1_249' title='bbox 513 2886 612 2940; x_wconf 88' lang='lat' dir='ltr'><strong>erit</strong></span> <span class='ocrx_word' id='word_1_250' title='bbox 638 2885 884 2940; x_wconf 90' lang='lat' dir='ltr'><strong>omnibus</strong></span> <span class='ocrx_word' id='word_1_251' title='bbox 926 2883 1185 2939; x_wconf 84' lang='lat' dir='ltr'><strong>similibus</strong></span> <span class='ocrx_word' id='word_1_252' title='bbox 1211 2882 1320 2952; x_wconf 81' lang='lat' dir='ltr'><strong>jam</strong></span> <span class='ocrx_word' id='word_1_253' title='bbox 1367 2881 1458 2936; x_wconf 87' lang='lat' dir='ltr'><strong>tibi</strong></span> <span class='ocrx_word' id='word_1_254' title='bbox 1504 2879 1694 2946; x_wconf 75' lang='lat' dir='ltr'><strong>factis;</strong></span> <span class='ocrx_word' id='word_1_255' title='bbox 1728 2895 1864 2950; x_wconf 90' lang='lat' dir='ltr'><strong>quo-</strong></span> 
     </span>
    </p>
   </div>
   <div class='ocr_carea' id='block_1_29' title="bbox 281 2972 1864 3044">
    <p class='ocr_par' dir='ltr' id='par_1_29' title="bbox 281 2972 1864 3044">
     <span class='ocr_line' id='line_1_29' title="bbox 281 2972 1864 3044; baseline -0.003 -14"><span class='ocrx_word' id='word_1_256' title='bbox 281 2977 432 3031; x_wconf 85' lang='lat' dir='ltr'><strong>niam</strong></span> <span class='ocrx_word' id='word_1_257' title='bbox 475 2975 723 3032; x_wconf 89' lang='lat' dir='ltr'><strong>videbunt</strong></span> <span class='ocrx_word' id='word_1_258' title='bbox 755 2986 806 3032; x_wconf 89' lang='lat' dir='ltr'><strong>te</strong></span> <span class='ocrx_word' id='word_1_259' title='bbox 831 2975 982 3032; x_wconf 91' lang='lat' dir='ltr'><strong>sicuti</strong></span> <span class='ocrx_word' id='word_1_260' title='bbox 1014 2989 1072 3030; x_wconf 90' lang='lat' dir='ltr'><strong>es</strong></span> <span class='ocrx_word' id='word_1_261' title='bbox 1115 2976 1132 3044; x_wconf 94' lang='lat'><strong>(</strong></span> <span class='ocrx_word' id='word_1_262' title='bbox 1159 2973 1175 3026; x_wconf 91' lang='lat' dir='ltr'><strong>l</strong></span> <span class='ocrx_word' id='word_1_263' title='bbox 1205 2972 1359 3028; x_wconf 84' lang='lat' dir='ltr'><strong>Joan.</strong></span> <span class='ocrx_word' id='word_1_264' title='bbox 1391 2989 1443 3028; x_wconf 87' lang='lat' dir='ltr'><strong>ut</strong></span> <span class='ocrx_word' id='word_1_265' title='bbox 1465 3014 1479 3038; x_wconf 92' lang='lat'><strong>,</strong></span> <span class='ocrx_word' id='word_1_266' title='bbox 1509 2972 1545 3026; x_wconf 79' lang='lat'><strong>2</strong></span> <span class='ocrx_word' id='word_1_267' title='bbox 1571 2973 1588 3042; x_wconf 96' lang='lat'><strong>)</strong></span> <span class='ocrx_word' id='word_1_268' title='bbox 1621 2988 1635 3025; x_wconf 91' lang='lat'><strong>:</strong></span> <span class='ocrx_word' id='word_1_269' title='bbox 1667 2972 1864 3027; x_wconf 85' lang='lat' dir='ltr'><strong>etenim</strong></span> 
     </span>
    </p>
   </div>
   <div class='ocr_carea' id='block_1_30' title="bbox 283 3062 1865 3136">
    <p class='ocr_par' dir='ltr' id='par_1_30' title="bbox 283 3062 1865 3136">
     <span class='ocr_line' id='line_1_30' title="bbox 283 3062 1865 3136; baseline -0.002 -16"><span class='ocrx_word' id='word_1_270' title='bbox 283 3066 380 3122; x_wconf 89' lang='lat' dir='ltr'><strong>hic</strong></span> <span class='ocrx_word' id='word_1_271' title='bbox 405 3066 677 3136; x_wconf 85' lang='lat' dir='ltr'><strong>Philippus</strong></span> <span class='ocrx_word' id='word_1_272' title='bbox 700 3076 754 3121; x_wconf 91' lang='lat' dir='ltr'><strong>te</strong></span> <span class='ocrx_word' id='word_1_273' title='bbox 785 3065 1035 3130; x_wconf 90' lang='lat' dir='ltr'><strong>videbat,</strong></span> <span class='ocrx_word' id='word_1_274' title='bbox 1067 3065 1356 3121; x_wconf 81' lang='lat' dir='ltr'><strong>et-P.uretu</strong></span> <span class='ocrx_word' id='word_1_275' title='bbox 1387 3063 1674 3134; x_wconf 83' lang='lat' dir='ltr'><strong>quaerebat.</strong></span> <span class='ocrx_word' id='word_1_276' title='bbox 1716 3062 1865 3117; x_wconf 87' lang='lat' dir='ltr'><strong>&#39;l‘unc</strong></span> 
     </span>
    </p>
   </div>
   <div class='ocr_carea' id='block_1_31' title="bbox 282 3156 1865 3229">
    <p class='ocr_par' dir='ltr' id='par_1_31' title="bbox 282 3156 1865 3229">
     <span class='ocr_line' id='line_1_31' title="bbox 282 3156 1865 3229; baseline -0.005 -15"><span class='ocrx_word' id='word_1_277' title='bbox 282 3174 420 3229; x_wconf 75' lang='lat' dir='ltr'><strong>ergo</strong></span> <span class='ocrx_word' id='word_1_278' title='bbox 473 3159 734 3215; x_wconf 74' lang='lat' dir='ltr'><strong>videbitur</strong></span> <span class='ocrx_word' id='word_1_279' title='bbox 786 3157 924 3229; x_wconf 92' lang='lat' dir='ltr'><strong>quod</strong></span> <span class='ocrx_word' id='word_1_280' title='bbox 979 3173 1118 3212; x_wconf 91' lang='lat' dir='ltr'><strong>nunc</strong></span> <span class='ocrx_word' id='word_1_281' title='bbox 1169 3156 1403 3212; x_wconf 84' lang='lat' dir='ltr'><strong>creditur</strong></span> <span class='ocrx_word' id='word_1_282' title='bbox 1458 3173 1473 3210; x_wconf 87' lang='lat'><strong>:</strong></span> <span class='ocrx_word' id='word_1_283' title='bbox 1530 3164 1655 3210; x_wconf 90' lang='lat' dir='ltr'><strong>tunc</strong></span> <span class='ocrx_word' id='word_1_284' title='bbox 1705 3165 1865 3208; x_wconf 84' lang='lat' dir='ltr'><strong>tecum</strong></span> 
     </span>
    </p>
   </div>
   <div class='ocr_carea' id='block_1_32' title="bbox 285 3247 1862 3322">
    <p class='ocr_par' dir='ltr' id='par_1_32' title="bbox 285 3247 1862 3322">
     <span class='ocr_line' id='line_1_32' title="bbox 285 3247 1862 3322; baseline -0.002 -19"><span class='ocrx_word' id='word_1_285' title='bbox 285 3251 596 3322; x_wconf 78' lang='lat' dir='ltr'><strong>principium</strong></span> <span class='ocrx_word' id='word_1_286' title='bbox 649 3250 953 3306; x_wconf 80' lang='lat' dir='ltr'><strong>videntibus</strong></span> <span class='ocrx_word' id='word_1_287' title='bbox 1007 3250 1203 3306; x_wconf 80' lang='lat' dir='ltr'><strong>sanctis</strong></span> <span class='ocrx_word' id='word_1_288' title='bbox 1235 3291 1249 3311; x_wconf 87' lang='lat'><strong>,</strong></span> <span class='ocrx_word' id='word_1_289' title='bbox 1307 3247 1606 3304; x_wconf 84' lang='lat' dir='ltr'><strong>videntibus</strong></span> <span class='ocrx_word' id='word_1_290' title='bbox 1656 3247 1862 3318; x_wconf 86' lang='lat' dir='ltr'><strong>justis;</strong></span> 
     </span>
    </p>
   </div>
   <div class='ocr_carea' id='block_1_33' title="bbox 285 3339 1863 3414">
    <p class='ocr_par' dir='ltr' id='par_1_33' title="bbox 285 3339 1863 3414">
     <span class='ocr_line' id='line_1_33' title="bbox 285 3339 1863 3414; baseline -0.003 -16"><span class='ocrx_word' id='word_1_291' title='bbox 285 3343 513 3398; x_wconf 85' lang='lat' dir='ltr'><strong>sublatis</strong></span> <span class='ocrx_word' id='word_1_292' title='bbox 541 3341 618 3399; x_wconf 80' lang='lat' dir='ltr'><strong>de‘</strong></span> <span class='ocrx_word' id='word_1_293' title='bbox 647 3342 824 3399; x_wconf 89' lang='lat' dir='ltr'><strong>medio</strong></span> <span class='ocrx_word' id='word_1_294' title='bbox 853 3343 1029 3414; x_wconf 89' lang='lat' dir='ltr'><strong>impiis</strong></span> <span class='ocrx_word' id='word_1_295' title='bbox 1052 3384 1070 3409; x_wconf 92' lang='lat'><strong>,</strong></span> <span class='ocrx_word' id='word_1_296' title='bbox 1117 3356 1184 3397; x_wconf 91' lang='lat' dir='ltr'><strong>ne</strong></span> <span class='ocrx_word' id='word_1_297' title='bbox 1212 3341 1429 3396; x_wconf 86' lang='lat' dir='ltr'><strong>videant</strong></span> <span class='ocrx_word' id='word_1_298' title='bbox 1469 3339 1723 3396; x_wconf 89' lang='lat' dir='ltr'><strong>honorem</strong></span> <span class='ocrx_word' id='word_1_299' title='bbox 1757 3339 1863 3395; x_wconf 79' lang='lat' dir='ltr'><strong>Du-</strong></span> 
     </span>
    </p>
   </div>
   <div class='ocr_carea' id='block_1_34' title="bbox 284 3433 444 3488">
    <p class='ocr_par' dir='ltr' id='par_1_34' title="bbox 284 3433 444 3488">
     <span class='ocr_line' id='line_1_34' title="bbox 284 3433 444 3488; baseline -0.013 0"><span class='ocrx_word' id='word_1_300' title='bbox 284 3433 444 3488; x_wconf 82' lang='lat' dir='ltr'><strong>mini.</strong></span> 
     </span>
    </p>
   </div>
   <div class='ocr_carea' id='block_1_35' title="bbox 367 3522 1866 3597">
    <p class='ocr_par' dir='ltr' id='par_1_35' title="bbox 367 3522 1866 3597">
     <span class='ocr_line' id='line_1_35' title="bbox 367 3522 1866 3597; baseline -0.001 -17"><span class='ocrx_word' id='word_1_301' title='bbox 367 3527 454 3581; x_wconf 72' lang='lat' dir='ltr'><strong>ﬂ.</strong></span> <span class='ocrx_word' id='word_1_302' title='bbox 482 3525 635 3582; x_wconf 78' lang='lat' dir='ltr'><strong>Modo</strong></span> <span class='ocrx_word' id='word_1_303' title='bbox 664 3540 790 3597; x_wconf 83' lang='lat' dir='ltr'><strong>ergo</strong></span> <span class='ocrx_word' id='word_1_304' title='bbox 813 3525 1088 3582; x_wconf 76' lang='lat' dir='ltr'><strong>credamus</strong></span> <span class='ocrx_word' id='word_1_305' title='bbox 1111 3567 1126 3590; x_wconf 93' lang='lat'><strong>,</strong></span> <span class='ocrx_word' id='word_1_306' title='bbox 1174 3525 1363 3580; x_wconf 76' lang='lat' dir='ltr'><strong>fratres</strong></span> <span class='ocrx_word' id='word_1_307' title='bbox 1387 3565 1402 3594; x_wconf 90' lang='lat'><strong>,</strong></span> <span class='ocrx_word' id='word_1_308' title='bbox 1450 3523 1588 3594; x_wconf 92' lang='lat' dir='ltr'><strong>quod</strong></span> <span class='ocrx_word' id='word_1_309' title='bbox 1636 3532 1760 3578; x_wconf 89' lang='lat' dir='ltr'><strong>tunc</strong></span> <span class='ocrx_word' id='word_1_310' title='bbox 1784 3522 1866 3578; x_wconf 49' lang='lat' dir='ltr'><strong>vi.</strong></span> 
     </span>
    </p>
   </div>
   <div class='ocr_carea' id='block_1_36' title="bbox 287 3613 1865 3688">
    <p class='ocr_par' dir='ltr' id='par_1_36' title="bbox 287 3613 1865 3688">
     <span class='ocr_line' id='line_1_36' title="bbox 287 3613 1865 3688; baseline -0.004 -14"><span class='ocrx_word' id='word_1_311' title='bbox 287 3619 535 3674; x_wconf 71' lang='lat' dir='ltr'><strong>deanzus.</strong></span> <span class='ocrx_word' id='word_1_312' title='bbox 564 3619 693 3674; x_wconf 79' lang='lat' dir='ltr'><strong>Nam</strong></span> <span class='ocrx_word' id='word_1_313' title='bbox 725 3625 779 3672; x_wconf 87' lang='lat' dir='ltr'><strong>ct</strong></span> <span class='ocrx_word' id='word_1_314' title='bbox 805 3617 1074 3688; x_wconf 83' lang='lat' dir='ltr'><strong>Philippus</strong></span> <span class='ocrx_word' id='word_1_315' title='bbox 1111 3615 1416 3687; x_wconf 75' lang='lat' dir='ltr'><strong>obiurgatus</strong></span> <span class='ocrx_word' id='word_1_316' title='bbox 1441 3623 1523 3670; x_wconf 91' lang='lat' dir='ltr'><strong>est</strong></span> <span class='ocrx_word' id='word_1_317' title='bbox 1550 3613 1689 3684; x_wconf 89' lang='lat' dir='ltr'><strong>quod</strong></span> <span class='ocrx_word' id='word_1_318' title='bbox 1718 3628 1865 3683; x_wconf 78' lang='lat' dir='ltr'><strong>quze-</strong></span> 
     </span>
    </p>
   </div>
   <div class='ocr_carea' id='block_1_37' title="bbox 283 3705 1866 3776">
    <p class='ocr_par' dir='ltr' id='par_1_37' title="bbox 283 3705 1866 3776">
     <span class='ocr_line' id='line_1_37' title="bbox 283 3705 1866 3776; baseline -0.004 -12"><span class='ocrx_word' id='word_1_319' title='bbox 283 3718 440 3765; x_wconf 83' lang='lat' dir='ltr'><strong>reret</strong></span> <span class='ocrx_word' id='word_1_320' title='bbox 463 3707 642 3764; x_wconf 82' lang='lat' dir='ltr'><strong>videre</strong></span> <span class='ocrx_word' id='word_1_321' title='bbox 663 3709 873 3764; x_wconf 86' lang='lat' dir='ltr'><strong>Patrem</strong></span> <span class='ocrx_word' id='word_1_322' title='bbox 899 3749 914 3773; x_wconf 95' lang='lat'><strong>,</strong></span> <span class='ocrx_word' id='word_1_323' title='bbox 946 3722 1062 3761; x_wconf 91' lang='lat' dir='ltr'><strong>cum</strong></span> <span class='ocrx_word' id='word_1_324' title='bbox 1096 3706 1148 3760; x_wconf 91' lang='lat' dir='ltr'><strong>in</strong></span> <span class='ocrx_word' id='word_1_325' title='bbox 1177 3706 1290 3776; x_wconf 90' lang='lat' dir='ltr'><strong>ipso</strong></span> <span class='ocrx_word' id='word_1_326' title='bbox 1311 3705 1449 3761; x_wconf 87' lang='lat' dir='ltr'><strong>Filio</strong></span> <span class='ocrx_word' id='word_1_327' title='bbox 1478 3721 1580 3759; x_wconf 83' lang='lat' dir='ltr'><strong>non</strong></span> <span class='ocrx_word' id='word_1_328' title='bbox 1611 3718 1866 3774; x_wconf 83' lang='lat' dir='ltr'><strong>agnosce-</strong></span> 
     </span>
    </p>
   </div>
   <div class='ocr_carea' id='block_1_38' title="bbox 287 3794 1869 3868">
    <p class='ocr_par' dir='ltr' id='par_1_38' title="bbox 287 3794 1869 3868">
     <span class='ocr_line' id='line_1_38' title="bbox 287 3794 1869 3868; baseline -0.007 -12"><span class='ocrx_word' id='word_1_329' title='bbox 287 3809 379 3856; x_wconf 84' lang='lat' dir='ltr'><strong>ret</strong></span> <span class='ocrx_word' id='word_1_330' title='bbox 405 3800 610 3855; x_wconf 82' lang='lat' dir='ltr'><strong>Patrem</strong></span> <span class='ocrx_word' id='word_1_331' title='bbox 645 3816 660 3853; x_wconf 90' lang='lat'><strong>:</strong></span> <span class='ocrx_word' id='word_1_332' title='bbox 690 3794 854 3852; x_wconf 89' lang='lat' dir='ltr'><strong>Tanto</strong></span> <span class='ocrx_word' id='word_1_333' title='bbox 888 3809 1105 3868; x_wconf 88' lang='lat' dir='ltr'><strong>tempore</strong></span> <span class='ocrx_word' id='word_1_334' title='bbox 1128 3797 1379 3851; x_wconf 87' lang='lat' dir='ltr'><strong>vobiscum</strong></span> <span class='ocrx_word' id='word_1_335' title='bbox 1407 3811 1516 3849; x_wconf 89' lang='lat' dir='ltr'><strong>sum</strong></span> <span class='ocrx_word' id='word_1_336' title='bbox 1540 3834 1555 3859; x_wconf 95' lang='lat'><strong>,</strong></span> <span class='ocrx_word' id='word_1_337' title='bbox 1585 3802 1630 3846; x_wconf 89' lang='lat' dir='ltr'><strong>et</strong></span> <span class='ocrx_word' id='word_1_338' title='bbox 1659 3809 1757 3846; x_wconf 89' lang='lat' dir='ltr'><strong>non</strong></span> <span class='ocrx_word' id='word_1_339' title='bbox 1784 3808 1869 3846; x_wconf 90' lang='lat' dir='ltr'><strong>co-</strong></span> 
     </span>
    </p>
   </div>
   <div class='ocr_carea' id='block_1_39' title="bbox 288 3883 1866 3962">
    <p class='ocr_par' dir='ltr' id='par_1_39' title="bbox 288 3883 1866 3962">
     <span class='ocr_line' id='line_1_39' title="bbox 288 3883 1866 3962; baseline -0.005 -18"><span class='ocrx_word' id='word_1_340' title='bbox 288 3891 530 3962; x_wconf 81' lang='lat' dir='ltr'><strong>gnovistis</strong></span> <span class='ocrx_word' id='word_1_341' title='bbox 558 3891 678 3944; x_wconf 86' lang='lat' dir='ltr'><strong>me?</strong></span> <span class='ocrx_word' id='word_1_342' title='bbox 709 3888 946 3960; x_wconf 82' lang='lat' dir='ltr'><strong>Philippe</strong></span> <span class='ocrx_word' id='word_1_343' title='bbox 967 3931 982 3954; x_wconf 90' lang='lat'><strong>,</strong></span> <span class='ocrx_word' id='word_1_344' title='bbox 1013 3888 1096 3958; x_wconf 87' lang='lat' dir='ltr'><strong>qui</strong></span> <span class='ocrx_word' id='word_1_345' title='bbox 1137 3903 1214 3941; x_wconf 87' lang='lat' dir='ltr'><strong>me</strong></span> <span class='ocrx_word' id='word_1_346' title='bbox 1236 3887 1355 3940; x_wconf 87' lang='lat' dir='ltr'><strong>vidit</strong></span> <span class='ocrx_word' id='word_1_347' title='bbox 1378 3928 1392 3952; x_wconf 84' lang='grc'><strong>,</strong></span> <span class='ocrx_word' id='word_1_348' title='bbox 1422 3885 1542 3938; x_wconf 89' lang='lat' dir='ltr'><strong>vidit</strong></span> <span class='ocrx_word' id='word_1_349' title='bbox 1568 3893 1614 3938; x_wconf 88' lang='lat' dir='ltr'><strong>et</strong></span> <span class='ocrx_word' id='word_1_350' title='bbox 1642 3883 1866 3936; x_wconf 89' lang='lat' dir='ltr'><strong>Patrem.</strong></span> 
     </span>
    </p>
   </div>
   <div class='ocr_carea' id='block_1_40' title="bbox 289 3975 1866 4055">
    <p class='ocr_par' dir='ltr' id='par_1_40' title="bbox 289 3975 1866 4055">
     <span class='ocr_line' id='line_1_40' title="bbox 289 3975 1866 4055; baseline -0.006 -17"><span class='ocrx_word' id='word_1_351' title='bbox 289 3983 402 4038; x_wconf 78' lang='lat' dir='ltr'><strong>Sed</strong></span> <span class='ocrx_word' id='word_1_352' title='bbox 427 3983 513 4055; x_wconf 85' lang='lat' dir='ltr'><strong>qui</strong></span> <span class='ocrx_word' id='word_1_353' title='bbox 536 3998 614 4036; x_wconf 89' lang='lat' dir='ltr'><strong>me</strong></span> <span class='ocrx_word' id='word_1_354' title='bbox 640 3981 798 4046; x_wconf 88' lang='lat' dir='ltr'><strong>vidit,</strong></span> <span class='ocrx_word' id='word_1_355' title='bbox 828 3996 934 4036; x_wconf 89' lang='lat' dir='ltr'><strong>non</strong></span> <span class='ocrx_word' id='word_1_356' title='bbox 975 3981 1062 4051; x_wconf 90' lang='lat' dir='ltr'><strong>qui</strong></span> <span class='ocrx_word' id='word_1_357' title='bbox 1097 3979 1316 4034; x_wconf 79' lang='lat' dir='ltr'><strong>formam</strong></span> <span class='ocrx_word' id='word_1_358' title='bbox 1343 3977 1481 4033; x_wconf 89' lang='lat' dir='ltr'><strong>servi</strong></span> <span class='ocrx_word' id='word_1_359' title='bbox 1511 3978 1562 4031; x_wconf 90' lang='lat' dir='ltr'><strong>in</strong></span> <span class='ocrx_word' id='word_1_360' title='bbox 1606 3992 1691 4031; x_wconf 91' lang='lat' dir='ltr'><strong>me</strong></span> <span class='ocrx_word' id='word_1_361' title='bbox 1717 3975 1866 4030; x_wconf 91' lang='lat' dir='ltr'><strong>vidit.</strong></span> 
     </span>
    </p>
   </div>
   <div class='ocr_carea' id='block_1_41' title="bbox 292 4069 1868 4144">
    <p class='ocr_par' dir='ltr' id='par_1_41' title="bbox 292 4069 1868 4144">
     <span class='ocr_line' id='line_1_41' title="bbox 292 4069 1868 4144; baseline -0.004 -16"><span class='ocrx_word' id='word_1_362' title='bbox 292 4075 396 4140; x_wconf 83' lang='lat' dir='ltr'><strong>Qui</strong></span> <span class='ocrx_word' id='word_1_363' title='bbox 416 4089 542 4144; x_wconf 80' lang='lat' dir='ltr'><strong>ergo</strong></span> <span class='ocrx_word' id='word_1_364' title='bbox 560 4090 636 4127; x_wconf 89' lang='lat' dir='ltr'><strong>me</strong></span> <span class='ocrx_word' id='word_1_365' title='bbox 660 4073 802 4140; x_wconf 85' lang='lat' dir='ltr'><strong>vidit,</strong></span> <span class='ocrx_word' id='word_1_366' title='bbox 822 4073 1030 4141; x_wconf 86' lang='lat' dir='ltr'><strong>qualem</strong></span> <span class='ocrx_word' id='word_1_367' title='bbox 1059 4087 1142 4126; x_wconf 87' lang='lat' dir='ltr'><strong>me</strong></span> <span class='ocrx_word' id='word_1_368' title='bbox 1159 4069 1409 4124; x_wconf 87' lang='lat' dir='ltr'><strong>abscondi</strong></span> <span class='ocrx_word' id='word_1_369' title='bbox 1438 4069 1744 4123; x_wconf 89' lang='lat' dir='ltr'><strong>timentibus</strong></span> <span class='ocrx_word' id='word_1_370' title='bbox 1763 4082 1868 4133; x_wconf 90' lang='lat' dir='ltr'><strong>me,</strong></span> 
     </span>
    </p>
   </div>
   <div class='ocr_carea' id='block_1_42' title="bbox 289 4157 1866 4235">
    <p class='ocr_par' dir='ltr' id='par_1_42' title="bbox 289 4157 1866 4235">
     <span class='ocr_line' id='line_1_42' title="bbox 289 4157 1866 4235; baseline -0.004 -17"><span class='ocrx_word' id='word_1_371' title='bbox 289 4165 506 4235; x_wconf 86' lang='lat' dir='ltr'><strong>qualem</strong></span> <span class='ocrx_word' id='word_1_372' title='bbox 523 4179 608 4220; x_wconf 90' lang='lat' dir='ltr'><strong>me</strong></span> <span class='ocrx_word' id='word_1_373' title='bbox 627 4163 904 4218; x_wconf 88' lang='lat' dir='ltr'><strong>videndum</strong></span> <span class='ocrx_word' id='word_1_374' title='bbox 935 4163 1152 4233; x_wconf 91' lang='lat' dir='ltr'><strong>perﬁcio</strong></span> <span class='ocrx_word' id='word_1_375' title='bbox 1169 4161 1502 4231; x_wconf 84' lang='lat' dir='ltr'><strong>sperantibus</strong></span> <span class='ocrx_word' id='word_1_376' title='bbox 1529 4160 1578 4214; x_wconf 93' lang='lat' dir='ltr'><strong>in</strong></span> <span class='ocrx_word' id='word_1_377' title='bbox 1598 4174 1682 4214; x_wconf 89' lang='lat' dir='ltr'><strong>me</strong></span> <span class='ocrx_word' id='word_1_378' title='bbox 1699 4157 1866 4229; x_wconf 84' lang='lat' dir='ltr'><strong>(Psal.</strong></span> 
     </span>
    </p>
   </div>
   <div class='ocr_carea' id='block_1_43' title="bbox 288 4248 1868 4326">
    <p class='ocr_par' dir='ltr' id='par_1_43' title="bbox 288 4248 1868 4326">
     <span class='ocr_line' id='line_1_43' title="bbox 288 4248 1868 4326; baseline -0.004 -17"><span class='ocrx_word' id='word_1_379' title='bbox 288 4271 424 4318; x_wconf 74' lang='lat' dir='ltr'><strong>xxx,</strong></span> <span class='ocrx_word' id='word_1_380' title='bbox 443 4253 558 4326; x_wconf 76' lang='lat'><strong>20),</strong></span> <span class='ocrx_word' id='word_1_381' title='bbox 583 4253 702 4308; x_wconf 88' lang='lat' dir='ltr'><strong>vidit</strong></span> <span class='ocrx_word' id='word_1_382' title='bbox 722 4264 767 4307; x_wconf 82' lang='lat' dir='ltr'><strong>et</strong></span> <span class='ocrx_word' id='word_1_383' title='bbox 797 4252 1020 4307; x_wconf 80' lang='lat' dir='ltr'><strong>Patrem.</strong></span> <span class='ocrx_word' id='word_1_384' title='bbox 1043 4251 1145 4306; x_wconf 89' lang='lat' dir='ltr'><strong>Sed</strong></span> <span class='ocrx_word' id='word_1_385' title='bbox 1174 4251 1294 4321; x_wconf 85' lang='lat' dir='ltr'><strong>quia</strong></span> <span class='ocrx_word' id='word_1_386' title='bbox 1318 4251 1415 4304; x_wconf 88' lang='lat' dir='ltr'><strong>ista</strong></span> <span class='ocrx_word' id='word_1_387' title='bbox 1442 4249 1575 4304; x_wconf 87' lang='lat' dir='ltr'><strong>visio</strong></span> <span class='ocrx_word' id='word_1_388' title='bbox 1603 4257 1722 4321; x_wconf 84' lang='lat' dir='ltr'><strong>post</strong></span> <span class='ocrx_word' id='word_1_389' title='bbox 1747 4248 1868 4314; x_wconf 90' lang='lat' dir='ltr'><strong>erit,</strong></span> 
     </span>
    </p>
   </div>
   <div class='ocr_carea' id='block_1_44' title="bbox 293 4338 1873 4414">
    <p class='ocr_par' dir='ltr' id='par_1_44' title="bbox 293 4338 1873 4414">
     <span class='ocr_line' id='line_1_44' title="bbox 293 4338 1873 4414; baseline -0.003 -16"><span class='ocrx_word' id='word_1_390' title='bbox 293 4359 444 4398; x_wconf 87' lang='lat' dir='ltr'><strong>nunc</strong></span> <span class='ocrx_word' id='word_1_391' title='bbox 485 4359 579 4414; x_wconf 91' lang='lat' dir='ltr'><strong>pro</strong></span> <span class='ocrx_word' id='word_1_392' title='bbox 606 4344 690 4398; x_wconf 87' lang='lat' dir='ltr'><strong>illa</strong></span> <span class='ocrx_word' id='word_1_393' title='bbox 724 4343 846 4414; x_wconf 89' lang='lat' dir='ltr'><strong>quid</strong></span> <span class='ocrx_word' id='word_1_394' title='bbox 877 4341 1229 4397; x_wconf 71' lang='lat' dir='ltr'><strong>habt-bimus?</strong></span> <span class='ocrx_word' id='word_1_395' title='bbox 1259 4340 1544 4395; x_wconf 87' lang='lat' dir='ltr'><strong>Videamus</strong></span> <span class='ocrx_word' id='word_1_396' title='bbox 1571 4338 1694 4409; x_wconf 87' lang='lat' dir='ltr'><strong>quid</strong></span> <span class='ocrx_word' id='word_1_397' title='bbox 1733 4339 1873 4394; x_wconf 89' lang='lat' dir='ltr'><strong>dicat</strong></span> 
     </span>
    </p>
   </div>
   <div class='ocr_carea' id='block_1_45' title="bbox 290 4431 1868 4504">
    <p class='ocr_par' dir='ltr' id='par_1_45' title="bbox 290 4431 1868 4504">
     <span class='ocr_line' id='line_1_45' title="bbox 290 4431 1868 4504; baseline -0.004 -13"><span class='ocrx_word' id='word_1_398' title='bbox 290 4436 541 4504; x_wconf 82' lang='lat' dir='ltr'><strong>Philippo</strong></span> <span class='ocrx_word' id='word_1_399' title='bbox 565 4477 578 4499; x_wconf 93' lang='lat'><strong>,</strong></span> <span class='ocrx_word' id='word_1_400' title='bbox 609 4436 694 4490; x_wconf 91' lang='lat' dir='ltr'><strong>cui</strong></span> <span class='ocrx_word' id='word_1_401' title='bbox 720 4435 962 4500; x_wconf 85' lang='lat' dir='ltr'><strong>dixerat,</strong></span> <span class='ocrx_word' id='word_1_402' title='bbox 999 4433 1096 4499; x_wconf 88' lang='lat' dir='ltr'><strong>Qui</strong></span> <span class='ocrx_word' id='word_1_403' title='bbox 1126 4450 1204 4489; x_wconf 90' lang='lat' dir='ltr'><strong>me</strong></span> <span class='ocrx_word' id='word_1_404' title='bbox 1229 4434 1348 4487; x_wconf 85' lang='lat' dir='ltr'><strong>vidit</strong></span> <span class='ocrx_word' id='word_1_405' title='bbox 1371 4475 1384 4496; x_wconf 89' lang='lat'><strong>,</strong></span> <span class='ocrx_word' id='word_1_406' title='bbox 1416 4433 1539 4487; x_wconf 87' lang='lat' dir='ltr'><strong>vidit</strong></span> <span class='ocrx_word' id='word_1_407' title='bbox 1567 4441 1613 4488; x_wconf 87' lang='lat' dir='ltr'><strong>et</strong></span> <span class='ocrx_word' id='word_1_408' title='bbox 1645 4431 1868 4486; x_wconf 86' lang='lat' dir='ltr'><strong>Patrem.</strong></span> 
     </span>
    </p>
   </div>
   <div class='ocr_carea' id='block_1_46' title="bbox 291 4522 1872 4593">
    <p class='ocr_par' dir='ltr' id='par_1_46' title="bbox 291 4522 1872 4593">
     <span class='ocr_line' id='line_1_46' title="bbox 291 4522 1872 4593; baseline 0.001 -15"><span class='ocrx_word' id='word_1_409' title='bbox 291 4525 461 4593; x_wconf 80' lang='lat' dir='ltr'><strong>Quasi</strong></span> <span class='ocrx_word' id='word_1_410' title='bbox 502 4525 550 4580; x_wconf 88' lang='lat' dir='ltr'><strong>ei</strong></span> <span class='ocrx_word' id='word_1_411' title='bbox 578 4524 850 4593; x_wconf 87' lang='lat' dir='ltr'><strong>Philippus</strong></span> <span class='ocrx_word' id='word_1_412' title='bbox 882 4524 1071 4577; x_wconf 85' lang='lat' dir='ltr'><strong>tacitus</strong></span> <span class='ocrx_word' id='word_1_413' title='bbox 1100 4522 1486 4592; x_wconf 88' lang='lat' dir='ltr'><strong>responderet,</strong></span> <span class='ocrx_word' id='word_1_414' title='bbox 1517 4523 1579 4577; x_wconf 88' lang='lat' dir='ltr'><strong>Et</strong></span> <span class='ocrx_word' id='word_1_415' title='bbox 1607 4523 1872 4593; x_wconf 89' lang='lat' dir='ltr'><strong>quomodo</strong></span> 
     </span>
    </p>
   </div>
   <div class='ocr_carea' id='block_1_47' title="bbox 287 4613 1876 4682">
    <p class='ocr_par' dir='ltr' id='par_1_47' title="bbox 287 4613 1876 4682">
     <span class='ocr_line' id='line_1_47' title="bbox 287 4613 1876 4682; baseline -0.001 -13"><span class='ocrx_word' id='word_1_416' title='bbox 287 4625 352 4671; x_wconf 84' lang='lat' dir='ltr'><strong>te</strong></span> <span class='ocrx_word' id='word_1_417' title='bbox 378 4613 568 4669; x_wconf 88' lang='lat' dir='ltr'><strong>videbo</strong></span> <span class='ocrx_word' id='word_1_418' title='bbox 593 4657 608 4682; x_wconf 93' lang='lat'><strong>,</strong></span> <span class='ocrx_word' id='word_1_419' title='bbox 639 4615 683 4669; x_wconf 89' lang='lat' dir='ltr'><strong>si</strong></span> <span class='ocrx_word' id='word_1_420' title='bbox 713 4615 863 4668; x_wconf 82' lang='lat' dir='ltr'><strong>aliter</strong></span> <span class='ocrx_word' id='word_1_421' title='bbox 889 4613 1085 4669; x_wconf 87' lang='lat' dir='ltr'><strong>videris</strong></span> <span class='ocrx_word' id='word_1_422' title='bbox 1109 4628 1264 4682; x_wconf 84' lang='lat' dir='ltr'><strong>quam</strong></span> <span class='ocrx_word' id='word_1_423' title='bbox 1293 4613 1344 4668; x_wconf 91' lang='lat' dir='ltr'><strong>in</strong></span> <span class='ocrx_word' id='word_1_424' title='bbox 1375 4613 1540 4667; x_wconf 81' lang='lat' dir='ltr'><strong>forma</strong></span> <span class='ocrx_word' id='word_1_425' title='bbox 1575 4614 1756 4668; x_wconf 89' lang='lat' dir='ltr'><strong>servi?</strong></span> <span class='ocrx_word' id='word_1_426' title='bbox 1785 4624 1876 4668; x_wconf 88' lang='lat' dir='ltr'><strong>aut</strong></span> 
     </span>
    </p>
   </div>
   <div class='ocr_carea' id='block_1_48' title="bbox 287 4701 1871 4776">
    <p class='ocr_par' dir='ltr' id='par_1_48' title="bbox 287 4701 1871 4776">
     <span class='ocr_line' id='line_1_48' title="bbox 287 4701 1871 4776; baseline 0 -18"><span class='ocrx_word' id='word_1_427' title='bbox 287 4705 562 4776; x_wconf 79' lang='lat' dir='ltr'><strong>quomodo</strong></span> <span class='ocrx_word' id='word_1_428' title='bbox 591 4703 780 4760; x_wconf 79' lang='lat' dir='ltr'><strong>videbo</strong></span> <span class='ocrx_word' id='word_1_429' title='bbox 811 4704 1020 4760; x_wconf 86' lang='lat' dir='ltr'><strong>Patrem</strong></span> <span class='ocrx_word' id='word_1_430' title='bbox 1045 4744 1060 4770; x_wconf 88' lang='lat'><strong>,</strong></span> <span class='ocrx_word' id='word_1_431' title='bbox 1094 4701 1354 4757; x_wconf 87' lang='lat' dir='ltr'><strong>invalidus</strong></span> <span class='ocrx_word' id='word_1_432' title='bbox 1403 4702 1564 4757; x_wconf 88' lang='lat' dir='ltr'><strong>homo</strong></span> <span class='ocrx_word' id='word_1_433' title='bbox 1595 4704 1832 4758; x_wconf 86' lang='lat' dir='ltr'><strong>mortalis</strong></span> <span class='ocrx_word' id='word_1_434' title='bbox 1855 4745 1871 4769; x_wconf 93' lang='lat'><strong>,</strong></span> 
     </span>
    </p>
   </div>
   <div class='ocr_carea' id='block_1_49' title="bbox 225 4791 1873 4866">
    <p class='ocr_par' dir='ltr' id='par_1_49' title="bbox 225 4791 1873 4866">
     <span class='ocr_line' id='line_1_49' title="bbox 225 4791 1873 4866; baseline -0.001 -17"><span class='ocrx_word' id='word_1_435' title='bbox 225 4798 238 4808; x_wconf 84' lang='lat'><strong><em>&#39;</em></strong></span> <span class='ocrx_word' id='word_1_436' title='bbox 286 4795 468 4866; x_wconf 80' lang='lat' dir='ltr'><strong>pulvis</strong></span> <span class='ocrx_word' id='word_1_437' title='bbox 493 4804 546 4849; x_wconf 90' lang='lat' dir='ltr'><strong>et</strong></span> <span class='ocrx_word' id='word_1_438' title='bbox 562 4794 1036 4850; x_wconf 88' lang='lat' dir='ltr'><strong>cinis?eonversus</strong></span> <span class='ocrx_word' id='word_1_439' title='bbox 1063 4792 1128 4846; x_wconf 89' lang='lat' dir='ltr'><strong>ad</strong></span> <span class='ocrx_word' id='word_1_440' title='bbox 1155 4807 1296 4858; x_wconf 92' lang='lat' dir='ltr'><strong>eum,</strong></span> <span class='ocrx_word' id='word_1_441' title='bbox 1317 4791 1568 4847; x_wconf 74' lang='lat' dir='ltr'><strong>ditl‘erens</strong></span> <span class='ocrx_word' id='word_1_442' title='bbox 1594 4792 1873 4858; x_wconf 85' lang='lat' dir='ltr'><strong>visionem,</strong></span> 
     </span>
    </p>
   </div>
   <div class='ocr_carea' id='block_1_50' title="bbox 290 4883 1877 4958">
    <p class='ocr_par' dir='ltr' id='par_1_50' title="bbox 290 4883 1877 4958">
     <span class='ocr_line' id='line_1_50' title="bbox 290 4883 1877 4958; baseline -0.003 -16"><span class='ocrx_word' id='word_1_443' title='bbox 290 4889 565 4958; x_wconf 84' lang='lat' dir='ltr'><strong>imperans</strong></span> <span class='ocrx_word' id='word_1_444' title='bbox 596 4886 752 4942; x_wconf 90' lang='lat' dir='ltr'><strong>ﬁdem</strong></span> <span class='ocrx_word' id='word_1_445' title='bbox 778 4927 792 4950; x_wconf 93' lang='lat'><strong>,</strong></span> <span class='ocrx_word' id='word_1_446' title='bbox 835 4887 923 4957; x_wconf 91' lang='lat' dir='ltr'><strong>qui</strong></span> <span class='ocrx_word' id='word_1_447' title='bbox 954 4885 1198 4950; x_wconf 80' lang='lat' dir='ltr'><strong>dixerat,</strong></span> <span class='ocrx_word' id='word_1_448' title='bbox 1235 4883 1332 4948; x_wconf 84' lang='lat' dir='ltr'><strong>Qui</strong></span> <span class='ocrx_word' id='word_1_449' title='bbox 1377 4901 1453 4937; x_wconf 88' lang='lat' dir='ltr'><strong>me</strong></span> <span class='ocrx_word' id='word_1_450' title='bbox 1494 4885 1650 4948; x_wconf 84' lang='lat' dir='ltr'><strong>vidit,</strong></span> <span class='ocrx_word' id='word_1_451' title='bbox 1685 4884 1805 4938; x_wconf 76' lang='lat' dir='ltr'><strong>vidit</strong></span> <span class='ocrx_word' id='word_1_452' title='bbox 1831 4896 1877 4938; x_wconf 89' lang='lat' dir='ltr'><strong>et</strong></span> 
     </span>
    </p>
   </div>
   <div class='ocr_carea' id='block_1_51' title="bbox 291 4975 1878 5050">
    <p class='ocr_par' dir='ltr' id='par_1_51' title="bbox 291 4975 1878 5050">
     <span class='ocr_line' id='line_1_51' title="bbox 291 4975 1878 5050; baseline -0.003 -15"><span class='ocrx_word' id='word_1_453' title='bbox 291 4979 504 5036; x_wconf 84' lang='lat' dir='ltr'><strong>Patrem</strong></span> <span class='ocrx_word' id='word_1_454' title='bbox 527 4997 547 5047; x_wconf 87' lang='lat'><strong><em>;</em></strong></span> <span class='ocrx_word' id='word_1_455' title='bbox 573 4978 696 5050; x_wconf 89' lang='lat' dir='ltr'><strong>quia</strong></span> <span class='ocrx_word' id='word_1_456' title='bbox 726 4979 951 5034; x_wconf 91' lang='lat' dir='ltr'><strong>multum</strong></span> <span class='ocrx_word' id='word_1_457' title='bbox 979 4987 1095 5033; x_wconf 88' lang='lat' dir='ltr'><strong>erat</strong></span> <span class='ocrx_word' id='word_1_458' title='bbox 1119 4976 1183 5031; x_wconf 90' lang='lat' dir='ltr'><strong>ad</strong></span> <span class='ocrx_word' id='word_1_459' title='bbox 1210 4975 1531 5048; x_wconf 88' lang='lat' dir='ltr'><strong>Philippum,</strong></span> <span class='ocrx_word' id='word_1_460' title='bbox 1555 4986 1607 5031; x_wconf 88' lang='lat' dir='ltr'><strong>et</strong></span> <span class='ocrx_word' id='word_1_461' title='bbox 1638 4976 1791 5046; x_wconf 80' lang='lat' dir='ltr'><strong>longe</strong></span> <span class='ocrx_word' id='word_1_462' title='bbox 1811 4976 1878 5030; x_wconf 90' lang='lat' dir='ltr'><strong>ab</strong></span> 
     </span>
    </p>
   </div>
   <div class='ocr_carea' id='block_1_52' title="bbox 290 5065 1880 5137">
    <p class='ocr_par' dir='ltr' id='par_1_52' title="bbox 290 5065 1880 5137">
     <span class='ocr_line' id='line_1_52' title="bbox 290 5065 1880 5137; baseline -0.005 -10"><span class='ocrx_word' id='word_1_463' title='bbox 290 5087 363 5126; x_wconf 88' lang='lat' dir='ltr'><strong>co</strong></span> <span class='ocrx_word' id='word_1_464' title='bbox 391 5081 504 5127; x_wconf 84' lang='lat' dir='ltr'><strong>erat</strong></span> <span class='ocrx_word' id='word_1_465' title='bbox 533 5070 717 5125; x_wconf 86' lang='lat' dir='ltr'><strong>videre</strong></span> <span class='ocrx_word' id='word_1_466' title='bbox 748 5085 763 5122; x_wconf 88' lang='lat'><strong>:</strong></span> <span class='ocrx_word' id='word_1_467' title='bbox 795 5068 916 5124; x_wconf 87' lang='lat' dir='ltr'><strong>Non</strong></span> <span class='ocrx_word' id='word_1_468' title='bbox 960 5068 1122 5124; x_wconf 84' lang='lat' dir='ltr'><strong>credis</strong></span> <span class='ocrx_word' id='word_1_469' title='bbox 1144 5108 1159 5136; x_wconf 92' lang='lat'><strong>,</strong></span> <span class='ocrx_word' id='word_1_470' title='bbox 1193 5068 1396 5137; x_wconf 89' lang='lat' dir='ltr'><strong>inquit,</strong></span> <span class='ocrx_word' id='word_1_471' title='bbox 1427 5068 1544 5136; x_wconf 89' lang='lat' dir='ltr'><strong>quia</strong></span> <span class='ocrx_word' id='word_1_472' title='bbox 1573 5083 1662 5136; x_wconf 90' lang='lat' dir='ltr'><strong>ego</strong></span> <span class='ocrx_word' id='word_1_473' title='bbox 1691 5067 1740 5119; x_wconf 92' lang='lat' dir='ltr'><strong>in</strong></span> <span class='ocrx_word' id='word_1_474' title='bbox 1774 5065 1880 5119; x_wconf 61' lang='lat' dir='ltr'><strong>Pa.</strong></span> 
     </span>
    </p>
   </div>
   <div class='ocr_carea' id='block_1_53' title="bbox 293 5159 1880 5233">
    <p class='ocr_par' dir='ltr' id='par_1_53' title="bbox 293 5159 1880 5233">
     <span class='ocr_line' id='line_1_53' title="bbox 293 5159 1880 5233; baseline -0.003 -15"><span class='ocrx_word' id='word_1_475' title='bbox 293 5174 390 5229; x_wconf 78' lang='lat' dir='ltr'><strong>tre,</strong></span> <span class='ocrx_word' id='word_1_476' title='bbox 423 5173 468 5217; x_wconf 82' lang='lat' dir='ltr'><strong>et</strong></span> <span class='ocrx_word' id='word_1_477' title='bbox 495 5163 654 5218; x_wconf 81' lang='lat' dir='ltr'><strong>Pater</strong></span> <span class='ocrx_word' id='word_1_478' title='bbox 678 5162 733 5217; x_wconf 88' lang='lat' dir='ltr'><strong>in</strong></span> <span class='ocrx_word' id='word_1_479' title='bbox 760 5179 840 5217; x_wconf 87' lang='lat' dir='ltr'><strong>me</strong></span> <span class='ocrx_word' id='word_1_480' title='bbox 857 5171 930 5217; x_wconf 90' lang='lat' dir='ltr'><strong>est</strong></span> <span class='ocrx_word' id='word_1_481' title='bbox 956 5162 1132 5232; x_wconf 84' lang='lat' dir='ltr'><strong>(Joan.</strong></span> <span class='ocrx_word' id='word_1_482' title='bbox 1165 5177 1276 5227; x_wconf 76' lang='lat' dir='ltr'><strong>xw,</strong></span> <span class='ocrx_word' id='word_1_483' title='bbox 1306 5159 1494 5233; x_wconf 79' lang='lat' dir='ltr'><strong>8-H)?</strong></span> <span class='ocrx_word' id='word_1_484' title='bbox 1523 5159 1672 5228; x_wconf 87' lang='lat' dir='ltr'><strong>Quod</strong></span> <span class='ocrx_word' id='word_1_485' title='bbox 1701 5159 1880 5214; x_wconf 90' lang='lat' dir='ltr'><strong>videre</strong></span> 
     </span>
    </p>
   </div>
   <div class='ocr_carea' id='block_1_54' title="bbox 291 5248 1882 5324">
    <p class='ocr_par' dir='ltr' id='par_1_54' title="bbox 291 5248 1882 5324">
     <span class='ocr_line' id='line_1_54' title="bbox 291 5248 1882 5324; baseline -0.006 -14"><span class='ocrx_word' id='word_1_486' title='bbox 291 5253 529 5310; x_wconf 83' lang='lat' dir='ltr'><strong>nondum</strong></span> <span class='ocrx_word' id='word_1_487' title='bbox 556 5261 714 5324; x_wconf 84' lang='lat' dir='ltr'><strong>potes</strong></span> <span class='ocrx_word' id='word_1_488' title='bbox 737 5292 754 5319; x_wconf 91' lang='lat'><strong>,</strong></span> <span class='ocrx_word' id='word_1_489' title='bbox 784 5252 942 5308; x_wconf 91' lang='lat' dir='ltr'><strong>crede</strong></span> <span class='ocrx_word' id='word_1_490' title='bbox 964 5295 980 5317; x_wconf 89' lang='lat'><strong>,</strong></span> <span class='ocrx_word' id='word_1_491' title='bbox 1007 5260 1068 5306; x_wconf 87' lang='lat' dir='ltr'><strong>ttt</strong></span> <span class='ocrx_word' id='word_1_492' title='bbox 1091 5251 1270 5306; x_wconf 88' lang='lat' dir='ltr'><strong>videre</strong></span> <span class='ocrx_word' id='word_1_493' title='bbox 1294 5250 1567 5305; x_wconf 88' lang='lat' dir='ltr'><strong>merearis.</strong></span> <span class='ocrx_word' id='word_1_494' title='bbox 1593 5248 1725 5304; x_wconf 87' lang='lat' dir='ltr'><strong>Cum</strong></span> <span class='ocrx_word' id='word_1_495' title='bbox 1754 5263 1882 5317; x_wconf 83' lang='lat' dir='ltr'><strong>ergo</strong></span> 
     </span>
    </p>
   </div>
   <div class='ocr_carea' id='block_1_55' title="bbox 293 5337 1884 5410">
    <p class='ocr_par' dir='ltr' id='par_1_55' title="bbox 293 5337 1884 5410">
     <span class='ocr_line' id='line_1_55' title="bbox 293 5337 1884 5410; baseline -0.006 -10"><span class='ocrx_word' id='word_1_496' title='bbox 293 5354 515 5401; x_wconf 81' lang='lat' dir='ltr'><strong>ventum</strong></span> <span class='ocrx_word' id='word_1_497' title='bbox 559 5343 725 5400; x_wconf 79' lang='lat' dir='ltr'><strong>fuerit</strong></span> <span class='ocrx_word' id='word_1_498' title='bbox 747 5352 805 5398; x_wconf 91' lang='lat' dir='ltr'><strong>ut</strong></span> <span class='ocrx_word' id='word_1_499' title='bbox 829 5342 1139 5407; x_wconf 80' lang='lat' dir='ltr'><strong>videamus,</strong></span> <span class='ocrx_word' id='word_1_500' title='bbox 1187 5348 1311 5395; x_wconf 89' lang='lat' dir='ltr'><strong>tunc</strong></span> <span class='ocrx_word' id='word_1_501' title='bbox 1351 5340 1661 5410; x_wconf 86' lang='lat' dir='ltr'><strong>apparebit,</strong></span> <span class='ocrx_word' id='word_1_502' title='bbox 1693 5337 1884 5391; x_wconf 80' lang='lat' dir='ltr'><strong>Tecum</strong></span> 
     </span>
    </p>
   </div>
   <div class='ocr_carea' id='block_1_56' title="bbox 292 5428 1884 5510">
    <p class='ocr_par' dir='ltr' id='par_1_56' title="bbox 292 5428 1884 5510">
     <span class='ocr_line' id='line_1_56' title="bbox 292 5428 1884 5510; baseline -0.008 -17"><span class='ocrx_word' id='word_1_503' title='bbox 292 5437 605 5510; x_wconf 58' lang='lat' dir='ltr'><strong>principium</strong></span> <span class='ocrx_word' id='word_1_504' title='bbox 629 5437 683 5491; x_wconf 90' lang='lat' dir='ltr'><strong>in</strong></span> <span class='ocrx_word' id='word_1_505' title='bbox 708 5435 790 5491; x_wconf 87' lang='lat' dir='ltr'><strong>die</strong></span> <span class='ocrx_word' id='word_1_506' title='bbox 805 5435 1003 5490; x_wconf 86' lang='lat' dir='ltr'><strong>virtutis</strong></span> <span class='ocrx_word' id='word_1_507' title='bbox 1023 5445 1142 5488; x_wconf 73' lang='lat' dir='ltr'><strong>tute.</strong></span> <span class='ocrx_word' id='word_1_508' title='bbox 1182 5431 1389 5486; x_wconf 74' lang='lat' dir='ltr'><strong>Virtutis</strong></span> <span class='ocrx_word' id='word_1_509' title='bbox 1409 5441 1508 5484; x_wconf 80' lang='lat' dir='ltr'><strong>tute</strong></span> <span class='ocrx_word' id='word_1_510' title='bbox 1537 5445 1558 5484; x_wconf 89' lang='lat'><strong><em>:</em></strong></span> <span class='ocrx_word' id='word_1_511' title='bbox 1585 5444 1691 5484; x_wconf 83' lang='lat' dir='ltr'><strong>non</strong></span> <span class='ocrx_word' id='word_1_512' title='bbox 1718 5428 1884 5483; x_wconf 78' lang='lat' dir='ltr'><strong>virtu-</strong></span> 
     </span>
    </p>
   </div>
   <div class='ocr_carea' id='block_1_57' title="bbox 234 5519 1885 5599">
    <p class='ocr_par' dir='ltr' id='par_1_57' title="bbox 234 5519 1885 5599">
     <span class='ocr_line' id='line_1_57' title="bbox 234 5519 1885 5599; baseline -0.007 -12"><span class='ocrx_word' id='word_1_513' title='bbox 234 5579 237 5581; x_wconf 96' lang='lat'><strong>.</strong></span> <span class='ocrx_word' id='word_1_514' title='bbox 291 5532 367 5588; x_wconf 81' lang='lat' dir='ltr'><strong>tis</strong></span> <span class='ocrx_word' id='word_1_515' title='bbox 394 5530 719 5588; x_wconf 88' lang='lat' dir='ltr'><strong>inﬁrmitatis</strong></span> <span class='ocrx_word' id='word_1_516' title='bbox 743 5539 847 5587; x_wconf 78' lang='lat' dir='ltr'><strong>tua:</strong></span> <span class='ocrx_word' id='word_1_517' title='bbox 869 5529 912 5597; x_wconf 73' lang='grc'><strong>³,</strong></span> <span class='ocrx_word' id='word_1_518' title='bbox 932 5527 1054 5599; x_wconf 89' lang='lat' dir='ltr'><strong>quia</strong></span> <span class='ocrx_word' id='word_1_519' title='bbox 1073 5526 1144 5582; x_wconf 91' lang='lat' dir='ltr'><strong>ibi</strong></span> <span class='ocrx_word' id='word_1_520' title='bbox 1169 5525 1355 5580; x_wconf 87' lang='lat' dir='ltr'><strong>virtus.</strong></span> <span class='ocrx_word' id='word_1_521' title='bbox 1386 5523 1596 5578; x_wconf 79' lang='lat' dir='ltr'><strong>Virtutis</strong></span> <span class='ocrx_word' id='word_1_522' title='bbox 1626 5531 1726 5577; x_wconf 79' lang='lat' dir='ltr'><strong>tua:</strong></span> <span class='ocrx_word' id='word_1_523' title='bbox 1747 5538 1766 5576; x_wconf 90' lang='lat'><strong><em>:</em></strong></span> <span class='ocrx_word' id='word_1_524' title='bbox 1790 5519 1885 5576; x_wconf 89' lang='lat' dir='ltr'><strong>ha-</strong></span> 
     </span>
    </p>
   </div>
   <div class='ocr_carea' id='block_1_58' title="bbox 289 5612 1882 5688">
    <p class='ocr_par' dir='ltr' id='par_1_58' title="bbox 289 5612 1882 5688">
     <span class='ocr_line' id='line_1_58' title="bbox 289 5612 1882 5688; baseline -0.008 -8"><span class='ocrx_word' id='word_1_525' title='bbox 289 5622 436 5680; x_wconf 73' lang='lat' dir='ltr'><strong>bent</strong></span> <span class='ocrx_word' id='word_1_526' title='bbox 465 5636 609 5680; x_wconf 87' lang='lat' dir='ltr'><strong>nunc</strong></span> <span class='ocrx_word' id='word_1_527' title='bbox 636 5619 882 5678; x_wconf 84' lang='lat' dir='ltr'><strong>homines</strong></span> <span class='ocrx_word' id='word_1_528' title='bbox 909 5620 963 5676; x_wconf 87' lang='lat' dir='ltr'><strong>in</strong></span> <span class='ocrx_word' id='word_1_529' title='bbox 990 5617 1095 5675; x_wconf 78' lang='lat' dir='ltr'><strong>ﬁde</strong></span> <span class='ocrx_word' id='word_1_530' title='bbox 1115 5656 1135 5686; x_wconf 88' lang='lat'><strong>,</strong></span> <span class='ocrx_word' id='word_1_531' title='bbox 1161 5616 1216 5673; x_wconf 91' lang='lat' dir='ltr'><strong>in</strong></span> <span class='ocrx_word' id='word_1_532' title='bbox 1242 5629 1337 5688; x_wconf 87' lang='lat' dir='ltr'><strong>spe</strong></span> <span class='ocrx_word' id='word_1_533' title='bbox 1360 5657 1375 5684; x_wconf 90' lang='lat'><strong>,</strong></span> <span class='ocrx_word' id='word_1_534' title='bbox 1420 5614 1472 5670; x_wconf 86' lang='lat' dir='ltr'><strong>in</strong></span> <span class='ocrx_word' id='word_1_535' title='bbox 1497 5613 1758 5670; x_wconf 79' lang='lat' dir='ltr'><strong>citat-itote</strong></span> <span class='ocrx_word' id='word_1_536' title='bbox 1782 5654 1796 5680; x_wconf 92' lang='lat'><strong>,</strong></span> <span class='ocrx_word' id='word_1_537' title='bbox 1828 5612 1882 5668; x_wconf 93' lang='lat' dir='ltr'><strong>in</strong></span> 
     </span>
    </p>
   </div>
   <div class='ocr_carea' id='block_1_59' title="bbox 292 5751 1886 5873">
    <p class='ocr_par' dir='ltr' id='par_1_59' title="bbox 292 5751 1886 5873">
     <span class='ocr_line' id='line_1_59' title="bbox 292 5751 1886 5873; baseline -0.004 -61"><span class='ocrx_word' id='word_1_538' title='bbox 507 5767 614 5812; x_wconf 71' lang='lat' dir='ltr'><strong>uss.</strong></span> <span class='ocrx_word' id='word_1_539' title='bbox 643 5765 697 5810; x_wconf 77' lang='lat' dir='ltr'><strong>At</strong></span> <span class='ocrx_word' id='word_1_540' title='bbox 716 5757 852 5820; x_wconf 66' lang='lat' dir='ltr'><strong>add,</strong></span> <span class='ocrx_word' id='word_1_541' title='bbox 877 5757 1035 5809; x_wconf 79' lang='lat' dir='ltr'><strong>rirtus</strong></span> <span class='ocrx_word' id='word_1_542' title='bbox 1056 5754 1241 5809; x_wconf 84' lang='lat' dir='ltr'><strong>virtutis</strong></span> <span class='ocrx_word' id='word_1_543' title='bbox 1265 5759 1494 5818; x_wconf 57' lang='lat' dir='ltr'><strong>tum-non</strong></span> <span class='ocrx_word' id='word_1_544' title='bbox 1513 5754 1664 5807; x_wconf 76' lang='lat' dir='ltr'><strong>virtus</strong></span> <span class='ocrx_word' id='word_1_545' title='bbox 1683 5751 1886 5819; x_wconf 81' lang='lat' dir='ltr'><strong>inﬁrmi-</strong></span> 
     </span>
     <span class='ocr_line' id='line_1_60' title="bbox 461 5835 539 5871; baseline -0.013 0"><span class='ocrx_word' id='word_1_546' title='bbox 461 5835 539 5871; x_wconf 72' lang='lat' dir='ltr'><strong>ne.</strong></span> 
     </span>
    </p>
   </div>
   <div class='ocr_carea' id='block_1_60' title="bbox 449 5833 539 5871">
    <p class='ocr_par' dir='ltr' id='par_1_60' title="bbox 449 5833 539 5871">
     <span class='ocr_line' id='line_1_61' title="bbox 449 5833 539 5871; baseline 0.022 -2"><span class='ocrx_word' id='word_1_547' title='bbox 449 5833 539 5871; x_wconf 70' lang='grc' dir='ltr'><strong>ρίαν.</strong></span> 
     </span>
    </p>
   </div>
   <div class='ocr_carea' id='block_1_61' title="bbox 1443 405 2464 466">
    <p class='ocr_par' dir='ltr' id='par_1_61' title="bbox 1443 405 2464 466">
     <span class='ocr_line' id='line_1_62' title="bbox 1443 405 2464 466; baseline -0.002 -2"><span class='ocrx_word' id='word_1_548' title='bbox 1443 406 1834 465; x_wconf 77' lang='lat' dir='ltr'><strong>ENARBATIO</strong></span> <span class='ocrx_word' id='word_1_549' title='bbox 1872 409 1940 463; x_wconf 76' lang='grc' dir='ltr'><strong>ΙΝ</strong></span> <span class='ocrx_word' id='word_1_550' title='bbox 1977 405 2294 466; x_wconf 53' lang='grc' dir='ltr'><strong>ιδελωιωι</strong></span> <span class='ocrx_word' id='word_1_551' title='bbox 2332 407 2464 463; x_wconf 81' lang='lat' dir='ltr'><strong>CIX.</strong></span> 
     </span>
    </p>
   </div>
   <div class='ocr_carea' id='block_1_62' title="bbox 3402 410 3544 472">
    <p class='ocr_par' dir='ltr' id='par_1_62' title="bbox 3402 410 3544 472">
     <span class='ocr_line' id='line_1_63' title="bbox 3402 410 3544 472; baseline 0.028 -4"><span class='ocrx_word' id='word_1_552' title='bbox 3402 410 3544 472; x_wconf 64' lang='lat'><strong>“58</strong></span> 
     </span>
    </p>
   </div>
   <div class='ocr_carea' id='block_1_63' title="bbox 1966 511 3546 590">
    <p class='ocr_par' dir='ltr' id='par_1_63' title="bbox 1966 511 3546 590">
     <span class='ocr_line' id='line_1_64' title="bbox 1966 511 3546 590; baseline 0.004 -15"><span class='ocrx_word' id='word_1_553' title='bbox 1966 519 2118 576; x_wconf 87' lang='lat' dir='ltr'><strong>bonis</strong></span> <span class='ocrx_word' id='word_1_554' title='bbox 2147 521 2396 590; x_wconf 86' lang='lat' dir='ltr'><strong>operibus</strong></span> <span class='ocrx_word' id='word_1_555' title='bbox 2425 521 2641 575; x_wconf 85' lang='lat' dir='ltr'><strong>virtutes</strong></span> <span class='ocrx_word' id='word_1_556' title='bbox 2682 536 2846 587; x_wconf 85' lang='lat' dir='ltr'><strong>suas;</strong></span> <span class='ocrx_word' id='word_1_557' title='bbox 2889 521 2984 577; x_wconf 88' lang='lat' dir='ltr'><strong>sed</strong></span> <span class='ocrx_word' id='word_1_558' title='bbox 3025 521 3173 577; x_wconf 90' lang='lat' dir='ltr'><strong>ibunt</strong></span> <span class='ocrx_word' id='word_1_559' title='bbox 3194 511 3232 576; x_wconf 7' lang='lat' dir='ltr'><strong>ia</strong></span> <span class='ocrx_word' id='word_1_560' title='bbox 3265 524 3546 581; x_wconf 86' lang='lat' dir='ltr'><strong>virtutibus</strong></span> 
     </span>
    </p>
   </div>
   <div class='ocr_carea' id='block_1_64' title="bbox 1966 609 3550 684">
    <p class='ocr_par' dir='ltr' id='par_1_64' title="bbox 1966 609 3550 684">
     <span class='ocr_line' id='line_1_65' title="bbox 1966 609 3550 684; baseline 0.004 -21"><span class='ocrx_word' id='word_1_561' title='bbox 1966 610 2018 665; x_wconf 90' lang='lat' dir='ltr'><strong>in</strong></span> <span class='ocrx_word' id='word_1_562' title='bbox 2036 611 2283 665; x_wconf 85' lang='lat' dir='ltr'><strong>virtutem</strong></span> <span class='ocrx_word' id='word_1_563' title='bbox 2313 609 2480 681; x_wconf 84' lang='lat' dir='ltr'><strong>(Psal.</strong></span> <span class='ocrx_word' id='word_1_564' title='bbox 2504 625 2724 674; x_wconf 76' lang='lat' dir='ltr'><strong>Lxxxm,</strong></span> <span class='ocrx_word' id='word_1_565' title='bbox 2749 609 2822 680; x_wconf 74' lang='lat'><strong>8).</strong></span> <span class='ocrx_word' id='word_1_566' title='bbox 2848 610 3030 666; x_wconf 86' lang='lat' dir='ltr'><strong>Tecum</strong></span> <span class='ocrx_word' id='word_1_567' title='bbox 3059 627 3185 682; x_wconf 81' lang='lat' dir='ltr'><strong>ergo</strong></span> <span class='ocrx_word' id='word_1_568' title='bbox 3203 614 3507 684; x_wconf 84' lang='lat' dir='ltr'><strong>principium</strong></span> <span class='ocrx_word' id='word_1_569' title='bbox 3526 629 3550 669; x_wconf 83' lang='lat'><strong><em>:</em></strong></span> 
     </span>
    </p>
   </div>
   <div class='ocr_carea' id='block_1_65' title="bbox 1965 702 3543 776">
    <p class='ocr_par' dir='ltr' id='par_1_65' title="bbox 1965 702 3543 776">
     <span class='ocr_line' id='line_1_66' title="bbox 1965 702 3543 776; baseline 0.003 -21"><span class='ocrx_word' id='word_1_570' title='bbox 1965 704 2228 758; x_wconf 81' lang='lat' dir='ltr'><strong>videberis</strong></span> <span class='ocrx_word' id='word_1_571' title='bbox 2257 719 2374 756; x_wconf 90' lang='lat' dir='ltr'><strong>cum</strong></span> <span class='ocrx_word' id='word_1_572' title='bbox 2409 702 2562 756; x_wconf 84' lang='lat' dir='ltr'><strong>Patre</strong></span> <span class='ocrx_word' id='word_1_573' title='bbox 2587 743 2601 766; x_wconf 95' lang='lat'><strong>,</strong></span> <span class='ocrx_word' id='word_1_574' title='bbox 2636 703 2685 754; x_wconf 91' lang='lat' dir='ltr'><strong>in</strong></span> <span class='ocrx_word' id='word_1_575' title='bbox 2716 703 2868 756; x_wconf 77' lang='lat' dir='ltr'><strong>Putre</strong></span> <span class='ocrx_word' id='word_1_576' title='bbox 2893 744 2908 768; x_wconf 91' lang='lat'><strong>,</strong></span> <span class='ocrx_word' id='word_1_577' title='bbox 2942 713 2993 757; x_wconf 85' lang='grc' dir='ltr'><strong>ιιι</strong></span> <span class='ocrx_word' id='word_1_578' title='bbox 3027 703 3179 759; x_wconf 87' lang='lat' dir='ltr'><strong>Pater</strong></span> <span class='ocrx_word' id='word_1_579' title='bbox 3208 715 3366 758; x_wconf 80' lang='lat' dir='ltr'><strong>tecum</strong></span> <span class='ocrx_word' id='word_1_580' title='bbox 3397 707 3543 776; x_wconf 48' lang='lat' dir='ltr'><strong>prin:</strong></span> 
     </span>
    </p>
   </div>
   <div class='ocr_carea' id='block_1_66' title="bbox 1963 794 3544 866">
    <p class='ocr_par' dir='ltr' id='par_1_66' title="bbox 1963 794 3544 866">
     <span class='ocr_line' id='line_1_67' title="bbox 1963 794 3544 866; baseline 0.002 -18"><span class='ocrx_word' id='word_1_581' title='bbox 1963 795 2147 864; x_wconf 86' lang='lat' dir='ltr'><strong>cipiunt</strong></span> <span class='ocrx_word' id='word_1_582' title='bbox 2169 796 2218 847; x_wconf 89' lang='lat' dir='ltr'><strong>in</strong></span> <span class='ocrx_word' id='word_1_583' title='bbox 2249 794 2330 847; x_wconf 87' lang='lat' dir='ltr'><strong>die</strong></span> <span class='ocrx_word' id='word_1_584' title='bbox 2357 794 2546 846; x_wconf 84' lang='lat' dir='ltr'><strong>virtutis</strong></span> <span class='ocrx_word' id='word_1_585' title='bbox 2569 802 2686 858; x_wconf 71' lang='lat' dir='ltr'><strong>tum,</strong></span> <span class='ocrx_word' id='word_1_586' title='bbox 2722 794 2861 848; x_wconf 89' lang='lat' dir='ltr'><strong>illius</strong></span> <span class='ocrx_word' id='word_1_587' title='bbox 2893 795 3096 849; x_wconf 88' lang='lat' dir='ltr'><strong>virtutis</strong></span> <span class='ocrx_word' id='word_1_588' title='bbox 3123 804 3228 849; x_wconf 69' lang='lat' dir='ltr'><strong>tua:</strong></span> <span class='ocrx_word' id='word_1_589' title='bbox 3254 811 3412 866; x_wconf 90' lang='lat' dir='ltr'><strong>quam</strong></span> <span class='ocrx_word' id='word_1_590' title='bbox 3443 797 3544 852; x_wconf 87' lang='lat' dir='ltr'><strong>im-</strong></span> 
     </span>
    </p>
   </div>
   <div class='ocr_carea' id='block_1_67' title="bbox 1964 885 3547 955">
    <p class='ocr_par' dir='ltr' id='par_1_67' title="bbox 1964 885 3547 955">
     <span class='ocr_line' id='line_1_68' title="bbox 1964 885 3547 955; baseline 0.004 -16"><span class='ocrx_word' id='word_1_591' title='bbox 1964 887 2080 955; x_wconf 88' lang='lat' dir='ltr'><strong>pius</strong></span> <span class='ocrx_word' id='word_1_592' title='bbox 2111 902 2214 940; x_wconf 90' lang='lat' dir='ltr'><strong>non</strong></span> <span class='ocrx_word' id='word_1_593' title='bbox 2246 886 2460 940; x_wconf 86' lang='lat' dir='ltr'><strong>videbit.</strong></span> <span class='ocrx_word' id='word_1_594' title='bbox 2491 885 2620 938; x_wconf 88' lang='lat' dir='ltr'><strong>Naut</strong></span> <span class='ocrx_word' id='word_1_595' title='bbox 2647 895 2702 938; x_wconf 88' lang='lat' dir='ltr'><strong>et</strong></span> <span class='ocrx_word' id='word_1_596' title='bbox 2730 885 2829 938; x_wconf 89' lang='lat' dir='ltr'><strong>hoc</strong></span> <span class='ocrx_word' id='word_1_597' title='bbox 2858 885 3124 940; x_wconf 89' lang='lat' dir='ltr'><strong>inﬁrmtun</strong></span> <span class='ocrx_word' id='word_1_598' title='bbox 3155 896 3322 954; x_wconf 91' lang='lat' dir='ltr'><strong>tuum,</strong></span> <span class='ocrx_word' id='word_1_599' title='bbox 3354 887 3547 945; x_wconf 80' lang='lat' dir='ltr'><strong>fortius</strong></span> 
     </span>
    </p>
   </div>
   <div class='ocr_carea' id='block_1_68' title="bbox 1964 977 3543 1052">
    <p class='ocr_par' dir='ltr' id='par_1_68' title="bbox 1964 977 3543 1052">
     <span class='ocr_line' id='line_1_69' title="bbox 1964 977 3543 1052; baseline 0.003 -21"><span class='ocrx_word' id='word_1_600' title='bbox 1964 987 2042 1032; x_wconf 85' lang='lat' dir='ltr'><strong>est</strong></span> <span class='ocrx_word' id='word_1_601' title='bbox 2074 977 2377 1033; x_wconf 91' lang='lat' dir='ltr'><strong>hominibus</strong></span> <span class='ocrx_word' id='word_1_602' title='bbox 2411 996 2424 1032; x_wconf 93' lang='lat'>:</span> <span class='ocrx_word' id='word_1_603' title='bbox 2456 977 2653 1032; x_wconf 85' lang='lat' dir='ltr'><strong>ctenim</strong></span> <span class='ocrx_word' id='word_1_604' title='bbox 2680 977 2733 1030; x_wconf 86' lang='lat' dir='ltr'><strong>in</strong></span> <span class='ocrx_word' id='word_1_605' title='bbox 2758 977 2838 1031; x_wconf 87' lang='lat' dir='ltr'><strong>die</strong></span> <span class='ocrx_word' id='word_1_606' title='bbox 2863 978 3056 1032; x_wconf 82' lang='lat' dir='ltr'><strong>virtutis</strong></span> <span class='ocrx_word' id='word_1_607' title='bbox 3081 987 3182 1034; x_wconf 80' lang='lat' dir='ltr'><strong>tua:</strong></span> <span class='ocrx_word' id='word_1_608' title='bbox 3210 990 3370 1034; x_wconf 88' lang='lat' dir='ltr'><strong>tecum</strong></span> <span class='ocrx_word' id='word_1_609' title='bbox 3401 981 3543 1052; x_wconf 60' lang='lat' dir='ltr'><strong>prino</strong></span> 
     </span>
    </p>
   </div>
   <div class='ocr_carea' id='block_1_69' title="bbox 1962 1069 2168 1138">
    <p class='ocr_par' dir='ltr' id='par_1_69' title="bbox 1962 1069 2168 1138">
     <span class='ocr_line' id='line_1_70' title="bbox 1962 1069 2168 1138; baseline 0.01 -18"><span class='ocrx_word' id='word_1_610' title='bbox 1962 1069 2168 1138; x_wconf 81' lang='lat' dir='ltr'><strong>cipiunt.</strong></span> 
     </span>
    </p>
   </div>
   <div class='ocr_carea' id='block_1_70' title="bbox 2038 1160 3548 1231">
    <p class='ocr_par' dir='ltr' id='par_1_70' title="bbox 2038 1160 3548 1231">
     <span class='ocr_line' id='line_1_71' title="bbox 2038 1160 3548 1231; baseline 0.003 -15"><span class='ocrx_word' id='word_1_611' title='bbox 2038 1162 2122 1216; x_wconf 84' lang='grc'><strong>15.</strong></span> <span class='ocrx_word' id='word_1_612' title='bbox 2156 1161 2231 1216; x_wconf 91' lang='lat' dir='ltr'><strong>De</strong></span> <span class='ocrx_word' id='word_1_613' title='bbox 2262 1176 2362 1231; x_wconf 86' lang='lat' dir='ltr'><strong>qua</strong></span> <span class='ocrx_word' id='word_1_614' title='bbox 2395 1161 2591 1216; x_wconf 86' lang='lat' dir='ltr'><strong>virtute</strong></span> <span class='ocrx_word' id='word_1_615' title='bbox 2618 1160 2750 1217; x_wconf 90' lang='lat' dir='ltr'><strong>dicis</strong></span> <span class='ocrx_word' id='word_1_616' title='bbox 2773 1202 2788 1228; x_wconf 92' lang='lat'><strong>,</strong></span> <span class='ocrx_word' id='word_1_617' title='bbox 2831 1175 3056 1231; x_wconf 85' lang='lat' dir='ltr'><strong>expone.</strong></span> <span class='ocrx_word' id='word_1_618' title='bbox 3091 1160 3220 1228; x_wconf 84' lang='lat' dir='ltr'><strong>Quia</strong></span> <span class='ocrx_word' id='word_1_619' title='bbox 3252 1172 3305 1216; x_wconf 90' lang='lat' dir='ltr'><strong>et</strong></span> <span class='ocrx_word' id='word_1_620' title='bbox 3333 1163 3416 1217; x_wconf 89' lang='lat' dir='ltr'><strong>hic</strong></span> <span class='ocrx_word' id='word_1_621' title='bbox 3441 1205 3454 1227; x_wconf 87' lang='lat'><strong>,</strong></span> <span class='ocrx_word' id='word_1_622' title='bbox 3488 1172 3548 1220; x_wconf 78' lang='lat' dir='ltr'><strong>ut</strong></span> 
     </span>
    </p>
   </div>
   <div class='ocr_carea' id='block_1_71' title="bbox 1963 1252 3547 1323">
    <p class='ocr_par' dir='ltr' id='par_1_71' title="bbox 1963 1252 3547 1323">
     <span class='ocr_line' id='line_1_72' title="bbox 1963 1252 3547 1323; baseline 0.002 -16"><span class='ocrx_word' id='word_1_623' title='bbox 1963 1252 2160 1308; x_wconf 87' lang='lat' dir='ltr'><strong>dictum</strong></span> <span class='ocrx_word' id='word_1_624' title='bbox 2190 1261 2271 1308; x_wconf 88' lang='lat' dir='ltr'><strong>est</strong></span> <span class='ocrx_word' id='word_1_625' title='bbox 2295 1294 2310 1320; x_wconf 92' lang='lat'><strong>,</strong></span> <span class='ocrx_word' id='word_1_626' title='bbox 2342 1254 2610 1307; x_wconf 85' lang='lat' dir='ltr'><strong>nominata</strong></span> <span class='ocrx_word' id='word_1_627' title='bbox 2649 1261 2731 1308; x_wconf 89' lang='lat' dir='ltr'><strong>est</strong></span> <span class='ocrx_word' id='word_1_628' title='bbox 2760 1253 2926 1308; x_wconf 91' lang='lat' dir='ltr'><strong>virtus</strong></span> <span class='ocrx_word' id='word_1_629' title='bbox 2954 1253 3067 1323; x_wconf 89' lang='lat' dir='ltr'><strong>ejus</strong></span> <span class='ocrx_word' id='word_1_630' title='bbox 3091 1295 3106 1320; x_wconf 93' lang='lat'><strong>,</strong></span> <span class='ocrx_word' id='word_1_631' title='bbox 3139 1269 3259 1308; x_wconf 92' lang='lat' dir='ltr'><strong>cum</strong></span> <span class='ocrx_word' id='word_1_632' title='bbox 3289 1255 3547 1310; x_wconf 87' lang='lat' dir='ltr'><strong>emittitur</strong></span> 
     </span>
    </p>
   </div>
   <div class='ocr_carea' id='block_1_72' title="bbox 1963 1343 3551 1412">
    <p class='ocr_par' dir='ltr' id='par_1_72' title="bbox 1963 1343 3551 1412">
     <span class='ocr_line' id='line_1_73' title="bbox 1963 1343 3551 1412; baseline 0.003 -16"><span class='ocrx_word' id='word_1_633' title='bbox 1963 1343 2108 1412; x_wconf 82' lang='lat' dir='ltr'><strong>virga</strong></span> <span class='ocrx_word' id='word_1_634' title='bbox 2136 1343 2340 1398; x_wconf 89' lang='lat' dir='ltr'><strong>virtutis</strong></span> <span class='ocrx_word' id='word_1_635' title='bbox 2361 1345 2476 1412; x_wconf 87' lang='lat' dir='ltr'><strong>ejus</strong></span> <span class='ocrx_word' id='word_1_636' title='bbox 2502 1359 2564 1398; x_wconf 76' lang='lat' dir='ltr'><strong>ex</strong></span> <span class='ocrx_word' id='word_1_637' title='bbox 2588 1343 2737 1410; x_wconf 89' lang='lat' dir='ltr'><strong>Sion,</strong></span> <span class='ocrx_word' id='word_1_638' title='bbox 2758 1352 2815 1397; x_wconf 90' lang='lat' dir='ltr'><strong>ut</strong></span> <span class='ocrx_word' id='word_1_639' title='bbox 2841 1343 3142 1398; x_wconf 91' lang='lat' dir='ltr'><strong>dominetur</strong></span> <span class='ocrx_word' id='word_1_640' title='bbox 3171 1344 3219 1397; x_wconf 94' lang='lat' dir='ltr'><strong>in</strong></span> <span class='ocrx_word' id='word_1_641' title='bbox 3250 1344 3424 1398; x_wconf 87' lang='lat' dir='ltr'><strong>medio</strong></span> <span class='ocrx_word' id='word_1_642' title='bbox 3445 1345 3551 1400; x_wconf 63' lang='lat' dir='ltr'><strong>ini:</strong></span> 
     </span>
    </p>
   </div>
   <div class='ocr_carea' id='block_1_73' title="bbox 1964 1433 3550 1506">
    <p class='ocr_par' dir='ltr' id='par_1_73' title="bbox 1964 1433 3550 1506">
     <span class='ocr_line' id='line_1_74' title="bbox 1964 1433 3550 1506; baseline 0.001 -18"><span class='ocrx_word' id='word_1_643' title='bbox 1964 1434 2220 1488; x_wconf 86' lang='lat' dir='ltr'><strong>micorum</strong></span> <span class='ocrx_word' id='word_1_644' title='bbox 2250 1449 2488 1489; x_wconf 91' lang='lat' dir='ltr'><strong>suorum.</strong></span> <span class='ocrx_word' id='word_1_645' title='bbox 2519 1435 2596 1488; x_wconf 90' lang='lat' dir='ltr'><strong>De</strong></span> <span class='ocrx_word' id='word_1_646' title='bbox 2625 1449 2730 1505; x_wconf 87' lang='lat' dir='ltr'><strong>qua</strong></span> <span class='ocrx_word' id='word_1_647' title='bbox 2761 1435 2952 1490; x_wconf 87' lang='lat' dir='ltr'><strong>virtute</strong></span> <span class='ocrx_word' id='word_1_648' title='bbox 2980 1433 3156 1488; x_wconf 88' lang='lat' dir='ltr'><strong>dicis?</strong></span> <span class='ocrx_word' id='word_1_649' title='bbox 3183 1433 3250 1488; x_wconf 89' lang='lat' dir='ltr'><strong>In</strong></span> <span class='ocrx_word' id='word_1_650' title='bbox 3280 1435 3550 1506; x_wconf 75' lang='lat' dir='ltr'><strong>splendore</strong></span> 
     </span>
    </p>
   </div>
   <div class='ocr_carea' id='block_1_74' title="bbox 1961 1522 3545 1597">
    <p class='ocr_par' dir='ltr' id='par_1_74' title="bbox 1961 1522 3545 1597">
     <span class='ocr_line' id='line_1_75' title="bbox 1961 1522 3545 1597; baseline 0.003 -21"><span class='ocrx_word' id='word_1_651' title='bbox 1961 1532 2266 1577; x_wconf 83' lang='lat' dir='ltr'><strong>sanctorum.</strong></span> <span class='ocrx_word' id='word_1_652' title='bbox 2297 1522 2365 1578; x_wconf 79' lang='lat' dir='ltr'><strong>In</strong></span> <span class='ocrx_word' id='word_1_653' title='bbox 2405 1525 2670 1595; x_wconf 88' lang='lat' dir='ltr'><strong>splendore</strong></span> <span class='ocrx_word' id='word_1_654' title='bbox 2691 1567 2704 1590; x_wconf 90' lang='lat'><strong>,</strong></span> <span class='ocrx_word' id='word_1_655' title='bbox 2741 1524 2946 1594; x_wconf 87' lang='lat' dir='ltr'><strong>inquit,</strong></span> <span class='ocrx_word' id='word_1_656' title='bbox 2979 1535 3287 1579; x_wconf 87' lang='lat' dir='ltr'><strong>sanctorum.</strong></span> <span class='ocrx_word' id='word_1_657' title='bbox 3320 1526 3392 1581; x_wconf 87' lang='lat' dir='ltr'><strong>De</strong></span> <span class='ocrx_word' id='word_1_658' title='bbox 3428 1526 3545 1597; x_wconf 80' lang='lat' dir='ltr'><strong>ipsa</strong></span> 
     </span>
    </p>
   </div>
   <div class='ocr_carea' id='block_1_75' title="bbox 1962 1613 3546 1688">
    <p class='ocr_par' dir='ltr' id='par_1_75' title="bbox 1962 1613 3546 1688">
     <span class='ocr_line' id='line_1_76' title="bbox 1962 1613 3546 1688; baseline 0.004 -23"><span class='ocrx_word' id='word_1_659' title='bbox 1962 1614 2155 1668; x_wconf 90' lang='lat' dir='ltr'><strong>virtute</strong></span> <span class='ocrx_word' id='word_1_660' title='bbox 2183 1613 2346 1679; x_wconf 91' lang='lat' dir='ltr'><strong>dicit,</strong></span> <span class='ocrx_word' id='word_1_661' title='bbox 2381 1615 2591 1688; x_wconf 84' lang='lat' dir='ltr'><strong>quando</strong></span> <span class='ocrx_word' id='word_1_662' title='bbox 2616 1623 2771 1669; x_wconf 88' lang='lat' dir='ltr'><strong>erunt</strong></span> <span class='ocrx_word' id='word_1_663' title='bbox 2799 1615 2849 1668; x_wconf 91' lang='lat' dir='ltr'><strong>in</strong></span> <span class='ocrx_word' id='word_1_664' title='bbox 2880 1614 3162 1685; x_wconf 89' lang='lat' dir='ltr'><strong>splendore</strong></span> <span class='ocrx_word' id='word_1_665' title='bbox 3189 1616 3404 1670; x_wconf 77' lang='lat' dir='ltr'><strong>sancti:</strong></span> <span class='ocrx_word' id='word_1_666' title='bbox 3440 1632 3546 1672; x_wconf 87' lang='lat' dir='ltr'><strong>nou</strong></span> 
     </span>
    </p>
   </div>
   <div class='ocr_carea' id='block_1_76' title="bbox 1962 1703 3548 1776">
    <p class='ocr_par' dir='ltr' id='par_1_76' title="bbox 1962 1703 3548 1776">
     <span class='ocr_line' id='line_1_77' title="bbox 1962 1703 3548 1776; baseline 0.007 -25"><span class='ocrx_word' id='word_1_667' title='bbox 1962 1703 2171 1771; x_wconf 77' lang='lat' dir='ltr'><strong>quando</strong></span> <span class='ocrx_word' id='word_1_668' title='bbox 2196 1703 2370 1759; x_wconf 88' lang='lat' dir='ltr'><strong>adhuc</strong></span> <span class='ocrx_word' id='word_1_669' title='bbox 2414 1712 2677 1760; x_wconf 88' lang='lat' dir='ltr'><strong>terrenam</strong></span> <span class='ocrx_word' id='word_1_670' title='bbox 2703 1720 2918 1760; x_wconf 88' lang='lat' dir='ltr'><strong>carnem</strong></span> <span class='ocrx_word' id='word_1_671' title='bbox 2963 1714 3230 1776; x_wconf 81' lang='lat' dir='ltr'><strong>gestantes</strong></span> <span class='ocrx_word' id='word_1_672' title='bbox 3257 1717 3311 1761; x_wconf 90' lang='lat' dir='ltr'><strong>et</strong></span> <span class='ocrx_word' id='word_1_673' title='bbox 3337 1707 3388 1761; x_wconf 94' lang='lat' dir='ltr'><strong>in</strong></span> <span class='ocrx_word' id='word_1_674' title='bbox 3424 1721 3548 1762; x_wconf 63' lang='lat' dir='ltr'><strong>cor-</strong></span> 
     </span>
    </p>
   </div>
   <div class='ocr_carea' id='block_1_77' title="bbox 1964 1795 3546 1869">
    <p class='ocr_par' dir='ltr' id='par_1_77' title="bbox 1964 1795 3546 1869">
     <span class='ocr_line' id='line_1_78' title="bbox 1964 1795 3546 1869; baseline 0.005 -24"><span class='ocrx_word' id='word_1_675' title='bbox 1964 1807 2092 1861; x_wconf 87' lang='lat' dir='ltr'><strong>pure</strong></span> <span class='ocrx_word' id='word_1_676' title='bbox 2117 1795 2326 1849; x_wconf 87' lang='lat' dir='ltr'><strong>mortali</strong></span> <span class='ocrx_word' id='word_1_677' title='bbox 2369 1803 2527 1865; x_wconf 88' lang='lat' dir='ltr'><strong>atque</strong></span> <span class='ocrx_word' id='word_1_678' title='bbox 2553 1796 2879 1866; x_wconf 91' lang='lat' dir='ltr'><strong>corruptibili</strong></span> <span class='ocrx_word' id='word_1_679' title='bbox 2922 1804 3196 1866; x_wconf 83' lang='lat' dir='ltr'><strong>gementes</strong></span> <span class='ocrx_word' id='word_1_680' title='bbox 3220 1837 3235 1861; x_wconf 89' lang='lat'><strong>,</strong></span> <span class='ocrx_word' id='word_1_681' title='bbox 3266 1797 3406 1865; x_wconf 85' lang='lat' dir='ltr'><strong>quod</strong></span> <span class='ocrx_word' id='word_1_682' title='bbox 3450 1813 3546 1869; x_wconf 75' lang='lat' dir='ltr'><strong>ag—</strong></span> 
     </span>
    </p>
   </div>
   <div class='ocr_carea' id='block_1_78' title="bbox 1961 1885 3548 1957">
    <p class='ocr_par' dir='ltr' id='par_1_78' title="bbox 1961 1885 3548 1957">
     <span class='ocr_line' id='line_1_79' title="bbox 1961 1885 3548 1957; baseline 0.004 -20"><span class='ocrx_word' id='word_1_683' title='bbox 1961 1893 2145 1954; x_wconf 81' lang='lat' dir='ltr'><strong>gravat</strong></span> <span class='ocrx_word' id='word_1_684' title='bbox 2173 1885 2436 1951; x_wconf 89' lang='lat' dir='ltr'><strong>animam,</strong></span> <span class='ocrx_word' id='word_1_685' title='bbox 2476 1896 2527 1941; x_wconf 91' lang='lat' dir='ltr'><strong>et</strong></span> <span class='ocrx_word' id='word_1_686' title='bbox 2556 1887 2803 1957; x_wconf 91' lang='lat' dir='ltr'><strong>deprimit</strong></span> <span class='ocrx_word' id='word_1_687' title='bbox 2829 1896 3038 1942; x_wconf 88' lang='lat' dir='ltr'><strong>terrena</strong></span> <span class='ocrx_word' id='word_1_688' title='bbox 3087 1888 3396 1944; x_wconf 85' lang='lat' dir='ltr'><strong>inhabitatio</strong></span> <span class='ocrx_word' id='word_1_689' title='bbox 3423 1906 3548 1944; x_wconf 78' lang='lat' dir='ltr'><strong>sen-</strong></span> 
     </span>
    </p>
   </div>
   <div class='ocr_carea' id='block_1_79' title="bbox 1964 1977 3546 2051">
    <p class='ocr_par' dir='ltr' id='par_1_79' title="bbox 1964 1977 3546 2051">
     <span class='ocr_line' id='line_1_80' title="bbox 1964 1977 3546 2051; baseline 0.004 -21"><span class='ocrx_word' id='word_1_690' title='bbox 1964 1977 2274 2032; x_wconf 50' lang='lat' dir='ltr'><strong>sum‘multa</strong></span> <span class='ocrx_word' id='word_1_691' title='bbox 2318 1978 2634 2048; x_wconf 82' lang='lat' dir='ltr'><strong>cogitantem</strong></span> <span class='ocrx_word' id='word_1_692' title='bbox 2662 1979 2818 2050; x_wconf 89' lang='lat' dir='ltr'><strong>(Sap.</strong></span> <span class='ocrx_word' id='word_1_693' title='bbox 2853 1995 2903 2034; x_wconf 78' lang='lat' dir='ltr'><strong>tx</strong></span> <span class='ocrx_word' id='word_1_694' title='bbox 2925 2021 2938 2047; x_wconf 91' lang='lat'><strong>,</strong></span> <span class='ocrx_word' id='word_1_695' title='bbox 2972 1980 3097 2049; x_wconf 71' lang='lat'><strong>15);</strong></span> <span class='ocrx_word' id='word_1_696' title='bbox 3130 1995 3250 2035; x_wconf 91' lang='lat' dir='ltr'><strong>cum</strong></span> <span class='ocrx_word' id='word_1_697' title='bbox 3295 1981 3424 2051; x_wconf 74' lang='lat' dir='ltr'><strong>ipsa:</strong></span> <span class='ocrx_word' id='word_1_698' title='bbox 3451 1997 3546 2036; x_wconf 91' lang='lat' dir='ltr'><strong>co-</strong></span> 
     </span>
    </p>
   </div>
   <div class='ocr_carea' id='block_1_80' title="bbox 1963 2066 3546 2140">
    <p class='ocr_par' dir='ltr' id='par_1_80' title="bbox 1963 2066 3546 2140">
     <span class='ocr_line' id='line_1_81' title="bbox 1963 2066 3546 2140; baseline 0.004 -21"><span class='ocrx_word' id='word_1_699' title='bbox 1963 2066 2246 2136; x_wconf 80' lang='lat' dir='ltr'><strong>gitationes</strong></span> <span class='ocrx_word' id='word_1_700' title='bbox 2261 2067 2485 2124; x_wconf 86' lang='lat' dir='ltr'><strong>invicem</strong></span> <span class='ocrx_word' id='word_1_701' title='bbox 2508 2084 2613 2124; x_wconf 90' lang='lat' dir='ltr'><strong>non</strong></span> <span class='ocrx_word' id='word_1_702' title='bbox 2631 2069 2897 2136; x_wconf 90' lang='lat' dir='ltr'><strong>videntur,</strong></span> <span class='ocrx_word' id='word_1_703' title='bbox 2916 2084 3022 2124; x_wconf 87' lang='lat' dir='ltr'><strong>non</strong></span> <span class='ocrx_word' id='word_1_704' title='bbox 3047 2070 3145 2125; x_wconf 90' lang='lat' dir='ltr'><strong>hoc</strong></span> <span class='ocrx_word' id='word_1_705' title='bbox 3169 2080 3270 2138; x_wconf 85' lang='lat' dir='ltr'><strong>est,</strong></span> <span class='ocrx_word' id='word_1_706' title='bbox 3294 2070 3356 2124; x_wconf 90' lang='lat' dir='ltr'><strong>In</strong></span> <span class='ocrx_word' id='word_1_707' title='bbox 3377 2071 3546 2140; x_wconf 83' lang='lat' dir='ltr'><strong>splen-</strong></span> 
     </span>
    </p>
   </div>
   <div class='ocr_carea' id='block_1_81' title="bbox 1964 2159 3548 2234">
    <p class='ocr_par' dir='ltr' id='par_1_81' title="bbox 1964 2159 3548 2234">
     <span class='ocr_line' id='line_1_82' title="bbox 1964 2159 3548 2234; baseline 0.004 -22"><span class='ocrx_word' id='word_1_708' title='bbox 1964 2159 2086 2212; x_wconf 89' lang='lat' dir='ltr'><strong>dore</strong></span> <span class='ocrx_word' id='word_1_709' title='bbox 2107 2170 2414 2216; x_wconf 87' lang='lat' dir='ltr'><strong>sanctorum.</strong></span> <span class='ocrx_word' id='word_1_710' title='bbox 2441 2161 2546 2217; x_wconf 87' lang='lat' dir='ltr'><strong>Sed</strong></span> <span class='ocrx_word' id='word_1_711' title='bbox 2572 2162 2695 2232; x_wconf 93' lang='lat' dir='ltr'><strong>quid</strong></span> <span class='ocrx_word' id='word_1_712' title='bbox 2719 2171 2820 2231; x_wconf 88' lang='lat' dir='ltr'><strong>est,</strong></span> <span class='ocrx_word' id='word_1_713' title='bbox 2840 2161 2906 2217; x_wconf 87' lang='lat' dir='ltr'><strong>In</strong></span> <span class='ocrx_word' id='word_1_714' title='bbox 2929 2163 3196 2234; x_wconf 87' lang='lat' dir='ltr'><strong>splendore</strong></span> <span class='ocrx_word' id='word_1_715' title='bbox 3219 2173 3504 2219; x_wconf 87' lang='lat' dir='ltr'><strong>sanctorum</strong></span> <span class='ocrx_word' id='word_1_716' title='bbox 3522 2166 3548 2218; x_wconf 72' lang='lat'><strong>2’</strong></span> 
     </span>
    </p>
   </div>
   <div class='ocr_carea' id='block_1_82' title="bbox 1966 2249 3547 2318">
    <p class='ocr_par' dir='ltr' id='par_1_82' title="bbox 1966 2249 3547 2318">
     <span class='ocr_line' id='line_1_83' title="bbox 1966 2249 3547 2318; baseline 0.003 -15"><span class='ocrx_word' id='word_1_717' title='bbox 1966 2249 2136 2304; x_wconf 88' lang='lat' dir='ltr'><strong>Donec</strong></span> <span class='ocrx_word' id='word_1_718' title='bbox 2164 2253 2324 2304; x_wconf 86' lang='lat' dir='ltr'><strong>veniat</strong></span> <span class='ocrx_word' id='word_1_719' title='bbox 2353 2251 2619 2318; x_wconf 84' lang='lat' dir='ltr'><strong>Dominus,</strong></span> <span class='ocrx_word' id='word_1_720' title='bbox 2651 2262 2697 2307; x_wconf 88' lang='lat' dir='ltr'><strong>et</strong></span> <span class='ocrx_word' id='word_1_721' title='bbox 2725 2253 2972 2308; x_wconf 88' lang='lat' dir='ltr'><strong>illuntinct</strong></span> <span class='ocrx_word' id='word_1_722' title='bbox 3001 2253 3292 2308; x_wconf 87' lang='lat' dir='ltr'><strong>abscondita</strong></span> <span class='ocrx_word' id='word_1_723' title='bbox 3321 2255 3547 2309; x_wconf 73' lang='lat' dir='ltr'><strong>tenebra-</strong></span> 
     </span>
    </p>
   </div>
   <div class='ocr_carea' id='block_1_83' title="bbox 1964 2341 3593 2413">
    <p class='ocr_par' dir='ltr' id='par_1_83' title="bbox 1964 2341 3593 2413">
     <span class='ocr_line' id='line_1_84' title="bbox 1964 2341 3593 2413; baseline 0.003 -19"><span class='ocrx_word' id='word_1_724' title='bbox 1964 2357 2078 2394; x_wconf 90' lang='lat' dir='ltr'><strong>rum</strong></span> <span class='ocrx_word' id='word_1_725' title='bbox 2103 2381 2116 2404; x_wconf 93' lang='lat'><strong>,</strong></span> <span class='ocrx_word' id='word_1_726' title='bbox 2149 2351 2196 2395; x_wconf 91' lang='lat' dir='ltr'><strong>et</strong></span> <span class='ocrx_word' id='word_1_727' title='bbox 2225 2341 2562 2411; x_wconf 81' lang='lat' dir='ltr'><strong>manifestabit</strong></span> <span class='ocrx_word' id='word_1_728' title='bbox 2607 2345 2933 2413; x_wconf 86' lang='lat' dir='ltr'><strong>cogitationes</strong></span> <span class='ocrx_word' id='word_1_729' title='bbox 2961 2345 3168 2408; x_wconf 84' lang='lat' dir='ltr'><strong>cordis;</strong></span> <span class='ocrx_word' id='word_1_730' title='bbox 3196 2353 3243 2400; x_wconf 89' lang='lat' dir='ltr'><strong>et</strong></span> <span class='ocrx_word' id='word_1_731' title='bbox 3288 2354 3406 2399; x_wconf 88' lang='lat' dir='ltr'><strong>tunc</strong></span> <span class='ocrx_word' id='word_1_732' title='bbox 3433 2345 3546 2400; x_wconf 87' lang='lat' dir='ltr'><strong>laus</strong></span> <span class='ocrx_word' id='word_1_733' title='bbox 3589 2373 3593 2377; x_wconf 88' lang='lat'><strong><em>-</em></strong></span> 
     </span>
    </p>
   </div>
   <div class='ocr_carea' id='block_1_84' title="bbox 1963 2430 3598 2506">
    <p class='ocr_par' dir='ltr' id='par_1_84' title="bbox 1963 2430 3598 2506">
     <span class='ocr_line' id='line_1_85' title="bbox 1963 2430 3598 2506; baseline 0.004 -23"><span class='ocrx_word' id='word_1_734' title='bbox 1963 2430 2056 2483; x_wconf 89' lang='lat' dir='ltr'><strong>erit</strong></span> <span class='ocrx_word' id='word_1_735' title='bbox 2081 2431 2345 2503; x_wconf 86' lang='lat' dir='ltr'><strong>unicuique</strong></span> <span class='ocrx_word' id='word_1_736' title='bbox 2371 2447 2403 2485; x_wconf 90' lang='lat' dir='ltr'><strong>a</strong></span> <span class='ocrx_word' id='word_1_737' title='bbox 2429 2430 2538 2486; x_wconf 89' lang='lat' dir='ltr'><strong>Deo</strong></span> <span class='ocrx_word' id='word_1_738' title='bbox 2568 2433 2612 2502; x_wconf 93' lang='lat' dir='ltr'><strong>(l</strong></span> <span class='ocrx_word' id='word_1_739' title='bbox 2637 2432 2754 2489; x_wconf 78' lang='lat' dir='ltr'><strong>Cor.</strong></span> <span class='ocrx_word' id='word_1_740' title='bbox 2786 2449 2858 2498; x_wconf 84' lang='lat' dir='ltr'><strong>tv,</strong></span> <span class='ocrx_word' id='word_1_741' title='bbox 2890 2432 2966 2504; x_wconf 81' lang='lat'><strong>5).</strong></span> <span class='ocrx_word' id='word_1_742' title='bbox 3001 2433 3117 2490; x_wconf 73' lang='lat' dir='ltr'><strong>l-loc&#39;</strong></span> <span class='ocrx_word' id='word_1_743' title='bbox 3139 2434 3260 2499; x_wconf 87' lang='lat' dir='ltr'><strong>erit,</strong></span> <span class='ocrx_word' id='word_1_744' title='bbox 3292 2433 3355 2488; x_wconf 86' lang='lat' dir='ltr'><strong>In</strong></span> <span class='ocrx_word' id='word_1_745' title='bbox 3382 2435 3550 2506; x_wconf 87' lang='lat' dir='ltr'><strong>splen-</strong></span> <span class='ocrx_word' id='word_1_746' title='bbox 3593 2462 3598 2468; x_wconf 81' lang='grc'>·</span> 
     </span>
    </p>
   </div>
   <div class='ocr_carea' id='block_1_85' title="bbox 1966 2522 3547 2597">
    <p class='ocr_par' dir='ltr' id='par_1_85' title="bbox 1966 2522 3547 2597">
     <span class='ocr_line' id='line_1_86' title="bbox 1966 2522 3547 2597; baseline 0.002 -22"><span class='ocrx_word' id='word_1_747' title='bbox 1966 2522 2086 2576; x_wconf 87' lang='lat' dir='ltr'><strong>dore</strong></span> <span class='ocrx_word' id='word_1_748' title='bbox 2109 2532 2429 2587; x_wconf 86' lang='lat' dir='ltr'><strong>sanctorum;</strong></span> <span class='ocrx_word' id='word_1_749' title='bbox 2447 2523 2568 2594; x_wconf 86' lang='lat' dir='ltr'><strong>quia</strong></span> <span class='ocrx_word' id='word_1_750' title='bbox 2598 2535 2714 2578; x_wconf 86' lang='lat' dir='ltr'><strong>tunc</strong></span> <span class='ocrx_word' id='word_1_751' title='bbox 2733 2525 2862 2594; x_wconf 87' lang='lat' dir='ltr'><strong>justi</strong></span> <span class='ocrx_word' id='word_1_752' title='bbox 2889 2525 3149 2597; x_wconf 80' lang='lat' dir='ltr'><strong>fulgebunt</strong></span> <span class='ocrx_word' id='word_1_753' title='bbox 3177 2525 3228 2578; x_wconf 90' lang='lat' dir='ltr'><strong>in</strong></span> <span class='ocrx_word' id='word_1_754' title='bbox 3257 2541 3409 2595; x_wconf 88' lang='lat' dir='ltr'><strong>regno</strong></span> <span class='ocrx_word' id='word_1_755' title='bbox 3439 2525 3547 2580; x_wconf 64' lang='lat' dir='ltr'><strong>Pa.</strong></span> 
     </span>
    </p>
   </div>
   <div class='ocr_carea' id='block_1_86' title="bbox 1965 2614 3552 2686">
    <p class='ocr_par' dir='ltr' id='par_1_86' title="bbox 1965 2614 3552 2686">
     <span class='ocr_line' id='line_1_87' title="bbox 1965 2614 3552 2686; baseline 0.003 -20"><span class='ocrx_word' id='word_1_756' title='bbox 1965 2614 2056 2667; x_wconf 89' lang='lat' dir='ltr'><strong>tris</strong></span> <span class='ocrx_word' id='word_1_757' title='bbox 2085 2614 2183 2678; x_wconf 88' lang='lat' dir='ltr'><strong>sui,</strong></span> <span class='ocrx_word' id='word_1_758' title='bbox 2214 2615 2342 2670; x_wconf 82' lang='lat' dir='ltr'><strong>sicut</strong></span> <span class='ocrx_word' id='word_1_759' title='bbox 2370 2615 2466 2670; x_wconf 91' lang='lat' dir='ltr'><strong>sol.</strong></span> <span class='ocrx_word' id='word_1_760' title='bbox 2496 2614 2690 2670; x_wconf 82' lang='lat' dir='ltr'><strong>Audite</strong></span> <span class='ocrx_word' id='word_1_761' title='bbox 2713 2617 2856 2672; x_wconf 89' lang='lat' dir='ltr'><strong>enim</strong></span> <span class='ocrx_word' id='word_1_762' title='bbox 2884 2617 3009 2686; x_wconf 88' lang='lat' dir='ltr'><strong>quid</strong></span> <span class='ocrx_word' id='word_1_763' title='bbox 3036 2616 3106 2671; x_wconf 89' lang='lat' dir='ltr'><strong>sit</strong></span> <span class='ocrx_word' id='word_1_764' title='bbox 3133 2616 3256 2682; x_wconf 92' lang='lat' dir='ltr'><strong>hoc,</strong></span> <span class='ocrx_word' id='word_1_765' title='bbox 3284 2615 3350 2670; x_wconf 84' lang='lat' dir='ltr'><strong>In</strong></span> <span class='ocrx_word' id='word_1_766' title='bbox 3377 2615 3552 2686; x_wconf 84' lang='lat' dir='ltr'><strong>splen-</strong></span> 
     </span>
    </p>
   </div>
   <div class='ocr_carea' id='block_1_87' title="bbox 1965 2703 3550 2776">
    <p class='ocr_par' dir='ltr' id='par_1_87' title="bbox 1965 2703 3550 2776">
     <span class='ocr_line' id='line_1_88' title="bbox 1965 2703 3550 2776; baseline 0.003 -19"><span class='ocrx_word' id='word_1_767' title='bbox 1965 2703 2087 2758; x_wconf 86' lang='lat' dir='ltr'><strong>dore</strong></span> <span class='ocrx_word' id='word_1_768' title='bbox 2111 2714 2414 2760; x_wconf 86' lang='lat' dir='ltr'><strong>sanctorum.</strong></span> <span class='ocrx_word' id='word_1_769' title='bbox 2455 2705 2647 2774; x_wconf 84' lang='lat' dir='ltr'><strong>Veniet,</strong></span> <span class='ocrx_word' id='word_1_770' title='bbox 2679 2707 2868 2776; x_wconf 86' lang='lat' dir='ltr'><strong>inquit,</strong></span> <span class='ocrx_word' id='word_1_771' title='bbox 2897 2707 3091 2774; x_wconf 84' lang='lat' dir='ltr'><strong>messis,</strong></span> <span class='ocrx_word' id='word_1_772' title='bbox 3122 2709 3281 2762; x_wconf 82' lang='lat' dir='ltr'><strong>veniet</strong></span> <span class='ocrx_word' id='word_1_773' title='bbox 3310 2709 3426 2775; x_wconf 84' lang='lat' dir='ltr'><strong>ﬁnis</strong></span> <span class='ocrx_word' id='word_1_774' title='bbox 3454 2725 3550 2762; x_wconf 79' lang='lat' dir='ltr'><strong>sa:-</strong></span> 
     </span>
    </p>
   </div>
   <div class='ocr_carea' id='block_1_88' title="bbox 1965 2795 3554 2870">
    <p class='ocr_par' dir='ltr' id='par_1_88' title="bbox 1965 2795 3554 2870">
     <span class='ocr_line' id='line_1_89' title="bbox 1965 2795 3554 2870; baseline 0.004 -22"><span class='ocrx_word' id='word_1_775' title='bbox 1965 2795 2068 2849; x_wconf 89' lang='lat' dir='ltr'><strong>culi</strong></span> <span class='ocrx_word' id='word_1_776' title='bbox 2097 2811 2117 2849; x_wconf 91' lang='lat'><strong><em>:</em></strong></span> <span class='ocrx_word' id='word_1_777' title='bbox 2148 2796 2303 2850; x_wconf 90' lang='lat' dir='ltr'><strong>mittet</strong></span> <span class='ocrx_word' id='word_1_778' title='bbox 2329 2798 2694 2868; x_wconf 78' lang='lat' dir='ltr'><strong>paterfamilias</strong></span> <span class='ocrx_word' id='word_1_779' title='bbox 2720 2797 2939 2869; x_wconf 76' lang='lat' dir='ltr'><strong>Angelos</strong></span> <span class='ocrx_word' id='word_1_780' title='bbox 2969 2815 3086 2854; x_wconf 89' lang='lat' dir='ltr'><strong>suos</strong></span> <span class='ocrx_word' id='word_1_781' title='bbox 3109 2840 3124 2865; x_wconf 90' lang='lat'><strong>,</strong></span> <span class='ocrx_word' id='word_1_782' title='bbox 3155 2808 3199 2853; x_wconf 89' lang='lat' dir='ltr'><strong>et</strong></span> <span class='ocrx_word' id='word_1_783' title='bbox 3227 2799 3459 2870; x_wconf 85' lang='lat' dir='ltr'><strong>colligent</strong></span> <span class='ocrx_word' id='word_1_784' title='bbox 3485 2799 3554 2854; x_wconf 85' lang='lat' dir='ltr'><strong>de</strong></span> 
     </span>
    </p>
   </div>
   <div class='ocr_carea' id='block_1_89' title="bbox 1965 2887 3548 2960">
    <p class='ocr_par' dir='ltr' id='par_1_89' title="bbox 1965 2887 3548 2960">
     <span class='ocr_line' id='line_1_90' title="bbox 1965 2887 3548 2960; baseline 0.004 -23"><span class='ocrx_word' id='word_1_785' title='bbox 1965 2901 2120 2956; x_wconf 85' lang='lat' dir='ltr'><strong>regno</strong></span> <span class='ocrx_word' id='word_1_786' title='bbox 2146 2887 2254 2956; x_wconf 86' lang='lat' dir='ltr'><strong>ejus</strong></span> <span class='ocrx_word' id='word_1_787' title='bbox 2281 2887 2450 2941; x_wconf 87' lang='lat' dir='ltr'><strong>omnia</strong></span> <span class='ocrx_word' id='word_1_788' title='bbox 2476 2888 2741 2951; x_wconf 87' lang='lat' dir='ltr'><strong>scandala,</strong></span> <span class='ocrx_word' id='word_1_789' title='bbox 2764 2898 2810 2943; x_wconf 87' lang='lat' dir='ltr'><strong>et</strong></span> <span class='ocrx_word' id='word_1_790' title='bbox 2837 2890 3028 2944; x_wconf 89' lang='lat' dir='ltr'><strong>mittent</strong></span> <span class='ocrx_word' id='word_1_791' title='bbox 3055 2890 3108 2944; x_wconf 90' lang='lat' dir='ltr'><strong>in</strong></span> <span class='ocrx_word' id='word_1_792' title='bbox 3137 2890 3389 2944; x_wconf 88' lang='lat' dir='ltr'><strong>caminum</strong></span> <span class='ocrx_word' id='word_1_793' title='bbox 3417 2890 3548 2960; x_wconf 83' lang='lat' dir='ltr'><strong>ignis</strong></span> 
     </span>
    </p>
   </div>
   <div class='ocr_carea' id='block_1_90' title="bbox 1966 2977 3548 3051">
    <p class='ocr_par' dir='ltr' id='par_1_90' title="bbox 1966 2977 3548 3051">
     <span class='ocr_line' id='line_1_91' title="bbox 1966 2977 3548 3051; baseline 0.003 -21"><span class='ocrx_word' id='word_1_794' title='bbox 1966 2977 2205 3031; x_wconf 83' lang='lat' dir='ltr'><strong>ardentis.</strong></span> <span class='ocrx_word' id='word_1_795' title='bbox 2245 2977 2390 3032; x_wconf 90' lang='lat' dir='ltr'><strong>Tunc</strong></span> <span class='ocrx_word' id='word_1_796' title='bbox 2407 2980 2535 3050; x_wconf 88' lang='lat' dir='ltr'><strong>justi</strong></span> <span class='ocrx_word' id='word_1_797' title='bbox 2561 2979 2818 3051; x_wconf 80' lang='lat' dir='ltr'><strong>fulgebunt</strong></span> <span class='ocrx_word' id='word_1_798' title='bbox 2843 2981 2969 3036; x_wconf 86' lang='lat' dir='ltr'><strong>sicut</strong></span> <span class='ocrx_word' id='word_1_799' title='bbox 2997 2981 3075 3035; x_wconf 90' lang='lat' dir='ltr'><strong>sol</strong></span> <span class='ocrx_word' id='word_1_800' title='bbox 3101 2982 3152 3035; x_wconf 90' lang='lat' dir='ltr'><strong>in</strong></span> <span class='ocrx_word' id='word_1_801' title='bbox 3197 2997 3348 3051; x_wconf 87' lang='lat' dir='ltr'><strong>regno</strong></span> <span class='ocrx_word' id='word_1_802' title='bbox 3374 2980 3548 3036; x_wconf 86' lang='lat' dir='ltr'><strong>Patris</strong></span> 
     </span>
    </p>
   </div>
   <div class='ocr_carea' id='block_1_91' title="bbox 1965 3064 3546 3143">
    <p class='ocr_par' dir='ltr' id='par_1_91' title="bbox 1965 3064 3546 3143">
     <span class='ocr_line' id='line_1_92' title="bbox 1965 3064 3546 3143; baseline 0.001 -19"><span class='ocrx_word' id='word_1_803' title='bbox 1965 3071 2046 3124; x_wconf 88' lang='lat' dir='ltr'><strong>sui</strong></span> <span class='ocrx_word' id='word_1_804' title='bbox 2072 3069 2285 3141; x_wconf 81' lang='lat' dir='ltr'><strong>(Matth.</strong></span> <span class='ocrx_word' id='word_1_805' title='bbox 2332 3086 2422 3126; x_wconf 75' lang='lat' dir='ltr'><strong>stu</strong></span> <span class='ocrx_word' id='word_1_806' title='bbox 2443 3113 2458 3139; x_wconf 90' lang='lat'><strong>,</strong></span> <span class='ocrx_word' id='word_1_807' title='bbox 2484 3071 2700 3143; x_wconf 65' lang='lat'><strong>89-45).</strong></span> <span class='ocrx_word' id='word_1_808' title='bbox 2730 3064 2785 3128; x_wconf 89' lang='lat' dir='ltr'><strong>lu</strong></span> <span class='ocrx_word' id='word_1_809' title='bbox 2815 3087 2921 3143; x_wconf 90' lang='lat' dir='ltr'><strong>quo</strong></span> <span class='ocrx_word' id='word_1_810' title='bbox 2947 3073 3152 3142; x_wconf 82' lang='lat' dir='ltr'><strong>regno?</strong></span> <span class='ocrx_word' id='word_1_811' title='bbox 3183 3073 3368 3129; x_wconf 87' lang='lat' dir='ltr'><strong>Videte</strong></span> <span class='ocrx_word' id='word_1_812' title='bbox 3393 3073 3438 3128; x_wconf 92' lang='lat' dir='ltr'><strong>si</strong></span> <span class='ocrx_word' id='word_1_813' title='bbox 3467 3073 3546 3126; x_wconf 88' lang='lat' dir='ltr'><strong>vi-</strong></span> 
     </span>
    </p>
   </div>
   <div class='ocr_carea' id='block_1_92' title="bbox 1966 3161 3550 3235">
    <p class='ocr_par' dir='ltr' id='par_1_92' title="bbox 1966 3161 3550 3235">
     <span class='ocr_line' id='line_1_93' title="bbox 1966 3161 3550 3235; baseline -0.001 -17"><span class='ocrx_word' id='word_1_814' title='bbox 1966 3163 2047 3218; x_wconf 89' lang='lat' dir='ltr'><strong>sio</strong></span> <span class='ocrx_word' id='word_1_815' title='bbox 2072 3162 2315 3234; x_wconf 73' lang='lat' dir='ltr'><strong>qumdam</strong></span> <span class='ocrx_word' id='word_1_816' title='bbox 2343 3173 2583 3219; x_wconf 85' lang='lat' dir='ltr'><strong>servatur</strong></span> <span class='ocrx_word' id='word_1_817' title='bbox 2603 3203 2620 3229; x_wconf 90' lang='lat'><strong>,</strong></span> <span class='ocrx_word' id='word_1_818' title='bbox 2653 3163 2722 3219; x_wconf 85' lang='lat' dir='ltr'><strong>de</strong></span> <span class='ocrx_word' id='word_1_819' title='bbox 2763 3179 2864 3235; x_wconf 89' lang='lat' dir='ltr'><strong>qua</strong></span> <span class='ocrx_word' id='word_1_820' title='bbox 2891 3165 3043 3218; x_wconf 85' lang='lat' dir='ltr'><strong>nobis</strong></span> <span class='ocrx_word' id='word_1_821' title='bbox 3067 3165 3263 3219; x_wconf 88' lang='lat' dir='ltr'><strong>dictum</strong></span> <span class='ocrx_word' id='word_1_822' title='bbox 3291 3173 3372 3220; x_wconf 93' lang='lat' dir='ltr'><strong>est</strong></span> <span class='ocrx_word' id='word_1_823' title='bbox 3397 3205 3411 3229; x_wconf 90' lang='lat'><strong>,</strong></span> <span class='ocrx_word' id='word_1_824' title='bbox 3443 3161 3550 3218; x_wconf 75' lang='lat' dir='ltr'><strong>Te-</strong></span> 
     </span>
    </p>
   </div>
   <div class='ocr_carea' id='block_1_93' title="bbox 1966 3253 3544 3325">
    <p class='ocr_par' dir='ltr' id='par_1_93' title="bbox 1966 3253 3544 3325">
     <span class='ocr_line' id='line_1_94' title="bbox 1966 3253 3544 3325; baseline 0 -17"><span class='ocrx_word' id='word_1_825' title='bbox 1966 3271 2081 3308; x_wconf 90' lang='lat' dir='ltr'><strong>cum</strong></span> <span class='ocrx_word' id='word_1_826' title='bbox 2109 3253 2432 3325; x_wconf 84' lang='lat' dir='ltr'><strong>principium.</strong></span> <span class='ocrx_word' id='word_1_827' title='bbox 2463 3254 2518 3308; x_wconf 87' lang='lat' dir='ltr'><strong>In</strong></span> <span class='ocrx_word' id='word_1_828' title='bbox 2545 3269 2652 3324; x_wconf 90' lang='lat' dir='ltr'><strong>quo</strong></span> <span class='ocrx_word' id='word_1_829' title='bbox 2682 3255 2879 3324; x_wconf 80' lang='lat' dir='ltr'><strong>regno?</strong></span> <span class='ocrx_word' id='word_1_830' title='bbox 2902 3253 3093 3325; x_wconf 90' lang='lat' dir='ltr'><strong>Utique</strong></span> <span class='ocrx_word' id='word_1_831' title='bbox 3119 3254 3172 3309; x_wconf 89' lang='lat' dir='ltr'><strong>in</strong></span> <span class='ocrx_word' id='word_1_832' title='bbox 3192 3256 3294 3308; x_wconf 86' lang='lat' dir='ltr'><strong>vita</strong></span> <span class='ocrx_word' id='word_1_833' title='bbox 3322 3264 3544 3310; x_wconf 80' lang='lat' dir='ltr'><strong>aeterna.</strong></span> 
     </span>
    </p>
   </div>
   <div class='ocr_carea' id='block_1_94' title="bbox 1965 3343 3546 3415">
    <p class='ocr_par' dir='ltr' id='par_1_94' title="bbox 1965 3343 3546 3415">
     <span class='ocr_line' id='line_1_95' title="bbox 1965 3343 3546 3415; baseline 0.001 -16"><span class='ocrx_word' id='word_1_834' title='bbox 1965 3343 2097 3399; x_wconf 87' lang='lat' dir='ltr'><strong>Nam</strong></span> <span class='ocrx_word' id='word_1_835' title='bbox 2124 3345 2192 3400; x_wconf 91' lang='lat' dir='ltr'><strong>ad</strong></span> <span class='ocrx_word' id='word_1_836' title='bbox 2228 3344 2502 3400; x_wconf 77' lang='lat' dir='ltr'><strong>dexteram</strong></span> <span class='ocrx_word' id='word_1_837' title='bbox 2533 3345 2717 3415; x_wconf 89' lang='lat' dir='ltr'><strong>positis</strong></span> <span class='ocrx_word' id='word_1_838' title='bbox 2756 3345 2858 3400; x_wconf 87' lang='lat' dir='ltr'><strong>hoc</strong></span> <span class='ocrx_word' id='word_1_839' title='bbox 2885 3346 3123 3401; x_wconf 90' lang='lat' dir='ltr'><strong>dicturus</strong></span> <span class='ocrx_word' id='word_1_840' title='bbox 3166 3355 3246 3401; x_wconf 87' lang='lat' dir='ltr'><strong>est</strong></span> <span class='ocrx_word' id='word_1_841' title='bbox 3279 3364 3292 3400; x_wconf 92' lang='lat'><strong>:</strong></span> <span class='ocrx_word' id='word_1_842' title='bbox 3334 3345 3508 3400; x_wconf 87' lang='lat' dir='ltr'><strong>Venite</strong></span> <span class='ocrx_word' id='word_1_843' title='bbox 3529 3387 3546 3412; x_wconf 92' lang='lat'><strong>,</strong></span> 
     </span>
    </p>
   </div>
   <div class='ocr_carea' id='block_1_95' title="bbox 1968 3435 3549 3508">
    <p class='ocr_par' dir='ltr' id='par_1_95' title="bbox 1968 3435 3549 3508">
     <span class='ocr_line' id='line_1_96' title="bbox 1968 3435 3549 3508; baseline -0.001 -18"><span class='ocrx_word' id='word_1_844' title='bbox 1968 3435 2208 3490; x_wconf 81' lang='lat' dir='ltr'><strong>benedicti</strong></span> <span class='ocrx_word' id='word_1_845' title='bbox 2237 3435 2412 3490; x_wconf 89' lang='lat' dir='ltr'><strong>Patris</strong></span> <span class='ocrx_word' id='word_1_846' title='bbox 2443 3437 2578 3501; x_wconf 85' lang='lat' dir='ltr'><strong>mei,</strong></span> <span class='ocrx_word' id='word_1_847' title='bbox 2606 3436 2845 3506; x_wconf 87' lang='lat' dir='ltr'><strong>percipite</strong></span> <span class='ocrx_word' id='word_1_848' title='bbox 2884 3453 3092 3508; x_wconf 85' lang='lat' dir='ltr'><strong>regnum</strong></span> <span class='ocrx_word' id='word_1_849' title='bbox 3119 3435 3253 3506; x_wconf 83' lang='lat' dir='ltr'><strong>quod</strong></span> <span class='ocrx_word' id='word_1_850' title='bbox 3292 3437 3427 3491; x_wconf 84' lang='lat' dir='ltr'><strong>vobis</strong></span> <span class='ocrx_word' id='word_1_851' title='bbox 3454 3453 3549 3506; x_wconf 83' lang='lat' dir='ltr'><strong>pa-</strong></span> 
     </span>
    </p>
   </div>
   <div class='ocr_carea' id='block_1_96' title="bbox 1967 3526 3551 3594">
    <p class='ocr_par' dir='ltr' id='par_1_96' title="bbox 1967 3526 3551 3594">
     <span class='ocr_line' id='line_1_97' title="bbox 1967 3526 3551 3594; baseline 0.002 -16"><span class='ocrx_word' id='word_1_852' title='bbox 1967 3535 2132 3580; x_wconf 88' lang='lat' dir='ltr'><strong>ratum</strong></span> <span class='ocrx_word' id='word_1_853' title='bbox 2159 3535 2231 3581; x_wconf 86' lang='lat' dir='ltr'><strong>est</strong></span> <span class='ocrx_word' id='word_1_854' title='bbox 2250 3527 2313 3581; x_wconf 90' lang='lat' dir='ltr'><strong>ab</strong></span> <span class='ocrx_word' id='word_1_855' title='bbox 2341 3527 2482 3581; x_wconf 89' lang='lat' dir='ltr'><strong>initio</strong></span> <span class='ocrx_word' id='word_1_856' title='bbox 2513 3527 2706 3581; x_wconf 89' lang='lat' dir='ltr'><strong>mundi.</strong></span> <span class='ocrx_word' id='word_1_857' title='bbox 2733 3526 2930 3582; x_wconf 86' lang='lat' dir='ltr'><strong>Deinde</strong></span> <span class='ocrx_word' id='word_1_858' title='bbox 2955 3526 3218 3582; x_wconf 84' lang='lat' dir='ltr'><strong>damnatis</strong></span> <span class='ocrx_word' id='word_1_859' title='bbox 3249 3526 3442 3594; x_wconf 86' lang='lat' dir='ltr'><strong>impiis,</strong></span> <span class='ocrx_word' id='word_1_860' title='bbox 3466 3541 3551 3581; x_wconf 87' lang='lat' dir='ltr'><strong>se-</strong></span> 
     </span>
    </p>
   </div>
   <div class='ocr_carea' id='block_1_97' title="bbox 1967 3615 3548 3687">
    <p class='ocr_par' dir='ltr' id='par_1_97' title="bbox 1967 3615 3548 3687">
     <span class='ocr_line' id='line_1_98' title="bbox 1967 3615 3548 3687; baseline 0 -17"><span class='ocrx_word' id='word_1_861' title='bbox 1967 3616 2196 3687; x_wconf 79' lang='lat' dir='ltr'><strong>gregatis</strong></span> <span class='ocrx_word' id='word_1_862' title='bbox 2216 3615 2375 3687; x_wconf 86' lang='lat' dir='ltr'><strong>justis</strong></span> <span class='ocrx_word' id='word_1_863' title='bbox 2404 3625 2562 3686; x_wconf 89' lang='lat' dir='ltr'><strong>atque</strong></span> <span class='ocrx_word' id='word_1_864' title='bbox 2586 3617 2808 3672; x_wconf 82' lang='lat' dir='ltr'><strong>laudatis</strong></span> <span class='ocrx_word' id='word_1_865' title='bbox 2832 3657 2847 3684; x_wconf 92' lang='lat'><strong>,</strong></span> <span class='ocrx_word' id='word_1_866' title='bbox 2878 3617 3002 3686; x_wconf 89' lang='lat' dir='ltr'><strong>qttid</strong></span> <span class='ocrx_word' id='word_1_867' title='bbox 3032 3617 3269 3686; x_wconf 87' lang='lat' dir='ltr'><strong>sequitur</strong></span> <span class='ocrx_word' id='word_1_868' title='bbox 3295 3617 3435 3686; x_wconf 92' lang='lat' dir='ltr'><strong>quod</strong></span> <span class='ocrx_word' id='word_1_869' title='bbox 3461 3615 3548 3670; x_wconf 47' lang='lat' dir='ltr'><strong>dia</strong></span> 
     </span>
    </p>
   </div>
   <div class='ocr_carea' id='block_1_98' title="bbox 1969 3705 3554 3777">
    <p class='ocr_par' dir='ltr' id='par_1_98' title="bbox 1969 3705 3554 3777">
     <span class='ocr_line' id='line_1_99' title="bbox 1969 3705 3554 3777; baseline -0.002 -16"><span class='ocrx_word' id='word_1_870' title='bbox 1969 3716 2136 3772; x_wconf 83' lang='lat' dir='ltr'><strong>xerat,</strong></span> <span class='ocrx_word' id='word_1_871' title='bbox 2160 3706 2415 3777; x_wconf 86' lang='lat' dir='ltr'><strong>Percipite</strong></span> <span class='ocrx_word' id='word_1_872' title='bbox 2440 3708 2682 3776; x_wconf 80' lang='lat' dir='ltr'><strong>regnum?</strong></span> <span class='ocrx_word' id='word_1_873' title='bbox 2702 3706 2844 3760; x_wconf 87' lang='lat' dir='ltr'><strong>Tunc</strong></span> <span class='ocrx_word' id='word_1_874' title='bbox 2873 3707 3011 3760; x_wconf 89' lang='lat' dir='ltr'><strong>ibunt</strong></span> <span class='ocrx_word' id='word_1_875' title='bbox 3036 3707 3177 3776; x_wconf 86' lang='lat' dir='ltr'><strong>impii</strong></span> <span class='ocrx_word' id='word_1_876' title='bbox 3204 3707 3256 3759; x_wconf 90' lang='lat' dir='ltr'><strong>in</strong></span> <span class='ocrx_word' id='word_1_877' title='bbox 3281 3705 3554 3760; x_wconf 79' lang='lat' dir='ltr'><strong>ambustio-</strong></span> 
     </span>
    </p>
   </div>
   <div class='ocr_carea' id='block_1_99' title="bbox 1971 3795 3546 3867">
    <p class='ocr_par' dir='ltr' id='par_1_99' title="bbox 1971 3795 3546 3867">
     <span class='ocr_line' id='line_1_100' title="bbox 1971 3795 3546 3867; baseline -0.001 -17"><span class='ocrx_word' id='word_1_878' title='bbox 1971 3814 2082 3850; x_wconf 85' lang='lat' dir='ltr'><strong>nem</strong></span> <span class='ocrx_word' id='word_1_879' title='bbox 2113 3805 2351 3850; x_wconf 69' lang='lat' dir='ltr'><strong>mter-nam</strong></span> <span class='ocrx_word' id='word_1_880' title='bbox 2373 3839 2388 3863; x_wconf 93' lang='lat'><strong>,</strong></span> <span class='ocrx_word' id='word_1_881' title='bbox 2405 3798 2535 3867; x_wconf 88' lang='lat' dir='ltr'><strong>justi</strong></span> <span class='ocrx_word' id='word_1_882' title='bbox 2560 3806 2725 3850; x_wconf 88' lang='lat' dir='ltr'><strong>autem</strong></span> <span class='ocrx_word' id='word_1_883' title='bbox 2747 3797 2802 3851; x_wconf 91' lang='lat' dir='ltr'><strong>in</strong></span> <span class='ocrx_word' id='word_1_884' title='bbox 2828 3798 2978 3850; x_wconf 89' lang='lat' dir='ltr'><strong>vitam</strong></span> <span class='ocrx_word' id='word_1_885' title='bbox 3004 3805 3242 3851; x_wconf 71' lang='lat' dir='ltr'><strong>azternam</strong></span> <span class='ocrx_word' id='word_1_886' title='bbox 3267 3795 3375 3867; x_wconf 83' lang='lat' dir='ltr'><strong>(I‘d.</strong></span> <span class='ocrx_word' id='word_1_887' title='bbox 3403 3813 3507 3850; x_wconf 77' lang='lat' dir='ltr'><strong>xxv</strong></span> <span class='ocrx_word' id='word_1_888' title='bbox 3529 3838 3546 3865; x_wconf 77' lang='lat'><strong>,</strong></span> 
     </span>
    </p>
   </div>
   <div class='ocr_carea' id='block_1_100' title="bbox 1971 3887 3551 3960">
    <p class='ocr_par' dir='ltr' id='par_1_100' title="bbox 1971 3887 3551 3960">
     <span class='ocr_line' id='line_1_101' title="bbox 1971 3887 3551 3960; baseline -0.001 -15"><span class='ocrx_word' id='word_1_889' title='bbox 1971 3891 2040 3946; x_wconf 70' lang='grc' dir='ltr'><strong>’δι</strong></span> <span class='ocrx_word' id='word_1_890' title='bbox 2059 3932 2074 3954; x_wconf 83' lang='grc'>,</span> <span class='ocrx_word' id='word_1_891' title='bbox 2103 3887 2216 3959; x_wconf 69' lang='grc'><strong>46).</strong></span> <span class='ocrx_word' id='word_1_892' title='bbox 2245 3889 2395 3956; x_wconf 89' lang='lat' dir='ltr'><strong>Quod</strong></span> <span class='ocrx_word' id='word_1_893' title='bbox 2435 3889 2641 3945; x_wconf 83' lang='lat' dir='ltr'><strong>dixerat</strong></span> <span class='ocrx_word' id='word_1_894' title='bbox 2664 3906 2874 3960; x_wconf 87' lang='lat' dir='ltr'><strong>regnum</strong></span> <span class='ocrx_word' id='word_1_895' title='bbox 2897 3931 2913 3958; x_wconf 89' lang='lat'><strong>,</strong></span> <span class='ocrx_word' id='word_1_896' title='bbox 2948 3889 3048 3944; x_wconf 90' lang='lat' dir='ltr'><strong>hoc</strong></span> <span class='ocrx_word' id='word_1_897' title='bbox 3070 3889 3204 3945; x_wconf 79' lang='lat' dir='ltr'><strong>dixit</strong></span> <span class='ocrx_word' id='word_1_898' title='bbox 3229 3890 3378 3943; x_wconf 87' lang='lat' dir='ltr'><strong>vitam</strong></span> <span class='ocrx_word' id='word_1_899' title='bbox 3402 3898 3551 3944; x_wconf 70' lang='grc' dir='ltr'><strong>αἰεν-</strong></span> 
     </span>
    </p>
   </div>
   <div class='ocr_carea' id='block_1_101' title="bbox 1972 3980 3553 4052">
    <p class='ocr_par' dir='ltr' id='par_1_101' title="bbox 1972 3980 3553 4052">
     <span class='ocr_line' id='line_1_102' title="bbox 1972 3980 3553 4052; baseline 0.001 -18"><span class='ocrx_word' id='word_1_900' title='bbox 1972 3997 2109 4046; x_wconf 82' lang='lat' dir='ltr'><strong>nam,</strong></span> <span class='ocrx_word' id='word_1_901' title='bbox 2129 3998 2234 4051; x_wconf 89' lang='lat' dir='ltr'><strong>quo</strong></span> <span class='ocrx_word' id='word_1_902' title='bbox 2262 3997 2365 4036; x_wconf 91' lang='lat' dir='ltr'><strong>non</strong></span> <span class='ocrx_word' id='word_1_903' title='bbox 2398 3981 2547 4035; x_wconf 88' lang='lat' dir='ltr'><strong>ibunt</strong></span> <span class='ocrx_word' id='word_1_904' title='bbox 2575 3981 2740 4050; x_wconf 83' lang='lat' dir='ltr'><strong>impii.</strong></span> <span class='ocrx_word' id='word_1_905' title='bbox 2762 3980 2949 4036; x_wconf 87' lang='lat' dir='ltr'><strong>Videte</strong></span> <span class='ocrx_word' id='word_1_906' title='bbox 2977 3981 3021 4035; x_wconf 91' lang='lat' dir='ltr'><strong>si</strong></span> <span class='ocrx_word' id='word_1_907' title='bbox 3049 3980 3288 4052; x_wconf 79' lang='lat' dir='ltr'><strong>qutedam</strong></span> <span class='ocrx_word' id='word_1_908' title='bbox 3313 3981 3449 4036; x_wconf 87' lang='lat' dir='ltr'><strong>visio</strong></span> <span class='ocrx_word' id='word_1_909' title='bbox 3471 3991 3553 4035; x_wconf 87' lang='lat' dir='ltr'><strong>est</strong></span> 
     </span>
    </p>
   </div>
   <div class='ocr_carea' id='block_1_102' title="bbox 1973 4070 3554 4140">
    <p class='ocr_par' dir='ltr' id='par_1_102' title="bbox 1973 4070 3554 4140">
     <span class='ocr_line' id='line_1_103' title="bbox 1973 4070 3554 4140; baseline 0.001 -16"><span class='ocrx_word' id='word_1_910' title='bbox 1973 4071 2078 4124; x_wconf 89' lang='lat' dir='ltr'><strong>vita</strong></span> <span class='ocrx_word' id='word_1_911' title='bbox 2104 4079 2301 4126; x_wconf 75' lang='lat' dir='ltr'><strong>mterna</strong></span> <span class='ocrx_word' id='word_1_912' title='bbox 2321 4090 2335 4124; x_wconf 90' lang='lat'><strong><em>:</em></strong></span> <span class='ocrx_word' id='word_1_913' title='bbox 2357 4070 2481 4125; x_wconf 68' lang='lat' dir='ltr'><strong>Herc</strong></span> <span class='ocrx_word' id='word_1_914' title='bbox 2500 4079 2571 4126; x_wconf 89' lang='lat' dir='ltr'><strong>est</strong></span> <span class='ocrx_word' id='word_1_915' title='bbox 2597 4080 2763 4124; x_wconf 90' lang='lat' dir='ltr'><strong>autem</strong></span> <span class='ocrx_word' id='word_1_916' title='bbox 2777 4071 2878 4124; x_wconf 89' lang='lat' dir='ltr'><strong>vita</strong></span> <span class='ocrx_word' id='word_1_917' title='bbox 2893 4079 3102 4137; x_wconf 65' lang='lat' dir='ltr'><strong>(eterna,</strong></span> <span class='ocrx_word' id='word_1_918' title='bbox 3123 4079 3176 4123; x_wconf 90' lang='lat' dir='ltr'><strong>ut</strong></span> <span class='ocrx_word' id='word_1_919' title='bbox 3191 4080 3490 4140; x_wconf 87' lang='lat' dir='ltr'><strong>cognoscant</strong></span> <span class='ocrx_word' id='word_1_920' title='bbox 3509 4081 3554 4125; x_wconf 82' lang='lat' dir='ltr'><strong>te</strong></span> 
     </span>
    </p>
   </div>
   <div class='ocr_carea' id='block_1_103' title="bbox 1973 4160 3562 4230">
    <p class='ocr_par' dir='ltr' id='par_1_103' title="bbox 1973 4160 3562 4230">
     <span class='ocr_line' id='line_1_104' title="bbox 1973 4160 3562 4230; baseline -0.001 -15"><span class='ocrx_word' id='word_1_921' title='bbox 1973 4162 2136 4216; x_wconf 88' lang='lat' dir='ltr'><strong>solum</strong></span> <span class='ocrx_word' id='word_1_922' title='bbox 2173 4178 2340 4216; x_wconf 88' lang='lat' dir='ltr'><strong>verum</strong></span> <span class='ocrx_word' id='word_1_923' title='bbox 2379 4160 2541 4216; x_wconf 89' lang='lat' dir='ltr'><strong>Deum</strong></span> <span class='ocrx_word' id='word_1_924' title='bbox 2565 4201 2582 4228; x_wconf 89' lang='lat'><strong>,</strong></span> <span class='ocrx_word' id='word_1_925' title='bbox 2616 4169 2662 4216; x_wconf 82' lang='lat' dir='ltr'><strong>et</strong></span> <span class='ocrx_word' id='word_1_926' title='bbox 2697 4177 2842 4230; x_wconf 87' lang='lat' dir='ltr'><strong>quem</strong></span> <span class='ocrx_word' id='word_1_927' title='bbox 2880 4161 3058 4214; x_wconf 86' lang='lat' dir='ltr'><strong>misisti</strong></span> <span class='ocrx_word' id='word_1_928' title='bbox 3093 4160 3270 4214; x_wconf 85' lang='lat' dir='ltr'><strong>Jesum</strong></span> <span class='ocrx_word' id='word_1_929' title='bbox 3303 4161 3562 4215; x_wconf 83' lang='lat' dir='ltr'><strong>Christum.</strong></span> 
     </span>
    </p>
   </div>
   <div class='ocr_carea' id='block_1_104' title="bbox 1975 4250 3550 4323">
    <p class='ocr_par' dir='ltr' id='par_1_104' title="bbox 1975 4250 3550 4323">
     <span class='ocr_line' id='line_1_105' title="bbox 1975 4250 3550 4323; baseline 0.001 -19"><span class='ocrx_word' id='word_1_930' title='bbox 1975 4250 2152 4321; x_wconf 79' lang='lat' dir='ltr'><strong>(Joan.</strong></span> <span class='ocrx_word' id='word_1_931' title='bbox 2172 4268 2298 4319; x_wconf 81' lang='lat' dir='ltr'><strong>xvu,</strong></span> <span class='ocrx_word' id='word_1_932' title='bbox 2317 4252 2371 4323; x_wconf 81' lang='lat'><strong>&#39;5)</strong></span> <span class='ocrx_word' id='word_1_933' title='bbox 2387 4269 2400 4316; x_wconf 90' lang='lat'><strong>;</strong></span> <span class='ocrx_word' id='word_1_934' title='bbox 2419 4251 2540 4322; x_wconf 85' lang='lat' dir='ltr'><strong>quia</strong></span> <span class='ocrx_word' id='word_1_935' title='bbox 2560 4261 2719 4306; x_wconf 88' lang='lat' dir='ltr'><strong>tecum</strong></span> <span class='ocrx_word' id='word_1_936' title='bbox 2737 4252 3037 4322; x_wconf 86' lang='lat' dir='ltr'><strong>principium</strong></span> <span class='ocrx_word' id='word_1_937' title='bbox 3054 4253 3104 4306; x_wconf 91' lang='lat' dir='ltr'><strong>in</strong></span> <span class='ocrx_word' id='word_1_938' title='bbox 3133 4253 3213 4306; x_wconf 81' lang='lat' dir='ltr'><strong>die</strong></span> <span class='ocrx_word' id='word_1_939' title='bbox 3226 4252 3416 4306; x_wconf 90' lang='lat' dir='ltr'><strong>virtutis</strong></span> <span class='ocrx_word' id='word_1_940' title='bbox 3433 4262 3550 4306; x_wconf 63' lang='lat' dir='ltr'><strong>tuae:</strong></span> 
     </span>
    </p>
   </div>
   <div class='ocr_carea' id='block_1_105' title="bbox 1977 4341 3556 4414">
    <p class='ocr_par' dir='ltr' id='par_1_105' title="bbox 1977 4341 3556 4414">
     <span class='ocr_line' id='line_1_106' title="bbox 1977 4341 3556 4414; baseline 0.003 -19"><span class='ocrx_word' id='word_1_941' title='bbox 1977 4342 2133 4413; x_wconf 77' lang='lat' dir='ltr'><strong>Ergo,</strong></span> <span class='ocrx_word' id='word_1_942' title='bbox 2153 4341 2340 4396; x_wconf 88' lang='lat' dir='ltr'><strong>Tecum</strong></span> <span class='ocrx_word' id='word_1_943' title='bbox 2365 4342 2670 4414; x_wconf 86' lang='lat' dir='ltr'><strong>principium</strong></span> <span class='ocrx_word' id='word_1_944' title='bbox 2691 4344 2742 4397; x_wconf 89' lang='lat' dir='ltr'><strong>in</strong></span> <span class='ocrx_word' id='word_1_945' title='bbox 2763 4343 2843 4397; x_wconf 88' lang='lat' dir='ltr'><strong>die</strong></span> <span class='ocrx_word' id='word_1_946' title='bbox 2863 4343 3193 4408; x_wconf 77' lang='lat' dir='ltr'><strong>virtutis-tute,</strong></span> <span class='ocrx_word' id='word_1_947' title='bbox 3213 4344 3264 4397; x_wconf 89' lang='lat' dir='ltr'><strong>in</strong></span> <span class='ocrx_word' id='word_1_948' title='bbox 3289 4343 3556 4413; x_wconf 85' lang='lat' dir='ltr'><strong>splendore</strong></span> 
     </span>
    </p>
   </div>
   <div class='ocr_carea' id='block_1_106' title="bbox 1972 4443 2277 4488">
    <p class='ocr_par' dir='ltr' id='par_1_106' title="bbox 1972 4443 2277 4488">
     <span class='ocr_line' id='line_1_107' title="bbox 1972 4443 2277 4488; baseline -0.003 -1"><span class='ocrx_word' id='word_1_949' title='bbox 1972 4443 2277 4488; x_wconf 85' lang='lat' dir='ltr'><strong>sanctorum.</strong></span> 
     </span>
    </p>
   </div>
   <div class='ocr_carea' id='block_1_107' title="bbox 2051 4525 3556 4598">
    <p class='ocr_par' dir='ltr' id='par_1_107' title="bbox 2051 4525 3556 4598">
     <span class='ocr_line' id='line_1_108' title="bbox 2051 4525 3556 4598; baseline 0.002 -18"><span class='ocrx_word' id='word_1_950' title='bbox 2051 4526 2132 4581; x_wconf 84' lang='grc'><strong>16.</strong></span> <span class='ocrx_word' id='word_1_951' title='bbox 2165 4525 2269 4581; x_wconf 91' lang='lat' dir='ltr'><strong>Sed</strong></span> <span class='ocrx_word' id='word_1_952' title='bbox 2315 4525 2414 4581; x_wconf 91' lang='lat' dir='ltr'><strong>hoc</strong></span> <span class='ocrx_word' id='word_1_953' title='bbox 2442 4525 2720 4592; x_wconf 76' lang='lat' dir='ltr'><strong>differtur,</strong></span> <span class='ocrx_word' id='word_1_954' title='bbox 2766 4526 2868 4582; x_wconf 92' lang='lat' dir='ltr'><strong>hoc</strong></span> <span class='ocrx_word' id='word_1_955' title='bbox 2913 4535 3096 4598; x_wconf 84' lang='lat' dir='ltr'><strong>postea</strong></span> <span class='ocrx_word' id='word_1_956' title='bbox 3143 4526 3398 4582; x_wconf 78' lang='lat' dir='ltr'><strong>dabitur:</strong></span> <span class='ocrx_word' id='word_1_957' title='bbox 3432 4528 3556 4598; x_wconf 88' lang='lat' dir='ltr'><strong>quid</strong></span> 
     </span>
    </p>
   </div>
   <div class='ocr_carea' id='block_1_108' title="bbox 1976 4617 3558 4690">
    <p class='ocr_par' dir='ltr' id='par_1_108' title="bbox 1976 4617 3558 4690">
     <span class='ocr_line' id='line_1_109' title="bbox 1976 4617 3558 4690; baseline 0.001 -18"><span class='ocrx_word' id='word_1_958' title='bbox 1976 4619 2158 4672; x_wconf 86' lang='lat' dir='ltr'><strong>nunc?</strong></span> <span class='ocrx_word' id='word_1_959' title='bbox 2194 4617 2273 4672; x_wconf 77' lang='lat' dir='ltr'><strong>Ea:</strong></span> <span class='ocrx_word' id='word_1_960' title='bbox 2299 4629 2438 4673; x_wconf 87' lang='lat' dir='ltr'><strong>utero</strong></span> <span class='ocrx_word' id='word_1_961' title='bbox 2477 4629 2592 4674; x_wconf 88' lang='lat' dir='ltr'><strong>ante</strong></span> <span class='ocrx_word' id='word_1_962' title='bbox 2619 4619 2877 4688; x_wconf 74' lang='lat' dir='ltr'><strong>luciferum</strong></span> <span class='ocrx_word' id='word_1_963' title='bbox 2899 4621 3048 4690; x_wconf 85' lang='lat' dir='ltr'><strong>genui</strong></span> <span class='ocrx_word' id='word_1_964' title='bbox 3074 4629 3139 4674; x_wconf 90' lang='lat' dir='ltr'><strong>te.</strong></span> <span class='ocrx_word' id='word_1_965' title='bbox 3179 4619 3315 4685; x_wconf 89' lang='lat' dir='ltr'><strong>Quid</strong></span> <span class='ocrx_word' id='word_1_966' title='bbox 3345 4619 3428 4674; x_wconf 85' lang='lat' dir='ltr'><strong>hic</strong></span> <span class='ocrx_word' id='word_1_967' title='bbox 3453 4661 3467 4684; x_wconf 91' lang='lat'><strong>,</strong></span> <span class='ocrx_word' id='word_1_968' title='bbox 3499 4620 3558 4676; x_wconf 92' lang='lat' dir='ltr'><strong>Si</strong></span> 
     </span>
    </p>
   </div>
   <div class='ocr_carea' id='block_1_109' title="bbox 1980 4707 3559 4777">
    <p class='ocr_par' dir='ltr' id='par_1_109' title="bbox 1980 4707 3559 4777">
     <span class='ocr_line' id='line_1_110' title="bbox 1980 4707 3559 4777; baseline -0.001 -15"><span class='ocrx_word' id='word_1_969' title='bbox 1980 4709 2120 4763; x_wconf 89' lang='lat' dir='ltr'><strong>Deus</strong></span> <span class='ocrx_word' id='word_1_970' title='bbox 2147 4709 2336 4762; x_wconf 90' lang='lat' dir='ltr'><strong>Filium</strong></span> <span class='ocrx_word' id='word_1_971' title='bbox 2363 4708 2557 4774; x_wconf 89' lang='lat' dir='ltr'><strong>habet,</strong></span> <span class='ocrx_word' id='word_1_972' title='bbox 2591 4707 2924 4777; x_wconf 81' lang='lat' dir='ltr'><strong>numquid&#39;et</strong></span> <span class='ocrx_word' id='word_1_973' title='bbox 2966 4710 3219 4764; x_wconf 87' lang='lat' dir='ltr'><strong>uterum?</strong></span> <span class='ocrx_word' id='word_1_974' title='bbox 3246 4708 3396 4764; x_wconf 76' lang='lat' dir='ltr'><strong>Sicut</strong></span> <span class='ocrx_word' id='word_1_975' title='bbox 3437 4723 3559 4762; x_wconf 74' lang='lat' dir='ltr'><strong>car~</strong></span> 
     </span>
    </p>
   </div>
   <div class='ocr_carea' id='block_1_110' title="bbox 1976 4798 3562 4869">
    <p class='ocr_par' dir='ltr' id='par_1_110' title="bbox 1976 4798 3562 4869">
     <span class='ocr_line' id='line_1_111' title="bbox 1976 4798 3562 4869; baseline 0.001 -17"><span class='ocrx_word' id='word_1_976' title='bbox 1976 4799 2061 4854; x_wconf 90' lang='lat' dir='ltr'><strong>nis</strong></span> <span class='ocrx_word' id='word_1_977' title='bbox 2085 4815 2306 4869; x_wconf 86' lang='lat' dir='ltr'><strong>corpora</strong></span> <span class='ocrx_word' id='word_1_978' title='bbox 2334 4841 2348 4866; x_wconf 92' lang='lat'><strong>,</strong></span> <span class='ocrx_word' id='word_1_979' title='bbox 2380 4814 2482 4854; x_wconf 90' lang='lat' dir='ltr'><strong>non</strong></span> <span class='ocrx_word' id='word_1_980' title='bbox 2511 4798 2669 4854; x_wconf 88' lang='lat' dir='ltr'><strong>habet</strong></span> <span class='ocrx_word' id='word_1_981' title='bbox 2702 4815 2714 4850; x_wconf 92' lang='lat'><strong>:</strong></span> <span class='ocrx_word' id='word_1_982' title='bbox 2747 4799 2868 4868; x_wconf 90' lang='lat' dir='ltr'><strong>quia</strong></span> <span class='ocrx_word' id='word_1_983' title='bbox 2896 4813 2995 4854; x_wconf 91' lang='lat' dir='ltr'><strong>nec</strong></span> <span class='ocrx_word' id='word_1_984' title='bbox 3013 4800 3188 4854; x_wconf 92' lang='lat' dir='ltr'><strong>sinum</strong></span> <span class='ocrx_word' id='word_1_985' title='bbox 3213 4816 3227 4864; x_wconf 93' lang='lat'><strong>;</strong></span> <span class='ocrx_word' id='word_1_986' title='bbox 3254 4799 3452 4853; x_wconf 90' lang='lat' dir='ltr'><strong>dictum</strong></span> <span class='ocrx_word' id='word_1_987' title='bbox 3478 4808 3562 4854; x_wconf 79' lang='lat' dir='ltr'><strong>est</strong></span> 
     </span>
    </p>
   </div>
   <div class='ocr_carea' id='block_1_111' title="bbox 1979 4887 3558 4961">
    <p class='ocr_par' dir='ltr' id='par_1_111' title="bbox 1979 4887 3558 4961">
     <span class='ocr_line' id='line_1_112' title="bbox 1979 4887 3558 4961; baseline 0 -17"><span class='ocrx_word' id='word_1_988' title='bbox 1979 4898 2151 4944; x_wconf 83' lang='lat' dir='ltr'><strong>tamen</strong></span> <span class='ocrx_word' id='word_1_989' title='bbox 2178 4932 2192 4956; x_wconf 92' lang='lat'><strong>,</strong></span> <span class='ocrx_word' id='word_1_990' title='bbox 2229 4891 2329 4955; x_wconf 84' lang='lat' dir='ltr'><strong>Qui</strong></span> <span class='ocrx_word' id='word_1_991' title='bbox 2356 4900 2426 4944; x_wconf 87' lang='lat' dir='ltr'><strong>est</strong></span> <span class='ocrx_word' id='word_1_992' title='bbox 2453 4890 2506 4943; x_wconf 88' lang='lat' dir='ltr'><strong>in</strong></span> <span class='ocrx_word' id='word_1_993' title='bbox 2525 4890 2646 4957; x_wconf 73' lang='lat' dir='ltr'><strong>sinu</strong></span> <span class='ocrx_word' id='word_1_994' title='bbox 2688 4887 2860 4944; x_wconf 88' lang='lat' dir='ltr'><strong>Patris</strong></span> <span class='ocrx_word' id='word_1_995' title='bbox 2884 4931 2900 4957; x_wconf 88' lang='lat'><strong>,</strong></span> <span class='ocrx_word' id='word_1_996' title='bbox 2932 4891 3039 4959; x_wconf 88' lang='lat' dir='ltr'><strong>ipse</strong></span> <span class='ocrx_word' id='word_1_997' title='bbox 3067 4892 3313 4944; x_wconf 85' lang='lat' dir='ltr'><strong>enarravit</strong></span> <span class='ocrx_word' id='word_1_998' title='bbox 3344 4889 3363 4961; x_wconf 96' lang='lat'><strong>(</strong></span> <span class='ocrx_word' id='word_1_999' title='bbox 3387 4889 3516 4954; x_wconf 46' lang='grc' dir='ltr'><strong>Ιιιηι</strong></span> <span class='ocrx_word' id='word_1_1000' title='bbox 3542 4929 3558 4952; x_wconf 85' lang='grc'><em>,</em></span> 
     </span>
    </p>
   </div>
   <div class='ocr_carea' id='block_1_112' title="bbox 1981 4981 3562 5052">
    <p class='ocr_par' dir='ltr' id='par_1_112' title="bbox 1981 4981 3562 5052">
     <span class='ocr_line' id='line_1_113' title="bbox 1981 4981 3562 5052; baseline 0.001 -16"><span class='ocrx_word' id='word_1_1001' title='bbox 1981 4982 2091 5052; x_wconf 81' lang='grc'><strong>18).</strong></span> <span class='ocrx_word' id='word_1_1002' title='bbox 2121 4982 2218 5048; x_wconf 86' lang='lat' dir='ltr'><strong>Qui</strong></span> <span class='ocrx_word' id='word_1_1003' title='bbox 2241 4989 2321 5036; x_wconf 89' lang='lat' dir='ltr'><strong>est</strong></span> <span class='ocrx_word' id='word_1_1004' title='bbox 2343 4991 2520 5036; x_wconf 90' lang='lat' dir='ltr'><strong>autem</strong></span> <span class='ocrx_word' id='word_1_1005' title='bbox 2546 4982 2692 5036; x_wconf 81' lang='lat' dir='ltr'><strong>sinus</strong></span> <span class='ocrx_word' id='word_1_1006' title='bbox 2715 5023 2732 5048; x_wconf 90' lang='lat'><strong>,</strong></span> <span class='ocrx_word' id='word_1_1007' title='bbox 2760 4981 2874 5051; x_wconf 88' lang='lat' dir='ltr'><strong>ipse</strong></span> <span class='ocrx_word' id='word_1_1008' title='bbox 2899 4993 2980 5037; x_wconf 89' lang='lat' dir='ltr'><strong>est</strong></span> <span class='ocrx_word' id='word_1_1009' title='bbox 3005 4992 3186 5039; x_wconf 85' lang='lat' dir='ltr'><strong>uterus</strong></span> <span class='ocrx_word' id='word_1_1010' title='bbox 3211 5001 3226 5050; x_wconf 90' lang='lat'><strong>;</strong></span> <span class='ocrx_word' id='word_1_1011' title='bbox 3253 4992 3308 5038; x_wconf 86' lang='lat' dir='ltr'><strong>et</strong></span> <span class='ocrx_word' id='word_1_1012' title='bbox 3332 4983 3480 5038; x_wconf 90' lang='lat' dir='ltr'><strong>sinus</strong></span> <span class='ocrx_word' id='word_1_1013' title='bbox 3507 4993 3562 5038; x_wconf 87' lang='lat' dir='ltr'><strong>et</strong></span> 
     </span>
    </p>
   </div>
   <div class='ocr_carea' id='block_1_113' title="bbox 1979 5072 3564 5141">
    <p class='ocr_par' dir='ltr' id='par_1_113' title="bbox 1979 5072 3564 5141">
     <span class='ocr_line' id='line_1_114' title="bbox 1979 5072 3564 5141; baseline 0.002 -16"><span class='ocrx_word' id='word_1_1014' title='bbox 1979 5082 2159 5126; x_wconf 84' lang='lat' dir='ltr'><strong>uterus</strong></span> <span class='ocrx_word' id='word_1_1015' title='bbox 2180 5087 2276 5141; x_wconf 88' lang='lat' dir='ltr'><strong>pro</strong></span> <span class='ocrx_word' id='word_1_1016' title='bbox 2301 5080 2511 5126; x_wconf 80' lang='lat' dir='ltr'><strong>secreto</strong></span> <span class='ocrx_word' id='word_1_1017' title='bbox 2538 5072 2740 5141; x_wconf 89' lang='lat' dir='ltr'><strong>positus</strong></span> <span class='ocrx_word' id='word_1_1018' title='bbox 2755 5083 2857 5127; x_wconf 91' lang='lat' dir='ltr'><strong>est.</strong></span> <span class='ocrx_word' id='word_1_1019' title='bbox 2883 5073 3018 5140; x_wconf 87' lang='lat' dir='ltr'><strong>Quid</strong></span> <span class='ocrx_word' id='word_1_1020' title='bbox 3039 5083 3139 5139; x_wconf 88' lang='lat' dir='ltr'><strong>est,</strong></span> <span class='ocrx_word' id='word_1_1021' title='bbox 3170 5073 3252 5128; x_wconf 84' lang='lat' dir='ltr'><strong>Ea:</strong></span> <span class='ocrx_word' id='word_1_1022' title='bbox 3273 5081 3410 5126; x_wconf 87' lang='lat' dir='ltr'><strong>utero</strong></span> <span class='ocrx_word' id='word_1_1023' title='bbox 3432 5074 3457 5126; x_wconf 71' lang='grc' dir='ltr'><strong><em>Ρ</em></strong></span> <span class='ocrx_word' id='word_1_1024' title='bbox 3483 5073 3564 5128; x_wconf 77' lang='lat' dir='ltr'><strong>Ex</strong></span> 
     </span>
    </p>
   </div>
   <div class='ocr_carea' id='block_1_114' title="bbox 1980 5161 3570 5232">
    <p class='ocr_par' dir='ltr' id='par_1_114' title="bbox 1980 5161 3570 5232">
     <span class='ocr_line' id='line_1_115' title="bbox 1980 5161 3570 5232; baseline 0.004 -18"><span class='ocrx_word' id='word_1_1025' title='bbox 1980 5169 2187 5217; x_wconf 86' lang='lat' dir='ltr'><strong>secreto</strong></span> <span class='ocrx_word' id='word_1_1026' title='bbox 2211 5203 2226 5226; x_wconf 91' lang='lat'><strong>,</strong></span> <span class='ocrx_word' id='word_1_1027' title='bbox 2253 5177 2317 5215; x_wconf 79' lang='lat' dir='ltr'><strong>ex</strong></span> <span class='ocrx_word' id='word_1_1028' title='bbox 2348 5161 2593 5227; x_wconf 88' lang='lat' dir='ltr'><strong>occulto;</strong></span> <span class='ocrx_word' id='word_1_1029' title='bbox 2626 5161 2694 5216; x_wconf 89' lang='lat' dir='ltr'><strong>de</strong></span> <span class='ocrx_word' id='word_1_1030' title='bbox 2717 5164 2921 5232; x_wconf 90' lang='lat' dir='ltr'><strong>meipso</strong></span> <span class='ocrx_word' id='word_1_1031' title='bbox 2945 5207 2959 5227; x_wconf 93' lang='lat'><strong>,</strong></span> <span class='ocrx_word' id='word_1_1032' title='bbox 2988 5164 3056 5219; x_wconf 91' lang='lat' dir='ltr'><strong>de</strong></span> <span class='ocrx_word' id='word_1_1033' title='bbox 3083 5164 3382 5220; x_wconf 25' lang='lat' dir='ltr'><strong>substantia.</strong></span> <span class='ocrx_word' id='word_1_1034' title='bbox 3403 5178 3522 5218; x_wconf 83' lang='lat' dir='ltr'><strong>mea</strong></span> <span class='ocrx_word' id='word_1_1035' title='bbox 3535 5179 3570 5229; x_wconf 69' lang='grc' dir='ltr'><strong>ς,</strong></span> 
     </span>
    </p>
   </div>
   <div class='ocr_carea' id='block_1_115' title="bbox 1983 5247 3562 5328">
    <p class='ocr_par' dir='ltr' id='par_1_115' title="bbox 1983 5247 3562 5328">
     <span class='ocr_line' id='line_1_116' title="bbox 1983 5247 3562 5328; baseline 0.002 -21"><span class='ocrx_word' id='word_1_1036' title='bbox 1983 5254 2082 5309; x_wconf 91' lang='lat' dir='ltr'><strong>hoc</strong></span> <span class='ocrx_word' id='word_1_1037' title='bbox 2103 5263 2204 5319; x_wconf 90' lang='lat' dir='ltr'><strong>est,</strong></span> <span class='ocrx_word' id='word_1_1038' title='bbox 2236 5253 2317 5308; x_wconf 78' lang='lat' dir='ltr'><strong>Ex</strong></span> <span class='ocrx_word' id='word_1_1039' title='bbox 2339 5264 2480 5308; x_wconf 87' lang='lat' dir='ltr'><strong>utero</strong></span> <span class='ocrx_word' id='word_1_1040' title='bbox 2509 5271 2529 5308; x_wconf 87' lang='lat'><strong><em>:</em></strong></span> <span class='ocrx_word' id='word_1_1041' title='bbox 2557 5254 2700 5324; x_wconf 86' lang='lat' dir='ltr'><strong>quia,</strong></span> <span class='ocrx_word' id='word_1_1042' title='bbox 2733 5255 3114 5310; x_wconf 85' lang='lat' dir='ltr'><strong>Generationem</strong></span> <span class='ocrx_word' id='word_1_1043' title='bbox 3145 5247 3253 5328; x_wconf 73' lang='lat' dir='ltr'><strong>ejus</strong></span> <span class='ocrx_word' id='word_1_1044' title='bbox 3277 5256 3389 5326; x_wconf 92' lang='lat' dir='ltr'><strong>quis</strong></span> <span class='ocrx_word' id='word_1_1045' title='bbox 3407 5271 3562 5310; x_wconf 89' lang='lat' dir='ltr'><strong>enar-</strong></span> 
     </span>
    </p>
   </div>
   <div class='ocr_carea' id='block_1_116' title="bbox 1982 5344 3564 5418">
    <p class='ocr_par' dir='ltr' id='par_1_116' title="bbox 1982 5344 3564 5418">
     <span class='ocr_line' id='line_1_117' title="bbox 1982 5344 3564 5418; baseline 0.002 -18"><span class='ocrx_word' id='word_1_1046' title='bbox 1982 5346 2112 5400; x_wconf 84' lang='lat' dir='ltr'><strong>rabit</strong></span> <span class='ocrx_word' id='word_1_1047' title='bbox 2155 5344 2304 5416; x_wconf 86' lang='lat' dir='ltr'><strong>(Isoi.</strong></span> <span class='ocrx_word' id='word_1_1048' title='bbox 2338 5362 2426 5400; x_wconf 84' lang='lat' dir='ltr'><strong>Llll</strong></span> <span class='ocrx_word' id='word_1_1049' title='bbox 2446 5387 2461 5412; x_wconf 90' lang='lat'><strong>,</strong></span> <span class='ocrx_word' id='word_1_1050' title='bbox 2490 5347 2586 5417; x_wconf 86' lang='lat'><strong>8)?</strong></span> <span class='ocrx_word' id='word_1_1051' title='bbox 2616 5348 3106 5418; x_wconf 47' lang='lat' dir='ltr'><strong>Aceipiamusrergo</strong></span> <span class='ocrx_word' id='word_1_1052' title='bbox 3144 5349 3354 5402; x_wconf 85' lang='lat' dir='ltr'><strong>Patrem</strong></span> <span class='ocrx_word' id='word_1_1053' title='bbox 3380 5347 3564 5403; x_wconf 85' lang='lat' dir='ltr'><strong>dicen-</strong></span> 
     </span>
    </p>
   </div>
   <div class='ocr_carea' id='block_1_117' title="bbox 1984 5437 3567 5510">
    <p class='ocr_par' dir='ltr' id='par_1_117' title="bbox 1984 5437 3567 5510">
     <span class='ocr_line' id='line_1_118' title="bbox 1984 5437 3567 5510; baseline 0.002 -16"><span class='ocrx_word' id='word_1_1054' title='bbox 1984 5447 2095 5494; x_wconf 88' lang='lat' dir='ltr'><strong>tem</strong></span> <span class='ocrx_word' id='word_1_1055' title='bbox 2117 5437 2183 5492; x_wconf 88' lang='lat' dir='ltr'><strong>ad</strong></span> <span class='ocrx_word' id='word_1_1056' title='bbox 2210 5437 2400 5492; x_wconf 82' lang='lat' dir='ltr'><strong>Filium</strong></span> <span class='ocrx_word' id='word_1_1057' title='bbox 2424 5479 2440 5504; x_wconf 91' lang='lat'><strong>,</strong></span> <span class='ocrx_word' id='word_1_1058' title='bbox 2469 5437 2552 5492; x_wconf 80' lang='lat' dir='ltr'><strong>Ea:</strong></span> <span class='ocrx_word' id='word_1_1059' title='bbox 2570 5447 2708 5494; x_wconf 89' lang='lat' dir='ltr'><strong>utero</strong></span> <span class='ocrx_word' id='word_1_1060' title='bbox 2735 5449 2852 5495; x_wconf 86' lang='lat' dir='ltr'><strong>ante</strong></span> <span class='ocrx_word' id='word_1_1061' title='bbox 2884 5439 3146 5509; x_wconf 78' lang='lat' dir='ltr'><strong>luciferum</strong></span> <span class='ocrx_word' id='word_1_1062' title='bbox 3165 5439 3313 5510; x_wconf 87' lang='lat' dir='ltr'><strong>genui</strong></span> <span class='ocrx_word' id='word_1_1063' title='bbox 3334 5449 3396 5494; x_wconf 90' lang='lat' dir='ltr'><strong>te.</strong></span> <span class='ocrx_word' id='word_1_1064' title='bbox 3425 5440 3567 5508; x_wconf 76' lang='lat' dir='ltr'><strong>Quid</strong></span> 
     </span>
    </p>
   </div>
   <div class='ocr_carea' id='block_1_118' title="bbox 1984 5528 3567 5602">
    <p class='ocr_par' dir='ltr' id='par_1_118' title="bbox 1984 5528 3567 5602">
     <span class='ocr_line' id='line_1_119' title="bbox 1984 5528 3567 5602; baseline 0.003 -18"><span class='ocrx_word' id='word_1_1065' title='bbox 1984 5538 2067 5584; x_wconf 89' lang='lat' dir='ltr'><strong>est</strong></span> <span class='ocrx_word' id='word_1_1066' title='bbox 2091 5543 2218 5599; x_wconf 84' lang='lat' dir='ltr'><strong>ergo</strong></span> <span class='ocrx_word' id='word_1_1067' title='bbox 2239 5537 2352 5582; x_wconf 87' lang='lat' dir='ltr'><strong>ante</strong></span> <span class='ocrx_word' id='word_1_1068' title='bbox 2373 5528 2683 5600; x_wconf 75' lang='lat' dir='ltr'><strong>luciferum?</strong></span> <span class='ocrx_word' id='word_1_1069' title='bbox 2711 5529 2921 5585; x_wconf 80' lang='lat' dir='ltr'><strong>Lucifer</strong></span> <span class='ocrx_word' id='word_1_1070' title='bbox 2945 5542 3046 5599; x_wconf 89' lang='lat' dir='ltr'><strong>pro</strong></span> <span class='ocrx_word' id='word_1_1071' title='bbox 3071 5529 3337 5587; x_wconf 90' lang='lat' dir='ltr'><strong>sideribus</strong></span> <span class='ocrx_word' id='word_1_1072' title='bbox 3362 5533 3567 5602; x_wconf 84' lang='lat' dir='ltr'><strong>positus</strong></span> 
     </span>
    </p>
   </div>
   <div class='ocr_carea' id='block_1_119' title="bbox 1985 5619 3572 5693">
    <p class='ocr_par' dir='ltr' id='par_1_119' title="bbox 1985 5619 3572 5693">
     <span class='ocr_line' id='line_1_120' title="bbox 1985 5619 3572 5693; baseline 0.002 -17"><span class='ocrx_word' id='word_1_1073' title='bbox 1985 5627 2088 5687; x_wconf 87' lang='lat' dir='ltr'><strong>est,</strong></span> <span class='ocrx_word' id='word_1_1074' title='bbox 2118 5627 2368 5690; x_wconf 87' lang='lat' dir='ltr'><strong>tanquam</strong></span> <span class='ocrx_word' id='word_1_1075' title='bbox 2397 5635 2428 5675; x_wconf 93' lang='lat' dir='ltr'><strong>a</strong></span> <span class='ocrx_word' id='word_1_1076' title='bbox 2459 5627 2607 5690; x_wconf 86' lang='lat' dir='ltr'><strong>parte</strong></span> <span class='ocrx_word' id='word_1_1077' title='bbox 2637 5628 2804 5676; x_wconf 87' lang='lat' dir='ltr'><strong>totum</strong></span> <span class='ocrx_word' id='word_1_1078' title='bbox 2833 5619 3162 5688; x_wconf 82' lang='lat' dir='ltr'><strong>signiﬁcante</strong></span> <span class='ocrx_word' id='word_1_1079' title='bbox 3191 5621 3483 5693; x_wconf 88' lang='lat' dir='ltr'><strong>Scriptura,</strong></span> <span class='ocrx_word' id='word_1_1080' title='bbox 3516 5633 3572 5679; x_wconf 87' lang='lat' dir='ltr'><strong>et</strong></span> 
     </span>
    </p>
   </div>
   <div class='ocr_carea' id='block_1_120' title="bbox 1985 5708 3564 5783">
    <p class='ocr_par' dir='ltr' id='par_1_120' title="bbox 1985 5708 3564 5783">
     <span class='ocr_line' id='line_1_121' title="bbox 1985 5708 3564 5783; baseline 0.001 -17"><span class='ocrx_word' id='word_1_1081' title='bbox 1985 5725 2052 5766; x_wconf 78' lang='lat' dir='ltr'><strong>ex</strong></span> <span class='ocrx_word' id='word_1_1082' title='bbox 2077 5711 2336 5767; x_wconf 79' lang='lat' dir='ltr'><strong>eminenti</strong></span> <span class='ocrx_word' id='word_1_1083' title='bbox 2363 5710 2512 5766; x_wconf 86' lang='lat' dir='ltr'><strong>stella</strong></span> <span class='ocrx_word' id='word_1_1084' title='bbox 2543 5711 2726 5768; x_wconf 86' lang='lat' dir='ltr'><strong>omnia</strong></span> <span class='ocrx_word' id='word_1_1085' title='bbox 2747 5709 2942 5766; x_wconf 90' lang='lat' dir='ltr'><strong>sidera.</strong></span> <span class='ocrx_word' id='word_1_1086' title='bbox 2973 5708 3080 5766; x_wconf 83' lang='lat' dir='ltr'><strong>Sed</strong></span> <span class='ocrx_word' id='word_1_1087' title='bbox 3121 5711 3209 5767; x_wconf 89' lang='lat' dir='ltr'><strong>illa</strong></span> <span class='ocrx_word' id='word_1_1088' title='bbox 3237 5713 3412 5769; x_wconf 87' lang='lat' dir='ltr'><strong>sidera</strong></span> <span class='ocrx_word' id='word_1_1089' title='bbox 3437 5729 3564 5783; x_wconf 79' lang='lat' dir='ltr'><strong>quo-</strong></span> 
     </span>
    </p>
   </div>
   <div class='ocr_carea' id='block_1_121' title="bbox 1993 5799 3576 5875">
    <p class='ocr_par' dir='ltr' id='par_1_121' title="bbox 1993 5799 3576 5875">
     <span class='ocr_line' id='line_1_122' title="bbox 1993 5799 3576 5875; baseline 0 -17"><span class='ocrx_word' id='word_1_1090' title='bbox 1993 5801 2150 5859; x_wconf 91' lang='lat' dir='ltr'><strong>modo</strong></span> <span class='ocrx_word' id='word_1_1091' title='bbox 2192 5800 2327 5858; x_wconf 79' lang='lat' dir='ltr'><strong>facta</strong></span> <span class='ocrx_word' id='word_1_1092' title='bbox 2355 5799 2522 5860; x_wconf 83' lang='lat' dir='ltr'><strong>sunt?</strong></span> <span class='ocrx_word' id='word_1_1093' title='bbox 2550 5799 2618 5859; x_wconf 80' lang='lat' dir='ltr'><strong>Ut</strong></span> <span class='ocrx_word' id='word_1_1094' title='bbox 2645 5802 2743 5858; x_wconf 77' lang='lat' dir='ltr'><strong>sint</strong></span> <span class='ocrx_word' id='word_1_1095' title='bbox 2780 5802 2830 5860; x_wconf 90' lang='lat' dir='ltr'><strong>in</strong></span> <span class='ocrx_word' id='word_1_1096' title='bbox 2859 5801 3016 5875; x_wconf 77' lang='lat' dir='ltr'><strong>signis</strong></span> <span class='ocrx_word' id='word_1_1097' title='bbox 3038 5844 3056 5874; x_wconf 90' lang='lat'><strong>,</strong></span> <span class='ocrx_word' id='word_1_1098' title='bbox 3083 5803 3201 5859; x_wconf 84' lang='lat' dir='ltr'><strong>etin</strong></span> <span class='ocrx_word' id='word_1_1099' title='bbox 3226 5804 3576 5875; x_wconf 74' lang='lat' dir='ltr'><strong>temporibus.</strong></span> 
     </span>
    </p>
   </div>
  </div>
