4026 6202
469 365 608 437 tias

458 492 507 538 et
533 482 583 535 in
605 479 778 535 diebus
800 520 815 545 ,
848 487 895 533 et
920 477 972 532 in
999 477 1145 533 annis
1174 474 1326 548 (Gen.
1351 474 1405 542 ἰ,
1435 475 1545 546 ﬂ).
1575 475 1630 531 Si
1655 490 1783 548 ergo
1807 484 1861 531 et
1885 476 1938 532 in
1967 476 2043 532 si-

456 573 579 642 gnis
601 581 653 626 et
679 571 731 624 in
762 568 1084 638 temporibus
1109 568 1276 638 posita
1301 575 1424 622 sunt
1450 566 1647 634 sidera,
1663 574 1717 622 et
1737 566 1925 622 lucifer
1947 581 2043 622 no—

459 668 690 721 minatus
718 671 800 717 est
834 676 932 732 pro
969 660 1269 726 sideribus;
1301 659 1441 730 quod
1466 668 1548 714 est
1572 670 1696 714 ante
1721 659 2039 726 luciferum,

458 755 560 809 hoc
588 762 671 809 est
693 762 816 810 ante
837 753 1008 809 sidera
1038 769 1051 819 ;
1085 761 1137 808 et
1166 752 1306 823 quod
1333 760 1414 806 est
1442 761 1566 805 ante
1591 751 1765 805 sidera
1790 793 1805 819 ,
1835 751 1935 805 hoc
1960 759 2041 805 est

456 853 580 899 ante
610 851 848 914 tempora
873 860 888 910 ;
916 845 960 897 si
988 856 1113 915 ergo
1139 851 1264 896 ante
1301 850 1537 910 tempora
1562 883 1578 906 ,
1605 841 1672 895 ab
1701 843 1996 895 mternitate
2020 858 2032 893 :

456 935 564 990 noli
607 949 848 1005 qumrerc
885 933 1136 1004 quando;
1166 931 1437 988 aeternitas
1466 947 1571 985 non
1615 930 1776 987 habet
1803 932 2032 1002 quando.

456 1025 679 1094 Quando
707 1035 760 1081 et
783 1025 1068 1096 aliquando
1098 1024 1257 1080 verba
1281 1026 1297 1055 ¹
1330 1032 1453 1079 sunt
1480 1031 1797 1092 temporum.
1831 1024 1905 1078 De
1934 1023 2034 1077 Pa-

454 1128 536 1173 tre
561 1133 666 1173 non
711 1125 794 1173 est
820 1125 975 1172 natus
1004 1117 1057 1171 in
1103 1125 1343 1184 tempore
1367 1156 1382 1180 ,
1417 1131 1509 1183 per
1537 1130 1694 1184 quem
1741 1114 1875 1168 facta
1915 1124 2037 1168 sunt

455 1219 714 1279 tempora.
740 1208 947 1262 Dictum
970 1216 1051 1262 est
1072 1223 1198 1277 ergo
1223 1248 1237 1273 ,
1266 1216 1324 1261 ut
1343 1205 1445 1261 dici
1472 1209 1746 1277 oportuit,
1774 1206 1992 1275 figurate
2015 1247 2031 1271 ,

452 1300 782 1371 prophetice,
815 1310 872 1355 ut
897 1310 950 1355 et
973 1308 1150 1355 uterus
1180 1314 1273 1369 pro
1299 1307 1505 1353 secreta
1531 1297 1845 1362 substantia,
1873 1306 1926 1350 et
1954 1297 2033 1350 lu.

451 1391 582 1447 cifer
603 1406 698 1461 pro
716 1390 1043 1460 temporibus
1066 1398 1369 1459 poneretur.
1391 1390 1470 1442 An
1489 1388 1646 1443 vultis
1671 1396 1722 1443 et
1741 1388 1911 1457 ipsum
1932 1387 2033 1441 Da-

450 1483 538 1536 vid
557 1483 922 1554 respiciamus,
941 1483 1028 1552 qui
1048 1482 1327 1535 Dominum
1351 1495 1503 1534 suum
1520 1478 1654 1533 dixit
1673 1478 1833 1533 lilium
1851 1478 2031 1533 suum?

451 1563 521 1630 Ut
558 1576 698 1630 enim
730 1574 829 1630 hoc
857 1572 1098 1638 diceret,
1130 1572 1331 1627 audivit
1356 1586 1385 1625 a
1416 1570 1641 1625 Domino
1682 1584 1818 1635 suo;
1850 1570 1916 1622 ab
1945 1569 2031 1622 illo

448 1664 649 1721 audivit
676 1679 704 1717 a
734 1679 840 1734 quo
872 1664 979 1717 fulti
1010 1679 1113 1718 non
1144 1662 1348 1731 potuit:
1372 1669 1424 1715 et
1452 1661 1585 1715 dixit
1609 1661 1718 1731 jam
1752 1660 2029 1714 Dominum

449 1770 603 1812 suum
627 1795 642 1822 ,
671 1754 793 1826 quia
818 1794 835 1821 ,
885 1753 1025 1808 Dixit
1050 1793 1065 1819 ,
1108 1754 1316 1822 inquit,
1345 1751 1592 1806 Dominus
1633 1750 1849 1805 Domino
1880 1767 1987 1803 meo
2010 1793 2029 1818 ,

447 1847 583 1904 Sede
608 1864 640 1902 a
668 1849 855 1902 dextris
881 1849 1021 1901 meis.
1048 1848 1111 1901 Et
1139 1847 1251 1916 ipse
1278 1846 1529 1915 loquitur,
1551 1845 1716 1914 ipsius
1740 1845 1887 1916 quasi
1916 1859 2030 1899 scr-

445 1952 536 1991 mo
564 1944 843 1992 contextus
871 1946 970 1991 est.
994 1935 1049 1991 Si
1077 1952 1201 2006 ergo
1228 1935 1340 2006 ipse
1365 1935 1619 2004 loquitur,
1643 1933 1775 1989 forte
1804 1938 1917 2003 ipse
1934 1950 2029 2003 po-

445 2029 547 2084 luit
571 2029 768 2096 dicere,
791 2028 871 2083 Ea:
896 2038 1036 2082 utero
1065 2036 1180 2080 ante
1210 2025 1473 2097 luciferum
1498 2026 1646 2096 genui
1674 2034 1757 2079 te:
1780 2032 1846 2080 ex
1877 2033 2026 2079 utero

444 2121 710 2191 virginali,
739 2137 803 2176 ea:
826 2130 965 2173 utero
994 2129 1110 2173 ante
1136 2118 1401 2189 luciferum
1425 2117 1574 2188 genui
1593 2128 1658 2170 te.
1690 2116 1744 2171 Si
1775 2117 1913 2171 enim
1937 2116 2025 2170 illa

443 2199 594 2280 virgo
609 2209 809 2266 ducens
834 2208 1172 2280 propaginem
1200 2206 1265 2263 de
1286 2221 1445 2261 carne
1464 2205 1649 2273 David,
1669 2220 1735 2260 ex
1761 2205 1849 2260 illo
1875 2213 2025 2260 utero

441 2313 602 2359 natus
627 2302 889 2369 Christus,
910 2311 1156 2381 tanquam
1189 2315 1253 2354 ex
1279 2308 1431 2353 utero
1455 2298 1664 2369 genitus
1685 2312 1714 2351 a
1740 2297 1923 2351 David.
1944 2297 2027 2352 Ea:

441 2404 585 2449 utero
609 2434 625 2461 ,
656 2408 762 2465 quo
789 2392 1057 2448 masculus
1086 2406 1189 2446 non
1222 2390 1445 2446 accessit
1477 2406 1491 2445 :
1523 2406 1585 2444 ea:
1604 2399 1744 2443 utero
1767 2404 1983 2458 prorsus
2006 2428 2025 2453 ,

440 2485 657 2555 proprie
685 2501 747 2539 ea:
774 2494 915 2551 utero
939 2525 953 2549 ,
986 2483 1109 2555 quia
1135 2483 1280 2538 solus
1306 2498 1370 2538 ex
1397 2481 1514 2536 solo
1536 2489 1706 2537 utero.
1731 2480 1871 2552 Ergo
1897 2522 1911 2546 ,
1943 2481 2026 2536 Ea;

440 2586 585 2630 utero
605 2616 623 2642 ,
655 2574 825 2647 inquit
866 2574 955 2629 ille
980 2616 994 2639 ,
1022 2572 1112 2644 qui
1137 2589 1258 2628 cum
1286 2573 1567 2628 Dominum
1595 2587 1748 2626 suum
1776 2572 1982 2626 dixerat
2005 2613 2020 2638 ,

441 2663 520 2720 Ea
546 2675 686 2719 utero
704 2673 822 2719 ante
844 2663 1110 2732 luciftrum
1135 2663 1285 2735 genui
1312 2672 1378 2716 te.
1401 2662 1468 2717 Et
1491 2661 1594 2716 hoc
1613 2663 1784 2732 ipsum
1811 2673 1927 2716 ante
1945 2663 2024 2716 lu-

440 2757 652 2826 ciferttm
678 2754 885 2825 signate
908 2754 1105 2814 dictum
1126 2795 1141 2819 ,
1168 2761 1222 2809 et
1246 2753 1456 2824 proprie
1481 2752 1679 2808 dictum
1698 2793 1712 2818 ,
1740 2761 1795 2807 et
1816 2752 1893 2807 sic
1918 2753 2022 2807 im-

442 2847 664 2916 pletum.
680 2845 848 2900 Noctu
865 2844 1004 2900 enim
1025 2853 1178 2901 natus
1193 2854 1275 2900 cst
1287 2845 1541 2900 Dominus
1555 2844 1621 2900 de
1637 2853 1788 2900 utero
1806 2845 2021 2914 virginis

440 2939 618 2994 Mariae
637 2956 649 2992 :
670 2937 905 2995 indicant
923 2937 1221 2994 testimonia
1241 2947 1530 3014 pastorum,
1551 2935 1641 3006 qui
1658 2935 1862 3007 vigilias
1878 2951 2023 2991 eser-

443 3031 638 3088 cebant
650 3047 809 3106 super
821 3046 1037 3102 gregem
1053 3045 1206 3085 suum
1225 3029 1374 3099 (Luc.
1394 3030 1493 3091 11,7
1511 3038 1556 3083 et
1572 3026 1739 3102 8).E:c
1753 3039 1893 3083 utero
1908 3037 2023 3082 ante

440 3125 704 3195 luciferum
729 3124 879 3194 genui
907 3131 972 3177 te.
992 3122 1036 3177 0
1054 3130 1128 3186 ιιι,
1149 3120 1375 3177 Domine
1402 3135 1573 3186 meus,
1593 3118 1787 3175 sedens
1812 3119 1877 3173 ad
1894 3118 2023 3174 dex-

440 3222 609 3267 teram
631 3213 839 3268 Domini
858 3210 983 3278 mei,
1006 3211 1145 3267 unde
1171 3211 1314 3266 ﬁlius
1332 3224 1504 3278 meus,
1523 3209 1623 3264 nisi
1639 3209 1764 3280 quia
1785 3209 1866 3264 Ea:
1882 3219 2021 3265 utero

437 3312 555 3356 ante
582 3302 844 3372 luciferum
871 3302 1019 3372 genui
1047 3300 1134 3354 te?

511 3396 600 3448 17.
621 3393 770 3466 [vers.
795 3392 873 3469 4.]
903 3393 965 3446 Et
990 3391 1055 3446 ad
1083 3391 1209 3462 quid
1236 3400 1391 3448 natus
1409 3393 1501 3447 es?
1524 3390 1726 3446 Iuravit
1746 3390 2017 3461 Dominus,

438 3497 607 3543 etnon
631 3485 883 3557 pmnitebit
898 3502 1043 3553 eum,
1071 3483 1148 3538 Tu
1167 3501 1220 3540 es
1239 3485 1475 3540 sacerdos
1495 3485 1547 3539 in
1571 3492 1813 3540 teternum
1836 3501 2019 3540 secun-

437 3579 562 3632 dum
584 3577 810 3631 ordinem
839 3575 1190 3630 Metcltisedec.
1214 3574 1294 3629 Ad
1317 3574 1419 3630 hoc
1441 3575 1584 3630 enim
1603 3583 1761 3631 natus
1778 3590 1843 3630 ex
1869 3582 2021 3630 utero

437 3681 562 3726 ante
587 3668 887 3736 luciferum,
915 3678 973 3721 ut
1000 3683 1147 3724 esses
1183 3668 1433 3723 sacerdos
1458 3667 1510 3722 in
1541 3677 1799 3723 aeternum
1832 3682 2022 3723 εεειιηη

441 3766 570 3820 dum
598 3761 840 3817 ordinem
885 3760 1256 3816 Melehisedee.
1298 3759 1353 3815 Si
1399 3767 1579 3815 natum
1624 3775 1689 3814 ex
1729 3768 1903 3827 utero,
1953 3759 2020 3816 de

437 3853 643 3925 virgine
693 3852 1071 3923 intelligimus;
1123 3862 1249 3908 ante
1294 3851 1606 3916 luciferum,
1651 3862 1844 3921 noctu,
1885 3852 2022 3908 sicut

439 3944 728 4015 Evangelia
765 3951 1169 4010 contestantur;
1195 3943 1374 4013 procul
1414 3942 1575 3998 dubio
1617 3943 1740 3998 inde
1778 3959 1843 4000 ex
1870 3952 2021 4000 utero

437 4032 888 4102 ante'luciierum,
919 4043 979 4091 ut
1006 4045 1142 4093 esset
1172 4035 1424 4091 sacerdos
1444 4035 1496 4089 iu
1530 4042 1788 4090 aeternum
1825 4050 2018 4092 secun-

437 4130 563 4185 dum
595 4129 837 4185 ordinem
865 4128 1238 4184 Melchisedec.
1285 4127 1418 4183 Nam
1460 4128 1751 4184 secundum
1795 4127 1846 4183 id
1880 4128 2019 4199 quod

436 4231 595 4277 natus
619 4221 686 4276 de
717 4220 873 4275 Patre
904 4220 1044 4275 Deus
1069 4219 1207 4289 apud
1235 4219 1424 4283 Deum,
1445 4228 1743 4277 coa‘ternus
1764 4218 2017 4291 gignenti,

445 4327 554 4368 non
579 4311 862 4377 sacerdos;
902 4310 997 4365 sed
1049 4301 1299 4365 sacerdos
1328 4318 1543 4381 propter
1567 4326 1780 4367 carnem
1811 4325 2020 4366 assum-

440 4410 605 4471 ptam,
652 4408 872 4470 propter
915 4398 1182 4454 victimam
1222 4414 1379 4469 quam
1419 4414 1518 4469 pro
1556 4401 1708 4456 nobis
1746 4399 1959 4457 ofierret
1989 4415 2019 4455 a

438 4492 599 4547 nobis
623 4499 915 4561 acceptam.
943 4488 1145 4544 Iuravit
1185 4505 1315 4560 ergo
1344 4490 1609 4546 Dominus.
1631 4492 1765 4560 Quid
1790 4501 1890 4555 est,
1917 4490 2018 4545 Ju-
2057 4563 2068 4578 Ι

437 4582 567 4639 ravit
587 4581 874 4661 Dominus?
901 4581 1043 4653 Ergo
1071 4580 1327 4636 Dominus
1346 4580 1508 4651 jurat,
1530 4583 1619 4651 qui
1648 4582 1891 4651 prohibet
1920 4582 2015 4636 ho.

438 4676 638 4731 minem
668 4690 698 4730 a
718 4673 943 4745 iurando
966 4674 1173 4746 (Matth.
1204 4690 1255 4739 v,
1285 4671 1415 4744 54)?
1445 4673 1524 4729 An
1570 4672 1707 4728 forte
1750 4673 1868 4729 ideo
1905 4689 2020 4728 ma-

437 4768 518 4838 gis
563 4766 834 4823 hominem
880 4766 1128 4836 prohibet
1162 4781 1191 4820 a
1230 4761 1481 4836 iurando,
1525 4779 1594 4820 ne
1635 4764 1687 4818 in
1732 4764 2020 4834 periurium

440 4858 769 4928 prolabatur,
796 4865 850 4912 et
878 4857 996 4912 idco
1022 4856 1159 4910 Deus
1180 4854 1348 4926 magis
1372 4854 1537 4924 jurat,
1568 4854 1689 4925 quia
1719 4869 1822 4908 non
1849 4862 2023 4924 potest

436 4964 560 5006 esse
602 4947 885 5019 periurus?
913 4946 1084 5002 Homo
1131 4946 1272 5002 enim
1316 4945 1403 5016 qui
1446 4961 1539 5016 per
1581 4944 2018 5000 consuetudinem

432 5040 648 5113 jnrandi
674 5048 847 5111 potest
874 5040 1048 5110 lingua
1078 5040 1129 5094 in
1164 5039 1450 5109 periurium
1481 5038 1704 5109 prolabi,
1733 5037 1868 5092 bene
1894 5052 2023 5107 pro-

437 5133 653 5191 hibetur
687 5134 869 5205 jurare
912 5150 924 5187 :
967 5140 1114 5187 tanto
1159 5132 1299 5187 enim
1345 5131 1551 5203 longius
1576 5131 1679 5186 crit
1707 5145 1737 5184 a
1767 5128 2018 5199 periurio,

439 5237 640 5296 quanto
667 5226 770 5282 erit
798 5228 953 5296 longe
993 5241 1021 5279 a
1056 5224 1304 5295 jurando.
1330 5224 1430 5294 Qui
1477 5226 1617 5280 enim
1662 5224 1807 5293 jurat
1840 5220 2021 5286 homo,

438 5317 636 5374 falsum
666 5326 722 5375 et
748 5333 929 5373 verum
951 5317 1133 5387 jurare
1154 5325 1325 5386 potest
1352 5334 1367 5369 :
1393 5316 1479 5386 qui
1509 5325 1684 5370 autem
1728 5328 1834 5367 non
1857 5312 2022 5381 jurat,

440 5410 635 5465 falsum
674 5410 855 5481 jurare
896 5425 1002 5465 non
1049 5416 1258 5479 potest;
1308 5407 1431 5478 quia
1460 5407 1676 5461 omnino
1715 5419 1820 5459 non
1857 5402 2027 5473 jurat.

443 5499 553 5556 Cur
580 5516 709 5572 ergo
750 5517 854 5557 non
885 5500 1029 5572 iuret
1075 5499 1349 5565 Dominus,
1395 5496 1608 5568 quando
1646 5493 1856 5549 Domini
1879 5492 2027 5563 jura-

443 5597 684 5645 mentum
733 5591 1103 5662 promissionis
1148 5597 1231 5648 est
1274 5583 1885 5643 firmamentumilurct
1912 5598 2027 5637 om-

445 5681 598 5742 nim.
624 5680 757 5749 Quid
784 5700 911 5754 ergo
941 5695 995 5739 tu
1027 5684 1176 5751 facis,
1207 5699 1327 5740 cum
1350 5680 1535 5752 iuras?
1559 5677 1795 5736 Tcstaris
1818 5678 2023 5733 Deum:

509 5795 529 5826 ι
565 5790 701 5853 adi,
724 5792 967 5846 adverbia.
990 5801 1045 5844 At
1065 5792 1358 5857 Mss.,rcrba.

1701 352 1759 418 S.
1798 359 2166 419 AUGUSTlNl
2205 360 2507 418 EPISCOPI

3601 367 3743 424 HGD

2158 475 2263 532 hoc
2278 484 2359 532 est
2382 476 2584 546 jurare,
2614 476 2780 533 Deum
2809 478 3021 546 testari;
3066 486 3121 536 et
3159 478 3281 535 ideo
3321 480 3623 547 mc!estum,
3667 500 3744 541 ne

2151 566 2218 622 ad
2247 567 2475 637 aliquam
2499 566 2782 624 falsitatem
2805 577 2991 625 testem
3018 569 3274 626 adhibeas
3303 571 3488 626 Deum.
3517 571 3575 627 Si
3604 589 3744 643 ergo

2150 666 2205 712 tu
2220 659 2446 728 iurando
2462 661 2670 715 testaris
2690 660 2875 725 Deum,
2897 674 2993 714 cur
3007 675 3135 731 ergo
3156 674 3259 715 non
3289 670 3341 717 et
3360 661 3740 732 Deusjnrando

2152 756 2374 804 testetur
2388 750 2463 804 sei
2471 751 2645 820 psum?
2659 749 2780 805 Vivo
2796 752 3032 822 ego,dicit
3046 751 3311 821 Dominus,
3322 754 3612 823 juratioDei
3626 764 3735 811 est.

2147 841 2234 896 Sic
2256 840 2456 911 juravit
2480 842 2548 898 de
2576 842 2780 898 semine
2806 842 3033 898 Abrahae
3057 862 3070 899 :
3110 861 3130 895 ι
3164 843 3297 898 Vivo
3325 859 3445 915 ego,
3470 844 3599 900 dicit
3621 846 3739 903 [lo-

2146 932 2356 998 minus;
2387 933 2647 1002 quoniatn'
2664 932 2858 987 audisti
2891 947 3073 988 vocem
3101 949 3296 998 meam,
3323 943 3377 989 et
3401 949 3509 989 non
3533 950 3735 1006 peper-

2143 1022 2259 1077 cisti
2289 1023 2396 1077 tilio
2425 1031 2516 1077 tuo
2549 1022 2707 1077 unico
2733 1032 2950 1093 propter
2979 1039 3087 1086 me,
3115 1024 3217 1078 nisi
3254 1024 3577 1081 benedicens
3625 1026 3734 1081 be-

2142 1112 2383 1167 nedicam
2416 1123 2487 1178 te,
2519 1122 2573 1168 et
2608 1113 2875 1180 implendo
2910 1113 3142 1183 implebo
3178 1127 3362 1168 semen
3403 1123 3548 1169 tuum
3584 1115 3737 1183 sicut

2141 1203 2321 1259 stellas
2348 1204 2489 1270 coeli,
2516 1213 2570 1259 et
2598 1204 2736 1260 sicut
2759 1219 2973 1258 arenam
3008 1220 3126 1275 quae
3166 1214 3249 1260 est
3286 1205 3352 1259 ad
3375 1206 3577 1285 labium
3606 1223 3733 1262 ma-

2140 1294 2234 1360 ris,
2283 1303 2337 1350 et
2383 1294 2765 1375 benedicenttq-
2817 1295 2870 1349 in
2914 1296 3117 1350 semine
3146 1303 3236 1350 tuo
3266 1311 3454 1351 omnes
3477 1298 3663 1367 gentes
3700 1317 3724 1350 ι

2141 1384 2291 1455 (Gen.
2324 1402 2455 1453 xm,
2491 1386 2707 1457 16-18).
2739 1386 2808 1441 Et
2832 1401 3015 1442 semen
3041 1388 3267 1443 Abrahae
3287 1388 3426 1458 quod
3457 1398 3540 1445 est
3565 1390 3728 1445 Chri-

2139 1485 2272 1545 stus,
2296 1478 2387 1535 ille
2414 1494 2598 1534 semen
2624 1479 2875 1548 Abrahae,
2901 1480 3168 1549 accipiens
3192 1495 3405 1537 carnem
3426 1481 3495 1537 de
3515 1482 3728 1538 semine

2137 1569 2384 1633 Abrahm,
2414 1569 2516 1624 erit
2554 1569 2803 1626 sacerdos
2847 1571 2899 1624 in
2946 1574 3202 1626 aiternum
3246 1571 3534 1627 secundum
3575 1573 3729 1629 ordi-

2139 1677 2261 1716 nem
2293 1661 2661 1717 Melchisedec.
2694 1661 2768 1716 De
2797 1662 3094 1717 sacerdotio
3121 1677 3247 1732 ergo
3290 1662 3581 1717 secundum
3622 1680 3726 1718 or-

2135 1751 2313 1808 dinem
2340 1753 2712 1821 Melchisedcc,
2739 1754 2933 1825 juravit
2949 1752 3216 1821 Dominus,
3245 1764 3292 1808 et
3334 1771 3433 1808 non
3463 1756 3724 1826 pamitebit

2134 1861 2267 1900 eum.
2289 1845 2431 1922 Quid
2471 1846 2538 1902 de
2575 1846 2875 1902 sacerdotio
2904 1846 3193 1903 secundum
3225 1847 3466 1902 ordinem
3494 1848 3724 1903 Aaron?

2132 1933 2395 2005 Numquid
2428 1936 2649 2006 paenitet
2677 1938 2866 2005 Deum,
2910 1938 3047 1993 sicut
3076 1937 3370 2003 hominem,
3398 1946 3489 1992 aut
3526 1939 3721 1994 nolens

2134 2028 2277 2083 cadit
2303 2030 2356 2083 in
2384 2030 2583 2101 aliquid
2613 2040 2671 2085 ut
2710 2030 2887 2094 faciat,
2915 2038 3006 2085 aut
3038 2028 3350 2099 imprudens
3392 2029 3716 2099 prolabitur,

2133 2127 2191 2173 ut
2221 2128 2400 2189 postea
2426 2136 2544 2175 eum
2576 2120 2643 2176 de
2682 2136 2780 2176 suo
2824 2121 3074 2191 prolapsu
3122 2120 3409 2190 poeniteat?
3452 2118 3563 2175 Scit
3586 2120 3718 2190 quid

2131 2218 2270 2280 agat,
2298 2211 2397 2266 scit
2421 2226 2698 2282 quousque
2728 2212 2850 2281 quid
2879 2210 3278 2283 progrediatur;
3310 2209 3451 2266 unde
3486 2210 3541 2265 in
3569 2211 3719 2266 aliud

2131 2304 2585 2367 commutetur,.in
2611 2312 2874 2373 potestate
2897 2303 3126 2358 rectoris
3148 2309 3247 2356 est.
3274 2300 3380 2358 Sed
3403 2302 3718 2371 poenitentia

2130 2394 2353 2449 mutatio
2381 2408 2559 2449 rerum
2597 2393 2941 2464 significatur.
2981 2391 3260 2461 Quomodo
3298 2392 3439 2446 enim
3476 2400 3550 2456 tu,
3587 2408 3717 2447 cum

2131 2483 2328 2555 aliquid
2379 2493 2430 2538 te
2484 2484 2725 2554 pmnitet,
2775 2482 2929 2538 doles
2974 2481 3167 2537 factum
3207 2480 3348 2552 quod
3390 2481 3602 2536 fecisti:
3633 2482 3717 2536 sic

2128 2575 2340 2646 quando
2365 2575 2565 2647 aliquid
2606 2575 2747 2629 Deus
2789 2583 2984 2644 praeter
3016 2589 3164 2643 spem
3197 2572 3490 2641 hominum,
3524 2573 3577 2627 id
3605 2583 3712 2637 est,

2130 2677 2480 2738 prmterquam
2523 2674 2740 2738 sperant
2766 2665 3006 2719 homines
3045 2674 3216 2719 mutat
3261 2664 3313 2719 in
3340 2664 3501 2728 aliud,
3534 2666 3720 2734 pinni-

2130 2766 2243 2814 tere
2266 2773 2325 2813 se
2350 2757 2512 2824 dicit;
2553 2772 2721 2828 usque
2762 2757 2895 2812 adeo
2924 2766 2989 2812 ut.
3016 2765 3070 2811 ct
3111 2755 3177 2811 de
3205 2771 3358 2827 ptena
3385 2766 3565 2811 nostra
3599 2771 3721 2825 pas.

2129 2850 2296 2905 niteat
2319 2866 2463 2919 eum,
2494 2851 2538 2905 si
2575 2864 2673 2905 nos
2714 2849 2783 2904 de
2824 2849 2929 2903 vita
2974 2857 3152 2904 nostra
3192 2848 3329 2903 mala
3379 2849 3716 2919 patnituerit.

2126 2941 2326 2995 Juravit
2353 2956 2485 3012 ergo
2507 2939 2786 3005 Dominus;
2806 2940 3018 3010 jnravit,
3043 2939 3275 2994 ﬁrmavit
3302 2957 3315 2994 :
3340 2956 3442 2995 non
3466 2956 3578 2994 eum
3607 2956 3721 3010 pa:-

2133 3030 2322 3098 nitebit,
2351 3045 2456 3086 non
2479 3030 2721 3086 mutabit.
2742 3028 2919 3096 Quid?
2942 3027 3017 3082 Tu
3041 3045 3093 3084 es
3117 3029 3351 3084 sacerdos
3370 3031 3422 3083 in
3441 3036 3715 3084 internum.

2131 3123 2256 3180 Ideo
2282 3125 2334 3178 in
2368 3134 2631 3189 ueternum,
2656 3123 2778 3194 quia
2803 3139 2903 3176 non
2946 3122 3196 3194 ptenitebit
3224 3139 3357 3176 eum.
3390 3122 3496 3179 Sed
3528 3138 3719 3179 sacer-

2127 3214 2244 3278 dos,
2276 3214 2566 3271 secundum
2593 3215 2756 3284 quid?
2783 3213 3049 3285 Numquid
3077 3223 3235 3269 erunt
3265 3214 3369 3268 illa:
3403 3214 3613 3281 bos1im,
3641 3216 3717 3268 vi-

2125 3306 2300 3361 ctimae
2327 3305 2518 3361 oblata:
2546 3320 2576 3360 a
2613 3304 2951 3370 Patriarchis,
2998 3319 3105 3359 arae
3147 3304 3497 3375 sanguinis-et
3534 3305 3719 3359 taber-

2127 3396 2393 3463 naculum,
2423 3406 2477 3452 et
2504 3395 2591 3450 illa
2622 3396 2779 3466 primi
2805 3395 3132 3451 Testamenti
3161 3396 3366 3451 Veteris
3399 3411 3716 3451 sacramen-

2127 3488 2217 3544 ta?
2242 3487 2414 3543 Absit.
2439 3486 2556 3543 Jam
2602 3486 2689 3541 illa
2715 3486 2920 3542 sublata
2957 3496 3102 3552 sunt,
3131 3501 3321 3542 everso
3344 3487 3454 3555 iam
3482 3489 3712 3556 templo,

2126 3588 2335 3636 remoto
2380 3579 2470 3635 illo
2515 3578 2837 3645 sacerdotio,
2877 3588 3138 3650 pereunte
3177 3579 3393 3634 victima
3440 3594 3627 3635 eorum
3653 3590 3717 3636 et

2127 3672 2418 3728 sacrificio:
2443 3671 2557 3728 haec
2584 3686 2685 3727 nec
2709 3670 2880 3727 Judaei
2907 3669 3125 3725 habent.
3151 3670 3348 3725 Vident
3373 3669 3574 3741 perisse
3595 3670 3714 3740 jam

2129 3763 2484 3819 sacerdotium
2512 3762 2805 3819 secundum
2835 3761 3078 3817 ordinem
3105 3763 3304 3826 Aaron,
3327 3771 3377 3816 et
3407 3776 3512 3815 non
3540 3775 3715 3831 agno-

2127 3864 2283 3911 scunt
2316 3854 2673 3911 sacerdotium
2715 3852 3007 3909 secundum
3051 3852 3292 3907 ordinem
3336 3850 3712 3906 Mclchisedec.

2131 3946 2207 4001 Tu
2227 3964 2278 4003 es
2296 3946 2529 4001 sacerdos
2556 3946 2611 4000 in
2630 3953 2874 4001 teternum
2912 3942 3184 3998 secundum
3221 3942 3449 3996 ordinem
3489 3940 3712 3995 Melchi—

2127 4040 2291 4094 sedec.
2324 4037 2596 4093 Fidelibus
2616 4036 2825 4106 loquor.
2863 4034 2920 4090 Si
2945 4033 3069 4105 quid
3097 4048 3201 4088 non
3239 4032 3537 4104 intelligunt
3565 4042 3716 4085 cate-

2128 4130 2397 4197 chumeni,
2429 4127 2674 4184 auferant
2718 4127 3003 4198 pigritiam,
3047 4125 3300 4180 festinent
3345 4124 3410 4178 ad
3442 4122 3711 4177 notitiam.

2128 4218 2242 4276 Non
2269 4235 2396 4290 ergo
2424 4234 2557 4289 Opus
2586 4227 2668 4274 e5t
2694 4217 2945 4289 mysteria
2976 4231 3251 4285 promere;
3288 4213 3572 4284 Scriptura:
3608 4228 3715 4267 vo-

2128 4312 2211 4367 bis
2237 4310 2483 4367 inliment
2510 4310 2635 4378 quid
2660 4319 2743 4365 est
2770 4307 3125 4364 sacerdotium
3147 4306 3437 4363 secundum
3462 4305 3713 4361 ordinem

2131 4401 2508 4477 Melchisedcc.

2203 4493 2288 4548 18.
2322 4490 2473 4566 [υενε.
2504 4490 2584 4565 5.]
2615 4490 2859 4545 Dominus
2886 4506 2919 4543 a
2959 4489 3151 4544 dextris
3178 4489 3295 4542 tuis.
3325 4487 3583 4542 Dominus
3622 4486 3711 4541 di-

2132 4595 2303 4649 xerat,
2342 4584 2476 4640 Sede
2505 4600 2538 4637 a
2575 4583 2766 4638 dextris
2803 4582 2963 4647 meis;
2990 4597 3130 4635 nunc
3162 4578 3414 4635 Dominus
3451 4592 3481 4631 a
3509 4574 3719 4633 dextris

2133 4677 2269 4747 ejus,
2309 4676 2458 4747 quasi
2502 4673 2827 4729 mutaverint
2870 4672 3047 4728 sedes.
3085 4672 3165 4725 An
3212 4668 3350 4724 forte
3387 4668 3468 4723 sic
3506 4669 3717 4739 potius,

2131 4768 2329 4823 Juravit
2350 4766 2619 4828 Dominus,
2642 4776 2809 4819 etnon
2843 4762 3092 4835 paenitebit
3113 4777 3246 4822 eum,
3280 4759 3358 4813 Tu
3388 4775 3440 4814 es
3473 4759 3717 4814 sacerdos

2130 4860 2184 4913 in
2205 4868 2468 4924 aeternum,
2496 4856 2563 4911 ad
2580 4854 2858 4917 Christum
2886 4854 3086 4908 dictum
3122 4850 3238 4906 est?
3267 4849 3345 4904 Tu
3382 4866 3433 4904 es
3467 4848 3717 4903 sacerdos

2131 4951 2185 5005 in
2211 4960 2474 5014 wternum,
2498 4947 2692 5019 juravit
2730 4944 2994 4999 Dominus.
3031 4940 3162 5008 Quis
3186 4940 3477 4996 Dominus?
3504 4938 3605 5007 Qui
3630 4938 3725 4992 di-

2132 5044 2207 5098 xit
2226 5041 2448 5096 Domino
2470 5054 2598 5105 meo,
2624 5037 2757 5092 Sede
2788 5054 2820 5090 a
2854 5034 3042 5089 dextris
3065 5033 3206 5096 meis,
3238 5033 3351 5101 ipse
3382 5030 3585 5102 juravit.
3634 5027 3728 5082 Tu

2135 5152 2187 5189 es
2207 5132 2441 5189 sacerdos
2461 5131 2512 5183 in
2538 5138 2781 5184 teternum
2803 5125 3080 5181 secundum
3105 5122 3331 5178 ordinem
3356 5117 3726 5183 Melchisedrc,

2137 5236 2191 5281 et
2210 5226 2276 5280 ad
2304 5226 2474 5293 ipsum
2501 5222 2780 5277 Dominum
2810 5219 2898 5289 qui
2916 5216 3135 5287 juravit,
3156 5227 3334 5269 sermo
3353 5210 3590 5266 directus
3609 5217 3725 5273 est,

2141 5317 2385 5371 Dominus
2422 5332 2452 5369 a
2479 5313 2668 5369 dextris
2695 5311 2813 5367 tuis.
2849 5309 2893 5365 Ο
2920 5307 3167 5372 Domine,
3209 5304 3300 5375 qui
3338 5301 3526 5372 jurasti
3560 5309 3614 5355 et
3641 5299 3737 5352 di—

2135 5410 2280 5476 xisti,
2325 5408 2405 5463 Tu
2444 5424 2495 5461 es
2535 5405 2772 5461 sacerdos
2808 5405 2861 5457 in
2899 5411 3141 5458 wternum
3181 5398 3457 5453 secundum
3492 5393 3732 5448 ordinem

2139 5499 2474 5555 Mrtchisedec
2491 5516 2510 5565 ;
2539 5498 2650 5567 ipse
2680 5494 2912 5552 sacerdos
2938 5494 2989 5548 in
3015 5503 3279 5557 internum,
3314 5486 3561 5541 Dominus
3581 5491 3667 5539 est
3699 5499 3738 5536 α

2140 5591 2331 5646 dextris
2368 5591 2501 5655 tuis;
2538 5588 2672 5658 ipse,
2716 5588 2951 5657 inquam,
2980 5582 3214 5638 sacerdos
3259 5581 3312 5634 in
3347 5587 3613 5639 cateruam,
3659 5573 3742 5628 dc

2141 5698 2245 5753 quo
2266 5680 2481 5751 iurasti,
2528 5679 2770 5733 Dominus
2797 5687 2880 5732 cst
2905 5693 2936 5730 α
2977 5675 3166 5729 dextris
3207 5672 3304 5725 tuis
3340 5686 3359 5724 :
3395 5668 3516 5739 quia
3546 5665 3739 5721 eidem

2146 5772 2371 5828 Domino
2397 5788 2516 5827 tneo
2547 5770 2749 5839 dixisti,
2780 5768 2916 5825 Sede
2956 5783 2987 5820 α
3016 5765 3203 5820 dextris
3229 5754 3372 5828 meis,
3398 5756 3745 5849 quoudivqpe
