3964 6204
241 361 364 417 “6|

245 490 417 543 ponam
440 472 668 527 inimicos
689 478 796 526 tuos
818 469 1088 524 scabellum
1117 465 1300 536 pedum
1321 475 1536 518 tuorum.
1565 463 1668 516 Iste
1689 474 1816 530 ergo

247 565 496 620 Dominus
524 563 611 633 qui
638 572 721 617 est
745 578 773 616 a
803 561 1005 616 dextris
1034 559 1159 625 tuis,
1187 558 1251 612 de
1290 572 1395 626 quo
1417 553 1632 626 jurasti,
1654 561 1707 606 et
1735 550 1818 604 cui

240 657 424 728 iurasti
455 657 658 718 dicens,
689 653 768 708 Tu
805 670 856 706 es
895 650 1130 707 sacerdos
1173 650 1224 702 in
1271 659 1514 702 wternum
1549 641 1822 698 secundant

241 748 465 802 ordinem
505 745 856 806 Melchisedec,
892 741 1249 810 Couquassttt'it
1275 740 1289 770 ί
1315 738 1368 790 in
1398 737 1478 789 die
1512 736 1601 788 ira:
1621 750 1726 787 sua:
1754 748 1826 784 re-

247 855 343 910 ges.
387 837 503 907 Ipse
535 837 715 904 utique
757 834 999 888 Christus
1027 831 1276 884 Dominus
1301 845 1332 881 a
1361 827 1549 880 dextris
1589 825 1707 890 tuis,
1742 823 1826 877 cui

249 928 448 998 iurasti,
477 935 530 980 et
578 944 683 980 non
718 923 994 994 pmnitebit
1045 933 1130 975 te:
1164 918 1288 989 quid
1339 918 1448 987 agit
1492 914 1743 970 sacerdos
1775 913 1828 966 in

250 1016 544 1072 sate-mum?
573 1015 697 1085 quid
720 1015 846 1084 agit,
883 1013 970 1083 qui
1002 1003 1083 1065 est
1111 1011 1175 1064 ad
1207 1009 1478 1063 dexteram
1523 1005 1636 1070 Dei,
1669 1015 1720 1058 et
1745 1004 1827 1056 in-

249 1111 488 1180 terpellat
519 1124 616 1179 pro
646 1108 798 1162 nobis
825 1108 998 1178 (Rern.
1024 1120 1134 1170 vui,
1165 1104 1274 1171 '53),
1307 1111 1556 1170 tanquam
1581 1095 1830 1153 sacerdos

253 1207 451 1259 intrans
483 1203 536 1256 in
568 1202 824 1255 interiora
865 1199 948 1252 vel
986 1198 1040 1250 in
1083 1205 1264 1249 sancta
1300 1202 1626 1254 sanctorum,
1662 1189 1712 1242 in
1742 1204 1828 1242 se-

250 1304 388 1347 creta
416 1293 696 1356 ccelorum,
727 1291 814 1344 ille
857 1289 1003 1343 solus
1045 1303 1146 1340 non
1191 1286 1392 1338 habens
1436 1289 1735 1351 peccatum,
1778 1289 1826 1331 et

252 1385 362 1438 ideo
395 1384 547 1438 facile
574 1382 835 1437 mundans
856 1397 884 1434 a
914 1379 1141 1449 peccatis
1170 1375 1348 1447 (Hebr.
1381 1391 1454 1438 rx,
1490 1373 1574 1436 l2,
1607 1373 1692 1434 14,
1715 1370 1834 1440 Eli)?

255 1475 341 1529 Ille
361 1491 488 1544 ergo
510 1491 541 1527 α
563 1473 751 1527 dextris
776 1472 872 1526 tuis
893 1469 1238 1539 conquassavit
1265 1469 1315 1520 in
1337 1467 1418 1519 die
1438 1466 1527 1518 ira:
1548 1480 1652 1516 sua:
1673 1479 1830 1532 reges.

255 1563 392 1632 Quos
449 1579 624 1634 rcges,
667 1560 898 1632 (pueris9
946 1551 1154 1614 Excidit
1196 1557 1319 1620 tibi,
1367 1556 1642 1609 Astiterunt
1689 1569 1826 1620 reges

258 1665 414 1718 terra,
444 1663 488 1708 et
518 1654 770 1724 principes
797 1657 1129 1704 convenerunt
1164 1649 1217 1700 in
1250 1662 1425 1711 unum,
1459 1646 1696 1697 adversus
1726 1641 1830 1694 Do-

257 1745 438 1796 mitium
459 1753 506 1796 et
526 1742 763 1796 adversus
791 1739 1041 1795 Christum
1071 1739 1182 1808 ejus
1205 1736 1377 1806 (Psal.
1411 1751 1466 1800 ιι,
1487 1734 1570 1804 2)?
1602 1733 1709 1786 llos
1747 1747 1833 1787 re-

255 1852 343 1906 ges
380 1834 753 1906 conquassarit
779 1833 945 1903 gloria
977 1846 1091 1896 sua,
1125 1840 1178 1884 et
1218 1828 1454 1898 pondere
1496 1825 1726 1880 nominis
1753 1824 1833 1878 sui

257 1926 494 1982 inﬁrmos
517 1924 748 1980 reddidit
775 1937 946 1993 reges,
982 1932 1038 1975 ut
1071 1935 1171 1973 non
1205 1927 1422 1988 possent
1446 1916 1660 1971 eilieere
1691 1913 1832 1984 quod

255 2017 523 2072 volebant.
566 2014 751 2070 Conati
798 2014 938 2068 enim
982 2019 1105 2066 sunt
1146 2010 1366 2062 multum
1413 2007 1592 2062 delere
1640 2019 1833 2059 nomen

252 2109 598 2164 christianum
629 2106 695 2161 de
721 2115 884 2169 terra,
917 2112 970 2158 et
1008 2119 1113 2157 non
1145 2110 1459 2171 potuerunt;
1488 2098 1607 2168 quia
1637 2096 1723 2166 qui
1751 2097 1834 2166 of-

254 2200 465 2270 fenderit
493 2199 546 2251 in
590 2196 812 2267 lapidem
838 2196 1000 2260 illum,
1033 2191 1444 2262 conquassabilur
1474 2187 1680 2260 (Matth.
1724 2202 1832 2252 xxr,

252 2291 360 2361 44).
388 2289 738 2345 Oll'endernnt
769 2303 895 2358 ergo
926 2287 976 2340 in
1017 2284 1242 2354 lapidem
1278 2280 1605 2346 olfcn'sionis,
1635 2288 1686 2335 et
1714 2279 1835 2333 ideo

250 2380 590 2450 eonquassati
621 2387 746 2448 sunt
783 2391 952 2447 reges,
982 2390 1102 2430 cum
1131 2374 1311 2429 dicunt
1348 2390 1360 2426 :
1398 2371 1527 2439 Quis
1571 2378 1652 2424 est
1685 2368 1835 2425 Chri-

249 2471 400 2526 stus?
424 2469 615 2525 Nescio
648 2468 764 2538 quis
802 2466 1039 2531 Judzeus,
1091 2465 1271 2519 nescio
1299 2463 1417 2534 quis
1458 2461 1726 2525 Galilarus,
1759 2458 1838 2514 sic

247 2563 480 2627 occisus,
507 2559 583 2614 sic
613 2566 872 2613 mortuus.
902 2556 1060 2626 Lapis
1086 2564 1168 2610 est
1188 2563 1312 2608 ante
1339 2553 1500 2623 pedes
1522 2560 1660 2618 tuos,
1685 2550 1834 2621 quasi

247 2653 424 2708 viliter
453 2661 508 2706 et
538 2651 808 2705 humiliter
828 2650 1011 2720 jacens
1040 2666 1052 2701 :
1087 2647 1206 2702 ideo
1248 2643 1639 2700 contemnendo
1676 2642 1835 2697 olfen-

247 2747 352 2814 dis,
407 2745 726 2801 oll'endendo
772 2743 952 2810 cadis,
999 2740 1239 2797 cadendo
1266 2739 1552 2810 quassaris.
1606 2736 1664 2790 Si
1707 2750 1834 2806 ergo

247 2848 390 2892 tanta
419 2846 502 2892 est
546 2838 622 2890 ira
654 2835 869 2899 occulti,
901 2833 1041 2903 quod
1084 2833 1188 2888 erit
1224 2830 1483 2902 judicium
1530 2827 1834 2882 manifesti?

245 2929 482 2984 Audistis
527 2928 658 2981 iram
708 2925 940 2992 occulti,
982 2925 1048 2979 de
1091 2937 1191 2994 qua
1232 2923 1467 2993 psalmus
1506 2919 1828 2982 inscribitur,

244 3019 360 3076 Pro
379 3018 588 3074 occultis
606 3018 700 3086 ﬁlii
727 3031 747 3073 :
773 3032 944 3070 nonus
963 3015 1216 3084 psalmus,
1245 3014 1292 3068 si
1319 3013 1453 3068 bene
1478 3010 1716 3073 memini,
1748 3009 1799 3062 iu
1814 3039 1830 3050 ς

243 3113 512 3177 scribitur,
547 3109 654 3163 Pro
681 3107 890 3182 pccultis
911 3107 1005 3176 ﬁlii
1021 3121 1037 3170 ;
1070 3113 1123 3160 et
1154 3105 1222 3160 ibi
1254 3101 1554 3158 ostenditur
1574 3099 1830 3170 judicium

242 3203 511 3258 occultum
551 3201 645 3255 irae
689 3198 930 3254 occultte.
965 3197 1102 3252 lrato
1133 3195 1242 3250 Deo
1285 3195 1467 3248 vivunt
1492 3192 1582 3262 qui
1615 3191 1665 3244 in
1697 3189 1830 3258 lapi-

242 3293 364 3347 dem
410 3291 560 3346 illum
610 3288 914 3351 offendunt;
962 3291 1400 3355 conquassantur.
1441 3281 1510 3336 Et
1554 3293 1658 3351 quo
1692 3280 1834 3334 valet

243 3382 385 3453 quod
413 3379 868 3452 conquassantur?
894 3377 1027 3432 Audi
1055 3384 1110 3431 et
1133 3375 1199 3430 de
1219 3373 1418 3445 judicio
1446 3373 1658 3426 futuro:
1700 3369 1832 3436 Quia

240 3474 325 3544 qui
344 3472 613 3541 o/fenderit
634 3472 686 3524 in
709 3470 927 3539 lapidem
959 3468 1121 3532 illum,
1145 3466 1237 3532 ait,
1269 3461 1686 3534 conquassabitur
1702 3477 1723 3526 ;
1749 3477 1834 3514 su-

241 3581 330 3634 per
347 3580 499 3634 quem
519 3577 632 3617 vero
652 3559 878 3614 ceciderit
903 3558 1032 3628 lapis
1051 3557 1158 3623 ille,
1179 3563 1397 3609 conteret
1419 3569 1535 3608 eum
1559 3551 1708 3622 (Luc.
1735 3565 1829 3616 xx,

243 3654 356 3723 18).
387 3652 524 3708 Cum
555 3665 682 3720 ergo
705 3648 990 3704 offenditur
1017 3647 1068 3701 in
1094 3661 1237 3714 eum,
1269 3643 1418 3715 quasi
1442 3641 1656 3697 humilis
1669 3639 1829 3711 jacet;

242 3754 369 3800 tunc
403 3749 726 3814 οοηίιιιιιδεειι
765 3758 778 3794 2
809 3755 927 3795 cum
958 3746 1136 3793 autem
1163 3744 1424 3803 conteret,
1460 3734 1692 3802 desuper
1737 3747 1831 3787 ve-

243 3836 373 3891 niet.
401 3834 591 3889 Videte
615 3830 1056 3903 quemadmodum
1083 3828 1165 3882 his
1196 3827 1332 3881 binis
1351 3825 1549 3890 verbis,
1574 3835 1836 3892 conquas-

241 3927 384 3981 sabit
427 3933 484 3979 et
523 3932 782 3989 conteret,
815 3921 1035 3976 oll‘eudit
1087 3921 1140 3974 in
1185 3933 1308 3974 cum
1341 3925 1408 3972 ‘et
1455 3915 1634 3970 veniet
1673 3929 1834 3982 super

241 4032 389 4082 eum,
419 4014 701 4069 distributa
742 4020 866 4066 sunt
889 4011 996 4066 duo
1025 4019 1284 4078 tempora,
1313 4006 1624 4060 humilitatis
1652 4013 1704 4060 et
1725 4006 1834 4060 cla-

241 4106 419 4160 ritatis
448 4103 666 4169 Christi,
695 4103 918 4157 occulta:
953 4115 1125 4170 lumnae
1155 4108 1209 4154 et
1249 4096 1432 4166 judicii
1472 4094 1655 4150 futuri.
1696 4095 1831 4150 Eum

238 4211 345 4250 nou
379 4202 627 4249 conteret
664 4192 902 4259 veniens,
943 4205 1101 4260 quem
1138 4204 1241 4242 non
1269 4194 1592 4256 conquassat
1625 4185 1829 4256 jacens.

237 4285 438 4341 Jaeens
465 4283 603 4350 dico,
649 4292 899 4353 tanquam
939 4279 1358 4349 contemptibilis
1387 4292 1670 4348 apparens.
1701 4276 1831 4331 Nam

240 4378 331 4433 ille
373 4393 407 4431 ιι
456 4376 664 4431 dextris
702 4376 798 4430 Dei
843 4382 944 4439 est,
997 4380 1051 4428 et
1096 4372 1268 4427 valide
1310 4386 1374 4426 ex
1415 4370 1524 4424 alto
1562 4369 1829 4436 clamavit,

238 4469 428 4534 Saule,
453 4467 630 4533 Saule,
660 4467 780 4537 quid
803 4482 880 4519 me
901 4463 1208 4535 persequeris
1247 4461 1382 4535 (Act.
1413 4477 1485 4526 ix,
1509 4459 1602 4530 4)?
1623 4458 1726 4514 Sed
1756 4465 1833 4512 ta-

236 4577 361 4616 men
399 4559 640 4630 quamvis
663 4559 728 4613 de
759 4558 915 4623 caelo,
942 4572 1044 4611 non
1073 4555 1294 4620 diceret,
1323 4553 1459 4622 Quid
1475 4569 1552 4606 me
1572 4568 1832 4623 perseque-

236 4653 352 4706 ris?
383 4665 546 4721 quem
576 4665 732 4705 nemo
759 4649 1028 4719 tangebat,
1060 4648 1160 4702 nisi
1199 4649 1268 4702 ita
1299 4647 1350 4701 in
1391 4645 1528 4700 ctelo
1548 4643 1612 4699 ad
1648 4644 1833 4699 dexte-

237 4758 350 4798 ram
377 4741 562 4797 Patris
587 4740 814 4805 sederet,
841 4750 896 4794 ut
919 4748 973 4794 et
1003 4740 1053 4793 in
1079 4747 1218 4793 terra
1247 4739 1302 4792 in
1329 4737 1482 4792 nobis
1508 4736 1656 4806 quasi
1680 4736 1828 4805 jace-

235 4844 335 4889 ret.
362 4832 622 4887 Dominus
641 4847 672 4883 a
699 4830 887 4884 dextris
909 4829 1025 4894 tuis,
1063 4827 1409 4897 conquassavit
1445 4827 1498 4880 in
1519 4827 1599 4880 die
1615 4827 1706 4878 ira:
1725 4841 1832 4879 sum

235 4940 398 5068 “git;
433 5009 566 5082 [vers
603 5008 681 5080 6.]
720 5007 976 5062 Judicabit
1009 5008 1060 5060 in
1098 5004 1343 5076 gentibus.
1377 5003 1482 5059 Sed
1519 5019 1678 5066 nunc,
1722 5003 1828 5057 Pro

233 5103 487 5165 occultis;
508 5102 609 5156 erit
630 5100 771 5155 enim
795 5107 848 5154 et
869 5098 1123 5167 judicium
1162 5095 1498 5150 manifestum
1529 5110 1542 5146 :
1573 5093 1828 5148 Iudicabit

169 5237 183 5252 κ
231 5201 282 5252 in
303 5197 560 5271 gentibus.
583 5195 740 5251 Modo
769 5193 909 5249 enim
941 5191 1017 5258 lit,
1057 5190 1216 5246 Periit
1244 5189 1480 5244 memoria
1522 5205 1693 5242 eorum
1716 5204 1828 5240 cum

229 5292 470 5360 strepitu.
498 5287 554 5343 In
583 5289 697 5358 ipso
725 5288 931 5358 psalmo
961 5293 1060 5350 est,
1097 5283 1204 5338 Pro
1235 5283 1442 5336 occultis
1477 5297 1494 5335 :
1530 5279 1694 5334 Periit
1726 5296 1828 5333 me-

227 5386 395 5440 moria
417 5399 594 5436 eorum
623 5399 735 5456 cum
757 5380 988 5450 strepitu,
1017 5389 1060 5432 et
1083 5376 1334 5430 Dominus
1365 5375 1414 5427 in
1437 5385 1678 5428 attermtm
1714 5389 1825 5425 ma-

226 5485 309 5528 net
329 5491 349 5540 ;
375 5472 574 5544 paravit
609 5471 660 5523 in
673 5468 872 5538 judicio
897 5467 1062 5522 sedem
1084 5482 1248 5530 suam,
1273 5473 1316 5518 et
1346 5464 1454 5533 ipse
1463 5463 1717 5534 judicobit
1739 5479 1825 5516 or-

227 5566 338 5623 bem
370 5577 623 5620 terrarum
661 5563 713 5616 in
755 5561 1004 5632 wquitate.
1038 5558 1112 5663 lbi
1154 5557 1355 5614 dictum
1383 5564 1462 5611 est
1484 5596 1500 5624 ,
1543 5554 1828 5624 Increpasti

286 5725 307 5756 ι
343 5720 577 5790 Plerique
599 5725 728 5790 sise,
747 5715 1171 5790 conquassabit.nt2t
1207 5714 1350 5781 paulo
1384 5721 1492 5779 post
1516 5748 1532 5776 ,
1567 5709 1684 5777 quid
1719 5714 1828 5776 aget

221 5785 458 5836 sacerdos
477 5777 527 5832 in
551 5787 665 5834 teter
676 5793 803 5842 sum,
825 5777 942 5844 quid
965 5783 1073 5843 aget
1100 5777 1125 5829 ?

1360 345 1754 408 ENAllRATlO
1791 341 1857 397 IN
1899 341 2218 399 PSALMU.“
2258 341 2400 396 CIX.

3375 346 3546 403 Μεθ’

1933 467 2120 528 gentes,
2145 467 2190 512 et
2210 458 2354 529 periit
2375 457 2589 528 impius;
2613 475 2789 513 nomen
2812 476 2984 513 eorum
3006 457 3179 514 delesti
3199 460 3248 514 in
3269 469 3512 514 ceternum
3537 476 3544 480 -

1933 548 2102 620 (Psal.
2132 566 2203 614 ix,
2237 548 2351 619 6-9)
2389 566 2403 603 :
2443 549 2542 604 hoc
2566 551 2774 604 occulte
2802 551 2992 620 agitur.
3033 547 3097 604 In
3139 551 3222 605 die
3253 565 3381 617 ergo
3412 551 3506 603 ira:

1932 655 2038 694 sua:
2069 640 2414 707 conquassarit
2440 655 2597 709 reges.
2638 639 2893 693 Judicabit
2925 641 2972 693 in
3001 641 3242 711 gentibus.
3277 642 3514 706 Quomo-

1933 731 2046 785 do?
2074 730 2209 785 Audi
2243 730 2380 799 quod
2409 728 2647 800 sequitur
2677 749 2690 784 :
2734 730 2958 800 Replrbit
3003 733 3192 785 ruinas.
3242 732 3397 787 Modo
3438 733 3515 786 sic

1929 819 2130 890 jndicat
2153 820 2203 874 in
2231 821 2494 889 gentibus,
2525 829 2582 873 ut
2605 820 2807 890 repleat
2834 823 3010 876 ruinas
3038 840 3050 874 :
3077 840 3196 876 nam
3221 823 3433 892 quando
3461 825 3512 876 in

1934 912 2039 966 line
2075 911 2428 981 judicaverit,
2474 911 2745 965 damnabit
2786 913 2982 966 ruinis.
3029 913 3259 982 Replebit
3302 914 3515 967 ruinas:

1934 1019 2067 1075 quas
2097 1005 2313 1058 ruinas?
2343 1005 2592 1074 Quisquis
2616 1020 2644 1057 a
2671 1003 2886 1059 nomine
2906 1006 3021 1074 eius
3047 1007 3297 1072 timuerit,
3322 1007 3477 1061 cadet
3501 1023 3516 1062 :

1937 1113 2055 1150 cuni
2104 1097 2375 1164 ceciderit,
2428 1106 2697 1152 evertetur
2750 1097 2888 1167 quod
2934 1107 3067 1165 erat,
3117 1108 3175 1153 ut
3217 1099 3520 1155 :edilicctur

1936 1190 2076 1259 quod
2119 1205 2221 1245 non
2250 1200 2380 1245 erat.
2406 1189 2663 1243 Jurlicabit
2699 1192 2747 1244 in
2785 1192 3032 1260 gentibus,
3074 1192 3284 1262 ιτρίιὺἱι
3322 1194 3514 1248 ruinas.

1937 1281 2186 1351 Quisquis
2212 1290 2492 1336 contumax
2542 1296 2599 1335 es
2641 1282 2690 1335 in
2722 1281 3012 1346 Christum,
3045 1298 3286 1336 casuram
3320 1293 3518 1338 turrem

1941 1373 1991 1424 in
2022 1373 2186 1426 altum
2216 1373 2454 1427 crexisti.
2492 1373 2696 1426 Bonum
2719 1384 2799 1427 est
2829 1384 2885 1426 ut
2908 1373 3130 1443 teipsum
3157 1374 3398 1442 dcjicias,
3423 1375 3518 1428 hu-

1942 1461 2080 1514 milis
2124 1461 2382 1527 reddaris,
2413 1463 2648 1517 sedentis
2693 1463 2756 1517 ad
2786 1463 3059 1517 dexteram
3102 1465 3271 1519 Patris
3301 1465 3522 1533 pedibus

1940 1551 2289 1618 provolvaris,
2323 1560 2378 1604 ut
2421 1552 2509 1606 liat
2550 1552 2599 1606 in
2644 1563 2694 1607 te
2723 1553 2871 1606 ruina
2902 1555 3276 1608 construenda.
3320 1555 3448 1608 Nam
3477 1557 3519 1608 si

1940 1655 2219 1709 permanes
2245 1642 2295 1695 in
2338 1645 2475 1695 mala
2507 1643 2802 1708 altitudine,
2837 1651 2962 1697 tunc
2987 1643 3276 1714 dejicieris,
3310 1647 3522 1715 quando
3602 1651 3623 1672 δ

1941 1746 2048 1784 non
2075 1731 2442 1788 :edilicahcris.
2484 1733 2694 1789 Etenim
2722 1734 2788 1787 de
2817 1733 3006 1788 talibus
3032 1735 3157 1788 dicit
3187 1735 3238 1789 in
3271 1737 3376 1790 alio
3407 1737 3522 1791 loco

1939 1821 2230 1891 Scriptura,
2246 1822 2458 1878 Destrne
2474 1840 2576 1888 eos,
2602 1834 2763 1877 etnon
2779 1825 3053 1891 mdiﬁcabis
3070 1841 3152 1877 eos
3170 1824 3335 1893 (Psal.
3356 1843 3520 1891 xxv”,

1939 1915 2016 1977 5).
2066 1914 2258 1969 Procul
2287 1916 2447 1970 dubio
2477 1933 2581 1971 non
2611 1916 2808 1972 diceret
2841 1917 2907 1973 de
2937 1917 3274 1988 quihusdam,
3309 1916 3523 1974 Destrue

1940 2021 2041 2071 cos,
2073 2015 2237 2060 etnon
2257 2007 2532 2076 aediﬁeabis
2550 2025 2668 2072 eos;
2692 2009 2792 2062 nisi
2822 2008 3076 2078 quosdam
3107 2011 3176 2062 ita
3200 2008 3519 2071 destrueret,

1941 2111 1994 2153 ut
2023 2100 2331 2155 mdilicaret.
2361 2095 2514 2169 Quod
2561 2102 2619 2156 ﬁt
2661 2103 2762 2156 hoc
2813 2112 3070 2172 tempore,
3109 2118 3228 2156 cum
3277 2103 3523 2157 Christus

1941 2189 1992 2243 in
2023 2191 2267 2259 gentibus
2297 2191 2364 2246 ita
2390 2192 2611 2262 judicat,
2638 2203 2696 2247 ut
2726 2193 2929 2263 repleat
2969 2194 3168 2248 ruinas.
3199 2193 3522 2263 Conquassa-

1939 2281 2006 2335 bit
2033 2283 2200 2352 capita
2229 2300 2380 2353 super
2423 2294 2606 2337 terram
2651 2285 2826 2338 multa.
2871 2285 2986 2351 llic,
3032 2301 3183 2353 super
3219 2295 3424 2352 terram,
3469 2286 3545 2340 in'

1941 2374 2040 2430 hac
2069 2375 2194 2440 vita,
2225 2377 2575 2446 conquassabit
2603 2377 2771 2447 capita
2813 2377 2992 2429 multa.
3029 2377 3102 2430 De
3137 2377 3379 2445 superbis
3425 2377 3525 2430 hu-

1939 2467 2091 2521 miles
2127 2465 2251 2521 facit
2281 2483 2294 2519 :
2327 2477 2380 2522 et
2410 2466 2580 2521 audeo
2607 2466 2807 2532 dicere,
2861 2465 3050 2521 fratres
3101 2467 3226 2529 mei,
3275 2467 3401 2521 utile
3440 2475 3524 2522 est

1939 2561 2110 2628 capite
2139 2568 2387 2629 quassato
2419 2558 2502 2612 hic
2533 2557 2805 2613 humiliter
2846 2557 3137 2623 ambulare,
3168 2572 3324 2628 quam
3349 2560 3523 2626 capite

1939 2660 2119 2706 erecto
2140 2651 2191 2705 in
2217 2651 2472 2721 judicium
2499 2661 2714 2705 atteram
2745 2649 2933 2704 mortis
2963 2649 3222 2704 incidere.
3249 2649 3409 2704 Multa
3435 2645 3524 2704 ea?

1939 2745 2045 2813 pita
2075 2743 2448 2815 conquassabit
2473 2744 2653 2799 ruinas
2680 2742 2946 2808 faciendo,
2979 2741 3072 2796 sed
3100 2742 3355 2812 replenda
3389 2741 3523 2797 tedi-

1941 2835 2142 2889 lieabit.
3246 2857 3276 2878 «ι

2007 2926 2095 2981 20.
2124 2924 2275 2996 [vcrs.
2307 2924 2384 2998 7.]
2406 2924 2485 2978 De
2514 2934 2729 2979 torrente
2749 2924 2799 2978 in
2820 2925 2898 2976 via
2920 2924 3046 2977 bibet
3065 2941 3082 2987 ;
3105 2933 3364 2994 propterea
3385 2924 3523 2979 exal-

1939 3016 2058 3070 tabit
2083 3025 2252 3085 caput.
2284 3015 2570 3070 Videamus
2591 3023 2645 3070 et
2675 3016 2725 3068 in
2753 3015 2835 3068 via
2864 3015 3132 3069 bibentem
3165 3014 3231 3068 de
3262 3023 3520 3070 torrente.

1938 3107 2114 3161 Primo
2131 3108 2246 3177 quis
2262 3116 2342 3162 est
2364 3107 2606 3162 torrens?
2622 3104 2885 3160 Proiluxio
2902 3105 3238 3160 mortalitatis
3256 3106 3524 3163 humanm.

1935 3198 2230 3254 Sicutenim
2245 3207 2450 3252 torrens
2463 3197 2776 3267 pluvialibus
2787 3196 2937 3266 aquis
2953 3195 3522 3266 colligitur,reduudat,

1936 3290 2240 3361 perstrepit,
2271 3289 2460 3355 currit,
2485 3297 2538 3344 et
2553 3288 2812 3344 currendo
2838 3288 3089 3353 decurrit,
3115 3287 3164 3342 id
3191 3297 3291 3355 est,
3309 3304 3524 3343 cursum

1939 3381 2176 3447 liuit;sic
2206 3389 2287 3435 est
2313 3380 2486 3434 omnis
2512 3380 2609 3433 iste
2629 3395 2815 3434 cursus
2837 3379 3191 3433 mortalitatis.
3226 3377 3526 3434 Nascuntur

1937 3472 2199 3537 homines;
2224 3473 2423 3538 vivunt,
2442 3471 2771 3537 moriuntur;
2801 3479 2873 3534 et,
2901 3468 3018 3525 aliis
3046 3469 3411 3533 morientibus,
3435 3469 3527 3525 alii

1936 3573 2244 3630 nascuntur,
2264 3577 2570 3632 rursusque,
2599 3561 2702 3615 illis
2729 3561 3097 3626 morientibus,
3129 3560 3214 3614 alii
3241 3561 3484 3615 oriuntur
3508 3576 3524 3613 :
3595 3607 3600 3614 .

1935 3654 2260 3720 succedunt,
2288 3654 2574 3718 accedunt,
2604 3653 2885 3718 decedunt,
2918 3667 3018 3708 nec
3047 3654 3357 3707 manebunt.
3387 3652 3526 3720 Quid

1936 3743 2020 3799 hic
2047 3745 2285 3800 tenetur?
2314 3743 2439 3814 quid
2460 3759 2563 3798 non
2593 3743 2790 3797 currit?
2818 3743 2942 3812 quid
2971 3759 3076 3796 non
3092 3744 3239 3813 quasi
3261 3743 3326 3799 de
3349 3743 3525 3813 pluvia

1935 3835 2214 3890 collectum
2245 3835 2284 3889 it
2321 3836 2374 3889 in
2402 3834 2684 3905 abyssum?
2711 3832 2986 3901 Quomodo
3027 3833 3168 3888 enim
3211 3832 3401 3891 ﬂuvius
3431 3851 3524 3890 re-

1937 3937 2094 3998 pente
2140 3928 2394 3983 collectus
2429 3927 2496 3982 de
2537 3926 2712 3996 pluria
2738 3968 2752 3993 ,
2783 3925 2850 3980 de
2889 3926 3052 3994 guttis
3100 3925 3378 3994 imbrium,
3407 3927 3446 3980 it
3470 3928 3525 3983 in

1936 4034 2104 4086 mare,
2131 4034 2229 4073 nec
2255 4027 2508 4088 apparet;
2535 4031 2632 4072 nec
2659 4015 2969 4086 apparebat,
3000 4026 3282 4088 antequam
3313 4017 3379 4071 de
3408 4017 3526 4086 plu—

1935 4111 2018 4166 via
2043 4111 2382 4181 colligeretur
2405 4125 2419 4164 :
2443 4109 2520 4163 sic
2551 4107 2652 4162 hoc
2680 4121 2847 4178 genus
2873 4106 3163 4160 humanum
3199 4105 3265 4162 de
3296 4107 3521 4162 occultis
3565 4159 3573 4167 ,

1936 4204 2219 4275 colligitur,
2246 4211 2298 4258 et
2330 4199 2563 4272 proﬂuit;
2587 4209 2758 4255 morte
2783 4213 2993 4254 rursum
3027 4199 3078 4253 in
3105 4199 3370 4254 occultum
3403 4215 3526 4270 pcr-

1934 4297 2040 4369 git;
2086 4296 2314 4351 medium
2362 4295 2464 4350 hoc
2500 4301 2692 4360 sonat,
2723 4301 2776 4348 et
2802 4292 3012 4346 transit.
3047 4289 3120 4347 De
3150 4291 3252 4346 hoc
3283 4299 3546 4351 torrente'

1934 4390 2067 4445 bibit
2090 4390 2212 4455 ille;
2241 4402 2347 4442 non
2376 4396 2458 4442 est
2481 4385 2797 4456 dedignatus
2823 4384 3003 4440 bibere
3029 4383 3096 4440 de
3125 4383 3227 4440 hoc
3257 4392 3518 4442 torrente.
3543 4369 3546 4372 Α

1935 4483 2126 4538 Bibere
2160 4481 2299 4536 enim
2338 4480 2406 4534 de
2431 4478 2533 4534 hoc
2561 4485 2795 4533 torrente
2816 4518 2830 4542 ,
2857 4476 2933 4530 illi
2962 4484 3077 4530 erat
3109 4475 3254 4531 naSci
3279 4484 3332 4531 et
3362 4477 3520 4532 mori.

1939 4574 2048 4629 lloe
2076 4571 2236 4628 habet
2256 4580 2470 4626 torrens
2490 4569 2607 4635 iste,
2633 4567 2958 4623 nativitatem
2981 4577 3030 4622 et
3056 4575 3278 4622 mortem
3306 4583 3524 4624 :susce-

1937 4666 2011 4735 pit
2036 4666 2171 4718 hanc
2197 4661 2476 4727 Christus;
2510 4669 2661 4714 natus
2683 4665 2786 4724 est,
2816 4666 3057 4712 mortuus
3085 4667 3168 4713 est
3195 4675 3208 4711 :
3234 4659 3304 4712 ita
3330 4658 3392 4711 de
3417 4669 3524 4713 tor-

1934 4766 2070 4810 rente
2094 4757 2147 4810 in
2175 4754 2255 4808 via
2296 4753 2448 4808 bibit.
2479 4749 2764 4804 Exsultavit
2791 4749 2931 4804 enim
2967 4748 3093 4801 sicut
3119 4749 3262 4819 gigas
3299 4749 3368 4800 ad
3405 4765 3523 4801 cur-

1933 4847 2140 4899 rendum
2166 4847 2293 4899 viam
2322 4845 2340 4916 (
2365 4841 2510 4896 Psal.
2540 4857 2662 4895 xvnl
2685 4882 2699 4906 ,
2723 4839 2756 4894 6
2781 4841 2821 4911 ).
2847 4838 2926 4893 De
2955 4849 3175 4893 torrente
3211 4856 3336 4910 ergo
3366 4841 3418 4893 in
3444 4841 3524 4893 via

1935 4935 2102 5001 bibit;
2132 4934 2252 5005 quia
2293 4934 2344 4986 in
2384 4931 2464 4985 via
2505 4938 2828 5000 peccatorum
2866 4946 2967 4984 non
2997 4930 3130 4983 stetit
3155 4929 3330 5000 (Psal.
3358 4945 3376 4982 ι
3403 4970 3416 4992 ,
3445 4927 3521 4998 l).

1934 5027 2065 5093 Quia
2101 5039 2227 5094 ergo
2255 5023 2316 5076 de
2346 5031 2563 5074 torrente
2590 5029 2642 5074 tn
2669 5021 2748 5074 via
2778 5019 2942 5085 bibit;
2977 5029 3241 5089 prepterea
3270 5018 3549 5074 exaltavit-

1932 5123 2081 5182 caput
2103 5113 2186 5167 :id
2208 5109 2448 5182 est,quia
2471 5109 2778 5164 humiliatus
2793 5117 2895 5176 est,
2920 5127 2937 5160 ι
2965 5117 3017 5162 ct
3047 5107 3212 5163 factus
3239 5115 3320 5162 est
3345 5105 3546 5161 subdi-—~

1935 5214 2202 5274 lususque
2216 5203 2282 5258 ad
2306 5212 2549 5265 mortem,
2575 5209 2795 5255 mortem
2818 5211 2992 5256 autem
3027 5199 3218 5264 crucis;
3244 5207 3520 5269 propterea

1933 5313 2052 5352 cum
2083 5297 2223 5350 Deus
2256 5293 2509 5350 exaltavit
2541 5307 2569 5347 a
2615 5294 2835 5348 mortuis
2857 5335 2871 5360 ,
2898 5302 2952 5348 et
2993 5291 3208 5346 donavit
3236 5291 3283 5346 ei
3328 5306 3522 5346 nomen

1932 5388 2074 5459 quod
2102 5394 2183 5442 est
2208 5401 2366 5456 super
2393 5400 2554 5441 omne
2579 5391 2769 5440 nomen
2793 5424 2808 5450 ,
2840 5395 2896 5438 ut
2924 5384 2972 5437 in
3004 5383 3218 5437 nomine
3247 5382 3372 5438 Jesu
3405 5395 3526 5437 oms

1934 5498 2001 5538 ne
2029 5496 2166 5552 genu
2198 5479 2439 5536 ﬂectatur
2460 5520 2477 5547 ,
2508 5478 2806 5534 caelestium
2831 5517 2848 5545 ,
2873 5476 3202 5531 terrestrium
3233 5517 3248 5541 ,
3277 5484 3329 5532 et
3357 5475 3530 5530 infer-

1933 5587 2164 5636 norum,
2210 5578 2266 5626 et
2314 5568 2488 5624 omnis
2537 5568 2713 5636 lingua
2764 5563 3123 5632 confiteatur,
3169 5565 3290 5636 quia
3336 5565 3526 5620 Domi--

1932 5679 2032 5720 nus
2057 5662 2214 5718 Jcsus
2237 5659 2482 5717 Christus
2512 5658 2563 5714 in
2593 5653 2761 5728 gloria
2789 5662 2870 5713 est
2907 5653 3000 5711 Dei
3044 5654 3214 5714 Patris
3246 5654 3265 5729 (
3289 5654 3541 5728 Philippa.

1933 5776 1992 5829 tt,
2019 5755 2200 5828 8-H).
