3964 6204
441 316 471 380 1
477 316 587 381 ιω

452 447 2010 480 ..υ-Μ

814 582 823 589 ,
891 506 974 572 IN
1015 506 1397 570 PSALMUM
1438 505 1551 566 cx

1035 601 1453 694 ΕΝΑΒΒᾼΊΊΟ.

1083 711 1256 751 scnuo
1287 694 1384 767 (α).

1698 759 1726 776 κ

519 810 571 868 1.
610 812 883 867 Venerunt
932 808 1046 864 dies
1095 818 1152 863 ut
1196 817 1473 863 cantemus
1513 806 1739 861 Alleluia
1788 824 1802 860 :
1851 806 2032 861 adeste

442 905 622 958 animo
642 942 658 967 ,
688 900 882 956 fratres
905 941 920 964 ,
944 899 1010 954 ad
1039 897 1377 969 percipienda
1409 912 1528 967 quae
1556 896 1811 950 Dominus
1841 910 2031 964 sugge-

445 996 517 1049 rit
540 992 606 1046 ad
630 991 1053 1047 exhortationem
1077 998 1335 1054 nostram,
1366 995 1420 1043 et
1439 986 1772 1042 nutriendam
1798 985 2032 1040 charita-

442 1095 575 1149 tem,
604 1100 706 1154 qua
734 1083 887 1138 nobis
917 1083 1181 1137 inhrerere
1210 1082 1319 1136 Deo
1343 1079 1540 1136 bonum
1568 1088 1670 1134 est.
1701 1078 1899 1133 Adeste
1919 1078 2033 1131 ani-

443 1192 533 1230 mo
562 1184 866 1233 cantaturos
891 1175 1013 1230 boni
1039 1211 1055 1235 ,
1089 1172 1181 1229 ﬁlii
1203 1172 1376 1228 laudis
1399 1180 1453 1227 et
1477 1171 1661 1242 gloria:
1695 1171 2035 1240 sempiterna:

440 1266 556 1320 veri
584 1273 640 1320 et
666 1266 959 1334 incorrupti
992 1264 1107 1318 Dei.
1132 1262 1329 1318 Adeste
1358 1261 1569 1326 intenti,
1596 1261 1684 1331 qui
1717 1262 1885 1315 nostis
1910 1275 2035 1315 can-

443 1365 561 1411 tare
607 1364 662 1411 et
707 1356 933 1426 psallere
962 1355 1013 1409 in
1053 1353 1304 1409 cordibus
1329 1351 1521 1408 vestris
1549 1351 1775 1405 Domino
1796 1391 1811 1415 ,
1840 1349 2031 1420 gratias

446 1461 659 1517 semper
677 1458 894 1518 agentes
921 1447 971 1499 in
994 1445 1240 1500 omnibus
1269 1442 1551 1516 (Eplies.v,
1582 1441 1783 1512 19,90)
1817 1436 1903 1496 ιρι
1926 1442 2037 1494 lau-

445 1536 567 1591 date
596 1536 758 1590 Deum
785 1553 800 1599 ;
834 1536 935 1589 hoc
957 1544 1038 1590 est
1063 1535 1203 1588 enim
1232 1533 1479 1588 Alleluia.
1510 1532 1577 1586 Et
1605 1532 1655 1586 hi
1681 1530 1894 1602 quidem
1921 1530 2039 1585 dies

444 1626 668 1682 veniunt
689 1626 981 1686 transituri,
1005 1632 1387 1695 transcuntquc
1407 1623 1638 1688 venturi,
1662 1631 1714 1677 et
1740 1621 2040 1692 signiﬁcant

445 1721 588 1776 diem
608 1721 696 1790 qui
725 1735 833 1774 non
859 1719 1002 1774 venit
1029 1726 1084 1773 ct
1109 1718 1320 1784 transit,
1343 1717 1466 1787 quia
1489 1730 1588 1771 nec
1615 1715 1863 1769 hesterno
1884 1712 2043 1783 pmi-

432 1821 536 1866 atur
576 1820 632 1867 ut
658 1811 835 1866 veniat
859 1851 877 1877 ,
909 1824 1009 1865 nec
1036 1810 1272 1865 crastino
1315 1816 1534 1879 urgetur
1577 1815 1633 1859 ut
1675 1813 1927 1859 transeat.
1957 1802 2040 1857 Ad

444 1917 608 1969 quem
631 1917 762 1958 sane
788 1916 888 1956 nos
911 1916 1032 1956 cum
1051 1900 1377 1965 venerimus,
1397 1897 1718 1951 inlimreutcs
1745 1896 1793 1951 ei
1824 1909 1922 1950 nec
1943 1910 2041 1948 nos

444 1992 820 2049 transibimus:
840 1998 897 2047 et
910 1991 1043 2045 sicut
1060 1988 1289 2060 quodam
1308 1989 1424 2042 loco
1440 1987 1646 2042 canitur
1666 1986 1792 2050 Deo,
1800 1983 1942 2040 Beati
1956 1983 2043 2054 qui

448 2086 675 2140 Imbitant
692 2085 745 2139 in
771 2084 921 2138 domo
951 2092 1037 2136 tua
1059 2099 1079 2137 :
1094 2085 1148 2137 in
1171 2083 1361 2136 alecula
1380 2080 1677 2135 surculorum
1697 2078 1974 2134 laudabunt
1995 2087 2043 2131 te

447 2176 621 2247 (Psal.
638 2190 776 2231 Lux
786 2190 861 2242 ιιι,
875 2173 1063 2245 5);hoc
1074 2174 1173 2230 erit
1189 2174 1479 2227 otiosorum
1499 2169 1786 2243 negotium,
1796 2169 1895 2224 hoc
1909 2183 2044 2239 epus

446 2268 775 2335 vacantium,
797 2266 911 2321 lucc
926 2267 1068 2321 actio
1088 2265 1410 2335 quieturum,
1436 2263 1549 2319 hare
1567 2278 1693 2319 eura
1710 2277 2040 2317 securorum.

448 2361 599 2416 Sicut
626 2360 767 2415 cnim
799 2359 915 2415 dies
940 2359 1027 2413 isti
1059 2357 1340 2428 praeteritis
1364 2352 1553 2412 ditibus
1572 2355 2004 2426 Quadragesimze
2024 2395 2039 2419 ,

447 2453 643 2522 quibus
685 2461 810 2531 ante
857 2449 1303 2514 resurrectionem
1351 2447 1612 2503 Dominici
1656 2447 1897 2517 corporis
1922 2444 2044 2500 vitae

449 2545 610 2616 hujus
637 2543 964 2615 signiﬁcatur
991 2556 1189 2599 mirarer
1216 2583 1231 2607 ,
1258 2540 1571 2596 solemnitcr
1595 2548 1740 2609 grata
1779 2538 2044 2592 hilaritate

448 2636 743 2693 succedunt
770 2657 787 2691 τη
807 2636 886 2690 sic
903 2635 1019 2690 dies
1047 2634 1137 2689 ille
1160 2633 1249 2705 qui
1275 2641 1396 2703 post
1421 2632 1866 2687 resurrectionem
1889 2629 2043 2685 dabi-

450 2739 540 2783 tur
569 2726 806 2798 plenario
821 2730 1031 2796 corpori
1056 2725 1284 2791 Domini,
1309 2724 1412 2778 hoc
1433 2733 1515 2778 est
1539 2731 1736 2778 sanctae
1765 2721 2042 2788 Ecclesiae,

451 2819 660 2874 cunctis
685 2820 809 2874 vita:
839 2816 997 2887 hujus
1025 2815 1278 2870 :nrumnis
1301 2822 1461 2886 atque
1488 2813 1763 2869 doloribus
1790 2812 2043 2879 exclusis,

450 2918 708 2981 perpetua
737 2908 991 2964 beatitate
1008 2905 1279 2962 succedet.
1314 2905 1439 2961 llaec
1461 2914 1647 2960 autem
1664 2904 1773 2958 vita
1799 2903 1866 2959 de
1893 2902 2047 2958 nobis

449 3001 891 3073 exlgitcontinent
901 2999 1026 3065 iam,
1043 3005 1103 3053 ut
1122 2997 1280 3054 etiam
1299 3011 1420 3050 cum
1434 2995 1616 3050 labore
1630 3003 1786 3064 atque
1808 2992 2051 3049 luctami-

449 3107 522 3147 ne
538 3090 948 3160 ingemiscentes
961 3087 1182 3160 gravati,
1201 3094 1257 3143 et
1277 3085 1633 3141 habitaculum
1646 3093 1884 3140 nostrum
1906 3084 2047 3155 quod

452 3183 522 3239 de
546 3182 684 3239 calo
711 3189 795 3237 est
813 3178 1124 3251 superindui
1144 3178 1421 3248 cupientes
1450 3175 1517 3249 (11
1541 3175 1659 3232 Cor.
1691 3192 1748 3245 ν,
1771 3174 1828 3248 2)
1848 3217 1865 3243 ,
1891 3191 1919 3229 a
1942 3191 2046 3230 sae-

451 3272 726 3328 cularibus
748 3268 1193 3327 delectationibus
1217 3275 1577 3338 temperemus
1604 3281 1621 3319 :
1645 3273 1700 3321 et
1718 3265 2050 3336 significatur

453 3361 887 3433 quadragenario
900 3374 1142 3423 numero,
1170 3372 1275 3429 quo
1297 3366 1351 3413 et
1370 3357 1580 3429 Moyses
1598 3362 1654 3411 et
1675 3353 1824 3410 Elias
1851 3363 1906 3410 et
1936 3355 2049 3424 ipse

458 3453 718 3508 Dominus
740 3451 1053 3522 jejunarunt
1078 3447 1274 3523 (Exod.
1302 3464 1466 3504 xxxw
1484 3487 1501 3515 ,
1532 3446 1638 3513 28;
1673 3447 1739 3501 111
1767 3447 1896 3518 Reg.
1922 3463 2006 3501 xix
2028 3487 2043 3515 ,

455 3543 512 3607 8;
542 3542 726 3598 Matth.
755 3557 806 3597 tv
826 3583 841 3609 ,
872 3542 953 3613 2).
981 3540 1293 3610 Prtccipitur
1327 3540 1470 3594 enim
1503 3537 1657 3594 nobis
1684 3547 1737 3593 et
1762 3552 1827 3593 ex
1856 3536 1998 3607 Lege
2029 3578 2045 3603 ,

457 3647 513 3692 et
538 3651 604 3691 ex
633 3633 934 3705 Prophetis,
966 3643 1020 3688 et
1042 3647 1107 3687 ex
1136 3633 1252 3702 ipso
1286 3629 1576 3701 Evangelio
1603 3627 1772 3700 (quod
1803 3626 2049 3691 testimo-

454 3730 603 3784 nium
630 3728 789 3784 habet
808 3743 841 3783 a
867 3727 1007 3796 Lege
1035 3733 1089 3780 et
1115 3722 1423 3795 Prophetis;
1442 3720 1583 3778 unde
1606 3720 1766 3777 etiam
1789 3719 1842 3775 in
1867 3725 2051 3775 monte

456 3822 600 3878 inter
637 3828 919 3890 utramque
959 3831 1245 3890 personam
1299 3814 1507 3870 medius
1548 3812 1819 3870 Salvator
1850 3810 2050 3868 eﬁ‘ulsit

456 3911 672 3983 [ΜαιιΙι.
704 3926 850 3975 xvu,
882 3908 992 3981 51),
1025 3917 1083 3963 ut
1119 3908 1187 3963 ab
1215 3906 1471 3984 omnibus.
1506 3903 1690 3959 mundi
1739 3903 2003 3959 illecebris
2028 3941 2045 3969 ,

454 4004 650 4074 quibus
668 4003 861 4072 captivi
881 4001 1122 4057 homines
1137 4000 1523 4056 obliviscuntur
1542 3996 2049 4063 Deum,aviditatcm

456 4105 695 4150 nostram
721 4102 968 4163 tanquam
992 4092 1196 4162 jejunio
1240 4089 1606 4161 temperantia:
1634 4129 1651 4155 ,
1674 4088 2002 4144 refrenemus
2030 4103 2046 4153 ;

457 4184 710 4254 quamdiu
732 4183 983 4253 perfectio
1001 4182 1246 4254 Decalogi
1268 4181 1445 4253 Legis,
1466 4188 1715 4251 tanquam
1739 4180 2047 4250 psalterium

456 4274 645 4330 decem
672 4272 993 4328 chordarum
1012 4313 1028 4340 ,
1057 4286 1153 4341 per
1178 4280 1406 4342 quatuor
1434 4270 1672 4339 ejusdem
1705 4267 1888 4324 mundi
1922 4284 2049 4339 par-

460 4375 541 4420 tes
564 4404 583 4430 ,
610 4363 661 4417 id
700 4371 782 4417 est
806 4404 820 4426 ,
851 4371 962 4416 toto
1003 4362 1132 4417 orbe
1165 4361 1518 4431 prtcdicatur,
1551 4370 1610 4415 ut
1636 4357 1822 4416 decem
1862 4371 2051 4431 quater

457 4455 616 4510 ducta
648 4452 1136 4523 .quadrageuarium
1177 4466 1460 4507 numerum
1504 4451 1733 4522 signent.
1771 4450 2046 4521 Quinqua-

458 4545 679 4618 gcnario
729 4559 858 4600 vero
901 4558 1127 4601 numero
1151 4551 1275 4615 post
1300 4545 1747 4598 resurrectionem
1797 4544 2043 4607 Domini,

458 4650 566 4707 quo
592 4637 873 4693 cantamus
901 4634 1124 4689 Alleluia
1142 4676 1156 4699 ,
1186 4648 1294 4688 non
1319 4631 1595 4702 cujusdam
1646 4634 1900 4703 temporis
1928 4634 2047 4687 ﬁnis

458 4737 515 4782 et
540 4727 814 4791 transitus,
833 4726 933 4782 sed
960 4725 1113 4782 beata
1143 4726 1231 4782 illa
1256 4724 1586 4796 signiﬁcatur
1610 4726 1900 4791 mternitas;
1922 4726 2044 4795 quia

462 4819 717 4874 denarius
743 4817 956 4873 additus
981 4816 1433 4889 quadragenario,
1466 4815 1832 4872 laborantibus
1867 4817 1918 4871 in
1950 4817 2049 4872 hac

458 4914 569 4967 vita
612 4912 857 4967 ﬁdelibus
878 4926 1085 4967 merces
1112 4912 1198 4966 illa
1227 4909 1575 4981 persolvitnr,
1603 4924 1759 4979 quam
1782 4916 1838 4963 et
1862 4907 2048 4978 primis

459 5016 516 5061 et
544 5002 849 5059 novissimis
877 5000 1258 5072 paterfamilias
1288 5001 1601 5071 prmparavit
1620 4999 1900 5069 annalem.
1932 5001 2045 5055 Au-

457 5100 669 5154 diamus
689 5097 867 5167 itaque
881 5094 1100 5166 plenum
1113 5094 1286 5150 divina
1312 5094 1467 5149 laude
1489 5100 1674 5162 pectus
1695 5093 1871 5162 populi
1896 5093 1983 5148 Dei
2006 5094 2041 5146 ί.

462 5193 602 5249 Ecce
631 5197 884 5262 personat
918 5189 970 5243 in
1003 5188 1103 5242 hoc
1142 5186 1350 5256 psalmo
1379 5185 1660 5256 quemdam
1690 5185 2044 5240 exsultantem

460 5282 602 5340 felici
625 5280 1007 5345 exsultatione,
1021 5277 1325 5348 praeﬁgunt
1342 5286 1397 5331 ct
1411 5278 1785 5331 scaturieutcm
1809 5275 1971 5331 corde
1994 5276 2044 5330 in

519 5446 541 5510 ξ
573 5445 750 5510 Regius
760 5453 866 5506 ιιι,
887 5442 1149 5510 Αυάὶατῃῖιε
1170 5440 1329 5510 itaque
1348 5435 1778 5510 Psalmumrdivina
1800 5435 1944 5488 auide
1966 5450 2045 5510 rg-

456 5498 696 5571 Ιιείςνηιέἱη
724 5498 889 5573 pectus
910 5503 1076 5571 populi
1102 5502 1207 5554 Dei.
1242 5498 1296 5552 tit
1318 5514 1428 5573 mox
1454 5514 1562 5573 cum
1586 5509 1687 5550 Am.
1716 5498 2048 5573 chaonii-ullis

456 5558 564 5618 'Mss.
587 5558 923 5632 prosequitur;
958 5558 1079 5632 Il‘cqe
1115 5577 1342 5632 persona:
1364 5565 1547 5625 ttemig.
1583 5574 1703 5632 vero
1744 5558 1889 5632 liber,
1925 5569 2046 5632 uoce

455 5623 709 5691 peratum
742 5623 916 5681 in’hoe
940 5623 1130 5691 Paulino
1163 5625 1439 5691 qumndam,
1467 5623 1563 5673 etc.
1604 5623 1793 5691 Aliquot
1829 5623 2044 5684 denique

456 5685 587 5746 item,
612 5697 731 5741 Ecce
754 5695 974 5746 personat
996 5689 1047 5739 in
1069 5689 1159 5739 hoc
1177 5685 1387 5745 'Psalmo,
1406 5692 1452 5736 et
1473 5685 1747 5746 quemdam.
1776 5690 1871 5733 etc.

517 5723 596 5815 ῖᾶ)
612 5723 699 5802 Ἰζᾶ
703 5723 1274 5815 manantia-11:“
1254 5723 1562 5800 ³31ἵόιὶἶᾶἶέ
1566 5723 1791 5795 ’1ᾜῶἰίἱεί

1608 313 1667 374 S.
1705 312 2073 371 AUGUSTINI
2109 310 2413 370 EPlSCOPl

3582 309 3734 369 “63

2137 441 2325 481 amore
2352 426 2440 482 Dei
2468 426 2718 497 populum
2741 468 2758 492 ,
2781 426 2988 483 scilicet
3006 439 3202 496 corpus
3233 424 3452 489 Christi,
3479 427 3548 482 ab
3576 428 3731 483 omni

2141 516 2280 571 malo
2307 517 2603 570 liberatum.

2208 609 2264 663 9..
2293 606 2442 681 [vers.
2491 607 2569 680 6.]
2595 607 2881 676 Con/itebor
2907 608 3017 675 tibi,
3045 609 3237 680 inquit,
3273 608 3516 674 Domine,
3543 607 3599 663 in
3620 619 3737 663 toto
3796 588 3801 594 Δ

2139 698 2290 752 corde
2316 715 2444 755 meo.
2471 697 2588 753 Non
2614 714 2826 768 semper
2852 698 3117 753 confessio
3140 684 3482 768 peccatorum
3502 713 3605 767 est,
3630 701 3738 755 sed

2139 800 2192 844 et
2229 791 2342 844 laus
2391 789 2481 845 Dei
2521 788 2809 846 devotione
2851 792 3202 847 confessionis
3250 792 3597 863 expromitur.
3630 793 3739 848 Illa

2140 880 2313 951 luget,
2344 880 2455 936 luce
2481 882 2703 952 gaudet;
2732 882 2822 937 illa
2851 882 3060 938 medico
3091 885 3286 939 vulnus
3312 888 3578 951 ostendit,
3610 887 3743 945 iure

2139 972 2206 1025 de
2249 972 2472 1027 sanitate
2495 973 2691 1043 gratias
2718 974 2846 1045 agit.
2879 970 3007 1029 Harc
3043 975 3311 1031 Confessio
3338 979 3625 1046 quemdam
3653 978 3745 1033 si-

2139 1062 2374 1133 gniﬁcat,
2399 1078 2503 1117 non
2526 1063 2696 1118 solum
2720 1066 2790 1120 ab
2812 1063 2957 1119 omni
2979 1065 3118 1119 male
3135 1066 3435 1133 liberatum,
3454 1069 3547 1124 sed
3565 1070 3741 1124 etiam

2140 1167 2169 1205 a
2212 1152 2455 1222 malignis
2506 1153 2753 1209 omnibus
2794 1166 3121 1225 separatum.
3168 1157 3230 1212 Et
3277 1157 3398 1214 ideo
3451 1160 3746 1217 videamus

2143 1243 2228 1295 uhi
2268 1242 2582 1298 conﬁteatur
2620 1244 2844 1299 Domino
2890 1246 2941 1299 in
2992 1257 3102 1302 toto
3145 1248 3327 1303 corde.
3368 1248 3435 1303 In
3478 1252 3744 1315 consilio,

2142 1332 2341 1402 inquit,
2370 1343 2614 1387 rectorum
2639 1375 2653 1398 ,
2676 1344 2724 1388 et
2761 1337 3145 1407 congregatione
3168 1350 3187 1392 :
3211 1339 3373 1394 credo
3396 1381 3412 1409 ,
3433 1342 3521 1412 qui
3568 1342 3747 1398 sede-

2144 1422 2273 1477 bunt
2314 1435 2477 1494 super
2512 1423 2790 1480 duodecim
2824 1427 3068 1495 thronos,
3110 1428 3410 1496 judicantes
3448 1431 3746 1487 duodecim

2145 1513 2311 1567 tribus
2347 1514 2506 1569 lsracl
2536 1515 2743 1586 (Matth.
2777 1533 2870 1571 xu:
2895 1559 2912 1586 ,
2941 1517 3054 1589 28).
3086 1518 3266 1575 Nullus
3292 1522 3433 1577 enim
3452 1523 3562 1594 jam
3593 1525 3750 1581 inter

2143 1619 2236 1659 eos
2280 1607 2526 1677 iniquus,
2581 1608 2777 1664 nullius
2809 1606 2959 1664 Juda:
3002 1611 3136 1667 furta
3189 1612 3520 1680 tolerantur,
3555 1617 3749 1673 nullus

2145 1696 2330 1752 Simon
2381 1712 2564 1769 magus
2612 1698 2932 1770 baptizatur,
2975 1703 3227 1772 Spiritum
3278 1707 3462 1763 volens
3508 1725 3745 1777 emere,

2144 1787 2270 1843 dum
2302 1790 2498 1860 cogitat
2537 1788 2768 1847 vendere
2814 1793 2952 1862 (Act.
2985 1811 3076 1849 vnt
3102 1837 3118 1863 ,
3153 1799 3246 1861 15,
3278 1799 3527 1869 18,19);
3557 1803 3752 1858 nullus

2147 1880 2447 1936 Alexander
2479 1878 2699 1937 a-rarius
2737 1884 2897 1938 multa
2942 1887 3079 1939 mala
3118 1889 3353 1944 ostendit
3377 1889 3447 1961 (11
3472 1890 3611 1946 Tim.
3651 1904 3749 1958 Iv,

2149 1969 2260 2040 14),
2285 1970 2462 2026 nullus
2490 1973 2644 2026 oviua
2676 1973 2811 2043 pelle
2838 1983 3007 2030 tectus
3035 1975 3165 2033 falsa
3188 1979 3517 2037 fraternitate
3543 1983 3750 2040 subre-

2147 2063 2261 2133 pit;
2295 2064 2434 2118 inter
2457 2064 2639 2134 quales
2668 2081 2810 2122 nunc
2836 2082 3054 2124 necesse
3086 2078 3168 2125 est
3197 2069 3428 2127 Ecclesia
3456 2084 3666 2145 gemat,
3696 2086 3753 2131 et

2147 2154 2331 2226 quales
2347 2165 2471 2211 tunc
2493 2166 2724 2227 oportet,
2749 2175 2870 2214 cum
2893 2176 3079 2216 omnes
3095 2161 3223 2232 jUSti
3250 2167 3752 2237 congregabantur,

2148 2246 2412 2303 excludat.
2441 2247 2567 2303 Haec
2594 2258 2717 2304 sunt
2755 2268 2938 2322 magna
2966 2269 3022 2322 οι
3033 2269 3121 2308 era
3146 2252 3386 2324 Domini,
3412 2258 3672 2331 exquisita
3697 2258 3753 2315 in

2148 2354 2321 2393 omnes
2365 2339 2642 2396 voluntates
2683 2342 2794 2413 ejus
2822 2359 2842 2397 :
2871 2358 2966 2414 per
2990 2362 3122 2415 quas
3149 2347 3352 2403 nullum
3391 2351 3755 2407 conﬁtentem

2147 2427 2361 2485 deserat
2395 2431 2756 2487 misericordia
2782 2475 2796 2500 ,
2827 2434 3022 2491 nullius
3050 2437 3120 2492 sit
3155 2436 3403 2509 iniquitas
3437 2440 3752 2512 impunita;

2148 2518 2362 2591 quando
2407 2522 2637 2594 flagellat
2680 2524 2840 2581 etiam
2884 2543 3097 2585 omnem
3134 2528 3502 2604 ﬁlium‘qucm
3548 2536 3755 2606 recipit

2150 2609 2336 2709 (Ilcbr.
2360 2633 2469 2709 xu,
2499 2617 2580 2688 6).
2607 2617 2711 2709 Sed
2741 2620 2786 2709 si
2800 2620 2983 2709 justus
3008 2624 3093 2678 vix
3122 2623 3375 2691 salvator,
3401 2635 3664 2696 peccator
3697 2639 3754 2685 ct

2151 2704 2345 2773 impius
2367 2704 2451 2761 ubi
2478 2708 2740 2777 parebunt
2763 2706 2808 2780 (l
2831 2710 2971 2765 Petr.
3003 2728 3076 2779 ιν,
3104 2712 3232 2785 l8)?
3261 2715 3425 2786 Eligat
3451 2717 3553 2771 sibi
3578 2717 3753 2772 homo

2150 2792 2423 2866 quodlibet
2462 2814 2475 2851 :
2515 2810 2618 2853 non
2647 2799 2725 2854 sic
2748 2801 3029 2856 constituta
3061 2812 3186 2858 sunt
3213 2819 3373 2874 opera
3402 2803 3661 2872 Domini,
3694 2821 3753 2863 ut

2151 2896 2393 2944 creatura
2424 2890 2475 2944 in
2503 2887 2721 2946 arbitrio
2748 2888 2915 2947 libero
2936 2893 3243 2959 constituta,
3274 2893 3548 2954 Creatoris
3575 2914 3753 2970 supe-

2153 2992 2235 3037 rct
2258 2983 2829 3051 voluntatem,etiamsi
2855 2995 3039 3041 contra
3065 2986 3181 3056 ejus
3207 2983 3367 3043 faciat
3387 2986 3750 3063 voluntatem.

2152 3073 2268 3129 Non
2306 3075 2419 3129 vult
2467 3075 2605 3130 Deus
2648 3084 2706 3131 ut
2749 3091 2975 3146 pecces;
3003 3092 3125 3132 nam
3169 3079 3415 3149 prohibet
3446 3097 3462 3135 :
3489 3089 3676 3138 tamen
3706 3084 3752 3138 si

2154 3166 2480 3234 peccaveris,
2511 3182 2577 3223 ne
2605 3176 2756 3237 putes
2784 3168 3053 3224 hominem
3078 3169 3269 3228 fecisse
3293 3172 3432 3242 quod
3462 3174 3671 3241 voluit,
3697 3185 3755 3231 et

2155 3258 2266 3313 Deo
2302 3258 2559 3315 accidisse
2594 3259 2737 3331 quod
2777 3260 2969 3317 noluit.
2998 3260 3148 3318 Sicut
3186 3261 3328 3318 enim
3354 3262 3465 3319 vult
3492 3274 3552 3319 ut
3580 3263 3755 3321 homo

2153 3362 2259 3410 non
2294 3360 2499 3419 peccet,
2520 3351 2591 3405 ita
2612 3352 2725 3407 vult
2749 3353 2986 3422 peccanti
3017 3367 3257 3424 parcere,
3281 3363 3339 3409 ut
3363 3364 3674 3411 revertatur
3698 3368 3754 3413 et

2152 3439 2326 3505 vivat;
2360 3440 2428 3494 ita
2475 3442 2589 3496 volt
2634 3453 2906 3513 postremo
2950 3444 3002 3499 in
3049 3454 3268 3516 peccato
3310 3458 3752 3518 perseverantem

2153 3533 2341 3603 punire
2363 3574 2378 3599 ,
2407 3542 2464 3587 ut
2496 3534 2718 3604 justitia:
2749 3536 3034 3604 potentiam
3061 3545 3342 3593 contumax
3388 3553 3496 3594 non
3528 3540 3752 3596 evadat.

2155 3625 2229 3680 lta
2275 3626 2529 3697 quidquid
2570 3627 2794 3699 elegeris
2823 3671 2839 3696 ,
2869 3628 3228 3700 Omnipotenti
3266 3645 3373 3686 non
3402 3630 3579 3687 deerit
3602 3631 3755 3689 unde

2154 3732 2303 3771 suam
2343 3718 2411 3773 de
2453 3728 2505 3774 te
2529 3719 2793 3789 compleat
2822 3720 3171 3777 voluntatem.
3203 3722 3395 3795 Magna
3422 3723 3564 3779 enim
3590 3740 3755 3795 opera

2154 3807 2383 3878 Domini,
2412 3812 2657 3882 exquisita
2683 3813 2740 3866 in
2759 3829 2929 3868 omnes
2953 3814 3232 3870 voluntates
3260 3816 3390 3886 ejus.

2225 3902 2277 3957 5.
2301 3900 2447 3974 [vers
2470 3901 2548 3975 5.]
2569 3903 2827 3974 Confessio
2850 3914 2897 3960 ct
2913 3906 3285 3977 magniﬁcentia
3308 3924 3435 3978 opus
3453 3909 3585 3980 ejus.
3604 3908 3752 3976 Quid

2154 3991 2580 4062 magniﬁcentius
2625 4008 2786 4063 quam
2826 3993 3118 4063 justiﬁcare
3161 3996 3424 4066 impium?
3459 3997 3564 4054 Sed
3608 4013 3753 4069 opus

2154 4081 2381 4137 fortasse
2408 4082 2638 4137 hominis
2661 4084 2919 4153 przevenit
2948 4086 3103 4139 istam
3127 4087 3570 4157 magniﬁcentiam
3604 4089 3749 4157 Dei,

2155 4181 2212 4226 ut
2239 4187 2360 4227 cum
2388 4172 2548 4228 fuerit
2574 4181 2789 4243 peccata
2819 4173 3119 4243 confessus,
3136 4176 3414 4247 iustiﬁcari
3445 4188 3745 4235 mereatur.

2161 4281 2181 4315 ι
2212 4263 2494 4319 Descendit
2518 4282 2538 4316 ι
2564 4263 2707 4319 enim
2733 4283 2752 4316 ι
2781 4263 2851 4323 de
2874 4265 3407 4337 templojustiﬁcatus
3422 4267 3756 4325 Publicanus

2156 4356 2324 4427 magis
2365 4370 2524 4426 quam
2572 4355 2903 4423 Pharismus;
2960 4376 2978 4410 ι
3011 4357 3131 4429 quia
3176 4375 3196 4409 ι
3234 4372 3406 4428 neque
3447 4358 3634 4415 oculos
3683 4360 3753 4414 ad

2155 4452 2355 4505 cretum
2375 4450 2603 4506 audebat
2631 4449 2831 4515 levare,
2860 4449 2953 4504 sed
2986 4449 3314 4520 percutiebat
3342 4459 3528 4521 pectus
3554 4465 3751 4519 suum,

2153 4541 2338 4597 dicens
2364 4560 2377 4597 :
2400 4542 2562 4609 Deus,
2585 4540 2845 4612 propitius
2865 4549 2981 4595 esto
3001 4539 3133 4595 mihi
3155 4541 3445 4611 peccatori.
3468 4561 3488 4595 ι
3513 4542 3645 4599 ﬂare
3670 4553 3756 4599 est

2155 4634 2549 4705 magniﬁcentia
2566 4634 2798 4699 Domini,
2817 4633 3128 4703 justiﬁcatio
3154 4636 3483 4704 peccatoris:
3505 4636 3753 4706 quoniam

2153 4729 2241 4799 qui
2266 4744 2321 4782 se
2343 4728 2573 4782 humiliat
2594 4769 2609 4795 ,
2636 4727 2962 4794 multabitur;
2991 4735 3038 4781 et
3066 4728 3151 4798 qui
3179 4744 3234 4784 se
3261 4729 3473 4792 exultat,
3505 4729 3757 4783 humilia-

2154 4822 2287 4874 bitur
2300 4820 2447 4891 (Luc.
2467 4836 2618 4885 xvm,
2639 4820 2851 4891 13,14).
2868 4819 2991 4874 llam
3010 4829 3094 4874 est
3111 4820 3498 4891 magniﬁcentia
3518 4821 3757 4886 Domini;
3830 4808 3836 4815 ’

2155 4914 2403 4983 quoniam
2420 4913 2504 4968 cui
2526 4912 2812 4983 plurimum
2829 4911 3127 4976 dimittitur,
3145 4913 3432 4984 plurimum
3457 4912 3755 4986 diligit(la.

2154 5020 2245 5071 vu,
2275 5003 2482 5074 ζει-48).
2529 5002 2654 5058 lla‘c
2693 5002 3083 5073 magniﬁcentia
3119 5003 3364 5070 Domini;
3394 5004 3647 5074 quoniam
3671 5007 3759 5061 ubi

2152 5097 2423 5151 abundarit
2439 5104 2767 5166 peccatum,et
2779 5094 3204 5166 superabundavit
3218 5095 3382 5166 gratia
3394 5095 3754 5167 (Rom.v,20).

2151 5188 2253 5244 Sed
2273 5188 2494 5242 fortasse
2509 5201 2575 5242 ex
2586 5184 3003 5257 operibus.Non,
3017 5184 3533 5257 inquit,e:roperibus.
3548 5203 3611 5242 ne
3620 5188 3757 5257 forte

2151 5279 2267 5348 quis
2296 5277 2585 5332 extollatur.
2614 5277 2790 5349 Ipsius
2818 5277 2950 5331 enim
2973 5293 3147 5332 sumus
3169 5278 3484 5348 ﬁgmentum,
3511 5281 3670 5333 creati
3693 5280 3751 5336 in

2153 5368 2350 5423 Christo
2376 5368 2427 5423 in
2456 5367 2688 5438 operibus
2721 5367 2862 5423 bonis
2884 5366 3099 5441 (Ephes.
3128 5383 3202 5436 ιι,
3232 5367 3267 5423 9
3286 5411 3303 5435 ,
3333 5366 3445 5440 10).
3474 5368 3753 5426 Justitiam

2155 5460 2298 5514 cnim
2339 5459 2501 5515 homo
2546 5476 2651 5515 non
2700 5468 2954 5530 operatur
2988 5460 3090 5515 nisi
3135 5459 3458 5530 justiﬁcatus
3502 5463 3757 5520 :credau

2152 5561 2322 5605 autem
2348 5551 2400 5605 in
2423 5567 2535 5604 eum
2560 5552 2646 5623 qui
2660 5552 2914 5622 justi/ient
2943 5551 3152 5622 impium
3176 5552 3352 5623 (Rom.
3378 5567 3452 5618 tv,
3482 5553 3565 5625 5),
3594 5568 3624 5608 a
3646 5553 3756 5609 fide

2153 5642 2373 5712 incipit;
2396 5651 2455 5696 ut
2481 5636 2617 5697 bona
2644 5658 2827 5712 opera,
2853 5657 2958 5696 non
2984 5640 3334 5713 prazccdentia
3355 5641 3497 5712 quod
3519 5643 3714 5700 meruit
3735 5683 3753 5706 ,

2150 5731 2252 5790 Sed
2280 5732 2663 5804 consequentia
2689 5732 2831 5801 quod
2862 5733 3063 5801 accepit
3101 5731 3403 5788 ostendant.
3434 5732 3589 5790 Unde
3623 5747 3761 5804 ergo
