4026 6202
390 276 415 331 1
432 274 528 330 46⁵1

400 385 1598 420 ________________._____

845 476 928 538 IN
973 430 1356 535 PSALMUIu
1399 464 1541 528 ex:

986 587 1384 648 ENARRATIO

904 721 1075 764 διεκικο
1104 722 1171 760 AD
1205 716 1467 760 Ροῐνυιυιι.

1605 381 1957 397 ----

473 830 524 885 1.
555 826 727 883 Credo
748 823 893 895 quod
931 818 1253 881 attendistis,
1304 814 1513 876 fratres,
1557 811 1715 882 hujus
1769 808 1978 865 titulum

404 921 615 990 psalmi,
659 915 1035 983 memoriasque
1088 908 1398 963 mandastis.
1450 903 1738 967 Conversio,
1789 899 1979 970 inquit,

400 1010 575 1081 Αθῃωὶ
596 1017 643 1063 et
668 1005 948 1060 Zacltariw.
976 998 1218 1056 Nondum
1254 1004 1405 1053 erant
1444 994 1498 1049 bi
1543 992 1831 1063 prephetm,
1864 1004 1985 1044 eum

403 1105 503 1159 ista
549 1108 757 1156 cantata
814 1105 955 1152 sunt.
1005 1093 1243 1163 Namque
1288 1090 1428 1144 inter
1467 1096 1673 1156 tempus
1727 1083 1987 1150 David,et

402 1189 919 1261 transmigrationem
967 1185 1144 1255 populi
1169 1181 1329 1237 Israel
1371 1180 1423 1235 in
1458 1177 1820 1248 Babyloniam,
1849 1190 1984 1245 qua-

406 1282 697 1338 tuordecim
750 1278 1119 1349 generationes
1176 1279 1553 1333 numerantur,
1610 1267 1745 1321 sicut
1810 1264 1988 1318 divina

407 1376 702 1443 Scriptura,
755 1369 1088 1437 maximeque
1116 1364 1392 1419 Matthzcus
1416 1358 1736 1429 evangelista
1769 1365 1999 1410 testatur.

408 1466 428 1535 (
464 1463 650 1518 Matth.
681 1478 715 1525 ι,
748 1460 854 1526 17)
887 1476 899 1511 :
942 1456 1111 1512 eversi
1146 1462 1322 1509 autem
1352 1450 1535 1520 templi
1583 1446 1856 1503 renovatio
1898 1459 1987 1501 se-

408 1554 638 1611 cundum
668 1550 838 1606 sancti
866 1547 1109 1605 Jeremia:
1139 1543 1467 1615 prophetiam
1491 1581 1508 1607 ,
1531 1555 1596 1595 ex
1635 1536 1994 1594 illatransmi-

409 1647 648 1716 gratio’ne
676 1652 794 1712 post
841 1637 1171 1708 septuaginta
1200 1648 1370 1689 annos
1407 1630 1721 1701 sperabatur
1748 1629 1767 1699 (
1791 1626 1986 1716 Jcremr.

409 1715 536 1802 ixv,
566 1734 671 1800 1‘2;
702 1741 748 1787 et
783 1746 939 1793 χχιχ,
966 1728 1032 1784 10
1063 1727 1081 1799 )
1111 1745 1125 1781 :
1158 1727 1246 1796 qui
1273 1739 1391 1778 cum
1440 1721 1858 1791 complerentur,
1890 1715 1991 1771 sub

411 1827 569 1883 Dario
600 1839 720 1894 rege
744 1820 1028 1893 Babylonis
1085 1816 1286 1887 impleti
1331 1822 1456 1869 sunt
1500 1811 1698 1883 Spiritu
1730 1818 1913 1865 sancto
1938 1806 1993 1862 hi

411 1918 518 1975 duo
564 1915 853 1987 prephetm,
888 1914 1114 1981 Aggaeus
1161 1917 1214 1963 et
1251 1903 1537 1960 Zacharias
1562 1918 1577 1969 ;
1601 1908 1656 1957 et
1696 1900 1854 1955 ambo
1876 1907 1997 1969 post

412 2009 637 2065 invicem
673 2006 809 2060 intra
845 2018 1007 2058 unum
1065 2013 1262 2055 annum
1322 1994 1640 2066 prephetare
1697 1996 1991 2060 cmperunt,

413 2100 554 2173 quod
579 2098 645 2154 ad
670 2096 1069 2154 renovationem
1100 2090 1280 2159 templi
1300 2131 1315 2152 .
1359 2088 1495 2142 sicut
1522 2092 1671 2139 tanto
1700 2092 1826 2138 ante
1854 2094 1991 2153 prte-

413 2194 614 2249 dietum
641 2201 750 2253 est,
794 2186 1062 2257 pertinere
1099 2181 1310 2236 videtur
1346 2176 1389 2252 (Ι
1419 2175 1576 2231 Esdr.
1600 2191 1619 2229 ι
1641 2215 1655 2239 ,
1680 2190 1748 2238 v;
1778 2173 1910 2244 Agg.
1939 2186 1994 2236 t;

415 2285 634 2343 Zachar.
661 2283 725 2351 ι).
775 2279 882 2336 Sed
919 2275 1159 2347 quisquis
1201 2269 1551 2342 corporaliter
1577 2266 1741 2337 gestis
1786 2263 1998 2319 oculum

414 2375 592 2431 cordis
613 2371 815 2441 infigit,
845 2381 1020 2437 neque
1041 2364 1163 2419 inde
1189 2363 1240 2417 in
1271 2360 1496 2431 gratiam
1522 2354 1812 2426 Spiritualis
1841 2353 1998 2407 intel-

416 2468 584 2523 lectus
627 2459 970 2520 extenditur,
1033 2455 1236 2510 habitat
1274 2450 1593 2522 cogitatione
1646 2445 1700 2500 in
1740 2442 2002 2515 lapidibus

419 2554 622 2625 templi,
651 2551 840 2622 quibus
866 2546 1088 2602 visibilis
1120 2542 1316 2597 fabrica
1342 2537 1586 2593 manibus
1618 2534 1889 2589 hominum
1921 2532 2002 2585 in-

422 2655 625 2703 structa
656 2639 962 2711 consurgit;
990 2650 1089 2692 nec
1117 2636 1231 2704 ipse
1260 2632 1393 2701 lapis
1417 2631 1567 2684 vivus
1593 2627 1840 2692 efficitur,
1875 2633 2002 2679 tem-

422 2738 512 2810 plo
541 2735 615 2790 illi
645 2728 1076 2789 accommodatus
1102 2736 1259 2795 atque
1283 2733 1438 2792 aptus
1461 2718 1488 2788 ,“
1507 2719 1647 2791 quod
1676 2719 1726 2771 in
1756 2732 1853 2810 suo
1874 2731 1996 2810 cor-

420 2806 552 2900 pore
598 2826 827 2896 primum
873 2820 1126 2876 Dominus
1176 2814 1455 2900 figuravit,
1497 2827 1617 2866 cum
1662 2810 1778 2863 ait:
1812 2806 2008 2900 Solvite

422 2895 666 2990 templum
704 2918 798 2970 hoc
822 2955 836 2979 ,
866 2922 913 2966 ct
940 2910 1107 2964 triduo
1143 2895 1394 2961 suscitabo
1421 2903 1549 2958 illud
1577 2900 1821 2990 (Joanltt
1843 2940 1863 2990 ,ἓ
1886 2896 2000 2990 iii).

422 2988 690 3066 Est-cnim
716 3017 911 3073 corpus
934 2997 1139 3055 Domini
1162 2995 1368 3066 plenius
1398 2995 1507 3063 ipsa
1530 2999 1710 3046 sancta
1742 2988 2003 3053 Ecclesia,

421 3100 577 3172 cujus
619 3104 779 3166 caput
804 3090 1040 3149 ascendit
1079 3090 1130 3144 in
1159 3087 1373 3146 ccelum,
1401 3083 1489 3154 qui
1519 3091 1600 3136 est
1623 3080 1861 3172 maxime
1874 3077 2007 3172 lapis

425 3169 575 3248 vivus
594 3231 611 3257 ,
658 3188 793 3259 lapis
816 3182 1086 3254 augularis
1109 3220 1125 3246 ,
1179 3178 1245 3234 dc
1272 3193 1377 3247 quo
1406 3175 1590 3229 beatus
1618 3172 1807 3226 Petrus
1833 3169 1960 3223 dicit
1990 3186 2003 3222 :

431 3302 453 3337 ι
488 3280 571 3336 Ad
614 3294 769 3350 quem
797 3273 1111 3330 accedentes
1142 3271 1158 3302 ⁸
1182 3267 1409 3337 lapidem
1437 3265 1611 3318 vivum
1637 3303 1651 3326 ,
1686 3261 1754 3315 ab
1782 3259 2009 3314 homini-

426 3376 528 3433 bus
553 3371 890 3444 reprobatum
908 3409 922 3434 ,
950 3382 981 3421 a
1007 3366 1117 3420 Deo
1150 3370 1325 3417 autem
1356 3359 1582 3413 electum
1609 3364 1663 3410 et
1687 3352 2019 3445 honorifica:

429 3478 541 3525 tum
564 3484 579 3533 ;
606 3443 660 3521 et
682 3478 778 3519 vos
807 3475 934 3530 ergo
957 3468 1207 3527 tanquam
1234 3451 1436 3523 lapides
1465 3449 1570 3503 vivi
1595 3443 2008 3533 mdificaminiin

430 3532 648 3616 domum
676 3550 1001 3625 spirituaiem
1028 3589 1044 3615 ,
1090 3547 1144 3601 in
1173 3541 1528 3599 sacerdotium
1557 3548 1799 3593 sanctum
1818 3576 1833 3603 ,
1876 3532 2011 3589 oﬂ‘e-

432 3660 612 3708 rentes
654 3624 954 3718 spirit'uales
996 3640 1238 3696 victimas
1280 3641 1526 3704 acceptas
1559 3633 1668 3686 Deo
1708 3643 1803 3699 per
1820 3626 2013 3683 Jesum’

432 3744 699 3800 Christum
730 3757 744 3794 :
771 3738 893 3809 quia
914 3734 1151 3791 continet
1178 3730 1470 3801 Scriptura,
1494 3726 1629 3780 Ecce
1656 3738 1795 3793 pono
1818 3723 1869 3776 in
1885 3721 2011 3803 Sion

433 3833 658 3905 lapidem
683 3829 984 3900 angularem
1008 3867 1024 3890 ,
1054 3825 1298 3886 electum,
1337 3818 1629 3905 pretiosum
1647 3856 1661 3881 ,
1688 3822 1744 3869 et
1771 3813 1859 3884 qui
1884 3826 2014 3905 Acre-

437 3901 634 3979 di—derit
662 3922 712 3976 in
740 3921 886 3975 illum
909 3959 924 3983 ,
957 3930 1064 3970 nun
1090 3909 1446 3968 confundetur
1482 3925 1500 3960 ι
1536 3906 1575 3973 (1
1604 3903 1742 3959 Petr.
1777 3919 1845 3966 ιι,
1869 3901 2013 3975 ιϐ).

438 4019 579 4088 Ergo
610 4024 665 4070 ut
692 4012 782 4068 fiat
825 4011 1049 4081 quisque
1092 4004 1227 4075 lapis
1252 4003 1403 4058 vivus
1431 3999 1496 4054 ad
1550 3997 1710 4053 talem
1760 3994 2015 4088 fabricam

438 4085 661 4163 idoneus
686 4145 700 4167 ,
747 4099 1093 4171 Spiritualiter
1119 4095 1379 4163 intelligat
1408 4088 1589 4158 templi
1619 4085 2014 4143 reuovationem

440 4213 508 4254 ex
536 4196 687 4251 ruina
714 4200 892 4247 vetere
919 4203 1038 4256 qua:
1064 4188 1116 4240 in
1137 4184 1304 4238 Adam
1335 4181 1465 4235 facta
1496 4186 1600 4246 est,
1628 4175 2016 4246 reparationem

441 4288 563 4343 novi
605 4283 784 4355 populi
828 4277 1121 4335 secundum
1154 4289 1348 4328 novum
1373 4271 1641 4325 hominem
1670 4277 1829 4336 atque
1856 4264 2020 4320 coele-

442 4386 579 4433 stcm
604 4392 617 4429 :
648 4383 705 4427 ut
728 4370 865 4426 sicut
891 4364 1220 4438 portavimus
1248 4362 1529 4431 imaginem
1558 4358 1752 4413 terreni
1780 4400 1794 4422 ,
1838 4365 2019 4426 porte-

443 4481 562 4522 mus
593 4472 648 4520 et
691 4460 973 4532 imaginem
1019 4456 1135 4528 ejus
1175 4454 1264 4525 qui
1294 4452 1361 4507 de
1406 4450 1546 4506 caelo
1590 4459 1673 4504 est
1713 4449 1753 4518 (ι
1782 4447 1901 4503 Cor.
1931 4462 2019 4509 xv,

444 4558 537 4628 49)
562 4599 578 4622 ,
624 4569 729 4625 quo
759 4550 1023 4622 possimus
1057 4554 1179 4619 post
1220 4557 1407 4599 omnes
1435 4539 1614 4596 saeculi
1646 4539 1802 4608 hujus
1840 4546 2025 4590 aetates

448 4659 695 4717 tauquam
734 4651 856 4716 post
901 4637 1231 4710 septuaginta
1278 4646 1447 4687 annos
1472 4673 1486 4696 ,
1531 4629 1618 4700 qui
1651 4628 1872 4698 mystico
1900 4641 2024 4695 per-

448 4737 691 4794 fectionis
736 4746 957 4794 numero
996 4728 1416 4799 prmsignantur,
1450 4730 1505 4776 et
1530 4729 1779 4789 tauquam
1804 4725 1921 4785 post
1941 4729 2028 4769 ea-

449 4830 745 4902 ptivitatcm
793 4823 1093 4894 longinqua:
1146 4813 1623 4890 peregrinationis,
1674 4825 1779 4864 non
1828 4807 2029 4902 ruitura

449 4898 592 4978 mole
637 4915 912 4977 construi,
955 4913 1049 4967 sed
1092 4920 1290 4966 :eterua
1342 4904 1741 4963 immortalitate
1786 4898 2026 4956 solidari.

449 5010 789 5084 Spiritualem
820 5004 1014 5078 quippe
1033 5000 1352 5064 Jerusalem,
1381 5013 1486 5052 non
1515 4994 1682 5066 magis
1703 4990 2028 5084 Iudaeorum,

450 5081 604 5174 quam
637 5109 865 5156 vestram
896 5109 1015 5151 esse
1051 5090 1335 5164 dcputetis.
1386 5088 1535 5143 Sicut
1574 5086 1716 5141 enim
1744 5083 1870 5139 dicit
1892 5081 2032 5174 Apof

451 5173 618 5248 stolas
646 5232 661 5259 ,
701 5209 719 5243 ι
748 5189 863 5246 iam
911 5201 1017 5243 nou
1046 5184 1177 5242 estis
1211 5182 1475 5253 peregrini
1506 5189 1559 5235 et
1606 5176 1889 5249 inquilini;
1940 5173 2031 5229 sed

450 5286 580 5341 estis
604 5284 747 5338 cives
785 5288 1087 5335 sanctorum
1130 5284 1183 5330 et
1218 5270 1492 5328 domestici
1531 5269 1657 5336 Dei,
1704 5262 2033 5338 supertedifi-

452 5376 554 5429 cati
597 5388 764 5444 super
805 5370 1208 5427 fundamentum
1261 5363 1637 5435 Apostolorum
1666 5371 1720 5417 et
1745 5360 2037 5429 Propheta-

456 5478 572 5518 rum
593 5504 609 5529 ,
657 5462 773 5532 ipso
800 5476 1010 5518 summo
1038 5455 1276 5530 angulari
1318 5453 1494 5525 lapide
1532 5452 1792 5507 existente
1825 5447 2038 5504 Christo

456 5553 583 5612 Jesu
609 5594 626 5621 ,
673 5554 723 5607 in
765 5568 871 5622 quo
912 5551 1086 5606 omnis
1125 5546 1404 5606 aedificatio
1443 5541 1725 5615 compacta
1763 5540 1957 5596 crescit
1986 5538 2037 5595 in

524 5689 541 5721 ι
576 5693 665 5737 Msa
690 5718 703 5741 ,
736 5682 1022 5733 (recedimus.

1578 255 1636 310 S.
1676 247 2043 310 AUGUSTINI
2080 249 2388 307 EPISCOPI

3488 251 3667 307 *HCS

2082 359 2337 431 templum
2361 368 2601 438 sanctum
2630 359 2682 416 in
2706 360 2928 417 Domino
2952 404 2967 429 ,
3016 362 3068 417 in
3094 376 3202 432 quo
3230 367 3286 419 et
3310 375 3404 417 vos
3430 361 3674 416 coaedifi-

2083 452 2274 510 Camini
2307 452 2360 506 in
2391 450 2748 507 habitaculum
2776 452 2983 506 Domini
3010 453 3061 506 in
3087 452 3279 522 Spiritu
3304 469 3325 505 ι
3350 451 3565 523 (Ephes.
3595 468 3666 521 ιι,

2086 541 2293 614 19-22).
2342 542 2453 597 lloe
2479 551 2561 597 est
2590 541 2843 611 templum
2872 541 2964 596 Dei
2989 583 3003 608 ,
3032 541 3099 595 ad
3142 542 3284 611 quod
3318 541 3550 613 pertinet
3574 557 3674 597 sa—

2085 615 2414 687 cramentum
2463 630 2884 700 prophetationis
2930 630 3187 700 Aggaeict
3231 630 3504 686 Zachariae
3533 650 3547 686 :
3576 632 3675 688 cui

2086 736 2271 777 rursus
2301 721 2437 776 idem
2467 721 2737 791 apostolus
2765 719 2927 788 dicit,
2962 720 3225 790 Templum
3258 723 3392 776 enim
3416 722 3512 777 Dei
3542 741 3682 780 san-

2087 822 2223 871 ctum
2242 821 2336 879 est,
2365 812 2500 882 quod
2520 813 2638 867 estis
2664 829 2749 866 vos
2773 811 2819 883 (l
2841 812 2961 867 Cor.
2995 829 3070 879 ιιι,
3101 814 3211 885 i7).
3238 812 3487 884 Quisquis
3512 816 3683 886 igitur

2088 918 2148 958 se
2173 903 2243 958 ad
2269 917 2402 973 Opus
2428 903 2586 973 hujus
2612 903 3042 958 coaedificationis
3063 946 3078 970 ,
3128 914 3181 959 et
3206 904 3271 959 ad
3297 920 3445 976 spem
3471 916 3695 962 sanctas

2090 994 2361 1065 firmznque
2385 994 2734 1064 compaginis,
2761 1002 3006 1065 tanquam
3032 994 3261 1065 lapidem
3288 997 3463 1051 vivum
3486 997 3552 1052 ab
3575 997 3688 1051 hu—

2086 1086 2175 1155 jus
2202 1086 2385 1141 mundi
2430 1087 2643 1141 ruinosa
2691 1087 2810 1142 labe
2846 1088 3142 1153 convertit,
3188 1088 3434 1159 intelligit
3464 1091 3686 1148 titulum

2092 1176 2318 1242 Psaltni,
2370 1177 2607 1248 intelligit
2651 1179 3056 1233 conversionem
3089 1180 3264 1249 Aggrei
3294 1190 3347 1235 et
3373 1179 3683 1236 Zacharim.

2092 1266 2284 1323 Cantet
2310 1282 2437 1338 ergo
2474 1284 2592 1337 qua:
2621 1278 2918 1338 sequuntur
2940 1311 2954 1335 ,
3007 1286 3112 1323 non
3159 1279 3262 1325 tam
3295 1272 3485 1343 lingua:
3516 1289 3695 1341 voce,

2092 1373 2249 1429 quam
2279 1359 2398 1414 vita:
2427 1361 2467 1414 ⁸.
2520 1359 2635 1432 Erit
2660 1361 2800 1415 enim
2826 1360 3325 1431 :edifieiiyerfectio
3346 1403 3362 1427 ,
3397 1363 3691 1419 ineffabilis

2038 1504 2045 1515 ,
2097 1463 2198 1518 pax
2224 1449 2309 1503 illa
2349 1449 2660 1519 sapientiae,
2705 1449 2858 1520 cujus
2904 1449 3113 1504 initium
3162 1460 3246 1505 est
3283 1453 3440 1507 timor
3472 1452 3693 1507 Domini

2100 1537 2279 1610 (Prov.
2310 1554 2350 1605 ι,
2376 1538 2432 1610 7)
2466 1557 2479 1594 :
2510 1539 2634 1595 inde
2658 1554 2787 1611 ergo
2809 1540 3057 1611 incipiat,
3084 1556 3245 1613 quem
3266 1542 3556 1599 comdificat
3577 1545 3693 1599 ista

2095 1642 2394 1683 CODVCI‘SIO.

2167 1720 2223 1774 2.
2255 1720 2411 1793 [vers
2452 1719 2527 1794 1.]
2556 1720 2742 1776 Beatus
2762 1722 2903 1777 enim
2930 1723 3008 1777 vir
3032 1725 3121 1794 qui
3142 1725 3279 1779 timet
3303 1724 3599 1793 Dominum,
3623 1727 3699 1781 in

2098 1812 2352 1867 mandatis
2386 1814 2495 1884 ejus
2524 1812 2652 1867 volet
2682 1813 2851 1868 nimis.
2897 1813 3104 1869 Viderit
3129 1815 3268 1871 Deus
3288 1857 3303 1882 ,
3335 1818 3425 1887 qui
3452 1818 3599 1873 solus
3627 1829 3698 1874 et

2101 1904 2364 1959 veraciter
2392 1912 2445 1958 et
2475 1903 2893 1959 misericorditer
2914 1904 3134 1974 jndicat,
3166 1916 3421 1976 quantum
3448 1907 3546 1963 iste
3568 1924 3699 1979 pro-

2102 1993 2244 2048 ficiat
2272 1993 2323 2047 in
2351 1992 2615 2048 mandatis
2637 1994 2752 2064 ejus
2784 2011 2798 2047 :
2827 1995 3080 2065 quoniam
3119 1997 3323 2049 tentatio
3352 2007 3424 2068 est
3464 1998 3562 2053 vita
3589 1998 3707 2052 Im-

2102 2101 2254 2139 mana
2273 2102 2422 2154 super
2445 2094 2650 2152 terram,
2678 2086 2815 2141 sicut
2842 2095 3056 2142 sanctus
3072 2086 3172 2142 Job
3192 2087 3319 2143 dicit
3350 2088 3471 2159 (Job
3487 2106 3575 2155 vn,
3606 2091 3693 2163 1).

2103 2178 2172 2233 Ει
2223 2179 2413 2234 iterum
2462 2180 2721 2250 scriptum
2766 2188 2894 2236 est:
2939 2199 2959 2234 ι
2993 2181 3256 2250 Quoniam
3307 2198 3502 2254 corpus
3540 2184 3703 2255 quod

2103 2270 2465 2339 corrumpitur
2487 2312 2501 2336 ,
2533 2276 2785 2342 aggravat
2823 2273 3055 2327 animam
3083 2315 3097 2339 ,
3126 2282 3179 2328 et
3204 2274 3453 2344 deprimit
3476 2285 3709 2331 terrena

2104 2361 2419 2416 inhabitatio
2446 2376 2663 2417 sensum
2686 2363 2852 2418 multa
2878 2365 3196 2434 cogitantem
3225 2385 3244 2417 ι
3276 2365 3433 2436 (Sap.
3464 2384 3535 2434 ιι,
3572 2369 3701 2439 15).

2104 2453 2205 2520 Qui
2234 2461 2410 2509 autem
2429 2453 2686 2525 dijudicat
2708 2469 2829 2522 nos,
2859 2455 3113 2511 Dominus
3132 2466 3214 2512 est
3242 2475 3255 2511 :
3290 2474 3389 2513 nec
3408 2469 3530 2514 ante
3550 2469 3700 2515 tem-

2106 2559 2207 2614 pus
2230 2543 2470 2614 judicare
2497 2544 2753 2601 debemus
2770 2586 2785 2611 ,
2827 2545 2997 2602 donec
3022 2549 3198 2603 veniat
3227 2548 3479 2603 Dominus
3501 2592 3514 2614 ,
3538 2559 3592 2603 et
3618 2550 3697 2605 il-

2107 2635 2329 2691 luminet
2351 2636 2662 2692 abscondita
2689 2637 3047 2705 tenebrarum,
3078 2648 3132 2695 et
3161 2639 3515 2695 manifestabit
3541 2642 3709 2711 cogi-

2109 2726 2335 2782 tationes
2364 2727 2577 2792 cordis;
2628 2737 2684 2784 et
2728 2737 2851 2783 tunc
2897 2729 3011 2785 laus
3056 2730 3159 2785 erit
3205 2731 3488 2802 unicuique
3516 2747 3544 2787 a
3576 2734 3702 2788 Deo

2110 2816 2155 2889 (l
2187 2817 2302 2872 Cor.
2333 2834 2407 2884 tv,
2445 2819 2479 2873 4
2498 2828 2544 2873 et
2567 2820 2647 2891 5).
2685 2819 2889 2875 Viderit
2911 2835 3039 2891 ergo
3068 2822 3156 2877 ille
3185 2831 3440 2892 quantum
3467 2824 3707 2895 quisque

2113 2909 2354 2979 proficiat
2399 2910 2450 2963 in
2498 2911 2762 2965 mandatis
2798 2911 2915 2980 ejus
2948 2929 2965 2966 :
2993 2923 3167 2967 tamen
3212 2913 3355 2968 volet
3400 2914 3559 2969 nimis
3600 2917 3701 2986 qui

2112 3016 2294 3069 pacem
2351 3001 2969 3059 illius.coa:dificationis
3008 3003 3373 3071 adamaverit;
3433 3021 3531 3061 nec
3575 3006 3697 3078 jam

2040 3140 2055 3148 -
2112 3095 2401 3164 desperare
2429 3093 2626 3161 debet,
2672 3097 2919 3165 quoniam
2959 3098 3012 3151 in
3036 3100 3289 3154 mandatis
3313 3101 3425 3172 ejus
3455 3101 3582 3155 volet
3610 3102 3705 3153 ni-

2113 3185 2240 3249 mis,
2299 3192 2354 3238 et
2399 3200 2504 3255 pax
2556 3185 2608 3238 in
2657 3192 2796 3240 terra
2847 3186 3156 3244 hominibus
3208 3189 3365 3246 bona:
3408 3192 3706 3250 voluntatis

2114 3273 2264 3345 (Luc.
2296 3290 2363 3339 ιι,
2398 3276 2513 3344 14).

2185 3366 2238 3420 5.
2273 3365 2421 3440 [verm
2444 3367 2497 3432 2,
2533 3365 2617 3439 5.}
2641 3358 2789 3435 inde,
2823 3367 3012 3424 Potens
3039 3370 3246 3424 interra
3267 3371 3539 3425 eritsemen
3561 3372 3707 3443 ejus.

2114 3457 2308 3514 Semen
2333 3456 2523 3512 futura:
2546 3457 2738 3513 messis
2758 3499 2773 3524 ,
2801 3473 2963 3529 opera
2995 3474 3113 3516 esse
3143 3460 3526 3516 misericordia:
3556 3465 3711 3533 Apo-

2116 3549 2283 3604 stolus
2305 3548 2453 3603 tcSIis
2478 3558 2580 3613 est,
2612 3552 2700 3620 qui
2730 3549 2891 3615 dicit,
2920 3549 3117 3603 Bonum
3141 3562 3308 3605 autem
3334 3553 3572 3623 facientes
3598 3570 3710 3607 non

2117 3639 2457 3708 deﬁciamus;
2487 3650 2711 3708 tempore
2735 3641 2867 3695 enim
2898 3642 3105 3713 praprio
3144 3653 3381 3697 metemus
3410 3643 3600 3715 (Galat.
3625 3661 3704 3713 vt,

2118 3730 2175 3801 9)
2205 3747 2218 3784 :
2243 3741 2297 3786 et
2320 3731 2534 3797 iterum,
2567 3730 2679 3786 Hoc
2702 3742 2891 3798 autem,
2918 3734 3089 3804 inquit
3111 3736 3157 3801 ',
3178 3735 3266 3804 qui
3284 3752 3436 3806 parce
3464 3736 3706 3803 seminat,

2120 3838 2269 3893 parce
2296 3830 2342 3876 et
2369 3830 2515 3877 metet
2537 3822 2605 3895 (ll
2627 3821 2748 3878 Cor.
2768 3839 2840 3889 Ix,
2872 3823 2948 3897 6).
2980 3824 3117 3892 Quid
3143 3835 3342 3893 autem,
3371 3826 3581 3894 fratres,
3608 3842 3712 3898 po-

2121 3913 2317 3967 tentias
2337 3952 2353 3980 ,
2386 3927 2544 3984 quam
2572 3922 2629 3968 ut
2656 3929 2875 3984 regnum
2902 3916 3159 3970 etelorum
3185 3958 3199 3984 ,
3230 3932 3338 3971 non
3376 3918 3545 3973 solum
3569 3918 3710 3974 Zac-

2122 4004 2303 4061 cbmus
2332 4014 2476 4061 emat
2500 4005 2723 4062 dimidio
2747 4022 2928 4063 rerum
2951 4023 3166 4064 suarum
3196 4008 3346 4081 (Luc.
3379 4027 3489 4079 nx,
3513 4009 3588 4083 8),
3609 4011 3714 4066 sed

2121 4103 2176 4149 et
2200 4095 2356 4149 vidua
2378 4094 2586 4151 duobus
2622 4097 2840 4153 minutis
2873 4096 3066 4170 (Marc.
3099 4115 3205 4166 χιι,
3234 4100 3325 4169 49.)
3346 4143 3360 4167 ,
3394 4111 3447 4157 et
3472 4110 3711 4157 tantum-

2123 4188 2243 4243 dem
2276 4188 2346 4243 ibi
2377 4184 2597 4259 uterque
2623 4189 2933 4260 possideat?
2973 4191 3100 4263 quid
3130 4193 3398 4262 potentius
3417 4235 3433 4259 ,
3464 4209 3619 4263 quam
3650 4202 3717 4250 ut

2125 4278 2263 4333 idem
2295 4294 2515 4350 regnum
2543 4289 2598 4335 et
2632 4280 2898 4336 thesnuris
2937 4281 3121 4347 diviti,
3151 4290 3206 4338 et
3242 4283 3407 4337 calice
3435 4299 3585 4354 aqua:
3616 4284 3718 4339 fri-

2124 4368 2261 4438 gidm
2305 4369 2522 4439 pauperi
2549 4369 2768 4425 valeat?
2815 4369 2952 4427 Sunt
2993 4380 3170 4427 autem
3213 4372 3307 4443 qui
3346 4374 3441 4427 ista
3492 4373 3710 4439 faciant,

2126 4459 2252 4513 dum
2280 4468 2490 4514 terrena
2517 4460 2873 4530 conquirunt,
2923 4470 3015 4515 aut
3042 4462 3129 4517 hic
3155 4462 3454 4518 mercedem
3491 4480 3723 4534 speran-

2130 4559 2210 4606 tes
2229 4565 2259 4604 τι
2288 4551 2538 4617 Domino,
2569 4561 2661 4606 aut
2683 4550 2988 4608 hominibus
3014 4553 3222 4623 placere
3248 4554 3561 4625 cupientes:
3593 4558 3713 4623 sed,

2131 4641 2398 4697 Generatio
2433 4652 2680 4697 rectorum
2706 4638 3052 4709 benedicetur,
3096 4642 3149 4698 id
3190 4654 3274 4700 est
3303 4660 3465 4715 opera
3501 4661 3718 4713 eorum,

2130 4747 2355 4803 quorum
2380 4733 2550 4789 bonus
2575 4733 2714 4788 Deus
2740 4732 2899 4788 Israel
2923 4776 2938 4799 ,
2970 4735 3058 4805 qui
3084 4744 3230 4790 recto
3249 4745 3373 4790 sunt
3404 4735 3599 4800 corde;
3629 4754 3689 4794 re
3705 4768 3726 4780 -

2132 4831 2276 4878 ctum
2306 4832 2486 4879 autem
2515 4837 2608 4878 cor
2642 4832 2762 4888 est,
2807 4840 2914 4880 non
2941 4825 3192 4881 resistere
3222 4826 3363 4882 Patri
3388 4827 3724 4896 emendanti,

2134 4920 2188 4967 et
2216 4912 2435 4968 credere
2461 4913 2733 4983 pollicenti
2761 4932 2774 4969 :
2803 4928 2909 4968 non
2946 4928 3130 4970 eorum
3154 4915 3348 4985 quibus
3372 4931 3729 4972 commoveri-

2138 5010 2223 5057 tur
2263 5002 2463 5072 pedes,
2513 5012 2567 5057 et
2605 5002 2949 5060 effunduntur
2994 5020 3212 5074 gressus
3253 5016 3413 5077 atque
3448 5007 3744 5076 labuntur,

2137 5095 2273 5150 sicut
2302 5094 2352 5147 in
2397 5095 2502 5149 alio
2529 5095 2737 5165 psalmo
2759 5096 2967 5151 canitur
2990 5139 3005 5164 ,
3034 5097 3158 5151 dum
3188 5098 3369 5154 zelant
3397 5099 3449 5153 in
3477 5110 3728 5168 peccato-

2137 5186 2284 5240 ribus
2312 5202 2493 5256 pacem
2527 5196 2862 5257 peccatorum
2907 5189 3183 5255 videntes,
3229 5198 3283 5245 et
3323 5198 3514 5259 putant
3543 5190 3725 5261 perire

2139 5294 2299 5349 opera
2343 5295 2435 5334 sua
2459 5322 2474 5347 ,
2522 5281 2643 5351 quia
2686 5296 2791 5335 non
2830 5282 2910 5336 eis
2950 5296 3156 5337 merces
3195 5281 3435 5337 redditur
3482 5284 3731 5352 peritura

2142 5368 2311 5442 (Psal.
2344 5388 2489 5428 Lxxn
2510 5413 2525 5441 ,
2557 5371 2737 5444 1-14).
2768 5373 2838 5427 At
2872 5373 2971 5428 iste
2993 5373 3070 5428 vir
3098 5374 3190 5445 qui
3233 5374 3383 5429 timet
3414 5373 3734 5441 Dominum,

2207 5549 2223 5613 ξ
2263 5557 2361 5613 Am.
2389 5553 2442 5597 et
2463 5545 2644 5613 aliquot
2660 5553 2788 5613 Mss,
2814 5546 3100 5613 ttmttirtgua
3121 5553 3165 5599 et
3184 5559 3319 5613 race,
3344 5548 3623 5613 quamrita.

2206 5612 2227 5721 ἴ
2263 5610 2343 5659 ttie
2364 5609 2490 5672 apud
2516 5614 2625 5659 ων.
2660 5609 2866 5671 additur,
2894 5609 3042 5661 dico':
3067 5611 3195 5676 quod
3213 5625 3239 5662 a
3262 5609 3462 5663 ueteris
3494 5611 3632 5662 libris
3652 5609 3746 5662 ab-

2148 5686 2206 5723 es
2229 5705 2244 5721 .
