4026 6202
319 355 344 409 1
362 355 470 410 569

319 479 378 525 et
406 469 460 523 in
486 466 741 536 templum
783 472 1023 521 sanctum
1059 463 1154 518 Dei
1180 462 1528 520 conversione
1555 462 1687 517 recti
1725 460 1902 516 cordis

317 569 535 630 aptatur
558 600 575 622 ,
617 574 716 613 nec
741 557 965 628 gloriam
991 556 1263 613 hominum
1292 555 1502 624 quaerit,
1534 569 1635 609 nec
1661 563 1901 630 terrenas

318 629 536 708 divitias
567 650 928 720 concupiscit;
981 658 1036 704 et
1075 659 1282 714 tamen,
1333 645 1510 700 Gloria
1551 655 1595 699 et
1630 629 1814 698 divitia:
1847 644 1899 696 in

320 745 475 798 domo
499 745 624 813 ejus.
663 743 858 796 Domus
884 742 1025 795 enim
1055 741 1169 810 ejus
1195 782 1209 805 ,
1241 755 1334 794 cor
1361 739 1476 808 ejus
1506 747 1618 802 est;
1649 736 1756 799 ubi,
1791 737 1899 790 Deo

321 835 572 890 laudante
605 836 622 866 ‘
644 875 660 900 ,
687 833 992 902 opulentius
1023 832 1223 886 habitat
1252 846 1371 884 cum
1402 845 1495 898 spe
1521 829 1641 882 vitae
1661 835 1893 889 arternac,

318 941 504 994 quam,
538 923 844 978 hominibus
871 923 1227 988 adulantibus,
1257 922 1307 975 iu
1328 919 1663 973 marmoratis
1689 918 1900 987 laquea-

319 1017 499 1083 tisque
526 1015 677 1070 tectis
715 1031 834 1068 cum
866 1015 1052 1069 timore
1083 1013 1269 1066 mortis
1294 1019 1525 1065 teternzc.
1564 1007 1728 1076 Ilujus
1755 1006 1896 1061 enim

311 1107 517 1177 iustitia
555 1117 722 1159 manet
763 1107 816 1159 in
859 1106 1098 1158 statutum
1140 1102 1313 1158 δαισαιὶ
1344 1118 1362 1155 :
1391 1102 1502 1171 ipsa
1549 1100 1666 1170 ejus
1707 1099 1894 1170 gloria,

316 1199 451 1266 ipsa:
490 1198 707 1252 divitim.
760 1197 902 1251 Illius
937 1203 1111 1250 autem
1145 1210 1374 1264 purpura
1403 1201 1456 1247 et
1481 1194 1671 1264 byssns
1698 1201 1746 1244 et
1770 1207 1896 1259 epu-

317 1287 389 1340 la:
435 1288 762 1358 Splendidm,
809 1298 861 1342 ct
899 1304 1020 1343 cum
1067 1297 1260 1358 prtesto
1302 1296 1452 1350 sunt,
1503 1293 1814 1346 transeunt;
1845 1291 1898 1336 et

316 1394 442 1431 cum
469 1378 535 1432 ad
578 1379 737 1432 tinem
769 1380 1046 1444 venerint,
1093 1393 1244 1446 aqua:
1270 1386 1470 1447 guttam
1501 1391 1563 1428 ex
1591 1375 1753 1444 digito
1782 1374 1895 1426 stil-

319 1467 466 1522 lante
504 1468 815 1522 desiderans
839 1511 854 1533 ,
895 1469 1087 1523 ardens
1129 1468 1303 1537 lingua
1336 1467 1584 1520 clamabit
1613 1464 1761 1535 (Luc.
1788 1479 1894 1529 xvt,

322 1557 570 1624 ἀει).

394 1648 446 1700 4.
488 1645 636 1719 [vers.
664 1646 803 1720 4-9.]
847 1647 1093 1702 Exortum
1131 1658 1200 1703 est
1235 1650 1286 1702 in
1324 1648 1532 1702 tenebris
1561 1646 1727 1701 lumen
1753 1647 1897 1700 rectis

321 1740 490 1792 corde.
524 1739 709 1793 Merito
733 1740 964 1807 dirigunt
985 1757 1076 1794 cur
1103 1741 1150 1794 in
1181 1741 1341 1794 Deum
1373 1755 1547 1802 suum,
1577 1740 1766 1794 merito
1786 1753 1898 1791 am-

322 1827 504 1881 bulant
545 1829 677 1883 recti
706 1845 825 1882 cum
859 1831 965 1883 Deo
991 1845 1118 1896 suo,
1160 1837 1529 1899 prmponentes
1562 1829 1675 1897 ejus
1709 1829 1896 1882 volun-

256 1982 260 1984 _
323 1929 484 1974 tatem
513 1920 646 1984 sibi;
689 1937 859 1991 neque
893 1922 958 1975 de
995 1937 1087 1976 sua
1123 1921 1403 1991 quidquam
1435 1921 1661 1990 superbe
1694 1935 1896 1989 praesu-

321 2019 550 2063 mentes.
579 2009 1093 2064 Meminerttntcnitu
1136 2011 1296 2065 fuisse
1331 2025 1388 2064 se
1429 2009 1712 2078 aliquando
1753 2018 1902 2063 leuc-

323 2099 469 2161 Iu-as,
518 2115 660 2154 nunc
696 2108 869 2154 autem
911 2101 1080 2154 lucem
1119 2101 1170 2153 in
1211 2100 1434 2154 Domino
1463 2101 1479 2167 (
1507 2098 1697 2168 Ephrs.
1729 2117 1778 2165 v,
1808 2098 1896 2172 8).

324 2187 615 2243 Misericors
648 2199 694 2243 et
733 2191 990 2244 miserator
1019 2199 1063 2243 et
1089 2190 1258 2260 justus
1287 2189 1528 2242 Dominus
1557 2189 1716 2242 Deus.
1748 2190 1902 2244 Dele-

323 2288 434 2347 ctat
468 2281 607 2347 quod
647 2280 925 2334 misericors
968 2289 1013 2333 et
1051 2281 1344 2344 miserutor,
1370 2279 1462 2333 sed
1492 2288 1654 2333 terret
1678 2279 1900 2334 fortasse

324 2370 466 2437 (ιηρά
485 2370 658 2438 justus
686 2369 925 2424 Dominus
958 2369 1114 2424 Deus.
1141 2369 1290 2423 Nulla
1320 2369 1691 2438 desperatione
1718 2370 1899 2424 formi-

327 2461 443 2525 des,
467 2461 621 2514 beate
651 2461 732 2514 vir
757 2460 847 2530 qui
872 2461 1023 2514 times
1053 2460 1332 2514 Deminum
1355 2469 1405 2514 et
1431 2461 1484 2514 in
1508 2461 1766 2514 mandatis
1787 2460 1902 2528 ejus

330 2551 476 2604 voles
503 2549 661 2604 nimis
693 2569 706 2605 :
739 2562 852 2606 esto
883 2551 1079 2616 suavis,
1113 2552 1367 2606 miserere
1403 2560 1456 2606 et
1488 2552 1788 2606 commoda.
1825 2550 1899 2605 Ita

329 2641 468 2696 enim
497 2641 669 2710 justus
700 2654 779 2696 cst
810 2643 1059 2696 Dominus
1101 2645 1237 2697 Deus
1258 2685 1270 2708 ,
1312 2653 1367 2696 ut
1402 2643 1658 2710 judicium
1687 2643 1758 2696 illi
1786 2644 1902 2698 sine

333 2733 689 2785 m’sericordia
717 2731 900 2798 faciat,
931 2734 1016 2802 qui
1056 2749 1160 2787 non
1189 2733 1310 2786 fecit
1342 2732 1757 2787 misericordiam
1786 2733 1902 2804 (Ja-

332 2823 439 2874 cobi
460 2839 518 2885 tt,
545 2822 644 2892 I5)
671 2839 685 2875 :
714 2821 892 2876 Suavis
914 2834 1086 2877 autem
1117 2825 1189 2876 vir
1212 2823 1297 2894 qui
1322 2824 1580 2876 miseretur
1605 2835 1649 2877 et
1677 2841 1901 2878 commo-

332 2913 454 2976 dat;
501 2929 606 2966 non
645 2929 764 2967 eum
791 2924 996 2968 cmovet
1020 2915 1158 2968 Deus
1184 2931 1246 2968 ex
1278 2931 1371 2969 ore
1395 2930 1512 2980 suo,
1543 2924 1786 2986 tanquam
1819 2918 1901 2971 in-

333 3018 570 3058 suavem.
595 3004 842 3068 Dimittite
862 3045 875 3067 ,
901 3005 1086 3075 inquit,
1119 3014 1164 3059 et
1185 3006 1460 3060 dimittetur
1489 3007 1656 3078 vobis;
1694 3006 1828 3072 date,
1856 3016 1904 3061 et

331 3094 531 3146 dubitur
557 3095 693 3147 vobis
721 3093 867 3162 (Luc.
886 3111 957 3159 vt,
985 3096 1074 3159 57,
1102 3095 1214 3165 58).
1247 3096 1300 3149 In
1325 3111 1390 3150 eo
1414 3096 1553 3165 quod
1583 3095 1822 3158 dimittis,
1848 3105 1904 3151 ut

334 3185 626 3240 dimittatur
664 3185 776 3252 tibi,
820 3187 1120 3251 misereris;
1158 3188 1208 3240 itt
1251 3202 1315 3241 eo
1345 3187 1485 3258 quod
1512 3187 1635 3254 das,
1668 3198 1724 3240 ut
1749 3187 1904 3242 detur

335 3276 460 3339 tibi,
516 3275 842 3330 commodas.
900 3276 1150 3343 Quamvis
1205 3277 1345 3331 enim
1392 3278 1627 3348 generali
1686 3279 1903 3333 nomine

337 3365 511 3418 omnis
557 3365 918 3419 misericordia
953 3366 1158 3420 dicatur
1193 3382 1292 3436 qua
1336 3369 1531 3422 misero
1565 3369 1901 3436 subvenitur,

338 3454 562 3509 interest
591 3463 766 3508 tamen
797 3456 882 3509 ubi
913 3470 1014 3509 non
1043 3457 1302 3525 impendis
1324 3473 1421 3512 nec
1446 3469 1712 3527 sumptum
1742 3474 1901 3529 pecu-

334 3547 454 3608 niae,
477 3562 575 3602 nec
595 3548 883 3615 corporalis
903 3547 1099 3602 laboris
1121 3549 1449 3615 industriam,
1469 3551 1562 3605 sed
1585 3552 1906 3620 ignoscendo

333 3637 473 3704 quod
504 3641 556 3690 in
582 3647 633 3691 te
661 3637 883 3707 quisque
903 3640 1158 3708 peccavit,
1184 3649 1236 3694 et
1266 3647 1473 3694 tuorum
1497 3643 1661 3710 gratis
1691 3657 1906 3712 compa-

333 3746 423 3785 ras
451 3732 656 3785 veniam
687 3740 1044 3799 peccatorum.
1076 3732 1197 3787 Πωο
1227 3733 1331 3787 duo
1348 3733 1685 3802 benignitatis
1707 3735 1903 3802 ofticia,

333 3812 775 3892 iguoscendOrum
803 3836 1134 3894 peccatorum
1171 3836 1224 3880 et
1264 3827 1638 3880 beneficiorum
1679 3844 1905 3898 erogan-

333 3913 542 3979 dorum,
569 3914 707 3968 sicut
748 3915 798 3968 in
847 3915 1131 3985 Evangelia
1168 3916 1308 3986 quod
1350 3921 1903 3987 commemoravimus,

331 4004 598 4070 Dimittite,
631 4015 675 4057 et
705 4005 975 4059 dimittetur
997 4005 1164 4069 vobis;
1191 4007 1326 4072 date,
1344 4017 1388 4060 et
1407 4007 1608 4060 dabitur
1630 4009 1804 4076 vobis;
1830 4011 1907 4066 sic

333 4096 386 4147 in
413 4095 512 4148 isto
540 4109 694 4147 versu
721 4094 951 4148 arbitror
969 4110 1087 4150 esse
1113 4096 1378 4162 distincta,
1409 4097 1590 4152 Suavis
1617 4099 1690 4150 vir
1717 4101 1801 4168 qui
1823 4102 1908 4153 nti-

330 4195 524 4237 seretur
551 4191 595 4238 et
634 4185 932 4238 commodat.
973 4184 1051 4241 Ne
1085 4185 1217 4256 pigri
1247 4186 1313 4240 ad
1341 4186 1453 4241 lucc
1480 4187 1665 4254 simus,
1694 4189 1902 4243 fratres.

328 4274 566 4329 Gloriam
593 4275 781 4344 quwrit
820 4275 909 4345 qui
949 4276 1215 4332 desiderat
1253 4278 1506 4333 vindicari
1548 4294 1640 4345 se;
1694 4281 1787 4335 sed
1828 4290 1909 4336 at-

331 4364 497 4424 tende
527 4364 666 4433 quod
707 4365 958 4434 scriptum
1000 4378 1078 4421 est
1111 4365 1332 4421 :Melior
1356 4378 1427 4422 est
1465 4370 1548 4438 qui
1581 4371 1728 4422 vincit
1756 4372 1903 4438 iram,

328 4471 489 4524 quant
529 4455 613 4524 qui
655 4455 789 4523 capit
827 4456 1072 4510 civitatem
1113 4455 1308 4529 (Prov.
1353 4475 1468 4524 xvr,
1511 4460 1640 4530 52).
1688 4461 1905 4523 Divitias

331 4543 524 4614 qtucrit
551 4542 638 4613 qui
681 4558 784 4597 non
825 4546 935 4598 vult
973 4545 1099 4599 dare
1136 4548 1486 4617 pauperibus;
1518 4549 1730 4604 attende
1764 4551 1906 4620 quod

329 4634 590 4702 scriptum
619 4643 703 4688 est
730 4650 743 4686 :
770 4632 985 4688 Habebis
1018 4636 1301 4690 thesaurum
1330 4638 1382 4690 in
1403 4639 1526 4692 caelo
1557 4638 1764 4710 (Matth.
1793 4657 1902 4708 Xlx,

327 4725 448 4794 2t).
478 4723 591 4778 Non
616 4739 744 4796 ergo
765 4726 868 4780 eris
897 4725 1152 4796 inglorius
1188 4728 1506 4797 ignoscendo
1528 4745 1556 4795 ,\
1587 4731 1710 4800 quia
1737 4731 1803 4787 de
1829 4733 1905 4786 ira

328 4817 476 4870 victa
507 4815 821 4870 laudabilius
845 4817 1195 4886 triumphatur
1219 4835 1231 4869 :
1252 4834 1354 4871 non
1377 4834 1576 4888 egenus
1595 4819 1902 4885 tribuendo;

328 4905 458 4974 quia
491 4904 770 4959 thesaurus
798 4903 1026 4960 cdelestis
1052 4906 1246 4960 certius
1276 4907 1592 4976 possidetur.
1627 4908 1776 4963 Ilunc
1798 4926 1905 4964 ver-

326 5012 453 5050 sum
491 4995 818 5064 parturiebat
860 4996 952 5050 ille
999 4995 1279 5064 superior,
1329 4995 1503 5050 Gloria
1543 5006 1588 5052 et
1629 4998 1817 5052 divitia:
1855 5000 1908 5053 in

327 5091 486 5143 domo
510 5089 636 5157 ejus.

407 5180 461 5233 5.
493 5179 591 5246 Qui
619 5178 733 5233 bch
758 5178 933 5248 itaque
969 5177 1125 5246 facit,
1159 5177 1404 5248 Disponet
1432 5196 1680 5234 sermones
1710 5197 1828 5234 suos
1853 5181 1906 5234 in

322 5269 545 5339 judicio.
577 5269 734 5325 Facta
775 5271 884 5340 ipsa
919 5287 1194 5327 sermones
1230 5282 1353 5326 sunt
1393 5274 1581 5344 quibus
1625 5275 1678 5328 in
1709 5274 1908 5344 judicio

328 5361 682 5425 defendetur;
711 5361 851 5431 quod
880 5361 929 5416 ei
956 5378 1059 5418 non
1090 5364 1190 5418 erit
1215 5364 1329 5418 sine
1359 5365 1740 5432 misericordia,
1781 5369 1902 5437 quia

393 5494 415 5560 ,ι
443 5493 515 5562 sic
535 5492 900 5562 meliores-Mss.
926 5502 979 5545 At
1002 5496 1141 5562 Edd.,_
1163 5505 1266 5562 Deo
1282 5496 1542 5562 habitante;
1566 5507 1617 5550 et
1657 5501 1794 5557 infra,
1821 5502 1907 5552 Ito-

328 5553 538 5622 gm'uibus
559 5553 871 5622 habitantibus
899 5569 916 5606 :
941 5570 1050 5618 (prie
1078 5553 1222 5606 etiam
1254 5559 1399 5622 lectio
1422 5553 1767 5610 relubtantibus

325 5616 668 5684 irrepseratitt
695 5616 866 5684 librum
888 5616 1059 5684 Qna‘st.
1085 5628 1191 5684 octo
1209 5620 1264 5667 ad
1291 5620 1555 5680 Dulcitium,
1581 5626 1626 5671 in
1647 5639 1742 5684 quo
1763 5624 1908 5680 libro,

328 5687 513 5785 ﬁniit-st.
532 5675 583 5784 Et,
607 5677 726 5784 Iuliae
747 5677 896 5738 ipsam
920 5682 1060 5728 trium
1083 5681 1291 5743 priorum
1314 5675 1907 5748 versuumespositionem

374 5750 525 5785 φκῖιιο
549 5751 624 5784 am
665 5752 814 5784 titulus.

374 5750 624 5798 esct‘tptam
650 5750 814 5784 trahes.

1433 345 1824 402 ENABRATIO
1862 344 1926 398 IN
1966 344 2288 402 PSALMUM
2328 347 2462 402 CXI.

3445 357 3582 413 H70

2007 470 2058 515 et
2098 461 2209 532 ipse
2237 462 2360 517 fecit
2385 463 2820 520 misericordiam.
2855 465 3102 529 Quoniam
3133 466 3183 520 in
3209 440 3448 522 retentum
3480 486 3578 523 non

2004 553 2389 608 cornmorebitur
2413 569 2432 608 :
2469 555 2558 624 qui
2597 555 2662 610 ad
2701 556 2970 610 dexteram
3021 567 3326 628 segregatus
3364 559 3576 624 audiet,

2013 643 2205 730 Venite,
2235 646 2476 699 benedicti
2506 645 2676 701 Patris
2701 649 2815 712 mei,
2845 649 3081 718 percipite
3110 667 3315 719 regnum
3334 649 3468 720 quod
3492 668 3576 704 ro-

2004 738 2076 791 bis
2103 749 2334 806 paratum
2359 748 2430 793 est
2455 741 2517 793 ab
2543 741 2732 809 origine
2759 743 2953 793 mundi.
2997 740 3176 810 Neque
3219 741 3360 795 enim
3402 741 3575 810 aliqua

2004 828 2111 881 illic
2127 842 2333 894 eorum,
2354 829 2454 882 nisi
2479 844 2640 897 opera
2667 830 3043 884 misericordiae
3065 841 3571 884 commemorantur.

2003 920 2195 973 Audiet
2221 934 2366 989 ergo,
2409 918 2608 982 Venite,
2642 920 2882 974 benedicti
2913 921 3081 974 Patris
3116 923 3246 986 mei;
3275 923 3395 992 quia
3424 939 3574 993 gene-

2001 1012 2129 1065 ratio
2165 1025 2413 1066 rcctorum
2455 1013 2787 1067 benediretur.
2831 1013 2950 1077 Sic,
2992 1011 3057 1066 In
3107 1016 3344 1067 memoria
3387 997 3584 1067 (eterna.

2001 1104 2092 1155 erit
2121 1104 2326 1169 justus:
2353 1115 2400 1158 et
2425 1105 2487 1158 ab
2521 1105 2696 1156 auditu
2731 1103 2862 1156 malo
2903 1120 3003 1155 non
3045 1103 3264 1169 timebit;
3298 1103 3437 1176 quod
3471 1103 3575 1158 dici

2000 1198 2179 1252 audiet
2208 1197 2271 1258 iis
2299 1198 2386 1267 qni
2413 1212 2441 1249 a
2469 1197 2698 1250 sinistris
2729 1205 2914 1258 erunt,
2939 1193 3020 1248 Ite
3044 1196 3094 1248 in
3119 1195 3282 1265 ignem
3310 1207 3571 1261 internum,

2000 1291 2086 1358 qui
2130 1300 2446 1360 prwparatus
2471 1300 2540 1342 est
2558 1289 2756 1342 diabolo
2795 1298 2841 1341 et
2861 1288 3052 1358 angelis
3073 1289 3178 1359 ejus
3201 1285 3411 1357 (Matth.
3446 1304 3568 1352 xxv,

2000 1381 2088 1445 ω,
2114 1381 2174 1438 tt
2204 1379 2245 1451 ).

2071 1471 2121 1524 6.
2157 1469 2335 1538 Itaque
2372 1469 2458 1538 qui
2507 1469 2593 1523 hic
2641 1484 2744 1522 non
2789 1483 2881 1522 sua
2923 1468 3145 1538 quaerit,
3171 1467 3262 1522 scd
3289 1483 3405 1537 qua:
3448 1467 3575 1520 Jcsu

1999 1558 2229 1623 Christi;
2266 1559 2475 1612 labores
2515 1559 2896 1627 patientissime
2934 1559 3179 1622 sustinet,
3212 1557 3468 1627 promissa
3513 1558 3575 1608 ti-

1999 1650 2187 1704 dentcr
2207 1659 2479 1720 exspectat
2507 1668 2518 1702 :
2548 1649 2796 1703 Paratum
2819 1660 2898 1703 est
2917 1666 3002 1701 cor
3028 1650 3136 1718 ejus
3163 1665 3364 1718 sperare
3384 1648 3433 1700 iu
3466 1647 3575 1699 Do-

2000 1741 2154 1792 mino.
2183 1739 2362 1808 Neque
2397 1740 2514 1793 ullis
2551 1738 2927 1793 tcntationibus
2969 1737 3223 1806 frangitur
3251 1754 3264 1790 :
3289 1725 3602 1803 Conﬁrmav/

2001 1841 2104 1883 tum
2129 1840 2199 1882 est
2221 1846 2307 1883 cor
2331 1830 2456 1900 ejus,
2493 1847 2592 1882 non
2615 1827 3026 1894 commovebitur,
3054 1828 3207 1881 donec
3237 1827 3398 1880 videat
3427 1843 3577 1895 super

2000 1923 2226 1976 inimicos
2253 1938 2388 1976 suos.
2419 1921 2620 1975 Inimici
2652 1920 2767 1990 ejus
2794 1913 2878 1974 hic
2900 1919 3079 1974 videre
3109 1919 3245 1973 bona
3271 1917 3574 1982 voluerunt,

2001 2023 2054 2066 ct
2081 2028 2199 2067 cum
2230 2013 2307 2067 eis
2333 2012 2611 2066 invisibilia
2643 2011 3096 2079 promitterentur,
3127 2008 3372 2062 dicebant
3401 2025 3415 2061 :
3450 2007 3575 2071 Qui:

1977 2105 2226 2158 ostendet
2268 2103 2408 2159 nobis
2446 2103 2575 2156 bona
2619 2101 2808 2174 (Psal.
2837 2116 2909 2164 tv,
2939 2100 3030 2171 6).
3061 2099 3414 2154 Conﬁrmctur
3448 2113 3576 2168 ergo

2003 2210 2097 2248 cor
2139 2201 2401 2260 nostrum,
2445 2208 2543 2247 nec
2581 2207 3012 2248 commoveamur
3037 2232 3050 2256 ,
3093 2191 3262 2245 donec
3300 2188 3576 2244 videamus

2002 2299 2160 2352 super
2197 2283 2436 2338 inimicos
2462 2292 2693 2337 nostros.
2733 2281 2806 2335 Illi
2833 2282 2976 2336 enim
3013 2280 3196 2334 volunt
3229 2279 3410 2334 videre
3437 2279 3574 2332 bona

2004 2375 2273 2427 hominum
2315 2374 2364 2426 in
2407 2383 2542 2427 terra
2572 2372 2944 2436 morientium;
2979 2385 3076 2424 nos
3101 2369 3368 2424 credimus
3395 2369 3576 2422 videre

2004 2465 2138 2519 bona
2171 2464 2376 2518 Domini
2401 2464 2450 2517 in
2475 2472 2614 2518 terra
2639 2462 2922 2517 viventium
2952 2461 3118 2530 (Psal.
3150 2461 3422 2532 xxvr,15).

2075 2561 2128 2613 7.
2157 2557 2259 2612 Sed
2288 2572 2533 2626 magnum
2557 2565 2655 2621 est,
2676 2555 3044 2609 conﬁrmatum
3072 2553 3378 2607 habere'eor
3397 2561 3574 2607 etnon

2005 2649 2359 2711 commoveri,
2387 2662 2506 2700 cum
2537 2645 2607 2699 illi
2631 2644 2860 2714 gaudent
2889 2645 2975 2713 qui
3001 2652 3180 2697 amant
3204 2641 3342 2712 quod
3373 2641 3573 2706 vident,

2005 2754 2057 2796 et
2085 2735 2338 2796 insultant
2362 2739 2412 2793 ei
2441 2739 2528 2808 qui
2550 2738 2690 2808 quod
2718 2753 2820 2792 non
2845 2737 2987 2790 videt
3005 2744 3183 2805 Sperat
3215 2754 3228 2788 :
3253 2744 3305 2789 et
3324 2752 3424 2789 non
3449 2727 3576 2788 com-

2007 2833 2280 2885 movebitur
2309 2831 2464 2883 donec
2492 2829 2656 2883 videat
2678 2837 2731 2881 ct
2753 2829 2885 2898 ipse,
2916 2845 3018 2881 non
3047 2828 3294 2882 deorsum
3325 2826 3464 2896 quod
3489 2826 3579 2879 ini-

2007 2922 2125 2975 mici
2149 2921 2281 2988 ejus,
2315 2919 2408 2972 sed
2436 2933 2645 2972 sursum
2677 2934 2829 2988 super
2851 2918 3080 2970 inimicos
3109 2933 3224 2970 suos
3244 2958 3259 2982 ,
3287 2917 3424 2986 quod
3451 2930 3581 2970 ocu«

2006 3013 2086 3067 lus
2116 3028 2218 3065 non
2254 3010 2404 3077 vidit,
2433 3023 2533 3062 nec
2554 3009 2695 3062 auris
2722 3007 2920 3061 audivit
2940 3047 2954 3069 ,
3000 3022 3099 3061 nec
3139 3007 3189 3060 in
3229 3021 3323 3061 cor
3351 3007 3580 3060 hominis

2005 3102 2282 3177 ascendit,
2335 3100 2476 3171 quod
2519 3100 2830 3169 praeparavit
2885 3098 3025 3152 Deus
3072 3096 3411 3167 diligentibus
3456 3111 3578 3150 eum

2008 3195 2050 3266 (1
2088 3194 2204 3248 Cor.
2230 3193 2287 3258 ti,
2317 3190 2397 3263 9).
2437 3191 2628 3257 Quanti
2659 3191 2799 3244 valet
2827 3188 2928 3243 hoc
2965 3187 3105 3258 quod
3135 3203 3236 3241 non
3266 3186 3494 3250 videtur,
3527 3194 3580 3240 ct

2008 3285 2200 3340 emitur
2225 3284 2352 3337 tanti
2385 3291 2638 3354 quantum
2669 3280 2891 3350 quisque
2924 3279 3120 3333 habere
3146 3278 3411 3347 potuerit!
3452 3276 3580 3330 Pro-

2010 3387 2126 3448 pter
2155 3376 2254 3430 hoc
2276 3384 2328 3430 ct
2355 3376 2441 3430 ille
2463 3375 2665 3445 sparsit,
2691 3374 2822 3427 dedit
2847 3370 3146 3442 pauperibus
3175 3387 3193 3422 :
3214 3387 3318 3424 non
3346 3369 3577 3431 videbat,

2009 3479 2060 3522 et
2082 3468 2317 3531 emebat;
2351 3465 2444 3521 sed
2490 3465 2578 3520 ille
2614 3465 2917 3519 thesaurum
2958 3463 3204 3517 servabat
3233 3463 3283 3514 in
3311 3462 3467 3524 coelo,
3493 3461 3578 3530 qui

2009 3561 2212 3615 esurire
2249 3569 2304 3612 et
2338 3559 2485 3612 sitire
2525 3559 2574 3612 in
2617 3557 2933 3626 pauperibus
2973 3554 3287 3623 dignabatur
3323 3553 3372 3605 in
3417 3561 3577 3605 terra.

2008 3651 2121 3705 Non
2146 3652 2334 3705 mirum
2358 3659 2439 3704 est
2469 3649 2624 3719 igitur
2643 3648 2686 3700 si
2710 3646 2917 3700 Iustitia
2944 3646 3049 3715 ejus
3072 3653 3237 3697 manet
3260 3643 3314 3695 in
3342 3643 3581 3695 sa’culunt

2007 3741 2178 3796 δαναιιί
2205 3757 2224 3794 :
2249 3740 2468 3795 custode
2499 3739 2586 3792 illo
2614 3739 2703 3807 qui
2743 3735 2977 3790 condidit
3010 3735 3223 3788 saecula.
3265 3733 3432 3786 Cornu
3469 3734 3580 3801 ejus

2009 3833 2310 3887 exaltubitur
2340 3832 2390 3883 in
2416 3830 2578 3901 gloria
2601 3845 2619 3882 :
2645 3829 2795 3898 cujus
2826 3827 3092 3880 humilitas
3116 3841 3145 3879 a
3178 3825 3420 3894 superbis
3455 3839 3581 3878 eun-

2012 3925 2360 3979 temnebalur.
2819 3933 2838 3940 ν

2080 4015 2132 4070 8.
2161 4013 2310 4086 [rers.
2344 4012 2456 4085 10.]
2485 4012 2726 4067 Peccator
2749 4009 2950 4074 videbit,
2980 4018 3025 4062 et
3045 4011 3285 4061 irascetur
3306 4024 3324 4061 :
3351 4023 3468 4062 sera
3493 4007 3580 4060 illa

2008 4107 2211 4162 scilicet
2240 4113 2407 4175 atque
2447 4103 2764 4157 infructuosa
2806 4100 3134 4170 ptenitentia.
3179 4098 3304 4152 Nam
3345 4100 3582 4151 irascetur

2010 4199 2091 4252 cui
2135 4197 2302 4265 magis
2341 4210 2497 4265 quam
2533 4193 2652 4259 sibi,
2692 4207 2811 4245 cum
2842 4191 2981 4246 dicet
3015 4207 3026 4241 :
3065 4188 3199 4256 Quid
3227 4189 3367 4241 nobis
3396 4189 3583 4258 profuit

2010 4285 2284 4355 superbia?
2313 4293 2358 4338 et
2397 4284 2682 4337 divitiarum
2711 4267 2960 4353 jacta‘ntia
2998 4275 3119 4351 quid
3156 4281 3364 4333 contulit
3405 4280 3584 4332 nobis!

2010 4379 2194 4431 videns
2220 4391 2388 4434 cornu
2413 4376 2528 4446 ejus
2557 4375 2776 4430 exaltari
2807 4375 2856 4427 in
2883 4374 3070 4443 gloria,
3097 4372 3184 4441 qui
3207 4373 3402 4439 sparsit
3421 4381 3472 4425 et
3493 4371 3584 4424 de-

2010 4470 2087 4524 dit
2118 4469 2452 4539 pauperibus.
2478 4465 2721 4520 Dentibus
2749 4466 2852 4519 suis
2871 4465 3086 4537 frondet,
3119 4473 3166 4516 et
3197 4462 3446 4516 tabescet:
3465 4463 3584 4530 quia

2012 4562 2118 4616 illic
2148 4561 2248 4615 erit
2273 4561 2512 4630 ploratus
2551 4567 2602 4613 et
2639 4557 2834 4612 stridor
2855 4557 3112 4610 dentium.
3140 4555 3255 4608 Non
3282 4556 3421 4608 enim
3447 4554 3586 4607 fron-

2011 4655 2153 4709 debit
2176 4656 2214 4720 ι,
2241 4663 2293 4707 ct
2313 4654 2558 4716 virescct,
2591 4652 2728 4705 sicut
2755 4651 2903 4704 licret
2921 4651 2960 4702 si
2987 4657 3286 4718 Opportuno
3308 4663 3427 4700 eum
3456 4636 3587 4700 lem;

2013 4761 2142 4815 pore
2181 4746 2491 4815 paeniteret;
2534 4741 2625 4796 sed
2654 4750 2776 4795 tttuc
2807 4740 3102 4809 paenitebit,
3131 4754 3250 4792 cum
3287 4737 3587 4791 desiderium

2014 4848 2329 4906 peccatorum
2360 4835 2535 4905 peribit
2563 4850 2581 4886 :
2613 4833 2754 4885 nullo
2792 4831 3108 4884 succedente
3132 4829 3342 4883 Solatio.
3389 4827 3588 4881 Peribit

2013 4930 2332 4985 desiderium
2374 4936 2749 4996 peccatorum,
2787 4938 2905 4976 cum
2956 4923 3214 4975 transient
3253 4919 3429 4974 omnia
3473 4928 3588 4972 tan-

1985 5025 2170 5092 .quam
2198 5019 2380 5072 umbra
2417 5017 2580 5086 (Sap.
2612 5030 2664 5079 v,
2695 5015 2746 5076 8,
2777 5013 2864 5078 9),
2893 5027 3010 5067 cum
3043 5013 3161 5066 l'eno
3188 5018 3462 5064 arescente
3489 5008 3588 5060 llos

2011 5111 2238 5166 decidet.
2258 5108 2486 5163 Verbum
2517 5115 2691 5160 autent
2729 5105 2934 5178 Domini
2961 5103 3099 5173 qttud
3125 5112 3303 5157 manet
3338 5102 3390 5155 in
3425 5109 3586 5154 aeter-

1983 5263 1990 5268 .
2014 5218 2138 5257 num
2171 5200 2334 5272 (Isai.
2363 5216 2449 5263 λι,
2476 5196 2568 5268 8),
2597 5198 2731 5250 sicut
2773 5196 3022 5250 falsorum
3055 5195 3327 5249 beatorum
3350 5191 3584 5247 vanitate

2013 5294 2242 5347 derisum
2279 5297 2379 5356 est,
2414 5291 2489 5343 sic
2523 5288 2830 5343 earumdem
2866 5302 3106 5342 verorum
3130 5285 3445 5339 miscrorum
3469 5297 3593 5353 per-

2013 5383 2196 5439 ditioni
2228 5380 2598 5451 superridebit.

2077 5539 2094 5569 ι
2124 5544 2220 5584 Am.
2251 5545 2302 5585 ct
2322 5542 2445 5598 Mss,
2475 5537 2681 5598 ﬁ'ettdet.
2709 5543 2910 5596 Moxque
2936 5547 2997 5583 ex
3023 5533 3094 5582 his
3117 5531 3326 5596 quidam,
3353 5536 3398 5581 ct
3423 5525 3596 5580 revivi-

2015 5607 2114 5650 scat
2146 5611 2160 5646 .'
2186 5613 2239 5647 ac
2263 5597 2494 5658 nonnulli,
2521 5607 2564 5647 et
2590 5597 2858 5647 retire.cet.
