4026 6202
413 354 545 413 Mil

417 472 1988 505 _____________________.———

867 561 948 623 lN
992 515 1370 622 PSALMUM
1410 553 1593 617 exn~

980 675 1394 735 ENARRATIO.

920 804 1090 848 SERIO
1130 808 1197 847 AD
1233 800 1497 845 POPULUII.

483 910 535 963 i.
560 905 710 981 [rem
739 903 875 977 #5.]
903 903 1111 969 Nostis,
1131 900 1339 967 fratres,
1362 907 1419 953 et
1444 896 1737 968 smpissime
1769 893 1992 949 audistis

413 1000 780 1072 inlEvangelio
809 995 1307 1059 Dominum‘dieere,
1341 1009 1360 1043 ι
1390 990 1559 1046 Sinite
1585 1001 1782 1059 pueros
1809 985 1994 1042 venire

359 1159 364 1167 ,
412 1092 478 1147 ad
506 1106 592 1147 me
619 1106 635 1156 ;
664 1090 845 1152 talium
880 1094 963 1143 est
987 1086 1129 1142 enim
1158 1098 1379 1153 regnum
1410 1080 1709 1140 caelorum;
1741 1096 1760 1130 ι
1792 1087 1848 1133 et
1891 1077 1994 1131 ite-

358 1171 365 1188 ’
412 1196 551 1247 rum,
584 1198 604 1233 ι
631 1178 685 1235 Si
708 1179 823 1249 quis
846 1192 948 1231 non
974 1174 1236 1245 receperit
1264 1186 1482 1243 regnum
1513 1169 1640 1233 Dei,
1663 1167 1801 1249 sicut
1831 1181 1960 1236 puer
1978 1206 1992 1230 ,

413 1236 521 1328 non
538 1236 765 1326 intrabit
792 1270 844 1322 in
876 1266 1003 1322 illud
1038 1285 1056 1318 ι
1091 1236 1438 1335 Matt/tim
1459 1302 1474 1325 ,
1507 1260 1612 1323 ib;
1646 1236 1771 1313 xvin
1797 1299 1811 1323 ,
1842 1257 1913 1321 5;
1947 1264 1995 1309 et

416 1354 583 1416 Marc.
607 1377 661 1427 ι,
697 1361 779 1426 14,
804 1358 892 1430 15)
920 1367 1007 1413 :et
1032 1356 1212 1412 multis
1232 1354 1350 1408 aliis
1370 1352 1499 1407 locis
1522 1349 1774 1405 Dominus
1789 1355 1993 1412 noster,

415 1469 515 1525 per
541 1452 805 1523 singulare
850 1447 1161 1504 humilitatis
1189 1444 1489 1513 exemplum
1519 1439 1820 1510 superbiam
1851 1445 1999 1490 vete-

416 1547 493 1601 ris
519 1544 749 1599 hominis
774 1542 840 1597 ad
868 1539 1219 1596 innovandam
1251 1535 1523 1591 humiliter
1548 1532 1708 1587 vitam
1748 1528 1998 1585 similitu-

417 1637 544 1691 dine
569 1629 786 1706 puerilis
814 1632 989 1688 anatis
1010 1636 1249 1685 accusat.
1269 1627 1632 1696 Quapropter,
1662 1618 1961 1676 charissimi
1979 1658 1997 1685 ,

419 1745 539 1785 cum
565 1722 766 1784 cantari
792 1724 986 1780 auditis
1007 1725 1058 1778 in
1086 1721 1335 1786 Psalmis,
1360 1717 1610 1780 Laudato,
1635 1714 1797 1786 pueri,
1819 1710 2000 1765 Domi-

421 1837 564 1887 num,
596 1834 662 1875 ne
685 1814 1013 1874 arbitremini
1043 1813 1109 1868 ad
1138 1826 1233 1867 vos
1258 1811 1410 1866 istam
1441 1805 1863 1862 exhortationem
1892 1816 1998 1856 non

421 1912 707 1981 pertinere,
739 1908 858 1979 quia
882 1906 993 1977 jam
1035 1902 1276 1973 corporis
1320 1897 1597 1970 pueritiam
1618 1891 1945 1965 supergressi
1976 1932 1994 1959 ,

380 2044 385 2055 .
420 2003 503 2057 vel
526 2000 747 2072 juvenili
776 2000 969 2055 decore
994 1994 1258 2051 virescitis
1277 2033 1293 2060 ,
1321 1992 1402 2047 vel
1430 1989 1585 2047 senili
1606 1988 1811 2043 honore
1835 1999 2001 2040 cane-

422 2094 571 2149 scitis
599 2110 614 2146 :
641 2092 891 2146 omnibus
936 2089 1078 2143 enim
1121 2084 1273 2141 vobis
1317 2082 1449 2139 dicit
1475 2079 1797 2152 Apostolus,
1826 2077 2003 2133 Nolite

423 2189 546 2260 efﬁci
578 2187 720 2259 pueri
746 2184 1012 2249 mentibus;
1036 2182 1127 2237 sed
1149 2178 1344 2234 malitia
1365 2175 1563 2246 paruuli
1581 2182 1756 2245 estote,
1778 2180 1834 2226 ut
1862 2186 2003 2224 men-

422 2283 555 2336 tibus
575 2278 781 2352 perfecti
800 2278 906 2332 sitis
928 2274 969 2347 (l
985 2273 1103 2330 Cor.
1128 2269 1376 2340 ItY,-20).
1400 2270 1513 2335 Qua
1529 2265 1730 2320 malitia
1748 2261 2001 2328 maxime,

422 2372 527 2428 nisi
567 2369 859 2441 superbia?
885 2366 999 2437 Ipsa
1024 2365 1165 2420 enim
1189 2362 1259 2418 de
1298 2374 1429 2415 vana
1472 2356 1771 2429 granditate
1800 2366 2004 2425 praesu-

424 2478 576 2518 mens
602 2475 708 2515 non
734 2459 862 2515 sinit
882 2456 1151 2512 hominem
1175 2450 1450 2508 ambulare
1475 2463 1571 2518 per
1590 2454 1791 2501 arctam
1819 2444 1959 2497 viam
1985 2479 2001 2504 ,

423 2562 479 2609 et
521 2552 721 2606 intrare
763 2564 859 2618 per
892 2554 1171 2616 angustam
1208 2548 1415 2611 portam
1443 2557 1456 2593 :
1485 2551 1619 2607 puer
1643 2542 1821 2590 autem
1852 2530 2006 2587 facile

422 2642 589 2698 intrat
618 2654 712 2710 per
738 2645 1055 2708 angustum;
1086 2642 1145 2688 et
1171 2630 1299 2685 ideo
1313 2642 1494 2692 nemo,
1524 2625 1623 2680 nisi
1652 2632 1709 2678 ut
1730 2636 1865 2693 puer
1884 2661 1901 2687 ,
1926 2620 2009 2674 in-

424 2744 532 2790 trat
563 2733 615 2788 in
654 2744 877 2801 regnum
907 2727 1183 2783 emtorem.
1213 2720 1349 2788 Quid
1376 2728 1555 2774 autem
1600 2714 1864 2786 superbire
1892 2726 2008 2767 ma-

426 2824 540 2879 litia
563 2820 832 2887 deterius,
857 2832 978 2889 quas
1007 2814 1350 2887 prtepositum
1382 2824 1499 2865 non.
1527 2806 1639 2861 vult
1684 2804 1880 2860 habere
1907 2816 2007 2858 nec

429 2912 638 2969 Deum?
663 2910 795 2966 Nam
822 2909 1075 2977 scriptum
1106 2912 1188 2960 est
1206 2944 1221 2969 ,
1252 2902 1469 2956 Initium
1492 2896 1738 2969 superbire
1766 2894 2005 2959 hominis,

426 3013 713 3078 «postulare
730 3018 762 3054 a
784 2999 893 3055 Deo
914 2997 1100 3072 (Eccli.
1123 3012 1179 3060 ι.
1201 2993 1311 3061 14).
1334 2991 1483 3047 Hanc
1501 3005 1561 3046 se
1587 2988 1842 3043 adversus
1868 3000 2008 3055 prte-

426 3072 580 3166 cepta
618 3091 794 3149 divina
835 3088 1051 3145 tumidis
1091 3084 1388 3143 cervicibus
1429 3080 1723 3151 erigentem
1769 3082 1825 3131 et
1860 3072 2010 3129 suavi
2066 3080 2081 3097 ‘

421 3164 552 3264 iugo
573 3187 779 3245 Domini
800 3185 1133 3242 resistentem
1150 3178 1381 3249 dejicite,
1398 3174 1642 3242 frangite,
1664 3164 2011 3225 comminuite

427 3256 587 3352 atque
610 3277 928 3338 consumite.
955 3282 1011 3329 et
1039 3271 1261 3334 laudate,
1291 3265 1454 3334 pueri,
1481 3260 1780 3324 Dominum,
1804 3256 2012 3311 laudate

429 3351 611 3429 nomen
638 3368 866 3424 Domini.
897 3365 987 3420 llla
1025 3363 1167 3418 enim
1197 3366 1462 3429 prostrata
1501 3363 1557 3409 et
1605 3351 1863 3409 exstincta
1898 3388 1914 3413 ,
1944 3362 2008 3402 ex

428 3478 526 3519 ore
554 3455 828 3526 infantium
851 3463 905 3511 et
932 3452 1236 3510 lactentinm
1265 3446 1537 3519 perﬁcitur
1557 3431 1674 3497 laus
1696 3440 1868 3511 (Psal.
1896 3453 2009 3501 vin,

428 3553 510 3625 3);
543 3550 629 3606 illa
654 3562 910 3620 oppressa
939 3553 1099 3615 atque
1117 3539 1313 3602 deleta,
1341 3536 1432 3607 qui
1456 3532 1733 3605 gloriatur,
1757 3529 1808 3584 in
1836 3527 2013 3583 Domi-

432 3621 503 3700 no
526 3641 780 3714 glorietur
805 3637 843 3708 (I
869 3635 988 3692 Cor.
1012 3649 1047 3698 ι,
1072 3631 1182 3703 31).
1210 3628 1327 3685 Non
1352 3632 1568 3683 cantant
1588 3622 1685 3677 ista
1703 3621 1789 3690 qni
1815 3635 1875 3674 se
1896 3631 2011 3672 ma-

430 3711 565 3808 gnos
589 3739 793 3804 putant;
820 3743 927 3785 non
947 3733 1163 3781 cantant
1186 3722 1283 3776 ista
1301 3717 1389 3789 qui
1414 3720 1801 3787 cognoscentes
1822 3711 2013 3776 Deum,

433 3805 539 3883 non
568 3826 708 3881 sicut
737 3823 901 3879 Deum
927 3815 1379 3890 gloriﬁcaverunt,
1409 3816 1503 3863 aut
1526 3805 1724 3878 gratias
1751 3808 2014 3874 egerunt:

434 3934 494 3974 se
516 3915 734 3972 laudant
761 3912 868 3977 illi,
899 3925 1003 3964 non
1035 3908 1224 3968 Deum;
1255 3917 1360 3958 non
1387 3899 1529 3956 enim
1562 3895 1709 3967 pueri
1738 3901 1885 3950 sunt.
1910 3891 2013 3948 Νο-

435 4026 556 4065 men
602 4020 757 4061 suum
804 4001 981 4074 potius
1025 3992 1515 4070 pradicarivoluut
1543 4030 1557 4054 ,
1584 3997 1772 4044 etnon
1802 3983 2021 4039 laudant

394 4114 401 4118 '
441 4117 634 4159 nomen
664 4095 891 4153 Domini.
920 4094 1105 4171 Itaque
1148 4092 1478 4147 evanuerunt
1518 4082 1569 4136 in
1610 4074 2021 4159 cogitationibus

437 4195 549 4257 luis
576 4240 591 4266 ,
615 4207 670 4255 et
694 4197 1032 4252 obscuratum
1075 4198 1158 4245 est
1196 4186 1453 4257 insipiens
1476 4197 1572 4237 cor
1595 4195 1781 4235 eorum
1813 4194 1827 4241 ;
1857 4184 1913 4231 et
1934 4174 2018 4227 di-

437 4265 621 4348 centes
648 4303 707 4343 sc
731 4302 849 4343 esse
871 4283 1160 4353 sapientes,
1187 4277 1330 4334 stulti
1362 4274 1483 4329 facti
1509 4281 1634 4327 sunt
1654 4269 1831 4340 (Rom.
1862 4282 1899 4333 ι,
1926 4265 2017 4332 21,

438 4380 530 4453 22)
563 4398 576 4435 :
608 4377 893 4433 voluerunt
937 4386 1132 4427 nomen
1161 4383 1315 4423 suum
1344 4362 1643 4420 diutissime
1669 4369 1724 4416 et
1764 4356 2020 4413 latissime

439 4446 702 4529 dili‘amari
724 4469 765 4535 ⁸,
793 4466 901 4522 cito
922 4463 1020 4533 ipsi
1047 4465 1098 4515 In
1125 4457 1397 4529 angustias
1425 4452 1717 4509 transituri.
1742 4450 1908 4505 Deum
1929 4446 2024 4503 de-

441 4572 567 4630 cet,
597 4558 877 4616 Dominum
912 4554 1066 4611 decet
1102 4559 1159 4607 et
1185 4561 1397 4617 semper
1423 4554 1480 4601 et
1502 4543 1698 4611 ubique
1723 4538 2020 4612 prmdicari.

442 4656 668 4724 Semper
691 4663 820 4720 ergo
845 4644 1201 4717 praedicetur:
1236 4658 1257 4693 ι
1288 4637 1372 4694 Sit
1406 4649 1602 4691 nomen
1625 4631 1834 4686 Domini
1860 4630 2026 4685 bene.

439 4717 665 4806 dictum.
688 4717 887 4795 ex‘hoc
910 4741 965 4790 et
991 4747 1159 4803 usque
1182 4729 1235 4785 in
1259 4725 1534 4784 saeculum.
1559 4739 1578 4774 ι
1604 4720 1814 4789 Ubique
1841 4717 2026 4788 praedi-

446 4846 597 4895 cetur
624 4852 641 4912 _:
669 4851 690 4886 ι
745 4833 789 4887 Α
841 4828 973 4886 solis
1015 4834 1134 4883 ortu
1164 4834 1333 4893 usque
1367 4818 1435 4875 ad
1474 4828 1744 4881 occasum,
1774 4812 1982 4868 laudate
2004 4812 2026 4844 ¹

447 4942 646 4989 nomen
674 4923 904 4980 Domini.
1388 4924 1393 4935 ν

516 5022 576 5078 2.
614 5020 830 5089 Qumrat
854 5030 921 5071 ex
946 5027 1032 5069 me
1054 5009 1247 5080 aliquis
1271 5017 1558 5078 puerorum
1583 5005 1887 5056 sanctorum
1911 4994 2028 5050 lano

447 5114 690 5173 dantium
720 5122 914 5165 nomen
958 5101 1165 5160 Domini
1191 5140 1208 5167 ,
1243 5108 1298 5155 et
1326 5097 1471 5153 dicat
1502 5093 1631 5150 mihi
1664 5109 1679 5147 :
1710 5091 1846 5146 Ecce
1869 5104 2027 5158 usque

448 5210 503 5265 in
522 5202 764 5265 malum
786 5242 802 5269 ,
839 5196 1045 5268 accipio
1074 5205 1241 5264 usque
1274 5192 1327 5246 in
1367 5197 1671 5251 aeternum;
1713 5198 1811 5239 cur
1850 5189 2031 5236 autem

448 5314 514 5353 es
539 5298 670 5362 hoc,
712 5302 769 5351 et
808 5306 914 5346 non
945 5295 1070 5343 ante
1108 5284 1212 5338 hoc
1251 5290 1304 5337 et
1347 5287 1474 5337 ante
1508 5276 1686 5332 omnia
1726 5271 1922 5331 saecula
1969 5269 2035 5324 sit

451 5405 634 5444 nomen
656 5358 866 5441 Domini
889 5378 1202 5435 benedictum
1221 5373 1247 5427 .’
1270 5367 1624 5441 Respondebo
1654 5363 1878 5437 parvulo
1901 5403 1917 5429 ,
1940 5358 2034 5432 qui

517 5544 534 5576 '
569 5544 660 5601 sic,
696 5547 755 5591 ιιι
789 5519 850 5589 δά
887 5527 1238 5601 mentientia
1258 5523 1414 5601 ‘79".2“.
1426 5514 2035 5601 ξδοηὲἕίῗὶἒρὲίξδὲἓὶθλὲῖ

453 5578 668 5667 ποικίλλει

452 5643 1379 5719 aliii‘iimciiiiiis’imquach
1405 5643 1687 5709 [Voluerunt
1708 5653 1876 5693 nomen
1898 5649 2038 5690 suum

456 5711 723 5778 diutissime
746 5730 790 5771 et
815 5719 1040 5778 latissime
1063 5711 1388 5778 (finitumi-1,

808 5767 1022 5828 nonnulli
1042 5767 1166 5834 usti,
1192 5767 1450 5823 laudabile.

1675 340 1734 397 s.
1767 316 2138 393 ADGUSTINI
2172 334 2473 394 ertscort

3530 334 3686 394 H72

2100 464 2207 506 non
2236 450 2622 508 contumaciter
2649 452 2837 523 qumrit
2865 468 2879 506 :
2919 450 3086 508 Vobis
3109 450 3307 507 dicitur
3330 490 3346 517 ,
3382 448 3598 506 domini-
3616 459 3682 507 et

2096 541 2245 612 pueri
2274 543 2313 608 ¹·,
2362 541 2512 597 vobis
2554 541 2784 607 dicitur,
2821 542 3048 598 Laudato
3091 558 3272 597 nomen
3315 540 3564 596 Domini:
3606 543 3683 597 sis

2095 652 2279 691 nomen
2301 632 2511 688 Domini
2531 633 2842 715 benedictum
2866 649 2884 698 ;
2908 635 2978 689 sit
3001 649 3030 687 a
3054 634 3209 689 vobis
3237 648 3430 687 nomen
3462 631 3682 687 Domini

2096 726 2433 783 benedictum
2459 767 2474 791 ,
2505 742 2569 780 ea:
2596 726 2690 779 hoc
2714 726 2898 796 utique
2921 740 2988 781 ex
3017 738 3124 795 quo
3150 726 3301 780 vobis
3337 724 3552 779 dicitur.
3588 723 3685 779 ln-

2094 818 2270 888 cipitis
2296 817 2437 872 enim
2477 817 2695 873 laudare
2719 858 2734 881 ,
2771 816 2866 872 sed
2903 817 3020 872 sine
3056 816 3161 872 line
3196 815 3425 871 laudate.
3472 816 3553 869 Ex
3581 816 3686 870 hoc

2097 923 2226 978 ergo
2254 916 2299 961 et
2327 924 2481 978 usque
2508 907 2561 960 in
2586 906 2824 961 swculum
2849 946 2865 973 ,
2894 906 3011 961 sine
3036 905 3140 961 line
3164 905 3387 960 laudate.
3423 905 3503 961 Ne
3529 904 3686 961 dica-

2097 1002 2204 1055 tis:
2235 999 2521 1070 lncipimus
2547 998 2761 1069 quidem
2790 997 3007 1054 laudare
3033 998 3313 1054 Dominum
3337 1039 3351 1063 ,
3376 999 3497 1069 quia
3524 997 3685 1068 pueri

2098 1104 2326 1154 sumus;
2377 1088 2470 1144 sed
2514 1103 2635 1143 eum
2682 1087 3010 1142 crcrerimus
3055 1088 3335 1159 magnique
3380 1087 3684 1154 fuerimus,

2100 1195 2198 1235 nos
2224 1181 2371 1250 ipsos
2392 1178 2743 1234 laudabimus.
2768 1177 2885 1233 Non
2911 1179 2990 1233 sic
3015 1218 3030 1241 ,
3059 1177 3206 1247 pueri
3232 1218 3248 1245 ,
3279 1192 3383 1232 non
3409 1177 3490 1232 sic
3516 1193 3531 1230 :
3554 1191 3689 1247 pro-

2101 1284 2283 1343 pterea
2309 1272 2443 1326 dicit
2466 1271 2721 1325 Dominus
2741 1285 2835 1341 per
2855 1270 3044 1325 lsaiam
3069 1310 3087 1337 ,
3118 1268 3232 1341 Ego
3256 1286 3409 1336 sum;
3450 1278 3497 1324 et
3523 1283 3691 1339 usque

2102 1364 2227 1418 dum
2242 1363 2511 1418 senescatis
2533 1402 2550 1428 ,
2581 1378 2673 1434 ego
2692 1379 2803 1416 sum
2831 1360 3000 1434 (Isai.
3031 1377 3159 1417 XLVI
3184 1404 3199 1427 ,
3228 1362 3263 1417 4
3282 1360 3325 1432 ).
3351 1360 3445 1417 Ille
3468 1375 3690 1431 semper

2102 1453 2396 1510 laudandus
2423 1462 2506 1509 est
2529 1455 2618 1524 qui
2648 1462 2748 1509 est.
2774 1452 3006 1508 Laudato
3027 1494 3042 1519 ,
3081 1454 3225 1524 pueri
3245 1495 3262 1521 ,
3302 1469 3367 1508 ea:
3393 1454 3487 1508 hoc
3505 1495 3520 1519 ,
3558 1453 3685 1508 lau-

2099 1546 2230 1603 date‘
2251 1585 2266 1611 ,
2301 1558 2458 1600 senes
2481 1584 2497 1610 ,
2524 1553 2570 1597 et
2596 1560 2754 1614 usque
2779 1544 2832 1598 in
2857 1544 3119 1599 siccatum.
3145 1542 3277 1610 Quia
3314 1553 3563 1599 senectus
3589 1557 3690 1598 ve-

2103 1646 2214 1693 stra
2241 1638 2474 1693 aibescet
2493 1636 2706 1706 quidem
2734 1636 2884 1691 canis
2904 1637 3178 1707 sapientia:
3203 1677 3219 1702 ,
3255 1636 3349 1691 sed
3372 1652 3477 1691 non
3504 1637 3688 1693 carnis

2102 1738 2368 1785 vetustate
2395 1735 2711 1782 marcescet.
2740 1728 2843 1781 Aut
2872 1728 3121 1797 quoniam
3148 1727 3251 1783 hoc
3273 1727 3392 1782 loco
3418 1708 3690 1782 httmilitaé

2105 1831 2211 1877 tem
2241 1819 2416 1892 petius
2440 1818 2649 1873 videtur
2674 1817 2972 1888 signiﬁcem
3000 1819 3230 1889 pueritia
3259 1858 3273 1881 ,
3303 1818 3387 1872 cui
3418 1817 3689 1873 contraria

2104 1923 2188 1968 est
2210 1927 2345 1968 vana
2366 1921 2418 1966 et
2442 1909 2572 1965 falsa
2603 1910 2866 1980 superbia:
2894 1909 3201 1980 magnitudo
3227 1926 3242 1975 ;
3276 1918 3330 1965 et
3356 1908 3474 1964 ideo
3506 1909 3693 1964 Domi—

2106 2022 2231 2061 num
2257 2006 2357 2061 nisi
2390 2005 2540 2075 pueri
2574 2019 2678 2059 non
2713 2003 2929 2058 laudant
2951 2043 2965 2069 ,
3002 2002 3125 2073 quia
3159 2002 3371 2072 superbi
3411 2016 3530 2056 eum
3568 2001 3696 2055 lau-

2106 2098 2236 2154 dare
2263 2112 2365 2152 non
2395 2105 2591 2151 norunt
2616 2114 2629 2150 ε
2655 2096 2725 2149 sit
2743 2103 2990 2151 senectus
3009 2102 3183 2149 vestra
3207 2092 3425 2164 puerilis
3444 2135 3458 2157 ,
3490 2103 3541 2147 et
3567 2108 3695 2162 pue-

2106 2190 2228 2245 ritia
2254 2188 2473 2253 senilis;
2503 2187 2693 2241 idest:
2721 2195 2778 2240 ut
2812 2200 2912 2241 nec
2946 2186 3202 2255 sapientia
3241 2193 3415 2239 vestra
3462 2182 3531 2237 sit
3566 2198 3693 2237 cum

2107 2279 2354 2351 superbia
2386 2320 2402 2345 ,
2436 2293 2532 2333 nec
2559 2278 2827 2332 humilitas
2866 2277 2982 2332 sine
3027 2274 3284 2345 sapientia
3308 2314 3324 2340 ,
3372 2282 3431 2329 ut
3466 2273 3697 2328 laudetis

2109 2370 2391 2426 Dominum
2419 2385 2481 2422 ea:
2503 2368 2598 2422 hoc
2628 2376 2675 2423 et
2700 2384 2858 2437 usque
2873 2367 2927 2421 in
2952 2367 3210 2421 siccatum.
3232 2365 3574 2435 Quacumque
3598 2379 3667 2418 au

2112 2472 2216 2518 tem
2241 2462 2292 2517 in
2325 2460 2560 2531 parvulis
2586 2460 2784 2514 sanctis
2821 2457 3061 2514 Ecclesia
3100 2456 3296 2513 Christi
3339 2454 3651 2511 diﬂ‘unditur
3673 2496 3696 2520 ,

2108 2552 2337 2607 Laudato
2362 2568 2542 2606 nomen
2570 2548 2778 2604 Domini
2798 2548 2940 2604 :hoc
2981 2555 3064 2602 est
3099 2547 3239 2601 enim
3265 2587 3280 2610 ,
3327 2546 3371 2600 Α
3409 2545 3533 2599 solis
3577 2553 3698 2598 ortu

2109 2659 2266 2715 usque
2289 2642 2360 2696 ad
2388 2657 2622 2696 occasum
2645 2682 2661 2706 ,
2687 2638 2891 2694 laudate
2916 2650 3098 2693 nomen
3124 2635 3351 2691 Domini.

2182 2736 2236 2791 '5.
2259 2733 2410 2808 [vers.
2437 2732 2517 2806 4.]
2565 2731 2809 2788 Επειδυε
2853 2746 3005 2801 super
3031 2745 3199 2783 omnes
3227 2736 3392 2799 gentes
3424 2726 3702 2780 Dominus.

2111 2825 2308 2883 Gentes
2336 2824 2582 2879 homines
2610 2829 2769 2877 sunt:
2802 2820 2928 2891 quid
2957 2821 3148 2876 mirum
3178 2820 3223 2873 si
3266 2832 3425 2887 super
3453 2816 3704 2871 homines

2112 2916 2356 2973 excelsus
2383 2922 2466 2971 est
2485 2914 2776 2969 Dominus?
2803 2911 2880 2966 llli
2906 2925 3067 2981 super
3094 2925 3153 2965 se
3177 2908 3419 2965 excelsos
3441 2920 3577 2976 quos
3600 2922 3703 2961 co-

2113 3008 2248 3075 lunt,
2274 3008 2441 3063 oculis
2466 3006 2648 3061 vident
2671 3004 2725 3059 in
2750 3003 2887 3059 cado
2913 3001 3133 3072 fulgere,
3162 3001 3329 3056 solem
3355 3004 3412 3054 et
3438 2998 3617 3052 lunam
3643 3007 3705 3054 es

2113 3099 2314 3163 stellas,
2345 3097 2435 3168 qui
2480 3102 2736 3151 creatum
2760 3092 3028 3155 serviunt,
3059 3091 3366 3146 deserentes
3390 3088 3699 3144 Creatorem

2116 3190 2223 3246 Sed
2252 3205 2357 3245 non
2387 3188 2559 3242 solum
2590 3185 2813 3241 excelsus
2828 3200 2991 3255 super
3016 3199 3186 3237 omnes
3211 3190 3379 3253 gentes
3419 3179 3702 3244 Dominus;

2115 3296 2299 3337 verum
2337 3279 2495 3335 etiam
2518 3293 2668 3348 super
2689 3274 2839 3330 emtas
2857 3274 3021 3346 gloria
3041 3275 3171 3347 eius.
3189 3271 3320 3328 Coeli
3343 3287 3504 3341 supra
3527 3285 3585 3325 se
3610 3285 3704 3324 su-

2116 3371 2349 3441 spiciunt
2375 3370 2396 3402 ²
2428 3383 2583 3434 eum;
2614 3375 2668 3423 et
2711 3366 2937 3420 humiles
2965 3378 3087 3419 eum
3109 3377 3290 3419 secum
3321 3362 3536 3427 habent,
3567 3377 3702 3416 con-

2118 3463 2285 3518 stitnti
2327 3475 2486 3515 carne
2524 3458 2659 3513 infra
2702 3456 2928 3524 ctelum,
2955 3454 3046 3526 qui
3093 3469 3191 3526 pro
3239 3453 3330 3509 ill‘o
3368 3467 3472 3508 non
3515 3454 3705 3507 colunt

2120 3552 2339 3609 emtum.

2189 3660 2245 3715 4.
2285 3656 2455 3733 [rem
2505 3655 2560 3721 ὅ,
2610 3650 2709 3728 6.]
2750 3649 2875 3717 Quis
2926 3646 3068 3704 enim
3117 3643 3247 3698 sicut
3285 3638 3533 3695 Dominus
3564 3632 3715 3689 Deus

2117 3730 2308 3819 noster,
2336 3749 2423 3821 qui
2461 3749 2513 3801 in
2534 3746 2652 3801 altis
2678 3745 2890 3808 habitat,
2937 3749 2984 3795 et
3026 3737 3238 3793 humilia
3274 3733 3522 3805 respicit?
3546 3730 3707 3797 Quis-

2115 3857 2274 3913 quam
2296 3835 2669 3911 pularct-quod
2691 3836 2743 3889 in
2765 3834 2887 3889 altis
2906 3831 3056 3887 cmlis
3078 3827 3297 3895 habitet,
3318 3825 3457 3881 unde
3476 3822 3707 3879 humilia

2119 3912 2329 3988 terrena
2361 3928 2636 3999 respiciat;
2682 3924 2776 3981 sed
2823 3923 3035 3977 Immilia
3072 3919 3272 3990 respicit
3312 3918 3364 3971 in
3390 3916 3514 3970 creto
3555 3923 3604 3967 et
3647 3912 3704 3965 in

2120 4034 2271 4079 terra.
2325 4021 2378 4075 In
2434 4018 2626 4090 quibus
2672 4031 2800 4086 ergo
2845 4014 2967 4069 altis
3019 4012 3242 4079 habitat,
3288 4007 3432 4064 unde
3476 4004 3701 4060 humilia

2126 4120 2379 4189 respiciat
2408 4131 2462 4169 in
2487 4112 2624 4168 cmlo
2651 4118 2705 4166 et
2734 4111 2785 4164 in
2810 4106 2993 4164 terra?
3019 4106 3101 4162 An
3130 4105 3185 4160 in
3210 4100 3403 4170 quibus
3422 4097 3541 4152 altis
3563 4095 3719 4150 habio

2126 4187 2244 4278 tati,
2276 4209 2435 4265 etiam
2486 4205 2597 4276 ipsa
2638 4201 2858 4257 humilia
2903 4196 3168 4268 respicit?
3203 4193 3297 4248 Sic
3327 4190 3469 4246 enim
3517 4187 3719 4243 exaltat

2129 4302 2393 4366 Immites,
2420 4308 2478 4353 ut
2517 4311 2623 4352 non
2664 4294 2822 4349 faciat
2861 4290 3139 4362 superbos.
3185 4287 3387 4353 Itaque
3408 4289 3463 4337 et
3500 4281 3554 4334 in
3592 4278 3720 4333 altis

2130 4393 2333 4449 habitat
2357 4406 2492 4461 quos
2520 4388 2756 4449 exaltat,
2806 4383 3035 4453 facitque
3079 4379 3302 4436 sibi'eos
3347 4372 3578 4435 cmlum,
3615 4368 3722 4422 hoc

2129 4493 2212 4542 est
2233 4482 2414 4540 sedem
2452 4494 2638 4544 suam;
2685 4483 2746 4533 et’
2777 4490 2871 4531 eos
2909 4482 3085 4528 tamen
3133 4486 3235 4525 non
3270 4462 3536 4536 superbos
3561 4501 3576 4525 ,
3623 4457 3718 4513 sed

2130 4590 2343 4647 semper
2367 4572 2609 4628 subditos
2635 4565 2893 4624 intuendo
2920 4606 2935 4629 .
2964 4565 3124 4620 etiam
3154 4562 3204 4616 in
3232 4562 3347 4631 ipso
3370 4553 3508 4611 cmlo
3541 4549 3720 4613 humi-

2131 4668 2200 4722 lia
2226 4640 2478 4737 respicit,
2507 4662 2559 4718 in
2587 4659 2778 4731 quibus
2805 4655 3033 4713 excelsis
3057 4651 3278 4707 habitat.
3311 4644 3545 4719 Spiritus
3576 4640 3713 4696 enim

2136 4774 2231 4831 per
2273 4732 2462 4812 Isaiam
2503 4754 2574 4809 ita
2612 4750 2888 4822 loquitur;
2944 4764 2963 4798 ‹
2992 4745 3119 4800 Ilico
3155 4743 3285 4798 dicit
3320 4735 3627 4794 Altissimus
3668 4732 3721 4786 in

2134 4848 2361 4908 excelsis
2390 4846 2635 4903 habitans
2653 4883 2669 4910 ,
2696 4841 2749 4896 in
2770 4846 3029 4895 aeternum
3058 4849 3252 4890 nomen
3279 4831 3396 4900 ejus
3414 4872 3428 4895 ,
3462 4822 3728 4883 Dominus

2138 4938 2430 5015 altissimus
2476 4938 2529 4992 in
2587 4932 2787 4989 sanctis
2829 4928 3066 4999 requiem
3123 4925 3348 4979 habens.
3382 4940 3401 4973 ι
3464 4914 3726 4987 Exposuit

2136 5010 2263 5106 quid
2292 5030 2521 5091 dixerit,
2551 5027 2602 5080 in
2627 5022 2834 5080 excelsis
2855 5018 3130 5079 habitans;
3177 5015 3279 5069 hoc
3321 5012 3462 5068 enim
3512 5010 3727 5079 plenius

2137 5099 2379 5183 elocutus
2402 5162 2420 5189 ,
2450 5122 2503 5174 in
2526 5118 2713 5201 sanctis
2732 5157 2746 5181 ,
2772 5113 2942 5184 inquit
2964 5153 2979 5177 ,
3007 5109 3228 5178 requiem
3249 5105 3458 5160 habens.
3494 5099 3605 5157 Sed
3631 5099 3723 5170 qui

2137 5224 2261 5273 sunt
2289 5211 2500 5277 sancti,
2528 5190 2631 5265 nisi
2660 5205 2925 5267 humiles,
2967 5202 3055 5272 qni
3095 5198 3243 5271 pueri
3287 5194 3505 5251 laudant
3539 5190 3729 5247 Domi-

2141 5308 2308 5365 num?
2336 5307 2517 5376 Itaque
2541 5300 2821 5371 adiungit:
2861 5292 2929 5351 Et
2961 5290 3300 5367 pusillanimis
3337 5286 3468 5342 dans
3510 5298 3728 5356 magna-

2141 5401 2420 5455 nimitatem
2439 5437 2455 5463 ,
2483 5405 2529 5450 et
2550 5393 2678 5447 dans
2704 5391 2858 5445 vitam
2881 5387 2967 5458 qui
2998 5386 3050 5440 in
3084 5382 3366 5439 humilitate
3406 5377 3576 5434 cordis
3607 5382 3743 5429 sunt

2143 5491 2276 5567 (Id.
2319 5502 2460 5553 Lvn,
2507 5484 2635 5555 15).
2664 5481 2721 5537 in
2759 5480 2952 5549 quibus
2992 5474 3203 5533 sanctis
3230 5472 3473 5544 requiem
3521 5466 3743 5534 habet,

2210 5694 2227 5725 ι
2252 5689 2325 5739 sic
2338 5685 2517 5749 aliquot
2525 5688 2632 5749 uss.
2651 5684 2706 5728 At
2716 5677 2852 5749 add"
2864 5676 3006 5740 interi
3018 5670 3268 5749 pomtfticit

2213 5756 2235 5789 ι
2493 5752 2547 5795 et
2569 5743 2738 5808 plura
2751 5733 2879 5802 tu,
2902 5733 3183 5799 mappas.

3708 1526 3753 1549 κ
