4026 6202
1637 204 1669 216 σ-

236 328 370 386 ιε-ιδ

231 445 316 502 bis
363 445 713 517 pusillanimis
750 445 844 500 dat
887 444 1393 515 magnanimitatem.
1443 444 1584 498 Daus
1629 443 1811 512 utique

232 539 719 610 magnanimitatem
759 539 999 592 excelsos
1036 537 1202 602 facit,
1245 537 1298 593 iu
1337 535 1528 606 quibus
1571 536 1812 608 requiem

232 631 436 686 habens
467 629 519 683 in
549 628 776 684 excelsis
803 628 1023 683 habitat.
1053 626 1156 683 Sed
1188 628 1311 698 quia
1343 626 1693 696 pusillanimis
1720 625 1811 680 dat

232 721 721 792 magnanimitatem
748 761 761 783 ,
795 719 980 774 eadem
1010 719 1215 773 excelsa
1249 719 1300 772 in
1339 718 1530 787 quibus
1572 715 1811 783 habitat,

232 812 452 866 luuuilia
504 811 740 880 respicit.
793 810 899 865 Sed
954 806 1204 876 humilia,
1258 807 1465 877 inquit,
1513 805 1714 877 respicit
1761 808 1814 857 in

233 904 357 958 ca'lo
386 913 432 956 et
462 903 513 956 in
541 913 695 955 terra.

303 996 360 1047 5.
403 993 468 1046 Et
495 991 750 1047 excitavit
777 1006 872 1046 nos
897 992 1051 1045 etiam
1080 1004 1321 1060 querere
1350 997 1522 1043 utrum
1549 988 1734 1042 eadem
1761 987 1811 1042 in

234 1085 373 1140 coelo
399 1125 413 1146 ,
444 1099 562 1152 quae
590 1082 642 1135 iu
675 1091 813 1136 terra
840 1098 854 1144 ;
883 1095 949 1134 an
976 1079 1076 1133 alia
1118 1080 1168 1132 iu
1208 1079 1345 1133 ρωῐο
1365 1121 1380 1143 ,
1428 1079 1530 1131 alia
1577 1077 1627 1130 in
1675 1086 1812 1130 terra

242 1175 460 1229 Inunilia
492 1172 745 1242 respiciat
783 1171 1202 1225 DontiuuS‘Deus
1233 1179 1432 1223 noster.
1461 1168 1516 1221 Si
1549 1168 1690 1221 enim
1720 1183 1812 1221 ea-

240 1269 360 1323 dem
386 1308 401 1332 ,
433 1266 585 1321 video
612 1261 1058 1334 quemadmodum
1084 1264 1183 1316 hoc
1204 1262 1492 1329 intelligam
1523 1259 1811 1314 secundum

236 1360 548 1428 Apostolum
578 1357 845 1412 dicentem
871 1373 884 1408 :
910 1373 940 1407 ε(
970 1355 1026 1409 In
1071 1370 1231 1408 carne
1265 1354 1404 1407 enim
1442 1351 1771 1406 ambulantes
1795 1392 1810 1416 ,

236 1465 338 1504 nou
367 1447 662 1502 secundum
685 1460 898 1500 carnem
923 1443 1208 1499 militamus
1237 1461 1250 1496 :
1277 1457 1421 1496 arma
1446 1441 1590 1496 enim
1615 1440 1812 1494 militize
1875 1452 1880 1453 '

161 1581 164 1584 .
237 1550 430 1594 nostrze
462 1554 567 1593 non
596 1536 828 1592 carnalia
853 1577 867 1600 ,
896 1534 988 1591 sed
1018 1533 1249 1603 potentia
1279 1533 1387 1586 Deo
1417 1550 1434 1584 ι
1478 1529 1559 1604 (ll
1587 1529 1707 1585 Cor.
1740 1546 1766 1583 x
1793 1571 1810 1595 ,

235 1631 266 1686 3
292 1638 338 1683 et
384 1631 417 1683 4
440 1628 481 1696 ).
523 1628 675 1683 Unde
701 1641 830 1696 ergo
872 1625 1102 1696 potentia
1127 1666 1140 1690 ,
1170 1622 1270 1678 nisi
1317 1623 1440 1692 quia
1481 1621 1815 1691 spiritualia?

237 1722 364 1775 Cum
396 1722 574 1789 itaque
605 1717 888 1788 Apostolus
914 1725 968 1771 et
999 1715 1051 1769 in
1081 1728 1241 1769 carne
1267 1713 1499 1767 ambulet
1524 1753 1536 1775 ,
1571 1721 1621 1766 et
1653 1712 1813 1780 Spiri-

238 1811 449 1864 tualiter
480 1809 710 1874 militet,
745 1822 851 1862 non
881 1806 1071 1860 mirum
1115 1805 1160 1859 si
1201 1803 1466 1858 humilitas
1507 1802 1625 1872 ejus
1669 1813 1722 1857 et
1759 1803 1810 1856 iu

235 1903 372 1956 coelo
419 1900 704 1969 respicitur
751 1907 965 1966 propter
1012 1895 1227 1965 spiritus
1273 1894 1570 1948 libertatem
1597 1935 1611 1959 ,
1662 1903 1712 1945 et
1761 1893 1811 1946 iu

238 2003 369 2046 terra
401 2001 619 2060 propter
649 1988 886 2057 corporis
930 1988 1260 2042 servitutem.
1304 1984 1443 2040 Idem
1477 1984 1675 2054 quippe
1707 1957 1848 2036 alio’

238 2085 350 2138 loco
379 2084 509 2136 dicit
537 2125 550 2146 ,
575 2103 604 2133 «ι
637 2081 824 2135 Nostra
857 2081 996 2134 enim
1029 2080 1360 2134 conversatio
1403 2079 1453 2132 in
1491 2079 1641 2132 cadis
1680 2086 1761 2132 est
1788 2095 1806 2129 ›

239 2172 512 2243 (1³Ιιίἰίρρ.
557 2188 652 2238 ιιι,
694 2171 846 2242 20):
894 2170 1010 2241 ipse
1058 2170 1183 2224 item
1233 2169 1393 2232 dicit,
1449 2187 1466 2220 ι
1496 2169 1752 2238 Optimum
1789 2186 1808 2220 ι

240 2265 332 2320 sibi
365 2284 384 2317 ‹
418 2279 540 2319 esse
566 2263 783 2318 dissolvi
813 2273 862 2318 et
887 2278 1007 2319 esse
1033 2278 1152 2318 cum
1181 2261 1392 2317 Christo
1417 2305 1429 2325 ,
1461 2277 1674 2315 manere
1714 2276 1812 2315 au-

239 2367 337 2411 tem
368 2357 419 2410 iu
453 2371 618 2410 carne
642 2354 999 2410 necessarium
1024 2396 1040 2420 ,
1073 2373 1092 2406 ι
1125 2355 1294 2424 inquit
1318 2397 1331 2417 ,
1366 2372 1384 2405 ι
1418 2361 1634 2422 propter
1661 2367 1754 2406 vos
1781 2371 1804 2404 ο

243 2447 361 2517 (Id.
395 2464 408 2501 I
437 2490 450 2512 ,
476 2448 551 2503 €23
573 2489 588 2514 ,
617 2446 689 2501 24
714 2446 758 2517 ).
787 2445 1015 2500 Proinde
1043 2446 1282 2516 quisquis
1321 2446 1562 2515 intelligit
1599 2455 1650 2499 et
1686 2459 1814 2499 cou-

239 2538 592 2592 versationem
620 2535 861 2605 Apostoli
887 2535 940 2590 in
965 2536 1116 2591 caelis
1140 2578 1153 2602 ,
1183 2545 1237 2591 et
1281 2537 1333 2590 in
1373 2552 1532 2590 carne
1580 2536 1815 2590 mansio-

240 2644 354 2683 nem
399 2629 454 2682 in
505 2628 700 2693 terris;
747 2627 905 2682 simul
957 2635 1166 2696 oportet
1218 2627 1474 2694 intelligat
1531 2628 1811 2680 Domiumn

241 2708 400 2778 [lcum
430 2727 673 2773 nostrum
697 2719 746 2772 in
769 2717 993 2772 excelsis
1021 2719 1216 2772 sanctis
1240 2718 1559 2772 habitantem
1585 2761 1598 2783 ,
1623 2734 1812 2788 quem-

238 2809 520 2865 admodum
559 2817 733 2863 tamen
769 2807 982 2863 eosdem
1025 2816 1237 2862 sanctos
1279 2807 1504 2863 humiles
1532 2809 1629 2862 sibi
1678 2819 1730 2864 et
1759 2810 1812 2863 in

243 2900 375 2954 ειεξιτ)
407 2899 700 2968 respiciat,
728 2899 972 2968 quoniam
1000 2914 1116 2969 qua:
1153 2913 1364 2953 sursum
1401 2907 1524 2953 sunt
1561 2900 1809 2968 sapiunt,

238 2991 320 3059 qui
344 2991 478 3058 speI
515 2998 922 3044 resurrexcrunt
947 3003 1065 3043 cum
1091 2988 1304 3043 ChriSto
1329 2989 1346 3059 (
1369 2990 1560 3043 Coloss.
1590 3005 1646 3044 ιιι
1671 3031 1686 3056 ,
1716 2990 1737 3042 1
1769 2990 1809 3060 );

239 3093 288 3135 et
318 3084 371 3136 in
402 3093 542 3137 terra
565 3122 584 3148 ,
615 3083 865 3151 quoniam
896 3083 1127 3137 nondum
1157 3083 1314 3137 soluti
1340 3091 1462 3135 sunt
1489 3082 1665 3136 carnis
1691 3081 1810 3134 vin-

239 3173 356 3226 culo
382 3213 398 3238 ,
428 3185 484 3226 ut.
507 3187 575 3227 ex
603 3181 707 3226 tota
736 3173 840 3226 vita
864 3188 956 3227 sua
981 3173 1186 3244 possint
1203 3188 1323 3228 esse
1348 3187 1466 3226 cum
1491 3172 1720 3228 Christo.
1753 3173 1810 3228 Si

237 3276 360 3314 vero
409 3261 508 3314 alia
556 3262 808 3316 Dominus
849 3263 987 3318 Deus
1027 3272 1208 3318 uoster
1248 3263 1466 3318 humilia
1503 3265 1718 3332 respicit
1758 3265 1808 3318 in

237 3354 371 3407 cmlo
394 3395 409 3418 ,
440 3362 494 3409 et
518 3354 618 3406 alia
649 3354 702 3408 in
727 3365 860 3408 terra
888 3371 902 3419 ;
931 3355 1093 3409 credo
1114 3355 1252 3426 quod
1283 3355 1491 3410 iii-cudo
1512 3355 1621 3426 jam
1645 3358 1812 3426 respi-

236 3446 302 3498 cit
330 3459 462 3514 quos
492 3445 698 3500 vocavit
723 3487 738 3511 ,
781 3455 832 3500 et
872 3445 1073 3500 lnbitat
1110 3446 1161 3500 in
1215 3447 1329 3512 eis;
1372 3447 1422 3500 iu
1465 3455 1602 3500 terra
1632 3458 1807 3502 autem

236 3536 607 3605 respicit-quos
634 3546 787 3589 vocat
813 3577 827 3601 ,
855 3545 915 3590 ut
941 3536 1139 3591 habitet
1160 3538 1210 3591 in
1240 3537 1338 3592 eis.
1365 3537 1497 3591 Istos
1522 3539 1661 3592 enim
1689 3555 1812 3608 pos-

237 3624 370 3679 sidet
399 3625 637 3682 caelestia
665 3625 957 3696 agitantes
983 3667 997 3691 ,
1031 3625 1148 3682 illos
1186 3627 1382 3682 excitat
1426 3635 1633 3682 terrena
1668 3644 1811 3683 som-

237 3718 462 3774 hiantes.

301 3812 354 3864 6.
398 3810 500 3864 Sid
530 3811 651 3880 quia
691 3809 902 3865 dillicile
937 3811 1236 3865 obtinemus
1281 3821 1338 3864 ut
1375 3811 1577 3880 possint
1608 3820 1666 3865 et
1706 3811 1806 3880 ipsi

229 3900 331 3968 jam
365 3901 592 3954 humiles
620 3901 724 3955 dici
749 3941 764 3967 ,
791 3904 877 3970 qui
909 3901 1140 3955 nondum
1168 3900 1313 3955 suavi
1335 3900 1460 3970 jugo
1491 3901 1695 3954 Domini
1722 3902 1806 3971 pia

234 3993 366 4044 colla
391 3992 682 4060 junxerunt
710 3991 1137 4061 qttanquuidcm
1168 3991 1387 4045 humilia
1429 3993 1530 4046 isto
1566 3993 1712 4056 loco,
1753 4003 1810 4048 ut

233 4084 446 4136 sancta’
491 4083 846 4151 intelligamus
871 4124 884 4144 ,
920 4097 1013 4153 per
1049 4090 1216 4136 totum
1260 4091 1458 4136 textum
1500 4083 1693 4136 Psalmi
1731 4083 1811 4138 di-

233 4177 368 4229 vina:
425 4175 716 4230 admonent
769 4175 994 4239 litterae;
1054 4183 1136 4229 est
1178 4183 1230 4227 et
1277 4173 1414 4228 alius
1465 4175 1804 4241 intellectus,

233 4285 393 4335 quem
423 4281 630 4324 necum
659 4265 900 4321 Charitas
931 4277 1103 4320 vestra
1126 4264 1442 4320 consideret.
1467 4266 1644 4320 C(elos
1671 4282 1812 4321 nunc

231 4357 517 4427 signiticiri
547 4356 778 4411 arbitror
803 4371 897 4411 eos
920 4356 1015 4426 qui
1043 4355 1300 4411 sedebuut
1337 4371 1496 4424 super
1530 4355 1810 4411 duodecim

232 4453 457 4503 thronos
482 4491 495 4512 ,
524 4462 577 4503 et
623 4465 742 4504 cum
780 4449 1003 4503 Domino
1046 4448 1356 4518 judicabant
1400 4446 1627 4518 (Matth.
1679 4465 1768 4504 χιχ
1793 4491 1808 4515 ,

229 4541 299 4596 28
326 4543 365 4605 );
401 4551 553 4593 terr-.e
583 4549 760 4594 autem
786 4540 999 4593 nomine
1023 4547 1268 4593 canoram
1299 4539 1684 4594 multitudinem
1720 4541 1812 4595 be-

231 4635 566 4689 uedictorum
592 4674 607 4694 ,
637 4632 727 4702 qui
757 4632 1146 4686 constituentur
1174 4631 1239 4685 ad
1266 4632 1538 4686 dexteram
1564 4673 1579 4697 ,
1622 4640 1678 4685 ut
1717 4648 1813 4702 per

231 4741 393 4796 opera
415 4722 804 4800 .misericordiae
843 4721 1126 4777 collaudati
1174 4723 1494 4790 recipiantur
1533 4722 1598 4776 ab
1642 4723 1719 4775 eis
1759 4723 1808 4777 iu

234 4817 571 4871 tabernacula
600 4825 796 4870 aeterna
823 4857 835 4876 ,
865 4829 997 4884 quos
1027 4814 1226 4867 amicos
1267 4814 1364 4866 sibi
1404 4813 1470 4868 de
1512 4829 1811 4866 mammona

232 4907 524 4977 iniquitatis
550 4907 603 4960 in
646 4904 966 4973 ltujus~vitze
1004 4903 1324 4958 mortalitate
1372 4904 1610 4958 fecerunt
1642 4904 1809 4974 (Luc.

231 5013 320 5051 xvi
346 5041 360 5062 ,
407 4998 506 5064 9⁷].
547 4998 637 5051 Eis
680 4996 872 5065 quippe
913 4995 1040 5049 dicit
1078 4995 1404 5064 Apostolus:
1450 4996 1510 5050 Si
1550 5013 1640 5049 nos
1679 4997 1814 5050 vobis

231 5088 518 5158 spiritantia
547 5087 902 5142 seminavimus
928 5129 940 5148 ,
966 5105 1201 5157 maguum
1231 5098 1300 5141 est
1330 5089 1370 5140 si
1397 5099 1558 5142 vestra
1586 5088 1813 5140 carnalia

231 5192 478 5234 metamus
516 5179 575 5253 (1
626 5179 744 5232 Cor.
791 5195 840 5232 ix
869 5219 882 5241 ,
926 5179 982 5233 II
1016 5179 1069 5251 )?
1119 5179 1268 5246 Quod
1308 5179 1465 5233 etiam
1507 5179 1588 5233 his
1631 5179 1810 5234 verbis

231 5273 332 5328 dici
363 5282 536 5344 potest
561 5291 574 5323 :
601 5273 658 5327 Si
687 5286 786 5326 nos
810 5271 960 5324 vobis
989 5273 1224 5326 cmlestia
1251 5273 1628 5326 Sentinavinms
1654 5315 1670 5339 ,
1701 5288 1813 5327 ma-

226 5379 388 5434 guum
415 5373 497 5417 est
525 5363 568 5418 si
601 5366 810 5418 teri‘ena
842 5372 1014 5417 vestra
1062 5364 1364 5417 metamus?
1410 5363 1463 5417 lu
1508 5364 1646 5418 coelo
1683 5379 1809 5434 ergo

228 5454 442 5523 respicit
470 5454 705 5508 etelestia
734 5453 1059 5507 seminantes
1083 5495 1097 5516 ,
1132 5452 1181 5506 in
1213 5463 1348 5506 terra
1387 5463 1560 5507 autem
1598 5463 1806 5508 terrena

225 5543 539 5608 reddentes;
581 5553 757 5598 tamen
804 5543 1031 5597 humiles
1067 5552 1120 5596 et
1159 5541 1256 5596 hos
1295 5552 1345 5598 et
1389 5544 1528 5599 illos.
1577 5543 1807 5600 Humilia

288 5699 308 5730 ι
345 5696 412 5749 rh
429 5709 512 5747 res
531 5705 661 5754 διες..
686 5697 859 5760 quippe
882 5704 1267 5749 resurrexerunl.

285 5759 309 5790 ⁸
341 5762 414 5811 Sic
438 5769 538 5811 stas.
565 5761 673 5812 uid.
701 5757 838 5824 vero,
874 5767 923 5814 ut
945 5767 1157 5813 sanctam
1181 5757 1458 5812 Ecclesium.
1653 5788 1734 5811 ..ς

1334 324 1726 384 ΕΝΑΗΠᾹΤΙΟ
1765 321 1828 377 IN
1867 320 2186 384 Ρειωιυιι
2225 331 2386 388 CXII.

3369 347 3505 407 ΜΗ

1918 443 2059 497 enim
2096 447 2296 516 respicit
2332 450 2384 501 in
2426 451 2550 503 εωίο
2593 461 2639 505 et
2678 453 2728 506 iu
2771 463 2904 508 terra
2920 471 2947 518 -;
2983 457 3103 526 quia
3134 459 3510 519 meminerunt

1920 537 2130 607 utrique
2159 539 2283 608 quid
2315 541 2511 595 fuerint
2551 559 2646 612 per
2683 560 2831 600 suam
2863 549 3129 604 malitiam
3156 593 3171 616 ,
3201 553 3339 622 quid
3380 553 3508 611 facti

1917 628 2024 680 sint
2052 643 2148 697 per
2190 630 2396 685 Domini
2438 634 2684 700 gratiam.
2725 637 2906 706 Neque
2946 640 3229 704 euinrillis
3262 654 3511 702 tantum—

1923 721 2081 774 modo
2111 721 2240 776 dicit
2273 722 2376 776 \‘as
2402 725 2678 781 electionis
2702 769 2717 794 ,
2754 748 2772 780 ι
2803 730 3000 786 Fuistis
3037 736 3175 788 enim
3221 737 3508 806 aliquando

1918 810 2154 865 tenebrae
2177 827 2192 876 ;
2217 828 2368 867 nunc
2396 825 2572 870 autem
2603 817 2687 871 lux
2715 819 2764 872 in
2793 821 3056 876 Domino»
3083 823 3310 896 (ΕρΙιριδ.
3334 843 3384 894 v,
3406 829 3504 901 8);

1922 910 1973 954 et
2005 903 2235 976 iterum,
2287 923 2306 956 ι
2351 906 2529 961 Gratia
2570 910 2699 964 salvi
2743 910 2863 966 facti
2899 917 3027 970 estis
3069 933 3162 986 per
3193 919 3400 988 ﬁdem,
3452 934 3506 979 et

1922 991 2024 1048 hoc
2049 1011 2154 1048 non
2185 1013 2248 1076 ex
2279 999 2430 1052 vobis
2456 1041 2470 1065 ,
2503 1001 2597 1055 sed
2629 1002 2719 1056 Dei
2746 1003 2942 1058 denum
2971 1016 3052 1060 est
3076 1049 3090 1070 ,
3120 1025 3223 1064 non
3245 1027 3308 1064 ex
3331 1015 3506 1081 operi-

1919 1082 2016 1136 bus
2040 1126 2054 1148 ,
2085 1101 2150 1139 ne
2179 1085 2312 1141 fet-te
2355 1091 2472 1158 quis
2511 1092 2796 1146 extollatur
2828 1115 2846 1146 ι
2878 1113 2890 1149 :
2935 1097 3030 1150 sed
3069 1101 3228 1153 etiam
3266 1104 3504 1172 seipsum

1918 1174 2158 1246 adjungit
2181 1193 2569 1250 Consequeutcr
2592 1224 2606 1248 ,
2635 1184 2818 1238 dicens
2842 1226 2857 1252 ,
2901 1206 2919 1238 ι
2954 1187 3098 1244 Illius
3135 1191 3273 1245 enim
3316 1209 3503 1249 smnus

1920 1263 2224 1333 ﬁgmentum
2251 1310 2265 1334 ,
2315 1273 2480 1326 creati
2520 1273 2570 1326 in
2611 1276 2862 1344 operibus
2907 1277 3080 1333 bouis.
3118 1299 3135 1331 ι
3182 1282 3317 1336 Dicit
3346 1287 3503 1340 etiam

1917 1370 2157 1411 seorsum
2185 1358 2255 1414 de
2297 1357 2359 1415 se
2405 1371 2458 1416 et
2511 1364 2639 1432 ipsis
2691 1367 2776 1434 qui
2825 1370 3181 1437 respiciuutur
3227 1373 3279 1426 in
3328 1376 3502 1429 ccelo:

1924 1465 1942 1496 α
1975 1447 2195 1503 Fuimus
2238 1452 2376 1504 enim
2411 1471 2454 1517 ι,
2505 1455 2713 1524 inquit,
2763 1475 2782 1509 ι
2815 1468 2866 1512 et
2908 1476 3003 1514 nos
3053 1464 3364 1518 naturaliter
3413 1465 3504 1519 lilii

1918 1536 2011 1589 ira:
2036 1577 2050 1600 ,
2091 1539 2227 1593 sicut
2277 1550 2329 1596 et
2372 1546 2551 1598 cmteri
2587 1564 2605 1596 ›
2653 1547 2784 1614 (Id.
2818 1565 2886 1612 ιι,
2920 1551 2952 1604 5
2991 1551 3053 1605 I0
3083 1555 3119 1621 ).
3166 1554 3228 1607 Et
3264 1554 3501 1610 iterum:

1926 1645 1942 1676 ι
1979 1626 2358 1686 Fuimuseuim
2389 1645 2438 1689 et
2470 1650 2567 1690 uos
2598 1658 2640 1700 ι,
2677 1639 2879 1707 inquit,
2913 1661 2933 1692 ‹
2963 1644 3106 1696 stulti
3136 1645 3417 1714 aliquando
3448 1657 3506 1704 et

1919 1718 2175 1775 increduli
2201 1765 2216 1788 ,
2248 1736 2490 1781 errantes
2516 1772 2527 1790 ,
2560 1732 2852 1787 servientes
2879 1733 3155 1790 desideriis
3183 1747 3234 1790 et
3260 1739 3491 1807 volupta-

1921 1811 2060 1866 tibus
2085 1815 2246 1869 variis
2272 1856 2287 1879 ,
2319 1817 2368 1870 iu
2410 1819 2606 1873 malitia
2637 1833 2688 1875 et
2712 1823 2911 1877 invidia
2943 1835 3157 1894 agentes
3182 1869 3195 1891 ,
3232 1828 3506 1884 abonrin-i-

1919 1900 2054 1957 biles
2078 1945 2092 1970 ,
2127 1905 2350 1962 invicem
2383 1909 2508 1963 odio
2533 1910 2788 1967 habentes
2819 1931 2831 1967 :
2858 1931 2977 1969 cum
3005 1928 3180 1972 autem
3206 1919 3500 1990 benignitas

1917 2002 1973 2045 et
2020 1991 2318 2050 humanitas
2357 1998 2528 2052 illuxit
2565 1999 2854 2058 Salvatoris
2895 2005 2989 2060 Dei
3035 2009 3240 2075 nostri,
3278 2027 3391 2064 non
3435 2031 3502 2067 ex

1917 2084 2167 2150 operibus
2190 2086 2411 2154 justitia‘.
2446 2107 2564 2160 qua:
2614 2093 2836 2149 fecimus
2883 2112 3019 2165 nos,
3071 2099 3164 2153 sed
3212 2103 3502 2159 scentulum

1917 2189 2065 2228 suam
2113 2178 2538 2235 misericordiam
2590 2185 2765 2239 salvos
2794 2202 2901 2242 nos
2945 2190 3065 2244 fecit
3105 2207 3198 2260 per
3234 2189 3502 2251 lavacrum

1917 2270 2332 2335 regenerationis
2357 2291 2375 2324 ι
2419 2273 2562 2344 (Tit.
2599 2291 2654 2330 ιιι
2679 2319 2691 2339 ,
2740 2279 2901 2348 3-5).
2943 2281 3084 2336 Ecce
3120 2283 3337 2339 humilia
3381 2303 3502 2357 qua:

1917 2358 2273 2426 respiciuutur
2299 2361 2349 2415 iu
2381 2364 2540 2418 ccelo.
2581 2366 2893 2434 Spirituales
2925 2372 3066 2424 enim
3100 2385 3255 2437 sunt,
3289 2383 3343 2429 et
3384 2392 3502 2430 om-

1917 2449 2002 2502 nia
2027 2449 2293 2518 judicant;
2325 2455 2416 2508 sed
2449 2465 2621 2510 tamen
2645 2457 2873 2514 humiles
2901 2503 2915 2527 ,
2951 2479 3016 2517 ne
3036 2463 3230 2533 dejecti
3259 2466 3502 2535 jttdiccno
3584 2479 3590 2492 "

1919 2548 2020 2593 tur.
2055 2541 2190 2608 Quid
2225 2543 2292 2598 de
2334 2547 2512 2614 seipso
2554 2548 2940 2617 singulariter?
2986 2567 3162 2609 nonne
3202 2557 3331 2612 talia
3376 2570 3502 2615 sunt

1916 2647 2034 2701 qua:
2064 2638 2541 2690 commemorat?!
2572 2638 2668 2706 Qui
2711 2655 2812 2693 non
2850 2655 2966 2695 sum
3000 2662 3044 2709 ι,
3087 2645 3258 2714 inquit
3281 2687 3295 2710 ,
3328 2667 3346 2699 ι
3385 2648 3502 2703 ido-

1918 2739 2050 2778 neus
2079 2727 2256 2780 vocari
2285 2730 2559 2796 apostolus
2584 2769 2599 2795 ,
2650 2732 2771 2800 quia
2816 2744 3128 2801 persecutus
3161 2753 3277 2791 smn
3324 2739 3502 2796 Eccle-

1916 2815 2048 2870 siaut
2075 2817 2247 2887 DCI)”
2271 2819 2386 2873 Cor.
2411 2837 2502 2885 xv,
2521 2821 2579 2893 9)
2605 2842 2619 2877 :
2644 2841 2662 2874 ι
2687 2824 2777 2878 sed
2805 2825 3219 2884 misericordiam
3241 2846 3501 2888 consecu-

1919 2916 2001 2961 tus
2027 2922 2142 2962 suin
2170 2950 2184 2974 ,
2213 2911 2334 2980 quia
2367 2912 2616 2983 ignorans
2641 2914 2740 2970 feci
2782 2915 2834 2970 in
2868 2916 3240 2979 incredulitate
3276 2923 3334 2996 (Ι
3368 2925 3501 2982 Tim.

1916 2997 2130 3071 ωδ).

1989 3091 2039 3143 7.
2084 3089 2253 3162 [vcrs.
2287 3094 2403 3150 7-9.
2427 3093 2447 3167 ]
2488 3096 2726 3169 Denique
2752 3109 2871 3168 post
2896 3102 3026 3158 istos
3050 3119 3239 3161 versus
3261 3149 3275 3172 ,
3309 3110 3500 3178 quibus

1915 3184 1987 3238 ait
2020 3184 2070 3238 in
2099 3185 2310 3239 Psalmo
2341 3187 2601 3256 Spirifhs,
2661 3210 2679 3244 ι
2712 3191 2842 3258 Quis
2887 3195 3019 3249 sicut
3069 3197 3322 3254 Dominus
3361 3203 3500 3258 Deus

1915 3287 2136 3340 uoster,
2171 3279 2257 3348 qui
2291 3279 2342 3332 in
2385 3280 2506 3334 altis
2549 3280 2787 3350 habitat,
2832 3295 2884 3337 et
2925 3285 3138 3341 humilia
3189 3293 3401 3359 respicit
3448 3296 3498 3347 iu

1914 3367 2051 3421 ccelo
2081 3379 2130 3422 et
2161 3369 2210 3422 iu
2243 3380 2380 3424 terra
2408 3389 2421 3424 :
2464 3389 2482 3422 ι
2511 3372 2696 3426 volens
2725 3375 2916 3429 docere
2948 3393 3042 3429 nos
3073 3394 3236 3447 quare
3274 3382 3322 3435 in
3365 3386 3500 3438 ('ozlo

1915 3455 2133 3511 huniilia
2164 3499 2178 3522 ,
2226 3475 2346 3513 cum
2390 3460 2496 3527 jam
2547 3463 2850 3531 Spirituales
2898 3467 3073 3535 magni
3119 3477 3173 3523 et
3204 3470 3499 3538 iudiciariis

1913 3548 2130 3602 sedibus
2155 3550 2292 3618 digni
2320 3593 2333 3613 ,
2369 3553 2453 3604 tali
2478 3552 2846 3622 signiﬁcentur
2866 3557 3078 3626 eloquio
3104 3575 3116 3623 ;
3144 3561 3368 3630 subjecit
3393 3577 3498 3618 sta-

1915 3641 2006 3692 tim
2032 3683 2045 3701 ,
2087 3661 2103 3692 ι
2135 3643 2231 3707 Qui
2277 3643 2433 3714 erigit
2476 3660 2505 3698 a
2555 3654 2694 3700 terra
2750 3649 2958 3716 inopem
2985 3691 2998 3712 ,
3056 3659 3108 3705 et
3154 3652 3221 3706 de
3264 3663 3500 3710 stercore

1913 3733 2056 3788 cxalt
2076 3744 2112 3787 ιι
2143 3751 2428 3805 pauperem
2456 3753 2469 3798 ;
2501 3746 2556 3790 ut
2586 3739 2812 3792 collocet
2841 3755 2959 3792 cum
2985 3758 3107 3796 cum
3138 3745 3456 3814 ιϊῖιιιτίρὶιιιιδ
3481 3792 3496 3812 ,

1915 3837 2034 3877 cum
2068 3824 2397 3892 principibus
2421 3826 2598 3894 populi
2627 3827 2728 3879 Siti.
2762 3847 2780 3878 ι
2808 3827 2920 3881 Non
2951 3830 3125 3898 itaque
3146 3832 3496 3900 dedignentur

1913 3929 2033 3970 esse
2064 3915 2282 3970 humilia
2305 3919 2474 3986 capita
2500 3918 2826 3972 excelsorum
2855 3962 2869 3983 ,
2898 3922 2996 3974 Sub
3021 3922 3237 3978 dextera
3266 3927 3494 3982 Domini.

1914 4003 2165 4072 Quamvis
2204 4006 2345 4060 enim
2371 4007 2684 4062 collocetur
2733 4010 2900 4064 Iidclis
2943 4011 3224 4068 dominica:
3262 4019 3497 4084 pecuni."

1913 4097 2250 4166 dispensator
2289 4113 2409 4152 cum
2458 4100 2779 4168 pnincipihus
2829 4103 3007 4172 populi
3058 4104 3190 4170 Dei,
3245 4111 3494 4176 quamvis

1915 4205 2162 4246 sessurus
2191 4191 2258 4245 sit
2283 4191 2334 4245 iu
2363 4191 2642 4246 duodecim
2671 4192 2884 4248 sedibus
2909 4235 2924 4260 ,
2954 4204 3006 4249 et
3034 4197 3253 4265 angelos
3283 4213 3498 4269 quoque

1911 4281 2269 4352 iudicaturus;
2325 4299 2354 4336 a
2409 4293 2545 4337 terra
2595 4291 2771 4338 tamen
2824 4285 2978 4354 inops
3025 4287 3285 4357 erigitur,
3335 4300 3386 4344 et
3429 4293 3498 4348 de

1914 4382 2151 4429 stercore
2183 4390 2380 4445 pauper
2409 4376 2692 4430 exaltatur.
2731 4379 2806 4429 An
2838 4376 2972 4432 forte
2999 4394 3103 4433 non
3133 4389 3212 4434 est
3234 4381 3498 4438 exaltatus

1915 4464 1983 4520 de
2013 4473 2248 4519 stercore
2272 4507 2286 4530 ,
2315 4465 2402 4535 qui
2431 4467 2696 4521 serviebat
2730 4466 3010 4522 desideriis
3052 4477 3105 4523 et
3140 4471 3498 4540 voluptatibus

1914 4556 2117 4611 variis?
2156 4555 2260 4612 Sed
2307 4555 2443 4611 forte
2487 4571 2605 4610 cum
2652 4557 2750 4611 ista
2791 4559 2899 4626 jam
2945 4559 3187 4626 diceret,
3235 4577 3339 4616 non
3385 4575 3499 4620 erat

1916 4649 2068 4718 inops
2095 4692 2107 4713 ,
2143 4665 2246 4702 non
2277 4664 2495 4719 pauper.
2525 4647 2660 4716 Quid
2688 4663 2812 4719 ergo
2837 4649 3010 4704 adhuc
3039 4650 3499 4722 iugemiscit‘gra-

1913 4753 2104 4802 vatus,
2159 4740 2513 4793 habitaculum
2566 4740 2704 4808 quod
2757 4739 2825 4794 de
2872 4741 3007 4795 caelo
3061 4750 3144 4796 est
3191 4745 3498 4814 superindui

1913 4835 2134 4902 cupiens
2174 4832 2255 4901 (Il
2298 4830 2414 4885 Cor.
2450 4830 2637 4902 vﬂ)?
2681 4831 2826 4896 Cur,
2869 4848 2936 4887 ne
2971 4833 3108 4890 forte
3150 4850 3207 4890 se
3240 4838 3497 4903 extollat,

1918 4926 2310 4994 colapbizatur,
2339 4934 2392 4979 et
2419 4923 2662 4978 subditur
2681 4925 2868 4994 angelo
2891 4935 3088 4980 solante
3111 4966 3127 4992 ,
3150 4928 3363 4982 stimulo
3384 4944 3498 4983 car-

1914 5017 1998 5071 nis
2027 5031 2136 5070 su;e
2159 5016 2177 5086 (
2201 5015 2288 5069 Id.
2317 5031 2386 5069 xu
2413 5057 2427 5080 ,
2456 5016 2488 5069 7
2516 5016 2570 5085 )?
2611 5015 2762 5071 Altus
2791 5025 2874 5070 est
2903 5018 3114 5086 quidem
3149 5017 3417 5072 habitante
3445 5019 3496 5072 in

1913 5122 1972 5160 se
2001 5107 2225 5160 Domino
2249 5147 2264 5172 ,
2307 5116 2362 5161 et
2401 5107 2604 5161 habens
2647 5120 2768 5161 eum
2813 5106 3068 5176 Spiritum
3105 5108 3192 5176 qui
3232 5116 3500 5161 scrutatur

1915 5197 2090 5250 omnia
2117 5237 2132 5262 ,
2160 5197 2320 5252 etiam
2351 5197 2682 5251 altitudinem
2725 5197 2816 5252 Dei
2858 5195 2878 5268 (
2905 5197 2919 5249 Ι
2949 5197 3064 5252 Cor.
3100 5212 3172 5262 ιι,
3208 5195 3317 5267 I0)
3349 5215 3361 5248 :
3393 5198 3496 5250 ita-

1914 5303 2018 5359 que
2048 5288 2100 5343 in
2128 5287 2267 5343 ctelo
2296 5298 2416 5348 e51;
2465 5286 2558 5341 sed
2604 5296 2657 5340 et
2702 5287 2752 5341 in
2793 5289 2931 5343 caelo
2977 5288 3231 5342 Dominus
3275 5287 3495 5346 humilia

1913 5379 2148 5448 respicit.
2639 5393 2644 5396 ·

1984 5471 2038 5526 8.
2080 5469 2216 5538 Quid
2249 5483 2412 5538 ergo,
2448 5465 2637 5522 fratres
2661 5509 2673 5530 ,
2712 5467 2754 5521 si
2792 5467 2898 5536 jam
2941 5466 3238 5520 audivimus
3277 5467 3495 5526 humilia

1913 5580 2032 5635 quze
2087 5564 2139 5618 in
2187 5562 2325 5624 corio
2363 5568 2526 5625 sunt,
2570 5559 2794 5615 exaltata
2841 5558 2907 5612 de
2945 5567 3221 5623 stercore,
3277 5571 3334 5614 ut
3373 5578 3495 5616 cum

1915 5655 2093 5726 populi
2125 5652 2517 5728 collocarentur
2543 5649 2896 5721 principibus;
2937 5649 3137 5704 nihilne
3162 5666 3492 5722 consequen-

1914 5757 1997 5805 tcr
2036 5744 2336 5803 audivimus
2377 5743 2444 5802 de
2490 5741 2775 5802 humilibus
2817 5757 2936 5815 quae
2980 5742 3033 5799 in
3096 5752 3238 5800 terra
3278 5745 3496 5815 respicit
