4026 6202
519 315 655 373 νιῖό

520 421 819 478 Dominus?
848 419 1130 476 Pattciores
1153 418 1296 473 enim
1333 424 1455 471 sunt
1499 415 1576 470 illi
1616 416 1771 470 amici
1806 416 2093 484 judicalut‘l

520 532 643 572 cum
671 515 928 576 Domino,
962 511 1141 582 plures
1168 515 1345 564 autem
1372 509 1457 563 isti
1488 522 1622 577 quos
1646 507 1909 577 recipiunt
1939 508 1991 561 in
2021 516 2100 560 ta-

519 605 803 662 bernacula
828 613 1046 657 aztcrna.
1070 600 1323 667 Quamvis
1344 600 1488 655 enim
1517 608 1623 653 tota
1647 598 1895 653 frumenti
1923 614 2096 653 massa

516 702 571 753 in
612 697 1004 766 comparatione
1046 693 1298 763 sejunctas
1339 691 1504 760 palere
1546 705 1742 760 paucos
1785 689 1984 745 habere
2019 690 2096 743 vi-

514 790 730 849 deatur;
758 803 849 855 per
877 801 935 839 se
962 794 1136 838 tamen
1163 782 1521 845 considerata,
1556 782 1771 851 copiosa
1797 789 1898 835 est.
1945 779 2096 834 Multi

520 878 650 932 enim
678 877 773 946 filii
811 876 1021 943 deserta:
1044 916 1058 941 ,
1097 872 1260 943 magis
1288 888 1438 942 quam
1470 872 1579 940 ejus
1616 885 1729 941 qua:
1757 870 1902 926 habet
1936 871 2099 923 uirum

519 967 689 1039 (Isai.
720 981 844 1031 Liv,
875 965 985 1034 1);
1020 964 1171 1019 multi
1206 962 1297 1017 ﬁlii
1342 962 1459 1031 ejus
1494 977 1609 1031 qua:
1649 977 1743 1030 per
1781 960 2002 1031 gratiam
2045 961 2095 1014 in

522 1066 795 1115 senectute
818 1057 1099 1124 concepit,
1138 1067 1296 1122 quam
1324 1051 1439 1122 ejus
1462 1067 1581 1122 qua:
1606 1051 1675 1106 ab
1702 1050 1917 1105 ineunte
1941 1059 2099 1106 actate

515 1151 672 1220 Legis
701 1149 916 1203 vinculo
942 1147 1187 1200 maritata
1217 1153 1318 1200 est.
1360 1145 1424 1198 Et
1457 1158 1557 1214 ego
1590 1142 1805 1213 quidem
1841 1142 1962 1199 dico
1986 1184 2002 1208 ,
2044 1143 2097 1196 in

526 1248 802 1296 senectute
825 1238 1069 1307 concepit
1092 1253 1107 1301 ;
1133 1238 1344 1290 intuens
1380 1234 1566 1288 Suram
1600 1242 1823 1288 matrem
1861 1242 2098 1289 nostram

518 1333 568 1383 iu
603 1346 707 1384 uno
746 1329 929 1394 Isaac,
975 1342 1070 1397 per
1113 1341 1301 1380 omnes
1343 1334 1529 1394 gentes
1570 1333 1793 1379 matrem
1840 1324 2095 1379 ﬁdelium.

516 1420 651 1486 Quae
679 1426 855 1474 autem
882 1431 1111 1488 persona
1132 1425 1217 1471 est
1243 1415 1381 1485 apud
1421 1414 1609 1469 lsaiam
1636 1455 1650 1479 ,
1686 1414 1863 1470 videte
1891 1432 1904 1467 :
1949 1415 2099 1484 quasi

519 1509 739 1564 crnnino
761 1524 867 1564 non
899 1509 1083 1563 matris
1105 1549 1118 1572 ,
1166 1521 1267 1563 nec
1301 1506 1417 1576 ejus
1452 1522 1573 1575 qua:
1609 1506 1814 1575 peperit
1844 1506 2097 1577 aliquem.

518 1601 589 1655 Et
633 1608 807 1654 tamen
850 1598 978 1668 quid
1020 1599 1070 1653 ei
1113 1596 1351 1652 dicitur?
1393 1615 1411 1647 ι
1443 1596 1628 1650 Dicent
1658 1615 1703 1659 ι,
1746 1595 1953 1666 inquit,
1984 1615 2002 1646 ι
2047 1596 2100 1651 in

516 1688 736 1743 auribus
764 1688 863 1744 tuis
887 1687 979 1743 ﬁlii
1016 1688 1087 1742 tui
1127 1703 1260 1756 quos
1295 1686 1554 1740 amiseras
1584 1702 1599 1739 :
1645 1685 1900 1755 Angustia
1949 1685 2102 1740 nobis

520 1790 601 1836 est
630 1783 681 1835 in
712 1780 813 1834 isto
847 1780 965 1834 loco
989 1819 1005 1845 ,
1036 1778 1192 1832 facite
1224 1778 1401 1848 itaque
1431 1776 1585 1832 nobis
1611 1786 1663 1832 et
1686 1791 1827 1832 nunc
1850 1777 2024 1832 locum
2047 1777 2099 1830 in

519 1886 624 1940 quo
653 1884 1068 1925 commoremur.
1096 1868 1176 1922 Tu
1202 1884 1329 1924 vero
1356 1866 1502 1923 dices
1529 1868 1580 1922 in
1607 1866 1771 1923 corde
1792 1877 1885 1922 tuo
1917 1884 1931 1920 :
1974 1868 2103 1935 Quis

517 1963 789 2032 generavit
811 1962 943 2016 mihi
972 1962 1102 2016 istos
1122 2002 1138 2029 ,
1167 1976 1287 2015 cum
1315 1960 1478 2015 sciam
1506 1974 1590 2015 me
1616 1973 1735 2014 esse
1760 1960 1877 2014 sine
1904 1959 2023 2013 filiis
2048 1970 2104 2014 ct

518 2053 777 2106 viduam?
806 2052 934 2117 Quis
978 2066 1106 2121 ergo
1146 2052 1275 2105 istos
1318 2050 1563 2105 educavit
1605 2049 1780 2104 mihi?
1819 2065 1917 2120 ego
1959 2050 2102 2104 enim

518 2143 770 2198 derelicta
801 2143 876 2197 fui
903 2143 1057 2208 sola;
1096 2142 1148 2196 hi
1176 2151 1354 2197 autem
1384 2141 1512 2195 mihi
1557 2141 1641 2195 ubi
1680 2149 1832 2195 erant
1863 2161 1881 2193 ι
1931 2139 2099 2210 (Isai.

519 2251 663 2301 χιιι,
690 2236 760 2289 20
792 2234 916 2289 ειῖι
942 2232 999 2305 )?
1027 2235 1102 2289 Ex
1128 2250 1189 2289 ca
1214 2249 1341 2305 ergo
1370 2244 1517 2304 parte
1546 2236 1642 2289 ista
1671 2235 1799 2289 dicit
1823 2234 2060 2291 Ecclesia
2084 2276 2098 2299 ,

517 2342 619 2394 qua
642 2326 850 2390 videtur
877 2325 1004 2378 nihil
1037 2340 1221 2393 parere
1248 2325 1302 2379 in
1332 2325 1447 2379 istis
1475 2326 1642 2380 turbis
1667 2340 1784 2395 quae
1814 2342 1918 2379 non
1947 2325 2103 2380 dimi-

518 2426 704 2471 serunt
728 2418 904 2470 omnia
930 2458 943 2482 ,
969 2426 1026 2470 ut
1047 2427 1398 2486 sequerentur
1426 2418 1707 2471 Dominum
1732 2459 1745 2480 ,
1775 2424 1830 2472 et
1854 2417 2103 2472 sederent

519 2523 679 2577 super
701 2507 982 2563 duodecim
1014 2508 1254 2561 thronos.
1294 2507 1401 2563 Sed
1436 2523 1593 2576 quam
1632 2508 1783 2561 multi
1825 2508 1874 2561 in
1914 2506 2099 2562 eadem

521 2598 672 2653 turba
702 2597 958 2652 facientes
986 2598 1087 2652 sibi
1118 2599 1317 2651 amicos
1345 2597 1411 2651 de
1441 2610 1743 2650 mammona
1775 2595 2098 2665 iniquitatis,

518 2702 614 2758 per
654 2702 815 2757 opera
852 2686 1233 2741 misericordia:
1269 2686 1336 2741 ad
1377 2686 1652 2742 dexteram
1691 2686 1950 2742 stabunt?
1984 2686 2099 2742 Non

517 2778 689 2831 solum
730 2791 857 2845 ergo
898 2776 1053 2846 erigit
1085 2775 1157 2832 dc
1196 2785 1472 2843 stercore,
1516 2792 1674 2844 quem
1718 2776 1944 2832 collocct
1977 2792 2100 2832 eum

518 2868 845 2939 principibus
900 2869 1075 2939 populi
1124 2869 1245 2933 sui;
1290 2870 1386 2926 sed
1426 2870 1585 2924 etiam
1611 2911 1627 2936 ,
1691 2869 1936 2924 Habitare
1979 2872 2102 2941 facit

516 2960 732 3015 sterilem
761 2961 813 3013 in
848 2961 997 3014 domo
1023 3003 1038 3027 ,
1080 2971 1290 3014 matrem
1329 2961 1551 3031 filiorum
1585 2962 1839 3016 [celantem
1860 2980 1878 3017 :
1912 2962 2003 3034 qui
2047 2964 2097 3016 in

516 3052 639 3106 altis
683 3051 923 3116 habitat,
955 3060 1007 3106 et
1034 3051 1249 3106 humilia
1277 3052 1491 3121 respicit
1518 3052 1570 3106 in
1594 3052 1730 3107 coz-lo
1755 3062 1810 3107 et
1835 3054 1884 3107 in
1918 3063 2053 3107 terra
2080 3094 2096 3118 ,

516 3157 699 3197 semen
729 3142 994 3197 Abraham
1021 3143 1159 3197 sicut
1180 3143 1362 3197 stellas
1382 3144 1503 3199 costi
1529 3185 1545 3205 ,
1569 3144 1901 3199 sanctitatem
1934 3145 2101 3199 subli-

516 3249 657 3286 mem
685 3234 735 3286 in
764 3232 1009 3300 supernis
1039 3234 1253 3287 sedibus
1301 3236 1615 3289 collocatam
1646 3276 1660 3298 ,
1711 3244 1766 3290 et
1803 3236 1938 3290 sicut
1976 3253 2097 3291 arc-

518 3338 637 3375 nam
673 3323 722 3374 in
748 3337 841 3375 ora
888 3322 1086 3388 maris,
1129 3324 1527 3379 misericordem
1565 3334 1724 3394 atque
1764 3326 2096 3381 innumeram

515 3414 908 3467 multitudinem
937 3429 966 3467 a
1002 3416 1231 3470 sinistris
1268 3416 1518 3471 ﬂuctibus
1552 3428 1712 3489 atque
1749 3420 2101 3476 amaritudine

517 3503 677 3574 impia
711 3515 1040 3573 segregatum
1066 3508 1105 3557 ¹.

932 3671 1014 3731 IN
1062 3671 1437 3734 PSALMUM
1492 3673 1692 3735 CXIII

1109 3772 1527 3828 ENARRA'I'lO.

1171 3876 1342 3916 δεκμο
1382 3878 1415 3914 Ι.

980 3950 1059 4004 De
1081 3951 1243 4020 prima
1269 3940 1411 4023 parte
1434 3952 1650 4007 Psalmi.

586 4063 638 4117 l.
681 4060 829 4134 [υεη.
876 4061 1018 4134 1-6.]
1062 4062 1312 4133 Legimus
1351 4065 1601 4133 quidem,
1651 4066 2096 4137 notissimumtu

516 4153 825 4217 retinemus,
852 4152 1181 4210 dilectissimi
1206 4152 1417 4220 fratres,
1447 4156 1585 4225 quod
1610 4168 1853 4212 narratur
1883 4160 1932 4213 in
1964 4161 2095 4216 libm

517 4245 682 4301 Exodi
710 4288 723 4311 ,
761 4245 1008 4313 populum
1041 4244 1203 4307 lsraeI
1239 4244 1518 4300 liberatum
1548 4247 1615 4302 ab
1645 4247 1821 4318 iniqua
1851 4249 2094 4306 domina-

516 4337 660 4391 tione
697 4334 1067 4405 }Egyptiorum
1116 4336 1255 4390 inter
1283 4334 1482 4390 divisos
1507 4335 1697 4392 ﬁuctus
1725 4340 1887 4394 maris
1916 4349 2092 4395 trans-

514 4427 620 4481 isse
661 4441 754 4497 per
784 4426 981 4480 siccum
1007 4423 1201 4498 (Exod.
1234 4440 1320 4480 xw
1340 4466 1354 4488 ,
1384 4426 1476 4495 22)
1514 4444 1527 4481 :
1560 4426 1846 4486 Iordanem
1883 4446 2091 4502 quoque

514 4516 728 4571 lluvium
749 4555 765 4582 ,
792 4530 913 4570 cum
948 4530 1044 4586 per
1070 4531 1190 4570 eum
1224 4516 1276 4569 in
1308 4525 1500 4571 terram
1531 4521 1896 4587 promissionis
1924 4524 2091 4578 intra-

513 4615 650 4672 rent,
682 4614 875 4661 tactum
909 4606 1130 4675 pedibus
1158 4606 1490 4662 sacerdotum
1517 4623 1694 4663 arcam
1726 4611 1933 4667 Domini
1963 4630 2091 4683 por-

513 4697 759 4764 tantium,
789 4698 998 4752 stetisse
1022 4695 1252 4767 desuper
1275 4696 1533 4753 infrenato
1556 4698 1733 4768 lapsu;
1756 4701 1823 4757 ab
1844 4702 2090 4761 inferiore

508 4793 684 4840 autem
714 4796 863 4856 parte
883 4785 1191 4854 defluxisse,
1214 4787 1353 4855 quod
1380 4788 1626 4843 currebat
1650 4789 1701 4843 in
1727 4806 1893 4858 mare,
1917 4793 2088 4851 donec

509 4878 560 4931 in
619 4877 763 4933 sicco
813 4878 1079 4932 stantibus
1133 4878 1498 4933 sacerdotibus
1562 4883 1811 4936 transiret
1862 4886 2086 4953 populus

508 4970 787 5025 universas
810 4967 988 5041 (Josue
1017 4984 1094 5036 tu,
1142 4968 1773 5038 15-17):novimus'bmc,
1792 4989 1889 5030 nec
1912 4984 2083 5033 tamen

503 5061 751 5116 arbitrari
779 5075 875 5115 nos
897 5067 1106 5128 oportet
1131 5060 1183 5113 in
1210 5059 1309 5114 hoc
1338 5062 1562 5130 psalmo,
1594 5064 1677 5118 cui
1707 5081 1846 5120 nunc
1866 5066 2085 5124 Alleluia

506 5153 847 5222 pronuntiato
887 5160 1205 5222 cantatoque
1249 5153 1620 5222 respondimus
1641 5198 1657 5223 ,
1703 5156 1753 5210 id
1783 5172 1938 5228 agere
1966 5160 2085 5229 Spi-

504 5247 662 5299 ritum
708 5253 949 5299 sanctum
975 5286 989 5310 ,
1036 5252 1094 5297 nt
1134 5245 1397 5315 prmterita
1445 5246 1532 5300 illa
1574 5258 1719 5315 gesta
1742 5253 2078 5327 recolentes,

503 5355 833 5410 nequaquam
868 5340 1038 5392 futura
1082 5337 1199 5391 talia
1247 5338 1561 5407 cogitemus.
1591 5338 1698 5395 Illa
1724 5344 1899 5410 enim,
1945 5348 2080 5403 sicut

565 5472 580 5539 ξ
607 5479 689 5539 ’διο
710 5479 809 5520 Am.
838 5478 887 5539 et
911 5469 1127 5539 melioris
1150 5476 1276 5539 notae
1299 5475 1413 5539 uss.
1431 5477 1483 5539 At
1505 5478 1634 5533 Lov.,
1669 5476 1914 5539 sanctitate
1933 5480 2077 5532 subli-

502 5530 569 5595 mi
598 5530 889 5595 iuniperum
918 5532 1109 5583 sedibus
1131 5528 1349 5595 collocat,
1371 5538 1416 5595 et
1438 5531 1560 5581 sicut
1584 5528 1734 5587 arena
1752 5537 1801 5587 in
1824 5528 1910 5591 ant
1931 5528 2078 5595 maris

500 5589 936 5667 ’πίεράαῑίαετῐι-κη
961 5599 1197 5667 ξεθνςεθαις
1222 5593 1556 5667 ξίεβιίθιηβικ
1580 5597 1671 5667 nisi
1703 5601 1828 5663 quod
1852 5589 2077 5657 10666131

499 5652 808 5729 η’ῄδρῖάεῖηε
829 5655 995 5729 mbae“
1010 5652 1424 5729 '"diecicordigm.
1444 5656 1657 5729 nonnulli
1684 5652 1803 5712 vero
1824 5652 1949 5729 M531;

501 5715 663 5777 ctitctc
685 5713 882 5763 sublime
904 5714 951 5763 bi
975 5716 1194 5786 supatis
1214 5714 1406 5768 sedibus
1428 5715 1725 5771 collocatum.

1757 307 1812 361 S.
1857 308 1894 360 Α
1907 304 2216 361 ιῖϐῐέἓἹῚΝἱ
2258 305 2558 360 ισζΡΙΞΟΟΝ

3642 318 3765 376 N76

2212 413 2341 470 dicit
2379 418 2699 484 Apostolus,
2745 420 2799 472 in
2840 420 3008 489 ﬁgura
3047 423 3395 492 contingebant
3433 422 3561 489 illis;
3597 441 3773 498 scripta

2210 516 2327 558 sunt
2349 516 2514 559 autem
2552 508 2620 560 ad
2643 508 3009 576 correptione":
3035 519 3278 575 nostram,
3309 512 3362 565 in
3389 528 3511 580 quos
3536 516 3653 584 linis
3678 534 3769 572 ste-

2207 595 2434 648 culorum
2461 596 2655 650 obvenit
2697 596 2758 669 (Ι
2793 596 2910 652 Cor.
2954 614 3009 663 ι,
3043 599 3153 670 Il).
3194 598 3327 655 Cum
3359 602 3516 671 igitur
3544 605 3775 665 audimus

2209 688 2258 738 in
2287 686 2519 753 Psalmo,
2550 686 2617 740 In
2657 690 2791 742 exitu
2818 688 2985 743 Israel
3022 690 3086 744 de
3114 689 3376 761 Egypto,
3408 694 3587 748 domus
3625 694 3774 751 Iacob

2206 776 2269 829 de
2292 778 2479 847 papula
2507 777 2749 846 barbaro,
2796 785 2931 851 facta
2972 790 3046 835 est
3072 781 3259 837 Indica
3287 786 3618 854 sanctiﬁcatio
3639 791 3772 856 eius,

2207 864 2372 920 Israel
2397 879 2614 938 potestas
2640 870 2780 940 ejus;
2808 887 2948 924 mare
2973 872 3096 926 vidit
3122 882 3169 926 et
3204 875 3352 944 fugit,
3379 875 3627 933 Iordanis
3662 896 3776 934 rou-

2210 973 2378 1011 versus
2425 967 2498 1011 est
2544 970 2870 1014 retrorsum:
2899 976 2965 1015 ne
3007 961 3338 1018 arbitremini
3390 964 3544 1020 nobis
3588 968 3778 1023 narrari

2209 1046 2496 1116 prmterita,
2520 1049 2612 1102 sed
2641 1049 2818 1119 potius
2844 1050 3018 1105 futura
3047 1052 3298 1120 praedici;
3330 1054 3450 1125 quia
3473 1056 3560 1109 illa
3581 1072 3779 1127 quoque

2209 1138 2459 1193 miracula
2498 1154 2619 1194 cum
2665 1141 2717 1194 in
2746 1141 2837 1195 illo
2868 1144 3062 1211 popqu
3093 1143 3315 1211 ﬁerent,
3361 1149 3638 1214 praesentia
3665 1150 3772 1218 qni-

2209 1227 2355 1293 dcm,
2388 1229 2481 1284 sed
2507 1246 2614 1284 non
2644 1230 2759 1285 sine
2790 1230 3087 1288 futurorum
3116 1235 3502 1305 signiﬁcatione
3526 1240 3774 1309 gereban-

2209 1329 2312 1374 tur.
2340 1322 2569 1393 ldeoque
2598 1332 2654 1375 ut
2679 1324 3017 1393 ostenderet,
3062 1327 3151 1395 qui
3185 1328 3454 1395 psallendo
3502 1331 3600 1384 ista
3634 1346 3775 1401 pra:-

2206 1412 2448 1479 dicebat,
2505 1414 2690 1470 eadem
2737 1431 2798 1471 se
2845 1418 3022 1471 verbis
3074 1433 3234 1488 agere
3278 1436 3395 1490 qua:
3443 1422 3549 1477 illic
3598 1421 3766 1478 factis|

2211 1504 2534 1573 agebantur,
2580 1521 2686 1559 uno
2734 1507 3032 1577 eodemque
3077 1509 3279 1579 Spiritu
3323 1524 3581 1582 operante
3610 1524 3664 1570 et
3695 1516 3775 1570 illa

2207 1593 2346 1650 facta
2387 1604 2441 1651 et
2485 1597 2598 1651 lucc
2641 1597 2801 1666 dicta,
2853 1609 2910 1655 ut
2954 1600 3003 1655 id
3046 1602 3188 1671 quod
3232 1603 3283 1657 in
3325 1604 3429 1659 ﬁne
3470 1606 3774 1661 smculorum

2209 1685 2655 1742 manifestandum
2705 1689 3112 1758 reservabatur,
3167 1691 3346 1762 figuris
3396 1710 3579 1750 rerum
3632 1706 3782 1766 atque

2206 1777 2491 1832 verborum
2523 1781 2970 1847 praecurrentibus
3014 1782 3377 1851 nuntiaretur;
3422 1800 3526 1839 non
3574 1788 3784 1847 omnino

2205 1880 2268 1920 ca
2294 1865 2428 1920 dixit
2451 1882 2568 1936 qua:
2601 1868 2669 1920 ibi
2700 1877 2847 1937 gesta
2877 1878 3022 1936 sunt,
3054 1870 3148 1927 sed
3178 1872 3333 1927 aliter
3359 1874 3604 1944 quaidam
3633 1890 3777 1944 quam

2210 1954 2318 2010 illic
2346 1956 2481 2011 lecta
2509 1956 2792 2014 didicimus
2816 1976 2829 2012 :
2856 1974 2922 2015 ne
2960 1976 3087 2016 vere
3116 1972 3387 2032 putaretur
3417 1974 3680 2022 transacta
3706 1982 3780 2022 re-

2205 2045 2401 2112 colere,
2434 2047 2608 2116 potius
2633 2064 2789 2118 quam
2823 2059 3043 2105 ventura
3076 2052 3418 2122 prtedicere‘.
3445 2055 3627 2111 Primo
3649 2056 3777 2112 enim

2205 2136 2490 2192 Iordanem
2524 2138 2695 2209 ipsum
2724 2155 2828 2194 non
2875 2156 3151 2197 reversum
3182 2160 3302 2208 esse
3330 2155 3625 2202 retrorsum
3647 2191 3661 2213 ,
3691 2148 3776 2205 scd

2206 2230 2420 2284 stetisse
2446 2229 2670 2299 legimus
2699 2231 2766 2285 ab
2795 2248 2855 2286 ea
2889 2243 3067 2302 parte,
3112 2251 3214 2305 qua
3253 2252 3403 2306 aqua:
3444 2237 3677 2308 desuper
3705 2241 3779 2294 iu-

2205 2320 2459 2386 ﬁuebant,
2486 2337 2605 2376 cum
2630 2322 2856 2392 populus
2879 2325 2966 2380 ille
2989 2326 3266 2391 transiret;
3289 2326 3481 2383 deinde
3500 2331 3779 2399 gestientes

2205 2419 2411 2465 montes
2437 2410 2706 2482 collesque
2745 2428 2851 2469 non
2897 2415 3121 2486 legimus
3155 2434 3168 2472 :
3204 2433 3324 2489 qua:
3361 2419 3438 2474 sic
3464 2419 3699 2484 addidit,
3730 2428 3781 2479 ut

2203 2502 2361 2556 etiam
2388 2502 2564 2557 omnia
2584 2503 2685 2557 ista
2710 2515 2999 2575 repeteret.
3025 2506 3156 2562 Nam
3185 2523 3306 2563 cum
3328 2509 3575 2575 dixisset,
3609 2529 3627 2563 ι
3650 2511 3780 2567 Mare

2202 2591 2335 2647 vidit
2372 2601 2426 2647 et
2450 2590 2617 2664 fugit,
2657 2594 2904 2651 Iordanis
2942 2611 3233 2655 conversus
3275 2609 3357 2656 est
3397 2613 3721 2667 retrorsum;
3756 2622 3775 2654 ο

2203 2684 2496 2752 contexuit,
2529 2703 2549 2737 ι
2572 2684 2776 2742 Montes
2800 2690 3096 2758 gestiet-unt
3125 2693 3271 2748 velut
3294 2693 3518 2762 arietes,
3552 2706 3607 2751 et
3628 2697 3779 2751 colles

2205 2775 2349 2832 velut
2366 2777 2485 2847 agni
2502 2776 2679 2832 ovium
2705 2796 2719 2833 :
2742 2780 3036 2853 eademque
3057 2800 3240 2840 rursus
3264 2786 3578 2858 interrogat,
3603 2807 3623 2842 ι
3647 2784 3775 2858 Quid

2201 2867 2437 2932 esttibi,
2471 2883 2655 2935 mare,
2699 2870 2840 2941 quod
2869 2872 3075 2941 fugisti;
3117 2884 3171 2931 et
3215 2885 3304 2941 tu,
3352 2877 3640 2948 Iordanis,
3666 2883 3778 2951 quia

2203 2971 2494 3013 conversus
2521 2972 2582 3013 es
2609 2962 2936 3017 retrorsum?
2966 2965 3198 3034 montes,
3224 2968 3344 3037 quia
3369 2971 3628 3040 gestiistis
3652 2975 3779 3027 velut

2202 3047 2424 3114 arietes;
2456 3056 2510 3104 et
2533 3048 2719 3116 colles,
2754 3051 2897 3107 velut
2922 3054 3043 3123 agni
3078 3057 3291 3110 ovium?
3328 3077 3347 3111 ι

2270 3136 2325 3190 2.
2348 3137 2701 3193 Attendamus
2721 3154 2849 3209 ergo
2873 3143 2999 3212 quid
3023 3144 3436 3215 admoneamur;
3465 3151 3593 3220 quia
3620 3161 3671 3208 et
3700 3153 3777 3207 illa

2203 3224 2336 3278 facta
2364 3227 2544 3296 figura:
2571 3239 2768 3284 nostra:
2796 3230 3027 3301 fuerunt,
3054 3243 3109 3289 et
3133 3235 3248 3292 haec
3272 3238 3409 3294 dicta
3438 3252 3495 3295 ut
3519 3259 3622 3298 nos
3647 3244 3778 3312 ipsos

2202 3331 2643 3395 recognoscamps
2673 3319 2974 3377 hortantur.
3012 3324 3069 3380 Si
3112 3327 3255 3382 enim
3293 3331 3515 3398 gratiam
3547 3334 3641 3389 Dei
3669 3350 3777 3405 quas
3860 3392 3869 3401 ,

2201 3403 2322 3458 data
2370 3415 2452 3460 est
2494 3408 2647 3462 nobis
2689 3409 2841 3464 ﬁrmo
2881 3412 3046 3469 corde
3089 3416 3418 3485 retinemus,
3459 3437 3559 3477 nos
3604 3403 3777 3478 sumus

2202 3494 2366 3565 lsrael
2396 3511 2580 3551 semen
2611 3499 2837 3556 Abraha:
2863 3519 2876 3555 :
2899 3504 3051 3558 nobis
3088 3505 3216 3561 dicit
3244 3509 3529 3576 Apostolus
3550 3555 3568 3575 ,
3607 3531 3626 3564 ι
3647 3514 3776 3584 Ergo

2200 3601 2379 3641 semen
2411 3588 2635 3644 Abrahae
2659 3592 2787 3647 estis
2818 3612 2836 3644 ι
2870 3593 3066 3664 (Colat.
3097 3613 3175 3665 ιιι,
3203 3597 3321 3671 29).
3352 3600 3483 3667 Quia
3513 3606 3656 3663 sicut
3681 3607 3776 3659 alio

2203 3676 2318 3730 loco
2348 3677 2512 3745 dicit,
2560 3698 2578 3731 ι
2606 3680 2715 3734 Non
2748 3683 2799 3737 in
2832 3684 3267 3755 circumcisione,
3318 3691 3411 3746 scd
3440 3692 3491 3746 in
3522 3696 3774 3765 praiputio

2198 3766 2446 3836 deputati
2492 3778 2573 3823 est
2617 3771 2843 3826 Abralue
2885 3774 3016 3830 ﬁdes
3055 3776 3121 3830 ad
3157 3778 3436 3847 justitiam,
3477 3792 3531 3836 et
3571 3784 3769 3855 signum

2200 3858 2405 3926 acrepit
2427 3858 2868 3926 circumcisionis,
2898 3865 3226 3934 signaculum
3255 3869 3472 3938 justitia:
3494 3872 3640 3939 ﬁdei,
3663 3889 3768 3945 qut!

2200 3957 2283 3999 est
2310 3947 2360 4001 in
2390 3950 2647 4019 prazputio
2678 3959 2734 4005 ut
2768 3952 3051 4023 deputetur
3075 3966 3129 4012 et
3162 3958 3270 4014 illis
3295 3959 3360 4015 ad
3387 3963 3688 4031 justitiam;
3721 3975 3768 4021 ut

2200 4034 2268 4087 sit
2295 4044 2444 4104 pater
2462 4037 2881 4097 circumcisionis
2909 4042 2990 4097 bis
3010 4046 3099 4115 qui
3124 4061 3226 4101 non
3256 4048 3427 4104 solum
3455 4068 3517 4106 ex
3544 4054 3769 4109 circnm-

2200 4127 2400 4182 cisionc
2420 4137 2564 4195 sunt,
2596 4131 2687 4184 sed
2714 4140 2768 4186 et
2803 4132 2886 4187 his
2911 4135 2998 4204 qui
3028 4148 3322 4208 sequuntur
3363 4143 3583 4213 vestigia
3615 4146 3768 4213 ﬁdei,

2198 4234 2315 4285 qua:
2344 4227 2425 4272 cst
2446 4219 2498 4273 in
2520 4221 2774 4290 prmputio
2804 4226 2967 4295 patris
2989 4229 3418 4285 nustriAbrahm.
3444 4252 3463 4285 ι
3497 4234 3612 4290 Non
3635 4237 3769 4299 enim

2196 4310 2481 4366 carnaliter
2520 4312 2846 4370 circumcisa:
2894 4318 3037 4388 genti
3082 4324 3447 4379 tantuummdo
3482 4325 3772 4386 factusest

2198 4411 2363 4469 pater,
2392 4403 2475 4456 cui
2506 4403 2700 4459 dictum
2732 4415 2833 4472 est,
2868 4409 3074 4465 Patrem
3115 4414 3386 4470 multarum
3412 4421 3640 4489 gentium
3670 4438 3761 4491 po-

2193 4492 2272 4545 sui
2297 4501 2361 4545 te.
2391 4492 2666 4549 Multarum
2688 4506 2883 4561 autem,
2910 4518 3014 4556 non
3037 4506 3403 4573 quarumdam,
3422 4509 3515 4563 sed
3537 4514 3771 4567 omnium

2195 4582 2372 4671 (Rom.
2402 4600 2474 4650 ιν,
2497 4588 2530 4641 9
2567 4586 2690 4658 1τ);
2723 4590 2862 4659 quod
2892 4578 3073 4662 aperie
3094 4595 3302 4661 dicitur,
3325 4614 3443 4654 cum
3470 4600 3518 4656 ei
3545 4603 3770 4671 dicitur:

2195 4670 2259 4723 Et
2303 4671 2651 4729 benedicentur
2693 4678 2745 4731 in
2790 4688 2836 4733 te
2873 4697 3041 4737 omnes
3082 4696 3250 4755 gentes
3281 4686 3431 4761 (Gen.
3472 4706 3616 4760 xxtl,
3662 4670 3779 4764 i8).

2191 4763 2378 4821 Nullus
2422 4767 2597 4837 itaque
2640 4770 3061 4829 Christianorum
3106 4792 3163 4833 se
3191 4793 3221 4832 a
3250 4782 3467 4837 nomine
3492 4784 3653 4840 Israel
3684 4763 3771 4840 ar-

2195 4853 2420 4911 bitretur
2467 4867 2799 4913 extraneum.
2842 4863 2950 4916 Illis
2994 4866 3137 4920 enim
3184 4870 3274 4937 qui
3323 4872 3665 4930 crediderunt
3708 4892 3771 4930 ex

2190 4944 2407 5013 Juda'is,
2461 4948 2513 5000 in
2558 4964 2781 5018 quorum
2824 4969 3045 5008 numero
3085 4958 3443 5029 principaliter
3485 4966 3773 5034 Apostolus

2190 5038 2514 5106 invenimus,
2566 5042 2617 5096 in
2662 5045 2902 5116 angulari
2952 5048 3124 5117 lapide
3154 5055 3484 5123 c0pulamur.
3524 5059 3660 5115 Hinc
3694 5065 3772 5115 ait

2190 5130 2444 5185 Dominus
2474 5132 2581 5186 alio
2631 5134 2747 5189 loco
2771 5154 2784 5191 :
2809 5136 2984 5193 Habeo
3010 5142 3138 5196 alios
3164 5160 3275 5198 oves
3301 5163 3413 5216 qua:
3438 5166 3537 5202 non
3565 5163 3679 5206 sunt
3711 5154 3771 5204 tle

2187 5220 2280 5274 Itoc
2308 5220 2425 5275 ovili
2444 5232 2685 5305 ;Ioportet
2708 5242 2783 5278 me
2808 5237 2854 5281 et
2880 5228 2995 5282 illas
3016 5231 3286 5299 adducere,
3324 5246 3377 5290 ut
3403 5239 3466 5291 sit
3492 5254 3619 5293 unus
3646 5258 3677 5310 θ
3708 5257 3770 5294 ex

2186 5320 2233 5363 et
2253 5326 2385 5365 unus
2406 5320 2579 5381 pastor
2608 5313 2786 5384 (Joan.
2812 5333 2865 5382 ι,
2902 5319 3013 5388 IG).
3042 5322 3274 5393 Populus
3297 5342 3424 5398 ergo
3444 5330 3768 5384 christianus

2185 5404 2349 5473 magis
2372 5403 2554 5470 Israel,
2579 5415 2633 5460 et
2654 5406 2766 5476 ipse
2792 5411 2966 5477 potius
2988 5413 3179 5471 domus
3195 5417 3377 5473 Iacob.
3409 5421 3546 5476 Idem
3569 5422 3763 5491 quippe

2185 5491 2344 5547 Israel
2373 5493 2459 5563 qui
2490 5492 2673 5548 Iacob.
2704 5496 2795 5551 llla
2822 5515 2950 5556 vero
2979 5507 3128 5559 turba
3156 5506 3478 5577 Iudaeorum,
3507 5528 3622 5581 qua:
3651 5529 3762 5567 me.

2186 5585 2288 5637 rito
2315 5583 2549 5653 perfidia:
2579 5589 2858 5657 reprobata
2885 5602 2985 5659 est,
3011 5596 3279 5657 voluptate
3306 5602 3502 5655 carnali
3527 5601 3762 5658 vendidit

2246 5676 2267 5749 ξ
2290 5682 2388 5749 .tm.
2415 5682 2467 5725 et
2489 5689 2673 5749 omnes;
2684 5693 2834 5749 prope
2854 5690 2980 5749 Mss,
2998 5685 3192 5749 figuris.

2249 5738 2268 5767 ι
2291 5747 2464 5786 milites
2486 5752 2638 5805 prope
2659 5738 2787 5807 Mss,
2820 5738 3106 5809 prtztitlei‘e.
