4026 6202
1609 186 1640 194 ’ν-

259 315 380 371 ΜΠ

257 425 576 498 priumgcnita
608 438 722 487 sua,
753 431 811 477 ut
834 438 935 476 non
963 423 1025 475 ad
1051 421 1234 482 JaCoh,
1261 422 1351 484 sed
1373 422 1438 474 ad
1468 422 1603 475 Esau
1631 423 1802 490 potius

257 520 534 589 pertineret.
581 513 738 568 Scitis
788 528 1014 580 namque
1061 514 1110 564 in
1163 510 1266 564 hoc
1313 513 1568 580 mysterio
1611 512 1805 564 dictum

254 624 376 667 esse,
411 605 538 671 Quia
567 605 732 674 major
755 605 930 656 serviet
960 602 1143 656 minori
1173 601 1320 669 (Gen.
1351 618 1474 666 xxv,
1501 604 1586 664 55,
1616 601 1732 671 ‘25).

314 698 358 749 5.
381 693 634 763 Egyptus
663 701 860 755 autem,
883 692 1132 760 quoniam
1161 691 1539 758 interpretatur
1553 690 1804 756 Afﬁictio,

251 787 324 839 vel
348 784 608 850 Aiﬁigcns,
653 784 734 836 vel
765 782 1172 850 Comprimens,
1203 795 1343 848 sa-pe
1375 781 1424 834 in
1457 780 1682 850 imagine
1709 797 1804 850 po-

252 877 375 928 nitur
421 875 572 941 hujus
617 873 830 936 smcnli;
863 888 890 924 a
922 888 1027 942 quo
1065 871 1411 940 spirituaiiter
1453 871 1804 926 recedendum

251 979 338 1032 cst,
369 982 428 1019 ne
452 965 818 1034 simnsjugum
848 965 1098 1017 duci-entes
1125 977 1242 1016 cum
1273 962 1572 1016 inﬁdelibus
1597 962 1660 1031 (il
1683 961 1801 1014 Cor.

257 1077 316 1124 ιι,
344 1060 442 1129 ιιι).
475 1059 562 1112 Sic
590 1058 730 1111 enim
759 1057 982 1125 quisque
1007 1055 1300 1109 Jerusalem
1328 1054 1560 1125 cmlcstis
1594 1054 1647 1106 ﬁt
1677 1055 1806 1107 civis

254 1141 486 1213 idoneus,
533 1163 654 1202 cum
703 1147 929 1216 primum
981 1144 1102 1198 huic
1150 1145 1346 1198 sacculo
1387 1146 1802 1207 renuntiaverit;

249 1240 668 1313 quemadmodum
720 1239 809 1293 ille
841 1237 1150 1306 populusin
1196 1245 1390 1288 terram
1438 1235 1806 1303 promissionis

248 1335 348 1390 duci
377 1348 474 1385 non
510 1331 697 1399 potuit,
727 1329 826 1382 nisi
859 1329 1001 1397 prius
1025 1327 1092 1380 ab
1117 1324 1346 1394 {Egypto
1375 1325 1673 1379 recederet.
1698 1324 1801 1378 Sed

249 1425 363 1479 sicut
404 1424 634 1477 illc~non
684 1419 806 1474 inde
848 1419 1127 1483 discessit,
1179 1412 1278 1471 nisi
1327 1417 1507 1471 divino
1551 1416 1804 1472 liberatus

249 1517 446 1579 auxilio;
483 1516 560 1568 sic
588 1528 742 1577 nemo
768 1511 927 1566 eorde
958 1511 1024 1565 ab
1049 1509 1151 1564 hoc
1180 1510 1374 1563 saeculo
1399 1509 1674 1574 avertitur,
1704 1509 1801 1563 nisi

249 1609 414 1661 divina:
439 1604 825 1666 misericordia)
853 1618 1070 1657 munere
1097 1602 1328 1671 adjutus.
1351 1601 1499 1669 Quod
1527 1603 1666 1655 enim
1696 1602 1803 1655 illic

247 1699 385 1754 semel
428 1697 824 1767 prmﬁguratum
855 1704 936 1749 est
957 1736 970 1759 ,
1015 1695 1116 1748 hoc
1157 1695 1207 1747 in
1239 1694 1339 1748 isto
1367 1694 1471 1747 ﬁne
1498 1693 1714 1759 saeculi,
1747 1693 1801 1747 in

247 1791 348 1855 hac,
389 1791 528 1844 sicut
569 1790 752 1842 beatus
799 1787 1030 1841 Joannes
1074 1786 1290 1850 scribit,
1343 1785 1471 1840 hora
1517 1786 1799 1840 novissima

249 1881 438 1948 (Hann.
470 1896 531 1940 ιι,
570 1878 679 1950 l8),
724 1877 1045 1948 quotidianis
1085 1877 1336 1931 Ecclesia:
1377 1877 1569 1932 fetibus
1597 1878 1646 1928 in
1673 1892 1804 1929 ιιιιο-

246 1986 425 2039 quoque
449 1969 708 2024 credente
730 1967 1042 2036 completur.
1069 1966 1260 2020 Audite
1284 1967 1592 2034 Apostolum
1617 1965 1799 2020 docto-

248 2078 338 2116 rem
364 2060 612 2117 Gentium
642 2059 918 2112 docentem
951 2068 1004 2110 et
1033 2058 1379 2110 instruentem
1407 2075 1420 2109 :
1451 2076 1468 2107 ι
1493 2057 1627 2112 Nolo
1659 2058 1798 2111 enim

247 2170 344 2218 vos,
372 2171 388 2204 ι
415 2153 608 2221 inquit,
637 2169 656 2201 ‹
689 2152 948 2220 ignorare,
979 2148 1190 2212 fratres,
1236 2149 1352 2216 quia
1411 2163 1595 2200 omnes
1624 2158 1800 2216 patres

247 2245 385 2297 nostri
407 2243 508 2297 sub
535 2242 675 2295 nube
704 2241 916 2294 fuerunt
935 2283 949 2301 .
980 2248 1028 2292 ct
1074 2255 1258 2292 clunes
1285 2254 1377 2306 per
1404 2254 1547 2293 mare
1573 2231 1797 2292 transie-

246 2347 373 2400 rnnt,
413 2347 464 2391 et
498 2349 685 2389 omnes
715 2334 766 2385 in
797 2332 1042 2400 Moyscn‘
1069 2331 1314 2399 haptizati
1345 2337 1468 2383 sunt
1498 2331 1547 2383 in
1579 2329 1719 2384 nube
1747 2338 1800 2382 et

246 2430 286 2480 in
311 2429 466 2494 mari,
510 2436 564 2481 et
591 2439 778 2480 omnes
803 2422 1047 2477 eumdem
1077 2423 1249 2476 cibum
1281 2421 1612 2491 Spiritualem
1646 2437 1800 2474 mau-

245 2519 579 2584 ducavernnt,
627 2530 681 2574 et
723 2532 909 2573 omnes
955 2517 1199 2572 eumdem
1244 2526 1424 2584 pomm
1471 2515 1798 2584 spiritualcm

246 2609 484 2665 biberunt.
512 2611 766 2665 Bibebant
789 2609 930 2663 enim
956 2607 1022 2662 de
1044 2607 1303 2677 spirituali
1330 2617 1589 2676 sequente
1612 2614 1757 2675 petra
1783 2623 1796 2660 :

245 2713 368 2770 petra
397 2715 576 2758 autem
609 2712 722 2758 erat
760 2702 1025 2757 Christus.
1066 2699 1168 2754 Sed
1213 2715 1316 2752 non
1349 2699 1399 2752 in
1431 2698 1676 2753 omuilnts
1701 2699 1801 2752 illis

243 2796 356 2849 bene
377 2794 700 2860 complacuit
722 2794 829 2846 Deo
856 2811 867 2845 :
895 2790 1142 2861 prostrati
1170 2790 1310 2844 enim
1334 2799 1457 2843 sunt
1481 2790 1530 2842 in
1563 2788 1796 2844 deserto.

245 2884 348 2940 Haec
368 2895 541 2940 autem
573 2884 752 2954 ﬁgurm
786 2895 978 2936 nostra:
1004 2881 1154 2935 facta:
1182 2892 1306 2934 sunt
1329 2901 1346 2932 ι
1369 2880 1410 2951 (l
1430 2879 1545 2936 Cor.
1571 2896 1622 2943 x,
1656 2882 1796 2952 1-6).

242 2975 356 3041 Quid
382 2976 541 3029 vultis
568 2975 792 3043 amplius
811 3015 824 3038 ,
871 2971 1066 3027 fratres
1105 2971 1473 3026 dilectissimi?
1499 2973 1655 3024 Certe
1685 2987 1800 3025 ma-

244 3067 465 3130 nifestum
500 3077 582 3122 est
611 3082 714 3120 non
750 3067 979 3119 lmmana
1011 3064 1329 3132 suspicione,
1362 3054 1453 3116 sed
1487 3064 1797 3130 apostolico,

241 3158 282 3212 id
306 3170 381 3214 est
403 3161 586 3219 divino
613 3167 669 3214 et
705 3158 972 3213 dominico
1002 3155 1334 3222 magisterio;
1375 3155 1515 3209 Deus
1543 3156 1682 3226 enim
1720 3169 1796 3207 to-

241 3252 481 3318 qut-batur
527 3253 579 3306 in
633 3251 744 3314 eis,
793 3259 845 3302 et
893 3248 1133 3318 quamvis
1181 3244 1248 3302 de
1300 3247 1507 3301 carneis
1552 3247 1797 3313 nubibus,

240 3353 396 3398 tamen
429 3344 688 3398 Dominus
716 3341 991 3395 intonabat
1015 3358 1026 3392 :
1052 3349 1196 3394 certe
1223 3352 1350 3406 ergo
1384 3347 1529 3391 tanto
1552 3339 1799 3391 testimo-

241 3437 315 3487 nio
351 3435 688 3488 manifestum
731 3443 811 3485 est
854 3432 938 3484 illa
983 3430 1158 3484 omnia
1201 3427 1420 3498 ﬁgurate
1449 3439 1630 3496 gesta,
1663 3443 1803 3484 nunc

238 3525 284 3577 in
307 3536 481 3580 nostra
512 3525 684 3578 salute
711 3523 994 3591 compleri;
1042 3521 1159 3590 quia
1192 3529 1316 3573 tunc
1347 3519 1519 3572 futura
1553 3535 1798 3587 prienun-

241 3616 672 3682 tiabantnr,nunc
715 3613 978 3684 prmtcrita
1020 3611 1286 3682 leguntur,
1329 3610 1685 3679 etprmsentia
1709 3625 1802 3665 eo.

236 3718 569 3776 gnoscuntur.

295 3801 341 3852 4.
368 3800 559 3853 Audite
588 3795 730 3868 quod
757 3803 837 3849 est
868 3794 1188 3859 mirabilius,
1234 3793 1510 3872 Librorum
1561 3801 1800 3848 veterum

237 3897 554 3944 sacramenta
582 3886 843 3941 occultata
871 3893 1027 3954 atque
1054 3883 1244 3948 velata,
1275 3883 1527 3936 nonnulla
1559 3898 1624 3936 ex
1654 3893 1803 3950 parte

235 3993 258 4030 a
287 3979 451 4034 Libris
499 3977 765 4033 veteribus
805 3976 1050 4029 revelari.
1088 3973 1216 4026 Nam
1257 3972 1503 4026 Michacas
1549 3973 1802 4042 propheta

234 4069 296 4121 ita
321 4069 579 4139 loquitur:
602 4085 620 4119 ι
649 4068 810 4121 Ριόιιι
832 4067 962 4126 dies,
981 4085 997 4116 ι
1021 4063 1592 4134 inquit,¢profectionis
1621 4080 1802 4118 eorum

234 4175 289 4212 ex
320 4161 583 4232 1Egypto,
613 4157 887 4213 ostendam
936 4155 1196 4210 tnirabilia
1241 4154 1366 4209 illis.
1412 4153 1678 4208 Videbunt
1707 4170 1804 4207 na-

235 4252 431 4318 tiones,
490 4262 540 4308 ct
593 4251 988 4308 confundantur
1036 4250 1103 4303 ab
1153 4249 1294 4301 omni
1355 4247 1533 4316 vigore
1585 4262 1804 4302 eorum:

233 4345 470 4399 manibus
499 4360 590 4398 ora
630 4359 725 4397 sua
770 4342 1076 4402 obstruent,
1119 4355 1272 4394 aures
1304 4339 1410 4392 illis
1439 4338 1808 4392 obsurdabun-

235 4443 329 4498 tur,
375 4435 707 4504 delingentes
747 4445 979 4498 terram,
1027 4431 1168 4484 velut
1211 4439 1482 4497 serpentes
1534 4428 1807 4482 trahentes

232 4533 452 4587 terram;
481 4524 936 4578 conturbabuntur
961 4521 1027 4574 de
1051 4519 1481 4574 conclusionibus
1513 4533 1715 4581 eorum,
1748 4518 1798 4570 in

237 4617 453 4671 Domino
484 4619 588 4672 Deo
614 4625 796 4671 nostro
821 4613 1066 4669 excident
1107 4623 1301 4673 mente,
1333 4621 1386 4665 et
1421 4610 1754 4664 terrebantur
1778 4624 1807 4662 a

234 4719 297 4762 te.
330 4709 464 4775 Quis
509 4709 619 4761 Deo
659 4717 748 4760 tuo
791 4705 1014 4770 similis,
1064 4701 1313 4757 auferens
1356 4701 1718 4770 iniquitatem,
1758 4708 1812 4754 et

234 4798 626 4867 transgrediens
671 4797 994 4864 impietatem
1041 4792 1270 4847 residuis
1310 4790 1632 4846 haereditatis
1676 4790 1809 4842 tua)?

234 4889 291 4943 Et
319 4907 424 4945 non
449 4889 714 4945 centinnit
744 4889 794 4942 in
827 4886 1184 4942 testimOnium
1208 4885 1336 4938 iram
1361 4898 1530 4944 suam,
1560 4880 1806 4949 quoniam

236 4983 562 5036 voluntarius
591 4989 644 5034 ct
665 4979 968 5032 misericors
993 4985 1104 5038 est;
1136 4975 1248 5045 ipse
1275 4981 1546 5027 convertet
1567 4980 1620 5026 et
1651 4972 1810 5024 misc-

235 5070 434 5124 rebitur
464 5070 664 5134 nostri,
695 5067 968 5135 demerget
991 5066 1180 5120 delicta
1214 5073 1391 5117 nostra
1411 5104 1426 5129 ,
1458 5061 1731 5128 demerget
1760 5059 1810 5113 in

233 5164 391 5212 maris
442 5159 755 5228 profundum
782 5172 966 5211 omnes
993 5155 1175 5224 culpas
1213 5161 1421 5208 nostras
1457 5151 1680 5223 1(Mich.
1717 5166 1811 5215 vn,

237 5248 451 5321 lii-t9).
492 5249 689 5318 Nempe
743 5246 1044 5310 advertitis,
1092 5244 1312 5308 fratres,
1372 5240 1701 5296 manifestius
1733 5239 1816 5294 hic

234 5343 428 5410 aperiri
480 5349 810 5396 sacrosancta
857 5336 1130 5408 mysteria.
1181 5333 1235 5388 lu
1289 5336 1389 5388 hoc
1432 5347 1558 5403 ergo
1616 5332 1817 5402 psalmo

232 5434 485 5505 quamvis
522 5434 693 5487 futura
723 5433 987 5484 intueatur
1026 5427 1278 5481 mirabilis
1315 5423 1605 5494 prophetica
1645 5423 1816 5492 Spiri-

235 5531 347 5593 tus,
396 5536 576 5579 tamen
626 5514 833 5576 videtur
875 5520 1017 5573 velut
1060 5526 1322 5572 transacta
1370 5530 1608 5569 narrare.
1658 5512 1820 5566 Facta

230 5622 325 5677 est,
353 5607 556 5680 inquit,
573 5615 753 5669 Judth
778 5611 1111 5680 sanctiﬁcatio
1136 5611 1243 5680 ejus
1263 5624 1280 5661 :
1297 5624 1433 5661 mare
1452 5605 1574 5660 vidit
1594 5614 1640 5661 ct
1663 5604 1820 5678 fugit:

299 5751 316 5784 ⁸
341 5751 419 5799 Sic
439 5755 545 5799 atss.
560 5751 695 5812 juxta
717 5755 864 5798 Ome.
888 5753 940 5795 At
963 5743 1095 5806 add,
1117 5742 1165 5792 in
1191 5750 1361 5804 Moyse.

1295 307 1691 364 ENARRATIO
1730 308 1793 362 1N
1834 311 2152 366 PSALMLPH
2194 313 2371 367 CXlil.

3359 327 3493 383 Ητίὶ

1919 435 1970 476 ιιι
2003 429 2133 492 farm
2161 438 2252 486 est,
2283 436 2335 479 et
2360 428 2500 486 vidit,
2525 439 2574 480 et
2601 430 2746 498 fugit,
2778 431 3026 497 prarteriti
3057 435 3309 503 temporis
3333 443 3488 491 Verba

1917 529 2066 579 sunt;
2115 531 2163 572 ct
2191 535 2456 570 conversus
2481 531 2548 570 est
2579 519 2849 585 Jordunis,
2882 531 2929 576 et
2967 525 3234 592 gestierunt
3265 543 3488 594 utentes,

1917 620 1966 661 et
1993 621 2238 662 commota
2259 620 2329 662 est
2353 620 2506 675 terra,
2527 611 2708 663 eodem
2735 614 2890 666 modo
2915 618 3235 682 prartet'itttm
3263 630 3486 685 sonant;

1915 699 2028 752 sine
2075 699 2378 766 prmjudicio
2424 709 2594 753 tamen
2639 703 2958 772 intelligendi
3002 706 3194 761 futura.
3242 711 3485 780 Alioquin

1914 800 2097 844 contra
2137 792 2505 857 Evangelimun
2550 794 2906 848 testimonium
2938 799 3172 866 cogimur
3209 802 3365 854 etiam
3405 806 3486 856 illa

1917 896 2018 934 non
2048 881 2111 934 de
2141 881 2312 934 futuro
2341 897 2430 950 ιιι-,ι
2454 883 2686 935 nuntiata
2711 926 2723 948 ,
2747 886 2838 947 scd
2867 887 2932 939 de
2961 890 3223 954 pt'mtcrito
3253 907 3486 945 eonnne—

1915 984 2136 1036 Iuorata,
2167 974 2462 1042 intelligi-re
2489 992 2500 1026 :
2525 973 2811 1027 Divisa-unt
2834 978 2926 1029 sibi
2957 981 3240 1034 vestinmtta
3272 1001 3409 1043 mea,
3443 993 3488 1036 et

1912 1081 2060 1130 super
2085 1063 2422 1115 vestimentum
2465 1080 2626 1116 meum
2669 1065 2908 1118 miserunt
2951 1078 3131 1120 sortem
3163 1070 3328 1139 (Psal.
3364 1089 3481 1136 χχι,

1916 1155 2024 1222 l9).
2052 1155 2177 1217 Qua:
2199 1153 2436 1221 quamvis
2461 1155 2634 1208 verbis
2656 1158 2905 1224 prielcriti
2928 1162 3178 1227 tcnqioris
3199 1162 3332 1216 dicta
3357 1163 3482 1229 sint,

1915 1243 1961 1296 id
1993 1255 2164 1297 tamen
2197 1244 2615 1310 pra'rtuntialmnt
2663 1247 2801 1314 quod
2837 1256 2980 1301 tanto
3011 1259 3126 1316 post
3169 1251 3396 1304 futurum
3431 1255 3481 1306 in

1913 1335 2154 1401 passione
2189 1334 2391 1386 Domini
2421 1335 2793 1402 cmnpierctur.
2833 1338 2934 1392 Sed
2967 1349 3137 1394 tamen
3159 1382 3172 1402 ,
3205 1341 3486 1396 dilectissi-

1910 1424 2002 1485 mi,
2032 1424 2286 1493 prophcta
2326 1426 2423 1479 iste
2451 1443 2606 1494 quem
2635 1413 3044 1484 commemoravi
3067 1473 3080 1496 ,
3113 1433 3270 1486 etiam
3304 1449 3485 1498 erossa

1909 1515 2068 1568 corda
2099 1517 2316 1578 limavit,
2351 1525 2402 1570 et
2443 1517 2506 1569 ad
2550 1519 2884 1588 intelligenda
2923 1521 2988 1574 de
3018 1525 3303 1590 praneritis
3326 1526 3485 1580 rebus

1907 1606 2070 1674 gestis
2121 1605 2288 1658 futura
2332 1608 2697 1660 incunctanter
2742 1611 3015 1676 extendit;
3065 1622 3113 1663 nt
3158 1629 3260 1667 non
3311 1617 3481 1670 solum

1909 1699 2198 1765 apostolica
2226 1698 2542 1751 {tuetolitate
2579 1700 2773 1768 ﬁguras
2801 1711 3009 1756 nostras
3038 1704 3152 1757 illas
3182 1705 3341 1760 fuisse
3368 1724 3485 1762 cre-

1907 1790 2115 1856 damus,
2149 1793 2238 1843 sed
2269 1808 2364 1844 nec
2393 1791 2458 1845 ab
2487 1793 2610 1859 ipsis
2634 1793 2913 1861 Pmphctis
2945 1797 3042 1850 hoc
3067 1800 3482 1864 praetermissum

1907 1896 2044 1946 esse,
2099 1891 2154 1935 nt
2197 1883 2354 1936 ctiam
2395 1899 2578 1937 eorutn
2624 1886 2832 1956 eloquio
2878 1888 3196 1955 pandente‘,
3244 1890 3483 1945 videntes

1905 1982 2062 2042 atque
2085 1973 2394 2043 gaudentes,
2427 1975 2555 2028 certi
2583 1991 2645 2030 ac
2681 1978 2886 2042 securi,
2928 1977 2995 2031 de
3037 1975 3280 2033 thesauro
3313 1979 3403 2033 Dei
3432 1994 3486 2036 et

1906 2082 2036 2119 nova
2069 2075 2120 2120 et
2161 2075 2338 2120 vetera
2379 2068 2711 2121 concorditer
2745 2069 2956 2122 sibimet
2993 2068 3314 2124 coluerentia
3361 2088 3483 2140 pro-

1907 2155 2160 2209 feramus.
2189 2155 2320 2210 Cum
2351 2159 2491 2210 enim
2523 2165 2666 2212 tanto
2698 2166 2815 2227 pOst
2841 2174 3121 2228 egressum.
3140 2161 3314 2228 pepuli
3343 2162 3482 2215 illius

1906 2264 1967 2301 cx
1994 2247 2237 2318 Egypto,
2272 2255 2324 2300 et
2353 2257 2497 2301 tanto
2526 2258 2645 2301 ante
2675 2249 2767 2302 ista
2799 2249 3046 2302 Ecclesiae
3087 2259 3320 2318 tempora
3369 2251 3483 2307 lia-c

1905 2354 2021 2408 quin
2048 2340 2454 2392 commemoravi
2481 2379 2494 2402 ,
2528 2339 2806 2400 cecinrrit;
2853 2350 3024 2394 tamen
3056 2355 3114 2393 se
3143 2339 3313 2393 futttra
3346 2357 3480 2410 prte-

1904 2429 2082 2483 dicerc
2113 2430 2228 2483 sine
2261 2428 2363 2482 ulla
2394 2429 2721 2482 dubitatione
2754 2439 2993 2482 testatur.
3037 2430 3323 2483 Secundum
3351 2431 3478 2496 dies,

1907 2521 2104 2592 inquit,
2151 2520 2472 2590 profectionis
2496 2535 2668 2572 eorum
2707 2536 2768 2573 ea:
2807 2519 3063 2590 Aigypto,
3100 2521 3356 2574 ostendam
3389 2524 3480 2574 mi-

1904 2613 2082 2666 rabilia
2106 2611 2226 2665 illis.
2256 2611 2500 2664 Videbunt
2526 2611 2768 2673 nationes,
2794 2620 2838 2663 et
2861 2611 3243 2678 confundentur.
3272 2611 3380 2666 Hoc
3401 2621 3483 2666 est

1905 2706 2044 2775 quod
2069 2704 2152 2758 hic
2176 2704 2370 2758 dictum
2401 2712 2503 2770 est,
2542 2702 2682 2756 Mare
2706 2703 2864 2767 vidit,
2896 2713 2938 2755 et
2970 2703 3097 2773 fugit
3119 2703 3199 2756 :si
3229 2703 3368 2756 enim
3400 2703 3485 2758 hic

1908 2809 2002 2863 per
2027 2794 2185 2847 verba
2224 2793 2476 2863 prieteriti
2509 2793 2783 2860 temporis,
2815 2793 2950 2846 sicut
2975 2800 3075 2853 cst,
3107 2792 3226 2844 vidit
3254 2801 3302 2844 et
3329 2793 3482 2863 fugit,

1905 2885 2112 2940 occulte
2144 2884 2316 2938 futura
2350 2883 2737 2953 pradicantur;
2777 2881 3021 2935 Videbunt
3074 2890 3220 2938 certe
3263 2891 3308 2935 et
3361 2900 3483 2935 ron-

1905 2978 2213 3047 [undenlur,
2247 2976 2452 3044 quando
2489 2974 2649 3028 futuri
2682 2975 2935 3042 temporis
2983 2974 3142 3026 verba
3182 2983 3334 3039 sunt,
3366 2974 3484 3043 quis

1905 3067 2098 3122 audeat
2136 3068 2202 3122 de
2243 3067 2401 3121 rebus
2436 3065 2715 3134 praeteritis
2744 3064 3010 3133 cogitare?
3052 3063 3119 3116 Et
3148 3063 3303 3132 paulo
3334 3074 3481 3132 post,

1907 3160 2050 3229 ipsos
2073 3159 2251 3212 hostes
2273 3167 2502 3219 nostros,
2527 3157 2613 3225 qui
2642 3171 2738 3210 nos
2765 3155 3022 3224 fugientes
3046 3163 3098 3208 ut
3121 3156 3486 3210 interimerent

1905 3250 2302 3321 sequebantur,
2343 3249 2392 3301 id
2419 3257 2496 3302 est
2523 3247 2710 3301 delicta
2744 3254 2945 3307 nostra,
2974 3246 3108 3300 sicut
3132 3245 3410 3316 :Egyptios
3433 3247 3483 3300 in

1907 3343 2040 3396 mari
2068 3343 2301 3403 obrutos,
2339 3342 2406 3394 ita
2442 3341 2491 3394 in
2539 3339 2807 3408 Baptismo
2848 3340 3092 3392 demersa
3137 3349 3187 3392 et
3226 3338 3484 3392 exstincta

1907 3435 2024 3489 lucc
2053 3434 2250 3489 clarius
2280 3433 2520 3492 intimat,
2565 3430 2783 3484 dicens:
2816 3447 2833 3479 ι
2855 3428 3112 3494 Quoniam
3160 3429 3487 3482 voluntarius

1907 3539 1960 3582 et
1988 3527 2292 3580 misericors
2330 3532 2445 3590 est,
2487 3524 2600 3591 ipse
2629 3529 2905 3576 convertet
2935 3530 2986 3575 et
3018 3521 3352 3574 miserebitur
3394 3537 3489 3573 uo-

1907 3620 2041 3683 stri;
2089 3618 2359 3685 demerget
2413 3613 2602 3668 delicta
2658 3621 2871 3676 nostra,
2925 3610 3199 3678 demerget
3234 3611 3285 3663 in
3326 3611 3489 3663 maris

1909 3710 2224 3782 profundum
2256 3720 2442 3760 omnes
2467 3698 2648 3772 culpas
2679 3713 2905 3755 nostras.
2933 3719 2950 3751 ι

1981 3803 2032 3856 5.
2067 3798 2199 3866 Quid
2232 3805 2332 3862 cst,
2365 3793 2659 3850 charissimi
2681 3793 2705 3844 ?
2729 3791 2827 3858 Qui
2858 3807 2950 3845 vos
2980 3782 3293 3858 cognoscitis
3320 3789 3487 3842 Israc-

1909 3893 2026 3946 litas
2053 3887 2344 3943 secundum
2388 3899 2568 3939 semen
2602 3883 2859 3946 Abrahav,
2894 3881 2978 3950 qui
3021 3883 3144 3931 estis
3180 3880 3365 3932 domus
3394 3878 3486 3931 Ja-

1908 3984 2008 4039 cob
2055 3979 2344 4036 secundum
2402 3975 2806 4047 promissionem
2857 3972 3132 4037 Ita-redes,
3186 3972 3489 4038 cogat-scite

1909 4077 2069 4132 etiam
2097 4087 2190 4127 vos
2215 4071 2406 4126 exiisse
2436 4070 2502 4124 ab
2532 4067 2780 4137 Egypto,
2811 4066 2898 4134 qui
2929 4051 3049 4118 huic
3069 4065 3263 4116 szeculo
3287 4080 3484 4116 renun-

1912 4168 2113 4230 tiastis;
2163 4163 2354 4218 exiissc
2380 4160 2448 4215 de
2495 4159 2690 4228 populo
2721 4157 2944 4211 barbaro
2967 4196 2984 4221 ,
3031 4155 3119 4224 qui
3155 4155 3489 4208 confessione

1913 4258 2120 4329 pictatis
2154 4270 2247 4307 vos
2277 4269 2305 4305 a
2336 4247 2953 4324 blasphemiisgentium
2995 4244 3324 4313 sejunxistis.
3371 4243 3485 4296 Non

1912 4359 1994 4403 est
2019 4348 2158 4402 enim
2191 4345 2365 4412 lingua
2393 4349 2589 4402 vestra,
2623 4339 2714 4392 sed
2745 4337 2964 4391 barbara
2991 4378 3005 4398 ,
3039 4351 3155 4404 qua:
3189 4335 3350 4387 itettm
3378 4335 3489 4386 latt-

1913 4440 2040 4494 dare
2069 4453 2170 4490 non
2203 4437 2362 4497 novit.
2383 4432 2469 4487 cui
2498 4449 2587 4486 vos
2608 4430 2830 4484 cantatis
2851 4427 3094 4482 Alleluia.
3133 4445 3149 4475 ι
3183 4425 3338 4479 Facta
3361 4436 3437 4478 est
3465 4444 3486 4475 ι

1915 4533 2053 4586 cnim
2105 4549 2122 4581 ι
2155 4528 2336 4583 Judaea
2387 4524 2734 4580 sanctiﬁcatio
2783 4522 2896 4590 ejus
2931 4540 2948 4572 ι
2997 4520 3046 4572 ἰιι
3092 4519 3240 4572 vobis
3277 4536 3288 4570 :
3330 4537 3346 4568 ι
3377 4518 3487 4570 Non

1915 4621 2054 4675 cnim
2083 4619 2170 4690 qui
2198 4619 2247 4671 in
2277 4616 2554 4670 manifesto
2579 4613 2792 4668 Juda‘us
2817 4622 2896 4666 cst
2920 4652 2932 4675 ,
2975 4625 3143 4679 neque
3164 4625 3280 4678 qua:
3304 4610 3352 4662 in
3381 4624 3495 4660 ma-

1917 4713 2108 4766 nifesto
2148 4712 2198 4764 in
2239 4723 2399 4764 carne
2434 4715 2517 4762 cst
2555 4704 2918 4766 circumcisio;
2968 4700 3061 4755 sed
3088 4701 3255 4770 quiin
3286 4700 3496 4754 occulto

1917 4804 2134 4859 Judzeus
2174 4811 2292 4865 est,
2333 4810 2386 4854 et
2431 4795 2834 4852 circumcisione
2878 4792 3053 4846 cordis
3097 4791 3272 4862 (Rom.
3305 4807 3372 4853 ιι,
3399 4789 3490 4849 ‘28.

1916 4896 2032 4966 29).
2078 4895 2402 4961 Interrogata
2423 4903 2552 4957 ergo
2582 4886 2741 4939 corda
2782 4893 2955 4938 vestra
2994 4883 3079 4935 :si
3111 4897 3172 4935 ea
3212 4882 3494 4934 circumci-

1919 4987 1997 5042 dit
2023 4987 2154 5040 ﬁdes
2174 5025 2187 5047 ,
2217 4982 2262 5036 si
2286 4980 2523 5050 purgavit
2545 4975 2810 5031 confessio
2837 4991 2850 5031 :
2883 4977 2933 5027 in
2965 4973 3116 5026 vobis
3142 4976 3275 5043 facta
3305 4979 3373 5023 est
3398 4969 3495 5020 Ju-

1920 5078 2030 5130 dwa
2082 5070 2414 5138 sanctiﬁcatio
2459 5069 2600 5138 ejus,
2646 5066 2698 5119 in
2742 5064 2888 5118 vobis
2917 5062 3082 5115 Israel
3109 5069 3321 5129 potestas
3364 5058 3494 5127 ejus.

1923 5163 2078 5220 Dedit
2117 5161 2258 5217 enim
2300 5158 2451 5212 vobis
2497 5164 2809 5225 potestatem
2853 5153 2989 5206 ﬁlios
3031 5150 3119 5204 Dei
3163 5149 3279 5202 ﬁeri
3309 5145 3498 5217 (10am

1921 5255 2138 5325 t,t2).

1995 5349 2046 5403 6.
2078 5346 2328 5400 Jatnvero
2358 5340 2665 5396 recordetur
2695 5335 3052 5404 unusquisque
3081 5341 3343 5392 vestrum,
3378 5343 3501 5381 cum

1927 5441 2036 5494 Deo
2062 5437 2220 5491 vellet
2260 5449 2354 5487 cor
2379 5433 2646 5501 applicare
2672 5470 2683 5494 ,
2731 5428 2950 5497 ejusque
2975 5420 3121 5478 suavi
3161 5421 3286 5490 juga
3306 5461 3321 5484 ,
3353 5435 3498 5472 recc»

1931 5531 2061 5586 deus
2087 5544 2115 5580 a
2145 5525 2382 5597 pristinis
2409 5521 2716 5592 ignorantia:
2747 5534 2855 5571 suae
2885 5513 3162 5569 desideriis
3186 5555 3200 5580 ,
3252 5512 3503 5566 dcvotuut

1993 5666 2010 5698 ⁸
2049 5664 2120 5713 sic
2138 5661 2317 5724 aliquot
2341 5694 2356 5720 ,
2391 5667 2496 5724 Mss.
2533 5662 2587 5705 At
2622 5653 2755 5724 Edd.,
2778 5649 3154 5724 prater-missum
3177 5656 3259 5712 est,
3288 5653 3338 5698 ut
3360 5646 3503 5701 etiam

1933 5739 2098 5782 eorum
2119 5713 2302 5788 eloquio
2323 5713 2632 5787 panderetur.
2665 5713 2902 5779 ridentes,
2929 5721 3021 5763 etc.
