4026 6202
441 360 580 419 N79

443 477 677 534 animum
704 472 936 529 subdeve
958 515 974 538 ,
1015 468 1425 537 earnalibusque
1467 462 1627 533 hujus
1656 458 1836 515 mundi
1878 455 2030 511 faeiis

445 572 527 642 (in
556 566 743 633 quilm-c
773 569 887 621 sine
909 565 1078 618 fructu
1110 556 1421 619 laborabat,
1452 562 1702 623 tanquam
1727 552 1779 605 in
1804 548 2036 619 [Egypto

456 638 649 719 lateres
672 661 771 715 sub
791 658 920 711 dura
950 651 1313 708 dominatione
1352 644 1549 703 diaboli
1572 641 1833 709 faceret),
1860 638 2035 693 audita

458 768 589 808 voce
620 748 825 806 Domini
854 744 1081 799 dicentis
1101 784 1116 809 ,
1156 739 1332 796 Venite
1349 738 1419 791 ad
1442 752 1522 789 me
1544 777 1560 801 ,
1585 748 1756 788 omnes
1781 730 1865 798 qui
1899 731 2039 782 labo-

460 844 585 898 ratis
613 852 657 895 et
696 839 892 893 onerati
929 835 1083 899 estis,
1134 842 1181 886 et
1207 847 1297 901 ego
1326 844 1412 883 vos
1452 825 1676 894 reﬁciant
1720 819 1928 892 (Matth.
1964 832 2038 882 XI,

461 937 554 1005 28)
574 978 589 1003 ,
629 934 850 987 desertis
880 938 1040 999 atque
1070 924 1295 992 abjectis
1320 922 1419 976 sub
1447 921 1614 1005 levem
1637 916 1833 973 Christi
1873 911 2039 966 sarci-

465 1041 586 1081 nam
616 1036 836 1078 currere
868 1037 883 1074 :
916 1017 1231 1074 recordetur
1270 1027 1397 1083 ergo
1425 996 1783 1079 unusquisque
1808 1013 2040 1058 vestrum

463 1115 910 1189 quemadmodum
938 1110 1114 1165 omnia
1159 1104 1431 1162 smcularia
1460 1100 1836 1172 impedimenta
1864 1110 2043 1151 cesse—

464 1219 589 1267 runt
612 1250 627 1273 ,
659 1200 1120 1262 dissuadentium‘
1150 1211 1308 1253 voces
1333 1204 1423 1250 aut
1450 1205 1730 1262 erumpere
1771 1203 1876 1244 non
1903 1200 2047 1240 ausa}

469 1311 593 1356 sunt
617 1341 628 1362 ,
652 1306 742 1352 aut
766 1292 1105 1350 considerato
1128 1287 1328 1343 Christi
1360 1283 1576 1339 nomine
1605 1297 1700 1351 per
1720 1291 1909 1333 omnes
1937 1284 2047 1330 ter-

470 1407 557 1447 ras
586 1391 817 1446 exaltato
842 1373 1189 1441 et'honorato
1214 1376 1542 1433 tremefacta:
1575 1374 1852 1427 siluerunt.
1884 1366 2046 1437 Ergo,

477 1483 619 1537 Mare
651 1481 769 1535 vidit
800 1489 845 1532 et
885 1477 1012 1548 fugit
1041 1491 1058 1529 :
1090 1484 1145 1527 ut
1172 1452 1263 1525 tibi
1302 1470 1418 1524 sine
1445 1462 1867 1521 contradictione
1893 1458 1958 1513 ad
1983 1458 2046 1512 li-

472 1575 731 1630 bertatem
760 1569 1087 1639 spirituulem
1113 1561 1439 1633 panderetur
1463 1558 1566 1611 via.

538 1668 595 1721 7.
626 1662 870 1718 Iordanis
898 1669 1074 1713 autem
1117 1650 1570 1726 quemadmodum
1612 1656 1887 1700 retrorsum
1928 1657 2053 1695 con-

478 1774 644 1812 uersus
668 1756 757 1819 sit,
798 1752 922 1806 nolo
952 1757 1101 1804 extra
1127 1760 1222 1799 vos
1251 1741 1523 1814 qumratis,
1553 1738 1678 1794 nolo
1707 1731 1909 1805 aliquid
1931 1730 2055 1786 mali

478 1843 841 1917 suSpicemini.
892 1842 1132 1907 Increpat
1177 1836 1317 1891 enim
1366 1831 1622 1886 Dominus
1669 1823 1925 1896 quosdam
1966 1819 2057 1890 qui

477 1942 693 1997 dorsum
716 1937 780 1990 ad
811 1949 931 1990 eum
964 1934 1251 2002 posuerunt
1271 1967 1285 1988 ,
1316 1934 1368 1978 et
1404 1938 1512 1976 non
1550 1919 1735 1973 faciem
1759 1914 1967 1988 (Jerem.
1999 1926 2054 1975 tt,

478 2034 593 2104 27).
634 2032 701 2085 Et
735 2026 972 2098 quisquis
1011 2019 1329 2093 principium
1374 2028 1528 2070 suum
1555 2008 1753 2066 deserit
1773 2047 1790 2074 ,
1822 2014 1874 2061 et
1903 2020 1933 2058 a
1963 2017 2061 2058 suo

478 2125 733 2179 Creatore
769 2094 1026 2172 avertitur
1049 2153 1064 2179 ,
1097 2119 1346 2178 tanquam
1375 2104 1564 2159 ﬂuvius
1591 2102 1641 2154 in
1672 2112 1840 2161 mare,
1870 2094 2064 2149 labitur

483 2216 536 2271 iu
564 2213 723 2282 hujus
750 2206 931 2265 smouli
956 2201 1331 2259 amaricantem
1359 2192 1611 2250 malitiam
1638 2192 1681 2242 ³.
1710 2189 1915 2243 Bonum
1937 2198 2064 2254 ergo

482 2315 569 2363 est
609 2276 778 2360 illiut
823 2307 1114 2352 retrorsum
1162 2296 1537 2353 convertatur,
1585 2283 1782 2350 fiatque
1810 2276 1881 2332 illi
1922 2276 2064 2330 Deus

482 2406 608 2451 ante
654 2391 844 2447 faciem
886 2384 1170 2445 redeunti,
1216 2392 1373 2449 quem
1408 2376 1507 2432 sibi
1533 2390 1564 2427 a
1604 2384 1752 2441 tergo
1784 2374 2063 2437 posuerat;

486 2497 540 2541 et
569 2485 662 2538 liat
703 2481 777 2536 illi
824 2488 969 2533 retro
1021 2487 1170 2528 mare
1199 2469 1357 2540 hujus
1385 2464 1565 2522 saeculi
1587 2504 1601 2528 ,
1650 2459 1791 2532 quod
1817 2456 1917 2513 sibi
1947 2464 2069 2509 ante

487 2574 671 2631 faciem
691 2613 711 2648 ,‘
735 2584 857 2623 cum
883 2566 1006 2620 illuc
1029 2562 1298 2617 laberetur
1318 2599 1333 2625 ,
1364 2555 1649 2617 effecerat;
1703 2560 1757 2605 et
1780 2548 1858 2602 sic
1880 2544 2067 2600 oblivi-

493 2644 754 2720 SCIIIIIP‘CII
774 2674 893 2728 qum
918 2663 1060 2710 I'BII'O
1081 2661 1224 2716 sunt,
1245 2658 1301 2703 ιιι
1318 2648 1368 2700 III
1383 2661 1445 2700 ea
1469 2658 1587 2714 qua:
1602 2649 1723 2694 ante
1740 2647 1862 2692 sunt
1888 2644 2070 2690 CXIBI’I-

493 2758 649 2812 datur
673 2725 933 2824 (Philipp.
958 2761 1035 2811 ιιι,
1065 2742 1154 2804 13)
1186 2758 1199 2795 :
1228 2737 1368 2809 quod
1391 2736 1499 2806 jam
1527 2744 1785 2787 converso
1815 2725 1941 2781 utile
1967 2732 2068 2778 est.

492 2820 729 2915 Namque
757 2848 1038 2907 antequam
1064 2836 1404 2887 convertatur
1425 2865 1441 2891 ,
1474 2823 1517 2878 si
1543 2836 1605 2877 ea
1632 2835 1749 2891 qua:
1779 2824 1924 2872 retro
1950 2820 2074 2868 sunt

493 2905 821 2994 obliviscitur
848 2971 862 2995 ,
890 2905 1055 2983 Deum
1079 2918 1446 2981 obliviscitur;
1478 2913 1600 2985 quia
1626 2911 1797 2982 ipsum
1828 2917 1972 2963 retro
1996 2905 2076 2962 fe-

495 3035 642 3087 cerat
667 3067 681 3091 ,
726 3023 793 3079 ad
841 3034 996 3091 quem
1044 3016 1261 3071 dorsum
1304 3015 1551 3081 posuerat
1579 3021 1594 3058 :
1621 3012 1674 3058 et
1701 3002 1746 3057 si
1788 3002 1841 3056 in
1867 3015 1927 3056 ea
1957 3012 2076 3068 qua:

496 3130 620 3176 ante
658 3088 782 3172 sunt
822 3088 1160 3171 extenditur,
1202 3104 1253 3158 in
1281 3100 1534 3156 saeculum
1568 3091 1908 3156 extenditur;
1955 3088 2076 3159 quia

497 3215 670 3285 ipsum
709 3208 809 3265 sibi
839 3215 960 3261 ante
988 3200 1173 3256 faciem
1217 3199 1502 3265 posuerat,
1548 3203 1655 3259 quo
1694 3184 1878 3240 avidus
1906 3184 2078 3236 irrue-

499 3270 607 3359 liat.
639 3296 884 3356 Iordanis
906 3307 1036 3362 ergo
1061 3290 1181 3344 illos
1209 3281 1473 3354 signiﬁcat
1492 3321 1507 3346 ,
1535 3276 1626 3347 qui
1652 3275 1871 3347 gratiam
1896 3270 2078 3340 Bapti-

499 3395 599 3449 smi
628 3393 1016 3461 perceperunt;
1062 3388 1116 3434 et
1143 3378 1219 3431 sic
1244 3370 1491 3429 Iordanis
1518 3365 1844 3422 convertitur
1882 3372 2081 3417 retror-

503 3502 654 3546 sum,
690 3496 810 3535 eum
855 3477 929 3531 illi
966 3474 1347 3530 convertuntur
1376 3461 1443 3517 ad
1473 3462 1636 3515 Deum
1658 3499 1672 3522 ,
1716 3465 1777 3510 ut
1812 3469 1932 3509 eum
1973 3452 2080 3522 jam

504 3544 651 3633 retro
679 3568 1064 3637 nonhalieant.
1090 3562 1181 3617 sed
1214 3556 1445 3614 revelata
1471 3551 1605 3607 facie
1628 3544 2083 3620 glorianrDo'mini

504 3667 875 3742 speculantes,
925 3659 977 3711 in
1029 3652 1271 3710 eamdem
1315 3645 1597 3735 imaginem
1645 3637 2085 3696 transformeutur

504 3735 723 3832 a-gloria
755 3757 808 3808 in
834 3750 1051 3824 gloriam
1082 3744 1146 3817 (ll
1173 3740 1291 3797 Cor.
1320 3754 1413 3805 ιιι,
1444 3735 1555 3806 18).
1586 3778 1597 3793 ,

662 3817 860 3906 bIonte;
881 3841 1149 3915 gestierunt
1185 3833 1317 3889 velut
1353 3830 1531 3883 arietes
1557 3840 1575 3879 :
1603 3821 1783 3877 fideles
1805 3817 2085 3895 dispensa-

509 3960 657 4005 tores
679 3939 827 3997 verbl
857 3931 1093 3991 veritatis
1120 3924 1289 3983 sancti
1318 3917 1552 3990 Apostoli
1572 3956 1588 3982 ,
1616 3911 1785 3969 sancti
1816 3907 2088 3977 Evangelii

513 3997 910 4110 prmdicatores.
938 4023 1001 4077 Et
1023 4019 1173 4075 colles
1202 4013 1335 4071 velut
1363 4010 1482 4082 agni
1508 4006 1695 4110 apium.
1820 4008 1945 4053 sunt
1967 3997 2087 4067 qui-

634 4123 858 4182 dicitur,
901 4114 965 4169 In
995 4110 1191 4167 Christo
1227 4102 1353 4158 Iesu
1396 4114 1483 4170 per
1522 4090 1854 4162 Evangelium
1890 4102 1979 4157 ego
2005 4100 2090 4138 vos

512 4218 660 4295 gruui
689 4231 707 4270 :
736 4211 790 4266 bi
816 4215 942 4263 sunt
969 4202 1158 4273 quibus
1183 4193 1399 4255 dicitur,
1434 4186 1557 4242 Non
1576 4192 1630 4237 ut
1653 4177 1964 4250 confundam
1984 4189 2087 4236 vos,

1065 4289 1123 4295 “‘
1396 4278 1408 4295 '
1438 4276 1678 4295 ~—'~-9-----
1704 4283 1880 4295 -.η-η...
1901 4266 1939 4295 ιι
1972 4264 2070 4295 1'-..

517 4264 622 4365 Iure
648 4301 829 4364 scribo,
863 4294 949 4349 sed
974 4300 1027 4345 ut
1049 4289 1181 4358 ﬁlios
1208 4298 1341 4336 meos
1360 4276 1678 4333 charissimos
1704 4283 1880 4324 moneo
1900 4266 1939 4335 (I
1972 4264 2092 4322 Cor.

515 4353 788 4460 ίῖξιέξι
808 4353 852 4457 I)
886 4403 899 4438 :
937 4382 989 4435 hi
1029 4353 1152 4432 sunt
1178 4374 1246 4428 de
1270 4369 1464 4440 quibus
1501 4364 1727 4427 dicitur,
1771 4358 1961 4426 Alfene
1988 4353 2094 4408 Do-

517 4447 847 4552 iuiiwIilios’
872 4473 1080 4529 arietum
1119 4462 1289 4539 (Psal.
1321 4471 1485 4512 xxvtn
1511 4497 1524 4521 ,
1554 4455 1633 4522 1).
1688 4447 1958 4506 Attendilc
2000 4459 2096 4515 per

515 4540 709 4640 omnes
728 4583 916 4631 terras,
947 4563 1035 4635 qui
1065 4556 1231 4614 nostis
1255 4552 1355 4607 ista
1383 4546 1583 4610 mirari,
1608 4553 1663 4599 et
1684 4540 1913 4613 gaudere
1938 4549 2096 4607 atque

517 4626 734 4731 ;mtare
759 4626 983 4719 Domino
1010 4654 1119 4709 Deo
1160 4654 1371 4708 vestro;
1420 4633 1677 4692 attendite
1717 4632 1814 4685 ista
1839 4626 2095 4696 compleri

519 4718 826 4840 per-omnes
851 4758 1057 4825 gentes,
1081 4754 1199 4815 quae
1225 4745 1349 4792 ante
1375 4741 1483 4787 tam
1507 4727 1663 4796 longa
1692 4731 1932 4790 tempora
1962 4718 2093 4840 (ἱειιέ

518 4831 633 4918 rate
654 4861 802 4926 gesta
832 4856 991 4915 atque
1014 4832 1263 4908 praedicta
1292 4831 1436 4926 sunt.

588 4894 1080 5008 3.01::te-rr0g1ate'et
1099 4924 1280 4985 dicite,
1312 4936 1331 4969 ι
1359 4910 1497 4983 Quid
1524 4915 1608 4964 est
1632 4903 1747 4969 tibi,
1775 4913 1939 4962 mare,
1958 4894 2098 4967 quod

520 4997 738 5113 fugisti;
786 5039 839 5086 et
1007 5012 1288 5075 Iordanis,
1331 5004 1456 5077 quia
1481 5008 1772 5057 conversus
1799 5006 1859 5047 es
1899 4997 2099 5044 retror-

1055 5112 1061 5113 ,
1249 5103 1279 5113 ..
1319 5100 1349 5113 ,ο
1446 5095 1540 5113 4--.
1572 5090 1761 5113 -_:--a..-
1786 5100 1799 5113 .
1835 5095 1881 5113 An
1914 5082 2073 5113 ιιηιιηα

519 5082 683 5193 ξιιῖηῖ
723 5082 953 5184 montes,
980 5112 1101 5185 quia
1129 5100 1382 5178 gestiistis
1401 5095 1547 5152 velut
1571 5090 1802 5193 arietes;
1833 5095 1887 5140 et
1913 5082 2096 5193 co‘lles,

695 5213 815 5287 agni
843 5171 1058 5265 ovium!
1095 5217 1114 5251 ι
1132 5171 1303 5261 ⁷(ξιιίιὶ
1329 5195 1439 5287 est,
1470 5198 1504 5239 0
1529 5178 1779 5237 saeculum
1802 5216 1814 5237 ,
1839 5171 2098 5287 qpod‘tt'tu

524 5264 901 5385 impedimenta
947 5283 1258 5352 cesserunt?
1292 5276 1426 5385 .quid
1451 5283 1534 5330 est
1556 5313 1583 5372 ,.
1616 5284 1650 5324 0
1679 5277 1755 5368 tot
1784 5264 1946 5319 millia
1990 5269 2101 5385 (uti:

681 5394 915 5455 fidelium
942 5428 956 5449 ,
998 5381 1123 5438 huic
1149 5370 1346 5430 mundo
1375 5358 1791 5421 reuuntiantium
1811 5395 1826 5421 ,
1867 5350 2006 5422 quod
2033 5348 2101 5404 ad

523 5507 759 5553 vestrum
787 5483 1067 5542 Dominum
1096 5455 1508 5527 convertimini?
1535 5450 1672 5521 Quid
1692 5458 1774 5505 est
1799 5443 1941 5517 quod
1971 5458 2102 5514 gau-

586 5631 603 5662 ι
630 5633 703 5675 ετ,
725 5630 778 5673 ει
798 5626 926 5674 ωνη
948 5599 1281 5661 dissidentium
1313 5601 1359 5646 et
1383 5581 1764 5675 dissuadenltitim
1802 5590 1955 5648 tores.
1976 5584 2100 5647 .Am.

992 5673 998 5675 .
1089 5667 1097 5675 .
1230 5667 1317 5675 -.μ
1363 5665 1480 5675 -.Λ-η
1505 5662 1598 5675 mm
1650 5658 1693 5675 ιιι
1732 5650 1813 5675 nm
1870 5637 2100 5675 Ληςηίρη.

586 5637 603 5662 ¹
630 5637 703 5675 Εἴ.
725 5637 778 5673 Bt
802 5637 926 5674 wv.,
948 5637 1281 5661 υιωωωηυιν..
1313 5637 1358 5646 ν-
1383 5637 1447 5642 ---γ
1464 5637 1474 5639 _
1910 5638 1921 5648 θ
1976 5637 1987 5647 .

519 5686 719 5743 οιιδὶιιίι,
734 5695 777 5734 et
802 5667 1197 5730 dissuadentium.
1230 5667 1337 5710 uss.
1363 5665 1482 5706 vero
1505 5662 1603 5700 non
1634 5645 1845 5720 habent,
1870 5637 2107 5692 dissiden-

521 5752 760 5856 “iiiis
781 5806 909 5858 ωδ..
928 5788 1267 5843 antaricantcm
1290 5764 1527 5831 lanitium.

1672 5766 1801 5799 δλ⁴⁵θ

1646 345 1704 400 8.
1744 338 2108 399 Αυευείικι
2152 338 2451 395 EPISCOI’I

2072 4779 2122 4851 ς

3583 338 3723 393 ιςδο

2139 455 2306 514 deus.
2334 436 2527 525 quibus
2548 454 2598 507 iu
2626 452 2728 507 fure
2756 453 2963 507 dicetur
2995 469 3017 529 :_
3047 450 3221 523 Euge,
3248 452 3373 506 bone
3392 465 3529 505 serae
3548 494 3561 513 ,
3593 440 3727 522 quo-

2139 546 2275 600 niam
2304 547 2355 600 in
2385 548 2561 618 paucis
2591 546 2757 614 ﬁdelis
2779 546 2939 616 fuisti,
2961 562 3117 614 supra
3138 545 3298 597 multa
3318 554 3365 597 te
3388 557 3686 598 constituam
3704 544 3734 596 .’

2140 635 2265 705 quid
2296 644 2380 690 est
2408 634 2549 703 quod
2579 634 2852 704 gaudetis,
2903 635 3097 704 quibus
3130 634 3181 689 in
3212 634 3316 689 line
3343 633 3587 688 dICt'llll':
3632 630 3737 687 γε-

2143 728 2261 792 nite,
2296 726 2539 781 benedicti
2569 724 2742 780 Patris
2778 726 2906 791 mei,
2937 724 3177 794 percipite
3203 740 3409 795 regnum
3435 729 3566 793 quod
3592 722 3738 776 vobis

2145 828 2378 888 paratum
2399 826 2470 871 est
2499 816 2560 869 ab
2586 816 2779 886 origine
2802 815 2976 868 mundi
3007 814 3215 887 (Matth.
3248 830 3377 879 xxv,
3408 813 3499 879 2!,
3529 814 3658 881 δην

2218 908 2304 963 10.
2335 906 2484 981 [vers.
2509 905 2585 979 7.]
2615 905 3030 976 Respondebunt
3055 905 3206 959 vobis
3231 904 3344 959 hmc
3370 905 3570 968 otnnia,
3604 917 3741 957 vos-

2148 1015 2250 1068 que
2292 998 2390 1068 ipsi
2434 995 2822 1068 rcspondebitis
2867 996 3012 1051 vobis
3044 1013 3057 1049 :
3085 995 3129 1048 A
3169 995 3300 1067 facie
3348 993 3551 1047 Domini
3594 1010 3744 1046 com-

2149 1100 2286 1141 mota
2323 1098 2394 1142 est
2429 1098 2563 1141 terra
2586 1127 2600 1153 ,
2642 1103 2674 1140 a
2714 1086 2841 1158 facie
2868 1085 2962 1139 Dei
3000 1084 3181 1140 Jacob.
3226 1083 3362 1152 Quid
3399 1093 3509 1150 est,
3543 1100 3574 1136 a
3602 1084 3743 1153 [acie

2154 1179 2393 1245 Domini;
2446 1179 2545 1234 nisi
2581 1178 2698 1248 ejus
2724 1178 3006 1248 praesentia
3041 1176 3129 1246 qui
3163 1175 3298 1230 dixit
3325 1193 3339 1229 :
3371 1173 3503 1228 Ecce
3528 1191 3619 1245 ego
3644 1190 3745 1241 oo-

2153 1271 2341 1325 biscum
2392 1287 2504 1325 sum
2548 1287 2706 1339 usque
2744 1269 2797 1323 in
2850 1267 3329 1323 consummationem
3377 1265 3552 1320 sazculi
3602 1263 3740 1334 (Id.

2156 1379 2342 1427 xxvm,
2371 1360 2517 1434 20)?
2542 1359 2816 1416 Commota
2847 1370 2929 1416 est
2954 1359 3095 1414 enim
3124 1367 3263 1413 terra
3290 1357 3421 1421 ;sed
3449 1356 3573 1426 quia
3601 1357 3743 1410 male

2157 1456 2300 1525 pigra
2335 1462 2695 1519 remanserat,
2724 1464 2991 1508 commota
3013 1461 3094 1506 est
3113 1491 3130 1519 ,
3159 1458 3217 1505 ut
3245 1448 3465 1506 solidius
3496 1448 3742 1503 [innare-

2159 1556 2245 1600 tur
2266 1561 2297 1599 a
2326 1544 2461 1600 facie
2492 1544 2724 1598 Domini.

2176 1632 2187 1640 ’
2231 1638 2317 1693 ii.
2348 1635 2498 1708 [vers.
2527 1633 2606 1707 8.]
2640 1635 2741 1702 Qui
2783 1633 3024 1688 convertit
3063 1640 3256 1703 petram
3282 1630 3335 1684 in
3361 1639 3541 1701 stagna
3578 1646 3753 1699 aqua-

2159 1743 2304 1791 rum,
2349 1736 2395 1779 et
2420 1742 2596 1797 rupem
2624 1726 2677 1779 in
2721 1728 2882 1796 fontes
2910 1739 3176 1793 aquarum.
3226 1721 3471 1791 Seipsum
3510 1723 3650 1775 enim
3692 1730 3760 1774 rt

2161 1816 2443 1888 quamdam
2469 1831 2617 1871 suam
2646 1815 2897 1870 duritiam
2920 1812 3186 1882 liquefecit
3211 1811 3274 1865 ad
3301 1811 3598 1882 irrigandos
3619 1810 3759 1863 tide-

2164 1911 2243 1965 les
2265 1926 2391 1966 S'Jns
2415 1950 2430 1975 ,
2462 1918 2517 1963 nt
2544 1909 2693 1963 lieret
2716 1907 2775 1961 in
2801 1906 2882 1962 eis
2912 1904 3031 1959 fons
3056 1919 3207 1974 aqua:
3234 1901 3477 1958 salientis
3507 1903 3558 1956 in
3586 1902 3760 1956 vitam

2165 2012 2416 2058 retentam
2447 2000 2626 2070 (Joan.
2657 2015 2730 2067 tv,
2760 1998 2849 2070 14)
2875 2015 2889 2063 ;
2917 1998 3037 2068 quia
3062 1997 3226 2066 prius,
3249 2011 3370 2050 eum
3392 1995 3763 2065 ignoraretur,

2166 2094 2332 2150 durus
2357 2092 2653 2148 videbatur.
2684 2091 2811 2146 lude
2836 2089 2909 2144 illi
2943 2088 3135 2143 turbati
3157 2096 3303 2154 sunt,
3331 2095 3385 2141 et
3411 2101 3515 2140 non
3547 2100 3757 2155 exspe-

2168 2192 2444 2240 ctaverunt
2488 2181 2660 2237 donec
2706 2180 2996 2250 Scripturis
3046 2176 3246 2247 apertis
3294 2174 3542 2231 inﬂueret
3589 2185 3767 2242 atque

2170 2275 2454 2330 inuudaret
2476 2274 2528 2329 in
2555 2288 2678 2338 eos,
2719 2272 2810 2343 qui
2850 2271 3134 2335 dixerunt,
3179 2268 3349 2323 Durus
3369 2277 3441 2322 est
3461 2268 3542 2320 hic
3566 2282 3764 2332 sermo,

2169 2367 2280 2437 quis
2311 2372 2468 2429 potest
2511 2380 2623 2418 eum
2667 2354 2860 2416 audire'
2883 2359 2994 2431 (Id.
3015 2375 3107 2427 v1,
3133 2357 3270 2429 6|)?
3314 2356 3416 2412 Ista
3448 2364 3624 2426 petra,
3652 2355 3768 2409 ista

2170 2456 2364 2511 duritia
2395 2468 2649 2510 conversa
2676 2462 2759 2509 est
2783 2453 2834 2507 in
2864 2465 3046 2522 Stagna
3073 2463 3330 2520 aquarum
3356 2489 3372 2515 ,
3399 2456 3454 2502 et
3473 2447 3570 2501 ista
3596 2461 3772 2516 rupes

2174 2549 2226 2604 in
2271 2548 2444 2604 fontes
2472 2560 2728 2617 aquarum
2750 2587 2766 2613 ,
2797 2559 2918 2600 cum
2959 2556 3238 2613 resurgens
3260 2541 3505 2610 exposuit
3532 2539 3608 2593 eis
3629 2579 3644 2603 ,
3675 2540 3771 2592 in-

2173 2641 2376 2711 cipiens
2397 2656 2426 2693 a
2456 2638 2633 2710 Moyse
2657 2652 2750 2708 per
2773 2650 2959 2690 omnes
2986 2633 3281 2703 Prophetas
3304 2674 3320 2700 ,
3347 2632 3469 2702 quia
3498 2630 3575 2686 sic
3601 2644 3770 2700 (ψογ-

2176 2734 2321 2787 tebat
2367 2729 2635 2785 Christum
2684 2728 2789 2798 pati
2820 2726 2972 2798 (Luc.
3001 2740 3128 2780 xxtv
3153 2767 3169 2792 ,
3195 2722 3320 2779 ’ἔδει
3344 2723 3471 2795 27);
3520 2733 3575 2778 ct
3617 2723 3770 2779 misit

2175 2826 2428 2896 Spiritum
2450 2832 2712 2883 sanctum,
2742 2820 2808 2875 de
2836 2835 2942 2890 quo
2961 2818 3193 2885 dicebat,
3230 2816 3294 2873 Si
3317 2816 3427 2888 quis
3446 2817 3568 2884 sitit,
3596 2816 3773 2871 reiciat

2176 2926 2224 2969 et
2248 2913 2383 2969 bibat
2412 2910 2590 2983 (Joan.
2619 2926 2714 2977 vn,
2744 2907 2859 2981 '57).

2560 3061 2610 3101 IN
2648 3058 2891 3099 PSALIIUII
2932 3057 3061 3098 CXIII
3098 3054 3366 3097 Αιτειιιιιι.

2254 3188 2341 3243 12.
2374 3184 2526 3260 [vers.
2551 3182 2625 3255 l.]
2657 3180 2776 3237 Non
2804 3180 2965 3244 nobis,
2994 3178 3228 3245 Domine,
3256 3177 3532 3243 nonnobis,
3560 3176 3648 3231 sed
3666 3193 3777 3230 no-

2184 3280 2309 3334 mini
2340 3288 2427 3333 tuo
2455 3277 2524 3330 da
2562 3275 2794 3346 gloriam.
2841 3272 3021 3329 Gratia
3060 3272 3257 3342 quippe
3298 3271 3396 3325 ista
3435 3272 3779 3339 erumpentis

2124 3436 2127 3437 ν
2183 3388 2333 3443 aqum
2358 3370 2425 3425 de
2452 3379 2602 3439 petra
2630 3365 2793 3439 (petra
2812 3374 2979 3418 autent
2998 3373 3104 3416 erat
3126 3362 3352 3416 Christus
3375 3359 3417 3433 [ι
3445 3359 3565 3416 Cor.
3589 3376 3639 3422 ι,
3659 3358 3777 3432 4]),

2185 3483 2290 3521 non
2329 3464 2479 3534 quasi
2508 3461 2759 3530 Operilms
2784 3455 3207 3528 prmcedentibns
3228 3455 3347 3509 data
3383 3463 3481 3520 est,
3528 3453 3623 3508 sed
3666 3456 3782 3508 mi-

2186 3565 2399 3613 serante
2429 3553 2520 3608 illo
2547 3552 2635 3621 qui
2671 3549 2926 3619 justillcat
2952 3547 3171 3616 impium
3203 3544 3378 3617 (Rom.
3407 3559 3459 3598 tv
3480 3584 3494 3608 ,
3536 3542 3617 3612 5).
3666 3541 3782 3596 Et—

2186 3649 2328 3704 enim
2354 3646 2597 3701 Christus
2623 3658 2721 3713 pro
2749 3639 2925 3710 impiis
2947 3646 3189 3693 mortuus
3214 3646 3294 3689 cst
3321 3633 3430 3705 (Id.
3457 3648 3493 3689 v
3512 3675 3527 3699 ,
3562 3634 3615 3701 ϐ)
3636 3676 3650 3695 ,
3702 3650 3783 3688 ne

2188 3738 2345 3794 ullam
2391 3751 2539 3791 suam
2588 3733 2871 3797 homines,
2923 3727 3017 3784 sed
3066 3726 3297 3783 nominis
3336 3725 3429 3782 Dei
3469 3734 3785 3794 qumrerent

2188 3830 2431 3902 gloriam.

2264 3924 2349 3977 15.
2380 3919 2528 3991 (vers.
2555 3915 2637 3989 2.]
2669 3914 2835 3985 Super
2858 3910 3201 3967 misericordia
3228 3917 3313 3963 tua
3331 3949 3347 3975 ,
3379 3906 3545 3977 inquit
3563 3948 3577 3970 ,
3604 3915 3650 3960 et
3681 3921 3787 3960 ve-

2191 4015 2340 4067 ritate
2379 4020 2486 4065 tua.
2519 4008 2645 4063 llaec
2668 4006 2794 4072 duo,
2824 4001 3242 4059 misericordiam
3270 4010 3323 4054 et
3349 4000 3645 4064 veritatem,
3676 3997 3788 4051 ad-

2193 4104 2382 4161 vertite
2410 4102 2460 4156 in
2504 4098 2703 4156 sanctis
2739 4094 3028 4165 Scripturis
3064 4107 3222 4164 quam
3252 4090 3352 4147 sibi
3376 4105 3518 4160 sa‘pe
3543 4089 3789 4159 jungun-

2198 4213 2300 4256 tur.
2350 4180 2523 4251 ln'sua
2550 4192 2745 4264 quippe
2768 4186 3130 4244 misericordia
3159 4184 3367 4240 vocavit
3397 4182 3608 4251 impios,
3636 4193 3688 4235 et
3723 4184 3788 4237 in

2195 4290 2418 4344 veritate
2450 4284 2651 4354 judicat
2676 4296 2767 4337 eos
2790 4280 2878 4349 qui
2908 4277 3079 4332 vocati
3109 4275 3292 4330 venire
3322 4272 3625 4327 noluerunt.
3660 4266 3790 4324 Nc-

2196 4377 2397 4450 quando
2420 4376 2588 4428 dicunt
2623 4371 2802 4427 Gentes
2821 4410 2836 4435 ,
2871 4367 2965 4422 Ubi
2994 4376 3066 4421 est
3094 4364 3230 4419 Deus
3251 4360 3463 4417 eorum?
3510 4359 3564 4414 In
3594 4359 3791 4412 novis.

2198 4471 2335 4525 simo
2373 4466 2514 4522 enim
2565 4460 2841 4534 apparebit
2887 4454 3248 4513 misericordia
3295 4454 3410 4522 ejus
3457 4460 3512 4507 et
3558 4450 3786 4514 veritas,

2198 4557 2410 4632 quando
2448 4556 2655 4625 signum
2702 4550 2818 4605 Filii
2864 4546 3098 4603 hominis
3130 4544 3405 4615 apparebit
3432 4542 3483 4596 in
3513 4540 3678 4602 ccelo,
3729 4550 3793 4595 et

2202 4629 2327 4707 tunc
2367 4648 2615 4720 plangcnt
2660 4655 2847 4697 omnes
2889 4638 3058 4693 tribus
3092 4646 3249 4690 teme
3273 4676 3287 4699 ,
3317 4647 3422 4688 nec
3447 4631 3644 4695 dicent,
3678 4629 3793 4683 Ubi

2201 4750 2271 4796 est
2299 4738 2431 4792 Deus
2458 4733 2666 4791 eorum?
2711 4745 2832 4786 cum
2873 4730 2952 4783 eis
2982 4742 3086 4782 non
3117 4721 3289 4779 adhuc
3315 4719 3611 4778 credendus
3637 4734 3794 4789 prue-

2200 4830 2406 4884 dicatur
2425 4867 2440 4892 ,
2468 4822 2560 4878 sed
2586 4821 2695 4892 jam
2726 4817 3033 4874 tremendus
3057 4813 3377 4870 ostenditur.

2281 4922 2361 4975 II.
2397 4916 2547 4990 [vers.
2572 4911 2650 4985 3.]
2702 4910 2841 4964 Deus
2876 4917 3044 4963 autem
3087 4914 3256 4960 noster
3298 4903 3352 4957 in
3393 4900 3519 4956 caelo
3557 4916 3793 4955 sursum.

2200 5010 2317 5067 Non
2345 4988 2565 5064 Ill—C(BIO
2584 5044 2599 5070 ,
2645 5002 2731 5056 ubi
2761 5001 2926 5054 solem
2956 5005 3010 5051 et
3047 4996 3227 5050 lunam
3252 4992 3468 5055 vident,
3495 5004 3658 5060 opera
3687 4988 3796 5044 Dei

2204 5118 2323 5174 (pne
2351 5099 2531 5155 colunt
2555 5112 2569 5160 ;
2616 5093 2708 5149 sed
2733 5093 2784 5146 in
2807 5091 2930 5145 calo
2956 5103 3153 5143 sursum
3176 5127 3190 5152 ,
3220 5083 3361 5156 quod
3403 5081 3800 5153 transgreditur

2205 5173 2383 5249 omnia
2421 5200 2642 5257 corpora
2677 5183 2913 5238 cmlcstia
2947 5187 3002 5236 et
3030 5176 3322 5233 terrestria.
3370 5173 3478 5229 Nec
3507 5174 3586 5228 sic
3610 5183 3691 5228 est
3738 5176 3798 5229 in

2205 5285 2345 5340 cwlo
2373 5281 2511 5336 Deus
2538 5285 2723 5331 noster
2745 5314 2761 5337 ,
2789 5271 2941 5343 quasi
2970 5268 3239 5325 subtracto
3265 5264 3403 5321 cmlo
3429 5263 3636 5319 ruinam
3668 5264 3799 5319 sine

2207 5375 2334 5431 sede
2377 5367 2644 5426 formidet.
2697 5364 2763 5418 In
2791 5362 2928 5417 ccelis
2953 5371 2997 5415 et
3018 5360 3071 5414 in
3101 5368 3233 5413 terra
3256 5357 3428 5412 omnia
3463 5371 3799 5425 quotcumque

2207 5465 2362 5521 voluit
2390 5461 2524 5534 fecit.
2550 5457 2659 5513 Nec
2686 5454 2885 5524 indiget
2904 5450 3155 5523 operibus
3182 5447 3324 5511 suis,
3353 5456 3602 5515 tanquam
3626 5445 3675 5497 in
3709 5448 3800 5501 eis

2208 5555 2531 5617 collocetur,
2561 5557 2622 5604 ut
2657 5553 2901 5609 maneat;
2946 5540 3041 5598 sed
3081 5541 3133 5595 in
3168 5553 3261 5594 sua
3297 5537 3595 5592 tcternitate
3622 5536 3804 5603 persi-

2209 5652 2322 5717 stit,
2350 5650 2405 5704 in
2432 5660 2536 5718 qua
2561 5655 2784 5700 manens
2806 5637 2985 5695 omnia
3010 5647 3360 5708 qua‘cumque
3383 5632 3553 5686 voluit
3582 5628 3706 5685 fecit
3739 5632 3799 5683 in

2219 5743 2370 5803 caelis
2396 5751 2453 5804 et
2475 5741 2530 5799 in
2554 5749 2696 5797 terra
2726 5752 2740 5792 :
2771 5745 2944 5806 neque
2966 5729 3109 5789 enim
3128 5726 3239 5800 jam
3259 5740 3383 5785 eum
3403 5722 3705 5797 portabant,
3734 5728 3804 5779 ut
