4026 6202
331 307 446 361 [3.81

327 423 388 474 ab
417 439 476 474 eo
498 420 602 474 ticri
627 429 875 489 possent;
907 418 1134 490 quando.
1167 416 1266 472 nisi
1291 418 1495 482 fierent,
1521 433 1638 474 eum
1663 425 1874 485 portare

329 527 424 565 nou
456 519 674 579 possent.
726 509 866 579 Ergo
896 511 944 562 in
971 509 1160 578 quibus
1187 519 1268 562 est
1295 508 1425 578 ipse,
1458 517 1703 576 tanquam
1732 505 1869 558 indi-

324 603 483 671 gentia
509 602 739 655 continet
763 643 777 665 ,
823 619 925 654 non
953 602 1018 655 ab
1046 602 1124 655 eis
1157 610 1400 669 tanquam
1434 601 1673 670 indigens
1701 597 1870 652 conti-

329 705 484 750 Ilt‘llll'.
514 695 628 748 Sive
654 695 729 746 sic
760 694 1080 763 intelligatur
1100 734 1114 755 ,
1147 692 1210 744 In
1239 692 1374 746 aclis
1396 702 1440 744 et
1466 693 1516 743 in
1548 701 1678 744 terra
1701 691 1869 742 omnia

323 801 616 853 quacumque
639 786 792 838 voluit
812 786 962 855 fecit,
995 785 1073 837 vel
1099 785 1148 837 in
1174 784 1557 852 superioribus,
1597 782 1676 835 vel
1709 782 1758 834 in
1786 781 1864 834 iu-

322 877 578 932 fevinrihus
602 877 780 946 populi
825 877 904 930 sui
949 876 1294 929 voluntariam
1322 875 1538 944 gratiam
1562 888 1708 927 suam
1737 887 1864 924 con-

318 970 502 1034 stituit,
549 983 610 1021 ne
654 969 775 1036 quis
815 967 880 1020 de
909 983 1126 1035 operum
1172 965 1373 1018 meritis
1419 964 1669 1030 glorietur
1701 979 1713 1014 :
1745 962 1864 1030 quia

316 1061 415 1113 sive
452 1068 649 1112 montes
689 1059 917 1127 gestiant
956 1057 1097 1111 velut
1123 1058 1346 1120 arietes,
1379 1056 1492 1108 sive
1529 1053 1694 1109 colles
1715 1052 1865 1106 velut

257 1190 266 1198 .
313 1151 418 1220 agni
454 1152 660 1215 ovium;
701 1167 729 1202 a
759 1151 890 1204 facie
923 1150 1123 1203 Domini
1165 1157 1424 1203 commota
1455 1155 1536 1201 est
1574 1156 1710 1200 terra
1736 1187 1749 1210 ,
1799 1159 1863 1198 ne

312 1244 354 1296 in
375 1242 592 1297 terrenis
611 1241 856 1296 sordibus
875 1251 1128 1311 perpetuo
1157 1247 1504 1294 remanerent.

953 1389 1121 1429 SERIIO
1159 1389 1213 1427 ll.

747 1485 824 1540 De
848 1487 1005 1539 altera
1033 1494 1174 1553 parte
1203 1483 1411 1538 Psalmi.

372 1600 418 1653 l.
456 1596 602 1670 [rem
631 1597 711 1671 4.]
741 1598 1050 1668 Quanquam
1097 1597 1320 1651 fortasse
1355 1596 1586 1675 omnium
1617 1595 1854 1650 Psalmo-

314 1709 410 1746 rum
435 1694 502 1746 sit
531 1709 629 1746 una
673 1693 939 1746 contextio
969 1692 1247 1762 diligenter
1289 1690 1642 1754 intuentibus,
1693 1689 1760 1742 ita
1801 1697 1856 1741 ut

311 1786 462 1839 nullus
492 1795 744 1854 sequatur
773 1784 858 1854 qui
885 1800 986 1839 non
1015 1783 1274 1854 superiori
1302 1783 1465 1852 possit
1497 1782 1705 1851 adjungi
1731 1798 1746 1845 ;
1779 1791 1855 1834 ta-

310 1894 412 1931 men
437 1880 589 1932 istum
626 1879 696 1931 ita
735 1878 1155 1941 consideremus,
1191 1887 1435 1944 tanquam
1474 1885 1692 1945 uterque
1721 1888 1854 1927 unus

309 1971 393 2033 sit,
423 1972 517 2025 iste
544 1971 744 2024 scilicet
766 1985 828 2024 ac
860 1970 1118 2039 superior.
1173 1968 1406 2038 Namque
1433 1983 1551 2021 cum
1579 1967 1629 2019 in
1660 1966 1748 2019 illo
1773 1965 1854 2018 di-

309 2070 430 2113 ctum
459 2062 546 2126 sit,
578 2061 723 2114 «Non
747 2061 920 2127 nobis,
945 2061 1183 2126 Domine,
1210 2075 1314 2112 non
1346 2058 1516 2121 nobis,
1543 2057 1633 2112 sed
1654 2055 1850 2110 nomini

310 2160 384 2206 tuo
408 2153 465 2206 da
511 2153 732 2222 gloriam
768 2171 780 2206 :
812 2167 972 2223 super
1013 2151 1376 2206 misericordia
1421 2146 1506 2205 tua
1547 2161 1599 2205 et
1629 2150 1852 2205 veritate

308 2255 376 2298 tua
406 2265 418 2301 :
445 2246 721 2314 nequando
743 2247 916 2300 dicant
943 2245 1158 2313 Gentes,
1190 2245 1288 2302 Ubi
1316 2255 1394 2299 est
1419 2246 1554 2300 Deus
1578 2245 1796 2301 eorum?
1826 2267 1858 2316 r

307 2338 404 2403 quia
435 2337 745 2392 invisibilem
788 2338 947 2391 Deum
973 2339 1189 2392 colimus
1214 2380 1229 2402 ,
1260 2339 1345 2405 qui
1375 2338 1634 2391 nullorqu
1663 2352 1850 2405 corpo-

307 2430 392 2480 reis
414 2429 608 2490 oculis,
651 2428 899 2484 cordibus
937 2438 1108 2482 autem
1157 2423 1441 2497 paucorum
1489 2428 1850 2482 mundissimis

307 2530 436 2573 notus
459 2529 539 2574 est
567 2538 579 2572 :
614 2531 858 2589 tanquam
887 2520 1006 2574 ideo
1039 2521 1239 2588 posviut
1267 2519 1446 2575 dicere
1475 2520 1671 2574 Gentes
1701 2560 1714 2584 ,
1751 2519 1851 2574 Ubi

307 2621 364 2662 at
399 2610 522 2664 Deus
550 2613 765 2664 eorum?
807 2611 924 2680 quia
957 2611 1052 2680 ipsi
1101 2619 1319 2679 possunt
1361 2610 1642 2664 ostendere
1679 2611 1846 2664 oculis

306 2699 414 2754 deus
434 2716 554 2756 suos
580 2719 594 2766 ;
641 2703 810 2770 primo
835 2701 1108 2756 admonuit
1132 2702 1380 2770 operibus
1406 2701 1850 2772 sentiri‘prreseu-

307 2791 410 2844 tiam
441 2793 528 2847 Dei
559 2792 746 2857 nostri,
775 2793 892 2862 quia
923 2807 1040 2847 cum
1067 2792 1136 2847 sit
1163 2792 1212 2845 in
1239 2792 1358 2846 creto
1385 2808 1618 2858 sursum,
1648 2793 1700 2846 in
1725 2793 1848 2846 casio

305 2891 342 2937 tt
366 2883 409 2935 in
437 2893 563 2937 terra
589 2883 759 2936 omnia
790 2900 1108 2956 quwcumque
1131 2882 1286 2937 voluit
1315 2883 1450 2952 fecit.
1497 2883 1564 2938 Et
1593 2885 1739 2954 quasi
1769 2883 1848 2938 di-

307 2984 443 3036 ceret,
468 2975 760 3030 Ostendam
778 2976 970 3030 Gentes
986 2976 1115 3030 deos
1134 2991 1287 3041 suos;
1321 2975 1628 3040 Simulacra,
1658 2975 1844 3046 inquit,

308 3061 509 3116 Gentium
538 3075 798 3134 argentum
825 3074 868 3118 et
889 3082 1088 3128 aurum,
1112 3081 1264 3135 opera
1287 3083 1525 3119 mamtum
1551 3067 1804 3120 hominum
1827 3081 1847 3122 .'

307 3152 347 3205 id
376 3165 474 3220 est,
514 3156 756 3224 quamvis
783 3155 946 3209 Deum
977 3165 1212 3209 nostrum
1236 3156 1535 3211 carnalibus
1564 3158 1731 3212 oculis
1759 3175 1847 3212 ve-

306 3245 410 3298 stris
434 3263 532 3300 non
565 3247 831 3315 possimus
856 3247 1138 3302 ostendere
1159 3288 1174 3312 ,
1204 3263 1365 3318 quem
1393 3264 1486 3318 per
1511 3264 1668 3318 Opera
1696 3249 1848 3305 intel-

306 3333 444 3405 ligere
461 3339 757 3403 debuistis;
787 3339 948 3394 nolite
982 3347 1155 3394 tamen
1192 3339 1371 3394 seduci
1411 3341 1726 3396 vanitatibus
1759 3357 1849 3397 vc-

306 3429 438 3494 stris,
475 3431 595 3500 quia
635 3445 731 3484 vos
774 3445 833 3483 ea
869 3444 984 3498 quae
1011 3429 1184 3484 colitis
1211 3429 1373 3499 digito
1413 3430 1631 3499 potestis
1669 3440 1847 3486 osten-

307 3519 429 3573 dere.
478 3521 641 3575 Multo
689 3522 881 3590 quippe
925 3521 1201 3576 honestius
1250 3537 1353 3576 non
1400 3521 1666 3577 haberetis
1705 3523 1846 3591 quod

307 3617 503 3680 possetis
528 3613 813 3669 ostendere
834 3656 848 3679 ,
890 3629 1045 3684 quam
1074 3625 1129 3668 ut
1154 3615 1204 3668 in
1235 3630 1297 3670 eo
1324 3615 1464 3685 quod
1493 3615 1603 3670 istis
1624 3616 1794 3671 oculis
1816 3631 1847 3671 a

306 3705 431 3760 vobis
470 3705 767 3760 ostenditur
791 3746 806 3772 ,
857 3706 1017 3760 vestri
1059 3705 1234 3759 cordis
1260 3706 1470 3761 eiecitas
1494 3707 1802 3762 ostendatur
1829 3724 1843 3762 :

304 3794 408 3861 quid
430 3796 565 3854 enim
610 3795 890 3851 ostenditis
913 3837 928 3861 ,
974 3795 1074 3850 nisi
1109 3811 1294 3848 aurum
1325 3807 1377 3850 et
1402 3796 1711 3866 argentum?
1741 3797 1844 3851 lla-

305 3881 408 3940 benl
433 3887 641 3957 quidem
670 3897 723 3942 et
750 3903 884 3942 terea
909 3929 924 3953 ,
951 3896 1004 3940 et
1027 3887 1195 3958 lignea
1217 3929 1231 3953 ,
1258 3895 1309 3941 et
1336 3887 1508 3941 fictilia
1542 3887 1841 3953 simulacra,

304 3985 344 4028 et
364 3978 713 4045 hujuscemodi
737 3977 950 4033 alterius
977 3978 1303 4046 alteriusque
1322 3978 1556 4032 materim
1579 3995 1593 4044 ;
1620 3977 1712 4033 sed
1732 3994 1850 4048 pre-

304 4067 470 4124 tiosum
500 4085 686 4126 eorum
710 4070 893 4125 maluit
910 4085 1329 4125 commemorare
1357 4069 1586 4139 Spiritus
1611 4079 1847 4137 sanctus,

303 4159 402 4226 quia
430 4177 546 4216 cum
579 4163 629 4215 in
657 4179 720 4216 eo
746 4162 967 4232 quisque
990 4161 1126 4232 quod
1166 4162 1237 4215 illi
1279 4160 1487 4216 charius
1523 4163 1852 4217 esterubue-

303 4250 390 4313 rit,
433 4254 595 4306 multo
625 4253 826 4307 facilius
869 4254 1121 4307 avertitur
1145 4268 1174 4306 a
1201 4253 1541 4307 veneratione
1579 4253 1844 4307 viliorum.

301 4339 415 4394 Nam
441 4343 633 4398 dictum
664 4354 744 4397 est
773 4345 877 4398 alio
902 4345 1017 4399 loco
1043 4343 1430 4414 Scripturarum
1453 4343 1518 4398 de
1539 4346 1850 4400 simulacro-

301 4451 402 4489 rnm
428 4440 709 4492 cultoribus
739 4457 750 4492 :
784 4439 1009 4492 Dicentes
1053 4439 1187 4508 ligno
1207 4481 1221 4504 ,
1256 4438 1411 4492 Pater
1432 4457 1568 4492 meus
1605 4457 1653 4494 rs
1685 4450 1777 4504 tu;
1805 4449 1850 4493 et

293 4527 476 4596 'lapidi,
523 4529 597 4582 Tu
643 4547 721 4582 me
760 4530 974 4600 genuisti
1009 4528 1216 4599 (Jerem.
1251 4545 1321 4594 ll,
1356 4529 1468 4600 Ἥ).
1522 4529 1623 4584 Sed
1657 4547 1722 4584 ne
1750 4530 1850 4585 sibi

302 4623 592 4689 pmdentior
619 4625 864 4678 videatur
884 4624 970 4692 qui
1001 4623 1098 4676 hoc
1131 4638 1232 4676 non
1262 4623 1403 4693 ligno
1429 4633 1483 4678 et
1518 4625 1674 4694 lapidi
1699 4625 1849 4678 dixe-

300 4710 395 4777 rit,
439 4715 525 4769 sed
567 4730 699 4768 auro
742 4725 793 4768 et
833 4722 1080 4784 argento;
1130 4713 1232 4767 huc
1259 4715 1516 4784 aspiciat,
1545 4715 1646 4770 huc
1668 4731 1848 4770 aurem

301 4807 457 4861 cordis
480 4808 757 4862 intendat:
792 4808 1076 4862 Simulacra
1115 4805 1342 4861 Gentium
1375 4817 1636 4877 argentum
1671 4816 1716 4860 et
1754 4825 1849 4861 au-

302 4912 418 4950 rum.
458 4899 572 4954 Non
616 4899 877 4967 ahjectum
913 4898 1110 4968 aliquid
1148 4908 1202 4953 et
1240 4899 1572 4967 aspernabile
1614 4901 1850 4954 nomina-

304 4996 396 5042 tum
423 5000 500 5044 cst
527 5010 540 5043 :
573 5000 628 5044 et
655 4991 702 5044 ei
732 4991 940 5059 quidem
972 4994 1150 5044 animo
1175 4990 1262 5059 qui
1293 4999 1428 5044 terra
1456 5008 1558 5044 non
1587 5001 1684 5058 est,
1713 5000 1851 5045 terra

303 5091 372 5133 est
400 5093 445 5136 et
476 5098 660 5137 aurum
688 5092 742 5137 et
780 5091 1090 5152 argentum;
1136 5081 1227 5136 sed
1260 5084 1549 5151 speciosior
1574 5095 1729 5152 atque
1753 5082 1854 5136 ful-

304 5174 511 5239 gentior,
538 5173 761 5245 solidior
785 5182 941 5242 atque
970 5172 1187 5226 firmior.
1219 5173 1332 5227 Noli
1363 5188 1488 5244 ergo
1515 5174 1708 5227 addere
1739 5189 1853 5227 ma-

302 5276 390 5315 nus
419 5266 706 5328 hominum,
732 5276 788 5319 ut
807 5282 872 5319 ex
897 5281 962 5320 eo
979 5267 1191 5320 metallo
1207 5266 1343 5336 quod
1373 5265 1496 5321 fecit
1521 5282 1676 5322 verus
1695 5269 1852 5332 Deus,

303 5353 419 5406 velis
465 5354 638 5411 facere
680 5357 872 5409 falsum
923 5356 1116 5420 deum;
1169 5357 1275 5410 imo
1327 5355 1512 5412 falsum
1563 5359 1852 5423 hominem,

302 5458 445 5510 quem
492 5461 587 5515 pro
628 5461 758 5502 vero
800 5447 1067 5508 venereris
1109 5447 1250 5511 Deo;
1298 5463 1453 5516 quem
1496 5449 1732 5518 quisquis
1763 5465 1857 5517 pro

305 5547 420 5588 vero
446 5535 659 5592 homine
697 5538 746 5591 in
782 5537 1064 5592 amicitiam
1090 5539 1374 5606 reciperet,
1400 5540 1674 5594 insaniret.
1706 5540 1858 5594 Ducit

300 5628 432 5680 enim
455 5668 470 5692 ,
503 5639 554 5683 et
589 5629 779 5684 affectu
805 5629 1028 5699 quodam
1068 5630 1246 5684 infimo
1284 5632 1421 5700 rapit
1461 5631 1667 5686 infirma
1698 5634 1857 5688 corda

302 5719 592 5774 mortalium
634 5721 818 5776 forma:
860 5721 1180 5786 similitudo,
1229 5730 1281 5776 et
1328 5723 1684 5778 membrorum
1734 5726 1854 5784 imi-

638 5809 900 5867 PA'I'ROL.
949 5807 1002 5864 Χ
1015 5810 1064 5867 Χ
1078 5809 1128 5866 Χ
1143 5810 1182 5865 l'
1195 5811 1212 5868 l
1225 5812 1242 5867 i
1255 5854 1268 5868 .

1402 262 1820 358 'esannsrto
1856 295 1921 350 IN
1965 271 2278 355 PSALMUM
2317 301 2496 359 exui.

3418 313 3557 370 NH

1985 419 2088 466 tata
2108 429 2362 488 compago
2389 436 2402 472 :
2430 419 2522 473 sed
2537 419 2675 474 sicut
2699 420 2948 476 fabricata
2972 424 3172 494 singula
3199 427 3456 492 ostendis,
3477 434 3558 484 sic

1980 505 2199 560 ostende
2241 509 2413 562 officia
2462 509 2822 579 singulorum,
2860 529 3082 583 quormn
3137 527 3187 571 te
3233 518 3464 590 efﬁgies,
3522 541 3554 577 ο

1980 593 2207 650 humana
2227 601 2428 654 vanitas
2445 643 2458 664 ,
2489 603 2665 656 trahit.

2023 688 2075 741 2.
2097 685 2244 760 [vers
2275 691 2413 762 5-7.]
2443 692 2574 747 «Os»
2602 695 2739 749 enim
2764 687 3007 764 «habent,
3033 709 3081 754 cl
3104 716 3207 755 non
3238 702 3549 772 loquentur;

1975 781 2157 835 oculos
2181 781 2394 846 habent,
2421 795 2472 838 et
2499 801 2601 839 non
2629 787 2915 842 videbunt:
2941 806 3094 845 aures
3117 792 3334 860 habent,
3362 805 3416 849 et
3439 812 3545 850 non

1974 871 2216 939 audient;
2249 890 2402 929 nares
2434 874 2648 943 habent,
2673 891 2726 933 et
2753 895 2856 934 non
2889 882 3225 938 odorabunt:
3251 902 3436 942 manus
3459 887 3550 944 ha-

1974 963 2130 1031 bent,
2162 975 2345 1021 etnon
2374 972 2806 1038 eoutrectabunt;
2858 975 3017 1044 pedes
3063 978 3291 1042 habent,
3341 992 3396 1036 et
3438 999 3543 1037 non

1970 1055 2315 1111 ambulabunt
2344 1077 2355 1110 :
2391 1075 2492 1114 non
2521 1063 2821 1118 clamabunt
2850 1065 2899 1119 iu
2934 1066 3169 1122 faucibus
3198 1071 3329 1128 suis.
3368 1093 3385 1126 ι
3420 1073 3539 1129 Jam

1969 1162 2096 1217 ergo
2119 1152 2306 1206 artifex
2339 1154 2526 1207 melior
2551 1166 2629 1209 est
2655 1157 2766 1223 cis,
2799 1158 2920 1229 quia
2952 1175 3014 1215 ea
3059 1163 3227 1232 potuit
3271 1167 3540 1223 membro-

1970 1253 2082 1292 rum
2118 1251 2262 1295 motu
2291 1252 2447 1314 atque
2476 1246 2654 1301 officio
2682 1248 2943 1304 fabricare
2976 1269 2988 1305 :
3019 1268 3174 1321 quem
3207 1265 3378 1310 tamen
3407 1259 3539 1314 arti-

1969 1325 2118 1384 tieem
2150 1342 2197 1386 te
2226 1335 2404 1403 utique
2435 1337 2656 1406 puderet
2681 1340 2923 1396 adorare.
2953 1343 3137 1398 Melior
3163 1355 3215 1399 et
3245 1357 3318 1414 tu,
3349 1365 3536 1420 quam-

1967 1421 2044 1475 vis
2068 1436 2127 1474 ca
2155 1438 2257 1476 non
2289 1424 2505 1489 feceris;
2535 1429 2781 1498 quoniam
2811 1448 2928 1502 quae
2955 1434 3043 1489 illa
3073 1452 3174 1490 non
3202 1451 3425 1508 possunt
3455 1441 3534 1497 fa-

1964 1511 2056 1564 cis.
2085 1511 2269 1568 Melior
2300 1525 2353 1570 et
2377 1517 2542 1571 bestia
2571 1537 2584 1572 :
2609 1519 2674 1573 ad
2704 1520 2805 1575 hoc
2834 1523 2974 1577 enim
3004 1525 3238 1582 additum
3272 1539 3384 1598 est,
3415 1531 3536 1588 Non

1964 1604 2248 1659 clamabunt
2294 1609 2346 1662 in
2391 1612 2620 1679 faucibus
2661 1615 2786 1668 suis.
2837 1615 3110 1687 Namque,
3145 1636 3262 1676 cum
3292 1626 3537 1694 superius

1960 1693 2200 1761 dixisset,
2232 1699 2300 1754 0s
2322 1702 2534 1771 habent,
2559 1715 2604 1758 et
2627 1723 2726 1760 non
2751 1707 3049 1778 loquentur;
3078 1712 3200 1781 quid
3226 1693 3494 1784 opuserat
3511 1761 3525 1783 ,

1960 1794 2238 1856 postquam
2285 1805 2313 1844 a
2359 1793 2530 1862 capite
2567 1809 2730 1865 usque
2758 1797 2823 1852 ad
2851 1799 3013 1870 pedes
3041 1803 3276 1858 men'ibra
3307 1806 3527 1862 decursa

1959 1885 2100 1941 sunt,
2130 1876 2196 1932 de
2222 1877 2447 1934 faucium
2474 1883 2708 1941 clamore
2738 1896 3010 1958 repetere;
3044 1891 3166 1956 nisi,
3196 1893 3375 1962 credo,
3402 1897 3522 1966 quia

1959 1964 2045 2019 illa
2067 1983 2182 2036 qum
2204 1968 2268 2024 de
2289 1973 2497 2028 caneris
2523 1977 2776 2032 membris
2796 1984 3268 2048 commemorabat,
3289 1964 3528 2043 commu-

1958 2057 2042 2112 nia
2070 2074 2187 2116 esse
2225 2061 2529 2121 hominibus
2559 2066 2857 2140 belluisque
2885 2073 3181 2128 sentimus?
3207 2074 3338 2131 Nam
3364 2085 3418 2132 et
3448 2079 3527 2132 vi-

1957 2152 2081 2244 dent
2100 2196 2114 2222 ,
2143 2165 2196 2210 et
2220 2159 2474 2228 audiunt,
2509 2171 2562 2217 et
2589 2164 2843 2221 olfaciunt
2862 2209 2878 2235 ,
2906 2179 2959 2224 et
2982 2171 3274 2237 ambulant,
3297 2183 3352 2229 et
3375 2190 3524 2244 qua:-

1955 2243 2099 2310 dam,
2125 2247 2262 2302 sicut
2287 2251 2484 2317 simia},
2517 2255 2759 2310 manibus
2781 2268 3133 2316 contrectant.
3183 2263 3314 2319 illud
3351 2243 3526 2323 autem

1955 2336 2093 2404 quod
2119 2337 2185 2392 de
2211 2354 2304 2394 ore
2328 2340 2554 2407 dixerat,
2581 2347 2851 2414 proprium
2881 2357 2963 2403 est
2988 2349 3252 2417 hominis;
3275 2358 3524 2424 quoniam

1955 2425 2136 2480 bestia:
2168 2445 2270 2484 non
2313 2430 2619 2502 loquuntur.
2651 2436 2729 2491 Ne
2753 2438 2870 2506 quis
2897 2450 3072 2496 autem
3097 2442 3164 2497 ad
3196 2445 3306 2498 sola
3335 2445 3524 2504 Imma-

1957 2535 2144 2573 norum
2173 2524 2532 2606 membrorum
2559 2541 2719 2597 opera
2744 2531 2966 2586 referret
2995 2549 3112 2603 quae
3140 2535 3278 2591 dicta
3307 2549 3448 2606 sunt,
3473 2552 3525 2597 et

1953 2609 2054 2664 diis
2081 2611 2326 2667 Gentium
2356 2615 2498 2670 solos
2527 2617 2766 2674 homines
2793 2629 3170 2692 anteponeret;
3200 2638 3320 2696 post
3344 2633 3522 2686 omnia

1954 2702 2205 2770 subdidit,
2230 2705 2432 2772 dicens,
2455 2707 2573 2762 Non
2595 2711 2882 2767 clamabunt
2904 2715 2954 2768 in
2981 2717 3210 2786 faucibus
3231 2721 3367 2775 suis:
3381 2723 3521 2792 quod

1937 2807 2165 2848 'rnrsum
2196 2795 2496 2853 hominibus
2525 2803 2908 2875 pecoribusque
2933 2820 3215 2868 commune
3241 2819 3342 2866 est.
3371 2812 3520 2881 Quod

1953 2883 1996 2937 si
2025 2885 2197 2952 primo
2226 2885 2466 2954 dixisset,
2499 2905 2616 2944 cum
2648 2894 2716 2946 ab
2742 2909 2834 2949 ore
2858 2896 3020 2965 coepit
3043 2900 3279 2955 membra
3306 2916 3525 2971 ρει-ουτ»

1953 2989 2091 3039 rere,
2119 2976 2191 3030 Os
2216 2975 2433 3043 habent,
2464 2991 2518 3034 et
2544 2996 2647 3035 non
2679 2985 3011 3052 clamabunt;
3042 3000 3230 3045 cuneta
3261 2993 3420 3048 etiam
3446 2995 3526 3050 sic

1950 3063 2018 3118 ad
2051 3075 2291 3121 naturam
2322 3067 2550 3126 hominis
2580 3073 2927 3144 referrentur,
2953 3094 3052 3135 nec
3078 3080 3231 3138 facile
3259 3083 3329 3138 ibi
3364 3085 3522 3156 quid-

1951 3171 2109 3228 quam
2140 3159 2206 3214 de
2235 3165 2610 3220 communione
2650 3165 2880 3223 ferarum
2912 3186 3102 3228 sensus
3132 3175 3399 3233 audientis
3427 3178 3523 3233 ad-

1952 3260 2206 3307 verteret.
2234 3252 2367 3309 Cum
2389 3270 2518 3310 vero
2550 3257 2679 3313 illud
2706 3259 2774 3314 de
2803 3275 2897 3316 ore
2925 3261 3087 3331 dixit,
3112 3265 3254 3336 quod
3290 3266 3521 3324 hominis

1952 3345 2225 3414 proprium
2257 3355 2358 3414 est,
2381 3355 2435 3402 et
2457 3357 2576 3417 post
2597 3353 3051 3412 enumerationem
3079 3360 3308 3427 partium
3335 3375 3520 3431 corpo-

1952 3436 2027 3490 ris
2051 3452 2208 3506 quam
2234 3442 2668 3496 commemoratis
2706 3443 2928 3512 pedibus
2966 3448 3280 3506 terminasse
3305 3452 3524 3510 videba-

1954 3536 2058 3593 tur,
2090 3527 2360 3596 adjunxit,
2391 3528 2511 3584 Non
2539 3531 2828 3587 clamabunt
2855 3537 2906 3589 in
2931 3536 3164 3615 faucibus
3188 3543 3327 3607 suis;
3354 3544 3524 3600 lecto-

1953 3633 2065 3672 rem
2094 3619 2175 3673 vel
2204 3619 2500 3676 auditorem
2530 3621 2652 3677 fecit
2681 3623 2961 3692 intentum,
2987 3636 3047 3681 ut
3066 3628 3190 3682 dum
3219 3634 3405 3700 qum-rit
3430 3650 3526 3690 cur

1952 3708 2184 3764 additum
2208 3712 2292 3774 sit,
2319 3711 2595 3767 admoneri
2617 3728 2674 3767 se
2698 3714 2938 3768 inveniat
2957 3717 3254 3774 simulacris
3271 3719 3520 3778 Gentium

1951 3818 2060 3857 non
2104 3812 2304 3857 tantum
2350 3803 2623 3867 homines,
2669 3805 2763 3859 sed
2805 3807 2962 3860 etiam
3008 3808 3212 3864 belluas
3241 3825 3300 3867 se
3327 3812 3522 3870 debere

1954 3908 2266 3963 praeponere
2290 3912 2303 3948 :
2329 3904 2390 3949 ut
2413 3895 2457 3950 si
2486 3895 2646 3965 pudet
2667 3895 2891 3952 adorare
2921 3897 3143 3954 bestiam
3164 3942 3179 3967 ,
3211 3918 3368 3972 quam
3399 3903 3524 3960 fecit

1954 3985 2095 4041 Deus
2122 3985 2384 4041 videntem
2405 4029 2421 4055 ,
2451 3988 2784 4056 audientem,
2816 3989 3124 4048 odorantem
3144 4035 3158 4060 ,
3192 4005 3526 4053 contrectau-

1954 4085 2084 4143 tem,
2107 4077 2462 4132 ambulantem
2484 4121 2498 4144 ,
2529 4079 2845 4135 clamantem
2874 4081 2926 4136 in
2949 4082 3187 4139 faucibus
3212 4087 3342 4147 suis.
3377 4088 3524 4144 vide-

1953 4181 2074 4224 rent
2100 4186 2254 4239 quam
2285 4170 2584 4240 pudendum
2614 4183 2755 4227 esset
2775 4173 2998 4230 adorare
3021 4186 3242 4246 mutum,
3265 4189 3318 4235 et
3338 4195 3525 4239 carens

1954 4261 2058 4315 vita
2087 4277 2352 4331 sensuque
2380 4262 2719 4316 simulacrum
2739 4266 2868 4329 ;.cui
2891 4265 2958 4320 ad
2989 4267 3090 4322 hoc
3121 4268 3318 4326 inesset
3346 4272 3524 4328 simili-

1957 4352 2082 4407 tudo
2113 4353 2471 4406 membrorum
2495 4395 2508 4416 ,
2542 4364 2598 4408 ut
2627 4355 2801 4409 anima
2829 4358 3131 4414 carnalibus
3162 4362 3406 4420 sensibus
3433 4363 3527 4420 de-

1956 4447 2060 4499 dita
2084 4489 2098 4508 ,
2128 4446 2276 4516 quasi
2306 4447 2500 4502 viventi
2532 4457 2692 4518 atque
2722 4450 2968 4505 animata:
3011 4450 3197 4507 forma:
3238 4457 3528 4526 applicaret

1956 4537 2223 4602 affectum,
2249 4553 2368 4593 cum
2393 4555 2455 4594 ea
2481 4539 2682 4596 videret
2709 4557 2827 4611 qua:
2856 4543 2910 4597 in
2936 4559 3034 4600 suo
3057 4560 3282 4617 corpore
3310 4550 3425 4605 viva
3448 4561 3526 4606 at-

1957 4646 2060 4700 que
2106 4631 2334 4685 animata
2381 4633 2620 4686 sentiret.
2668 4631 2878 4700 Quanto
2929 4651 3056 4706 ergo
3111 4639 3299 4695 melius
3350 4657 3528 4698 mures

1958 4731 2116 4792 atque
2137 4731 2430 4791 serpentes,
2464 4731 2517 4776 et
2538 4722 2586 4776 id
2613 4737 2780 4792 genus
2805 4723 3151 4780 animantium
3180 4739 3368 4784 etetera
3393 4732 3431 4795 ί,
3460 4733 3529 4787 de

1958 4814 2255 4867 simulacris
2271 4813 2540 4878 Gentium,
2561 4814 2602 4866 si
2633 4815 2697 4866 ita
2717 4813 2997 4870 dicendum
3016 4826 3116 4884 est,
3136 4821 3530 4889 quodammodo

1955 4906 2193 4976 judicent
2215 4951 2228 4972 ,
2262 4907 2312 4959 in
2352 4907 2543 4974 quibus
2581 4907 2703 4976 quia
2732 4921 2837 4962 non
2864 4909 3100 4964 sentiunt
3136 4911 3420 4968 humanam
3448 4917 3530 4970 vi-

1960 5009 2104 5064 tam,
2146 5013 2250 5052 non
2291 5005 2479 5051 curant
2524 4997 2809 5052 humanam
2857 4998 3114 5071 ﬁguram?
3141 5003 3322 5074 Itaque
3361 5006 3413 5059 in
3453 5007 3532 5061 eis

1961 5092 2277 5160 plerumque
2306 5090 2596 5155 nidiﬁcant,
2621 5101 2675 5145 et
2701 5092 2800 5146 nisi
2831 5093 3076 5149 humanis
3098 5099 3326 5152 motibus
3354 5097 3533 5154 deter-

1963 5192 2198 5248 reantur,
2233 5183 2372 5235 nulla
2404 5182 2500 5236 sibi
2535 5182 2832 5238 babitacola
2870 5188 3153 5241 munitiora
3194 5190 3532 5258 conquirunt.

1963 5273 2138 5327 Movet
2166 5287 2294 5341 ergo
2319 5287 2376 5326 se
2404 5271 2562 5325 homo
2583 5312 2598 5338 ,
2629 5284 2687 5326 ut
2710 5274 2971 5328 viventem
3001 5275 3223 5330 bestiam
3252 5293 3280 5332 a
3310 5294 3408 5334 suo
3434 5279 3534 5335 deo

1965 5363 2260 5427 deterreat;
2283 5373 2337 5418 et
2363 5364 2511 5417 illum
2534 5379 2641 5417 non
2663 5379 2720 5419 se
2741 5373 3065 5430 moventem,
3088 5368 3237 5436 quasi
3265 5379 3534 5438 potentem

1965 5453 2122 5520 colit,
2153 5469 2179 5505 a
2210 5469 2313 5524 quo
2360 5453 2634 5507 meliorem
2666 5453 2939 5509 deterruit.
2989 5455 3255 5512 Deterruit
3287 5461 3428 5514 enim
3459 5463 3536 5518 vi-
3623 5451 3625 5453 ’

2031 5611 2048 5642 ι
2083 5610 2156 5658 Sic
2170 5615 2271 5657 Mss.
2297 5608 2409 5681 t-Idd.
2430 5620 2580 5681 vero:
2606 5614 2784 5666 Quanto
2799 5620 2914 5680 ergo
2935 5611 3087 5681 magis
3107 5612 3180 5681 vel
3200 5614 3368 5668 melius
3381 5631 3540 5670 mures

1967 5679 2109 5783 atqui;
2128 5677 2386 5784 serpetztps,
2412 5677 2455 5721 et
2493 5669 2546 5721 id
2579 5683 2725 5732 genus
2742 5669 3056 5723 artiuiautiui'n
3079 5675 3306 5742 colerent,
3333 5691 3442 5744 qum
3479 5669 3542 5733 de

1968 5747 2089 5787 stunt
2111 5745 2255 5787 acres,
2280 5746 2312 5782 e
2331 5747 2374 5784 e.

2241 5769 2255 5795 ’
2282 5769 2308 5782 ιι
2315 5769 2374 5784 suo

2520 5820 3098 5903 (Quarante—sept.)
