4026 6202
426 251 563 307 uss
630 236 642 248 '

426 362 637 416 dentcnt
679 376 707 416 a
752 376 895 424 οωςο
917 402 931 425 ,
964 358 1260 414 audientem
1311 372 1339 409 a
1384 354 1545 410 surdo
1567 396 1581 422 ,
1617 356 1932 410 clamantem
1967 368 1995 406 a

430 463 596 523 ntuto,
622 454 973 508 ambulantem
1000 450 1066 503 ab
1092 447 1369 515 immobili,
1395 449 1710 503 sentientem
1734 447 1801 501 ab
1817 446 1999 501 [insen-

426 558 543 601 salo
563 589 579 612 ,
612 546 874 600 viventem
901 559 929 596 a
963 548 1169 596 mortuo
1191 583 1205 605 ,
1236 543 1342 595 imo
1369 541 1636 595 deteriore
1664 555 1823 611 quam
1856 555 1997 593 mor-

428 651 539 692 tuo.
571 638 831 691 Mortuum
859 635 1052 704 quippe
1083 634 1221 701 skut
1241 632 1580 687 manifestum
1603 646 1684 688 est
1710 648 1814 687 non
1844 633 1997 689 vive-

417 746 504 794 «re,
530 730 605 782 ita
635 727 970 782 manifestum
1000 737 1081 787 est
1108 726 1390 795 aliquando
1413 726 1627 780 vixisse.
1657 725 1998 795 QuaprOpter

426 821 583 874 deum
610 820 698 890 qui
726 834 827 874 nec
853 818 981 872 vivit
1007 831 1105 871 nec
1128 818 1278 883 vixit,
1309 817 1544 887 profecto
1565 824 1618 871 et
1643 826 1882 885 mortuus
1901 830 1998 870 an-

425 912 636 967 tecedit.

493 1004 544 1057 5.
588 1002 724 1069 Quid
753 1002 857 1057 hoc
886 999 1238 1065 manifestius,
1274 999 1463 1053 fratres
1493 999 1594 1052 mei
1627 997 1994 1052 dilectissimi?

381 1096 542 1167 'qnid
592 1095 923 1152 evidentius?
949 1094 1078 1157 Quis
1127 1109 1255 1162 puer
1304 1094 1690 1161 interrogatus,
1739 1106 1845 1145 non
1892 1090 1993 1146 hoc

421 1199 627 1244 certum
673 1203 793 1244 esse
830 1175 1185 1256 respondeat,
1212 1184 1350 1254 quod
1378 1183 1666 1238 Simulacra
1692 1183 1913 1253 gentium
1941 1198 1996 1235 οε

423 1282 605 1336 habent
624 1290 713 1344 ,ει
743 1297 843 1334 non
872 1279 1173 1348 loquentur;
1203 1275 1378 1331 oculos
1403 1275 1585 1329 habent
1604 1315 1619 1340 ,
1651 1283 1696 1328 et
1726 1290 1828 1327 non
1854 1272 1995 1327 vide-

424 1375 566 1439 bunt,
585 1382 641 1428 et
655 1382 845 1428 caetera
868 1387 985 1440 qua:
1002 1368 1210 1423 divinus
1230 1382 1406 1422 sermo
1423 1364 1728 1421 contexuit?
1743 1363 1852 1420 Cur
1867 1378 1996 1434 ergo

423 1475 703 1535 tantopere
730 1462 958 1533 Spiritus
982 1469 1199 1516 sanctus
1228 1467 1382 1514 curat
1409 1458 1803 1528 Scripturarum
1831 1455 1995 1526 plurio

422 1558 523 1611 mis
548 1557 678 1612 locis
697 1553 811 1609 lnec
838 1554 1110 1608 insinuare
1127 1562 1288 1622 atque
1310 1550 1576 1605 inculcare
1596 1549 1739 1604 velut
1764 1547 1995 1603 inscien-

424 1648 559 1703 tibus
579 1689 594 1713 ,
624 1647 771 1717 quasi
805 1656 910 1700 non
945 1644 1196 1699 omnibus
1224 1641 1560 1713 apertissima
1596 1649 1756 1712 atque
1781 1640 1994 1695 notissi«

421 1758 533 1803 ma;
567 1741 666 1796 nisi
690 1741 809 1811 quia
841 1740 1047 1811 species
1072 1737 1433 1793 membrorum
1456 1779 1469 1801 ,
1498 1751 1655 1806 quam
1685 1735 1995 1797 naturaliter

349 1832 355 1843 '
421 1835 472 1887 in
503 1831 859 1886 animantibus
886 1831 1151 1885 viventem
1182 1828 1385 1895 videre,
1409 1838 1569 1898 atque
1608 1828 1661 1881 in
1701 1827 1993 1882 nobismet-

420 1925 548 1995 ipsis
572 1925 770 1980 sentire
790 1923 1186 1988 consuevimus,
1205 1936 1530 1990 quanquam,
1550 1929 1608 1975 ut
1629 1919 1702 1974 illi
1725 1928 1990 1981 asserunt,

422 2019 473 2071 in
497 2019 706 2087 signent
728 2016 939 2085 aliquod
971 2013 1258 2069 fabrefacta
1280 2024 1438 2083 atque
1463 2011 1715 2068 eminenti
1737 2010 1992 2066 collocata

416 2118 666 2180 suggestu
695 2109 734 2173 ¹,
759 2123 877 2162 cum
905 2104 1112 2160 adorari
1135 2114 1293 2175 atque
1320 2103 1623 2158 honoraria
1652 2100 1993 2158 multitudine

416 2200 675 2270 emperit,
708 2196 847 2269 parit
888 2196 939 2252 in
979 2210 1299 2267 unoquoque
1328 2194 1755 2249 sordidissimum
1793 2194 1990 2249 erroris

415 2291 685 2358 affectum,
717 2299 773 2345 ut
800 2290 1051 2360 quoniam
1078 2288 1131 2343 in
1161 2287 1256 2342 illo
1282 2286 1534 2358 figmento
1559 2297 1663 2341 nun
1686 2286 1889 2340 invenit
1915 2286 1993 2339 vi-

415 2384 573 2438 talem
616 2390 848 2448 motum,
879 2379 1067 2435 credat
1096 2394 1291 2434 numen
1320 2379 1622 2446 occultum;
1654 2376 1884 2448 efﬁgiem
1917 2386 1991 2431 ta-

416 2489 537 2529 men
567 2473 765 2528 viventi
789 2471 1000 2541 corpori
1026 2470 1276 2534 similem,
1305 2469 1554 2523 scdnctus
1577 2467 1743 2523 forma
1772 2477 1825 2523 et
1845 2483 1989 2522 com-

415 2573 593 2620 motus
652 2551 966 2618 auctoritate
1027 2560 1176 2630 quasi
1238 2559 1554 2628 sapientium
1626 2559 2017 2633 institutorum.

414 2654 926 2725 obsequentiumque
953 2650 1252 2713 turbarum,
1285 2649 1408 2703 sine
1438 2649 1558 2701 vivo
1584 2649 1761 2718 aliquo
1785 2648 1990 2702 habita-

416 2756 529 2800 tore
557 2759 676 2800 esse
715 2758 818 2815 non
846 2741 1030 2812 putat?
1063 2738 1196 2796 Hinc
1221 2748 1277 2794 et
1302 2739 1436 2793 mala
1468 2738 1728 2793 daemonia
1768 2738 1833 2794 ad
1868 2754 1987 2808 pos-

416 2830 632 2892 sidenda
679 2833 927 2892 Gentium
973 2831 1257 2889 simulacra
1304 2832 1423 2885 talis
1464 2832 1735 2885 hominum
1766 2829 1987 2885 affectus

415 2930 620 2994 invitat,
648 2940 874 2999 quorum
904 2923 1303 2997 praesidentium
1332 2925 1352 2955 ³
1384 2923 1531 2977 varia
1563 2922 1767 2978 fallacia
1797 2924 1987 2978 morti-

412 3020 508 3075 feri
532 3019 863 3074 seminantur
882 3027 933 3073 et
955 3014 1375 3085 multiplicantur
1398 3028 1632 3068 errores.
1654 3013 1789 3068 Aliis
1811 3013 1987 3082 itaque

413 3112 543 3168 locis
573 3122 626 3166 et
653 3120 840 3165 contra
871 3106 969 3177 ista
999 3106 1193 3163 divina:
1223 3105 1441 3160 Litterae
1471 3104 1710 3173 vigilant,
1742 3119 1809 3157 ne
1833 3108 1983 3172 quis-

412 3222 567 3274 quam
610 3205 785 3268 dicat,
815 3217 934 3257 cuin
966 3200 1118 3254 irrisa
1146 3198 1340 3252 fuerint
1369 3196 1646 3249 simulacra
1687 3214 1698 3248 :
1730 3194 1843 3249 Non
1885 3195 1985 3250 hoc

412 3295 618 3349 visibile
647 3310 678 3348 c
702 3295 788 3356 alo,
818 3290 911 3346 sed
941 3306 1135 3345 numen
1164 3288 1304 3357 quod
1333 3287 1443 3341 illic
1471 3286 1805 3340 invisibiliter
1833 3285 1984 3339 babi-

414 3397 505 3441 tat.
533 3386 645 3455 Ipsa
671 3400 796 3453 ergo
823 3382 1039 3437 nu‘mina
1064 3381 1115 3435 in
1139 3379 1246 3433 alio
1275 3377 1479 3447 psalmo
1500 3375 1688 3431 eadem
1714 3377 1983 3446 Scriptura

410 3480 485 3531 sic
512 3478 729 3531 damnat
752 3489 763 3526 :
793 3473 1043 3541 Quoniam
1071 3471 1142 3524 dii
1168 3468 1438 3531 Gentium,
1469 3468 1674 3535 inquit,
1697 3468 1983 3531 daemonio;

414 3570 657 3622 Dominus
678 3578 841 3620 autem
865 3564 1014 3619 caelos
1036 3563 1147 3631 fecit
1166 3558 1336 3630 (Psal.
1363 3575 1484 3621 xcv,
1508 3559 1584 3628 5).
1611 3554 1745 3613 Dicit
1767 3567 1819 3613 et
1840 3558 1983 3627 Apo-

409 3664 576 3716 stolus
602 3680 613 3713 :
646 3658 759 3713 Non
784 3657 919 3727 quod
946 3656 1134 3709 idolum
1161 3654 1224 3707 sit
1254 3651 1470 3721 aliquid,
1501 3652 1589 3705 sed
1615 3652 1849 3722 quoniam
1873 3668 1986 3721 qua:

410 3753 667 3806 immolant
691 3748 891 3813 Gentes,
915 3746 1175 3801 daemoniis
1197 3744 1480 3809 immolant,
1501 3752 1546 3794 et
1572 3759 1670 3795 non
1694 3735 1819 3795 Deo.
1846 3739 1983 3795 Nolo

409 3860 494 3899 vos
521 3845 680 3898 socios
707 3841 817 3911 ﬁeri
838 3838 1197 3894 dwmoniorum
1231 3836 1248 3898 (
1264 3834 1278 3887 1
1302 3834 1421 3889 Cor.
1451 3850 1505 3895 χ,
1536 3833 1600 3888 19
1622 3844 1667 3887 et
1689 3828 1808 3905 ΞΟ).

482 3937 536 3991 4.
567 3932 825 3989 Videntur
850 3941 1026 3985 autem
1057 3929 1155 3984 sibi
1200 3928 1518 3997 purgatioris
1547 3942 1665 3981 esse
1692 3927 1980 3997 religionis,

408 4028 496 4105 qui
540 4016 889 4081 dicuntz'Ncc
931 4021 1294 4084 simulacrum,
1326 4034 1424 4074 nec
1464 4017 1784 4071 dmntonium
1829 4018 1980 4085 colo;

409 4119 502 4176 sed
522 4118 750 4189 effigiem
768 4113 1097 4182 corporalem
1123 4111 1237 4179 ejus
1260 4111 1332 4164 rei
1353 4110 1558 4180 signum
1583 4109 1811 4177 intueor,
1827 4125 1981 4179 quam

409 4214 585 4270 colere
614 4211 803 4266 debeo.
829 4209 1009 4275 Itaque
1036 4206 1452 4276 interpretantur
1477 4201 1781 4266 simulacra,
1803 4211 1857 4254 ut
1880 4201 1984 4256 alio

410 4306 590 4359 dicant
615 4298 899 4370 significari
925 4307 1141 4361 terram,
1160 4293 1302 4348 unde
1322 4293 1576 4361 templum
1608 4293 1780 4347 solent
1806 4292 1985 4362 appel-

412 4397 521 4449 lare
548 4391 806 4453 Telluris;
838 4388 943 4441 alio
992 4400 1174 4451 mare,
1204 4384 1340 4438 sicut
1384 4382 1612 4453 Neptuni
1662 4384 1981 4448 simulacro;

410 4488 516 4540 alio
539 4498 739 4550 aerem,
771 4478 1173 4542 sicntJunonis,
1203 4476 1309 4529 alio
1338 4476 1534 4544 ignem,
1564 4476 1702 4530 sicut
1729 4474 1979 4543 Vulcani;

410 4581 516 4634 alio
538 4578 835 4636 luciferum,
862 4576 997 4639 sicut
1017 4570 1271 4635 Veneris;
1300 4568 1402 4623 alio
1427 4569 1614 4633 solem,
1645 4570 1748 4623 alio
1776 4570 1977 4638 lunam,

411 4662 638 4743 quorum
667 4667 966 4723 simulacris
1003 4664 1190 4720 eadem
1223 4662 1439 4716 nomina
1465 4660 1601 4715 sicut
1625 4658 1856 4715 Telluris
1884 4662 1983 4714 itu-

412 4771 651 4836 ponuut;
681 4761 784 4829 alio
818 4758 953 4812 illud
975 4800 989 4823 ,
1022 4756 1125 4810 alio
1156 4754 1283 4809 illud
1312 4753 1458 4807 sidus
1478 4793 1492 4818 ,
1522 4752 1607 4806 vel
1636 4751 1779 4805 illam
1810 4753 1894 4807 vel
1922 4752 1984 4806 il-

413 4859 517 4912 lam
546 4863 843 4909 creaturam
871 4869 882 4903 :
916 4863 1087 4917 neque
1111 4848 1252 4902 enim
1282 4856 1471 4900 cuncta
1502 4859 1817 4899 enumerare
1843 4845 1983 4898 suffi-

409 4949 599 5004 cimus.
634 4940 705 4999 De
751 4942 943 5013 quibus
990 4954 1173 4995 rursus
1217 4954 1337 4992 cum
1381 4936 1642 5006 exagitari
1688 4922 1979 5005 coeperint,

409 5040 550 5113 quod
582 5052 804 5106 corpora
833 5017 1031 5099 eolan‘t,
1058 5031 1392 5101 maximeque
1418 5039 1635 5094 terram,
1660 5038 1714 5082 et
1735 5044 1902 5091 mare,
1929 5038 1984 5083 et

410 5147 610 5195 aerem,
642 5138 696 5183 et
724 5130 897 5197 ignem
923 5167 937 5189 ,
967 5138 1191 5194 qnorttm
1219 5122 1373 5177 nobis
1400 5135 1526 5176 usus
1553 5121 1602 5174 in
1634 5131 1878 5191 promptu
1902 5130 1984 5174 est

411 5226 569 5291 (nam
601 5221 669 5275 de
697 5215 1004 5275 cmlestibns
1032 5214 1277 5283 quoniam
1312 5221 1493 5265 nostro
1521 5227 1582 5265 ea
1607 5226 1833 5282 corpore
1856 5226 1984 5265 eon-

412 5324 640 5370 tractare
666 5324 823 5383 atque
851 5299 1193 5378 contingere,
1226 5306 1324 5358 nisi
1366 5306 1639 5360 oculorum
1683 5305 1843 5359 radiis
1878 5322 1981 5359 non

415 5409 648 5461 valemus
674 5451 688 5472 ,
722 5422 824 5460 non
866 5406 941 5458 ita
984 5401 1372 5466 erubescunt);
1416 5398 1740 5468 respondere
1787 5400 1983 5454 audent

438 5602 451 5621 η
475 5579 490 5607 ί
516 5583 587 5624 Er.
615 5583 666 5624 et
688 5582 816 5632 t.ov.,
853 5577 904 5624 in
937 5574 1071 5635 siquo
1101 5571 1262 5635 aliquo
1299 5571 1576 5635 fabrefacta,
1601 5578 1741 5634 atque
1762 5572 1983 5624 entinenti

413 5639 640 5688 callocafo
657 5644 890 5697 suggestu.
926 5636 1243 5697 Etttendantur
1260 5636 1316 5683 ad
1337 5640 1441 5682 Mss.

474 5705 493 5731 ι
517 5698 702 5757 Aliquot
726 5695 849 5752 Mss,
890 5695 1242 5754 possidentium.

1668 241 1725 296 S.
1767 238 2124 295 AUGUSTINI
2168 238 2461 295 El’lSCOPl

3547 245 3684 299 iis:

2108 370 2211 408 non
2259 370 2317 409 se
2362 356 2470 424 ipsa
2519 370 2736 424 corpora
2782 356 2989 421 eolcrc,
3028 357 3118 411 sed
3153 375 3269 428 qua:
3302 358 3403 413 illis
3432 363 3684 430 regendis

2107 444 2388 514 praesident
2416 444 2653 500 numina.
2687 446 2866 517 itaque
2888 448 3125 516 Apostuli
3154 464 3254 502 una
3284 453 3547 506 sententia
3572 468 3679 523 pa}

2106 555 2224 591 nam
2255 537 2474 593 istorum
2496 538 2996 610 damnationcmquc
3018 551 3269 597 testatur:
3298 545 3399 612 Qui
3424 557 3692 601 transmu-

2105 638 2348 693 tavrrunt,
2376 629 2560 700 inquit,
2591 632 2843 685 veritatem
2871 631 2967 687 Ι)ρὶ
2996 634 3046 686 in
3072 636 3406 702 mendacium,
3436 648 3482 691 et
3508 639 3695 694 colue—

2101 730 2216 773 runt
2244 731 2290 774 et
2315 723 2586 776 servierunt
2610 734 2885 786 creaturae,
2918 727 3085 794 potius
3125 743 3274 796 quant
3312 727 3565 794 Creatori,
3592 732 3695 800 qui

2099 823 2174 867 est
2199 813 2480 869 benedictus
2498 817 2551 869 in
2571 817 2755 870 saecula
2777 815 2950 888 (Rom.
2977 834 3014 882 ι,
3034 817 3148 889 25).
3171 818 3302 872 Nam
3327 823 3502 889 priore
3529 834 3692 892 parte

2104 902 2262 973 hujus
2289 906 2590 971 sententiae,
2623 907 2909 965 simulacra
2939 909 3235 976 damnavit;
3268 915 3561 981 posteriore
3580 932 3693 969 au-

2104 1006 2208 1051 tem
2230 1039 2244 1061 ,
2278 998 2741 1068 interpretationes
2806 1003 3248 1059 sitnulacmrum:
3281 1006 3480 1074 effigies
3530 1012 3690 1067 enim

2100 1103 2129 1142 a
2180 1088 2326 1143 fabro
2366 1089 2530 1145 factas
2573 1092 2889 1161 appellando
2930 1096 3232 1150 nominibus
3271 1114 3451 1153 earum
3496 1117 3687 1157 rerum

2101 1195 2233 1249 quas
2265 1179 2535 1236 fabricavit
2567 1183 2737 1249 Dens,
2769 1193 3120 1239 transmutant
3159 1189 3437 1245 veritatem
3485 1193 3573 1248 Dei
3615 1196 3686 1250 in

2102 1270 2464 1336 utendacium;
2499 1287 2584 1326 res
2609 1282 2784 1327 autem
2818 1275 2961 1342 ipsas
2984 1290 3080 1344 pro
3105 1276 3206 1330 diis
3235 1278 3475 1334 habendo
3503 1292 3554 1338 et
3579 1300 3686 1340 ve-

2101 1361 2359 1426 nerando,
2384 1364 2624 1419 serviunt
2640 1373 2899 1421 creaturae
2921 1368 3097 1437 potius
3118 1386 3275 1440 quam
3297 1370 3556 1443 Creatori,
3582 1379 3684 1447 qui

2098 1460 2181 1523 est
2207 1451 2514 1509 benedictus
2542 1455 2593 1510 in
2620 1458 2837 1513 saecula.

2170 1542 2223 1597 5.
2255 1541 2385 1612 Quis
2413 1554 2589 1611 autem
2614 1547 2799 1603 adorat
2821 1549 2900 1604 vel
2925 1557 3043 1604 orat
3069 1549 3282 1607 intuens
3301 1553 3681 1626 simulacrum,

2098 1637 2188 1707 qui
2212 1653 2314 1693 non
2340 1638 2418 1695 sic
2443 1639 2690 1708 afficitur,
2714 1649 2771 1696 ut
2796 1628 2865 1697 ab
2887 1658 2951 1699 co
2980 1658 3039 1698 se
3059 1646 3299 1701 exaudiri
3330 1657 3499 1717 putet,
3522 1650 3685 1707 abeo

2099 1730 2198 1784 sibi
2236 1731 2478 1801 praestari
2506 1732 2646 1802 quod
2675 1733 2946 1789 desiderat
2972 1739 3184 1806 speret?
3222 1737 3403 1810 Itaque
3430 1741 3687 1800 homines

2102 1820 2291 1875 talibus
2320 1823 2787 1889 superstitionibus
2812 1825 3050 1895 obligati,
3075 1827 3386 1903 plerumque
3406 1833 3473 1887 ad
3501 1833 3683 1904 ipsum

2098 1911 2265 1965 solem
2294 1911 2511 1967 dorsum
2552 1923 2787 1983 ponunt,
2824 1931 3008 1985 preces
3033 1917 3259 1974 fundunt
3283 1931 3473 1977 statua:
3513 1940 3681 1995 quam

2097 2004 2261 2056 solem
2287 2013 2509 2071 vocant;
2538 2014 2592 2061 et
2616 2021 2737 2062 cum
2764 2008 2938 2063 sonitu
2968 2011 3132 2067 maris
3159 2028 3188 2067 a
3218 2021 3365 2085 tergo
3395 2014 3681 2087 feriantur,

2096 2095 2324 2165 Neptuni
2373 2107 2597 2153 statuam
2643 2116 2799 2170 quam
2843 2116 2941 2172 pro
2967 2102 3082 2173 ipso
3113 2105 3245 2160 mari
3273 2107 3487 2176 colunt,
3518 2113 3683 2181 quasi

2096 2189 2410 2243 sentientem
2439 2191 2723 2260 gemitibus
2752 2190 2968 2247 feriunt.
3007 2195 3120 2251 lloc
3145 2198 3283 2251 enim
3309 2196 3434 2254 facit
3453 2209 3509 2256 et
3529 2219 3683 2274 quo-

2099 2277 2381 2334 dummodo
2409 2291 2687 2353 extorquet
2716 2284 2802 2338 illa
2836 2284 2998 2356 ﬁgura
3030 2289 3416 2355 membrorum,
3453 2302 3513 2347 ut
3548 2295 3682 2349 ani-

2096 2385 2214 2424 ntus
2260 2371 2440 2426 vivens
2487 2374 2539 2427 in
2582 2375 2826 2430 sensibus
2871 2380 3143 2447 corporis,
3176 2382 3340 2450 magis
3381 2383 3684 2439 arbitretur

2095 2462 2291 2517 sentire
2333 2479 2526 2533 corpus
2564 2466 2701 2535 quod
2746 2483 2844 2521 suo
2882 2471 3091 2539 corpori
3138 2463 3459 2528 simillimum
3489 2476 3632 2530 videt
3656 2518 3678 2540 ,

2094 2569 2250 2623 quam
2274 2556 2553 2610 rotundum
2584 2558 2751 2612 solem
2782 2559 3056 2630 undasque
3075 2561 3315 2628 diffusas,
3336 2573 3390 2618 et
3415 2566 3681 2635 quidquid

2095 2660 2199 2698 non
2231 2645 2429 2699 eisdem
2461 2647 2798 2703 lineamentis
2827 2649 3110 2705 formatum
3151 2655 3450 2724 conspicit,
3478 2656 3682 2725 quibus

2094 2738 2178 2793 illa
2204 2738 2422 2792 formata
2453 2748 2575 2793 sunt
2603 2757 2720 2810 quae
2747 2742 2972 2797 viventia
2999 2744 3180 2800 videre
3204 2747 3500 2802 consuevit.
3529 2746 3683 2803 Cou-

2095 2838 2173 2881 tra
2203 2830 2340 2883 hunc
2368 2830 2633 2896 affectum,
2660 2847 2764 2899 quo
2792 2831 3019 2887 humana
3051 2844 3102 2888 et
3130 2836 3360 2891 carnalis
3391 2835 3680 2896 infirmitas

2093 2918 2245 2974 facile
2274 2920 2389 2989 capi
2422 2930 2612 2989 potest,
2655 2931 2832 2976 cantat
2858 2922 3126 2993 Scriptura
3159 2925 3251 2980 Dei
3284 2943 3369 2982 res
3394 2931 3544 2986 valde
3566 2948 3678 2986 nn-

2093 3006 2360 3077 tissimas,
2406 3013 2609 3081 quibus.
2644 3024 3030 3070 commemoret
3076 3027 3129 3071 et
3178 3026 3427 3088 tanquam
3470 3015 3678 3078 excitet

2092 3114 2295 3157 mentes
2318 3103 2590 3157 hominum
2615 3105 2665 3158 in
2692 3107 3074 3161 consuetudine
3095 3124 3376 3178 Corporum
3398 3112 3679 3168 dormien-

2094 3202 2190 3247 tes.
2236 3193 2558 3259 Simulacra,
2591 3196 2792 3265 inquit,
2826 3196 3058 3252 Gentium
3089 3212 3349 3271 argentum
3375 3214 3423 3256 et
3460 3221 3673 3262 aurum.

2091 3282 2195 3337 Sed
2242 3285 2376 3339 Deus
2404 3284 2528 3340 fecit
2552 3298 2825 3356 argentum
2870 3300 2923 3343 et
2967 3306 3174 3344 aurum.
3230 3290 3428 3362 Opera,
3464 3295 3666 3365 inquit,

2092 3392 2328 3427 manuum
2358 3375 2616 3430 hominum
2641 3395 2659 3431 :
2688 3379 2787 3433 hoc
2813 3380 2953 3433 enim
2981 3392 3301 3436 venerantur
3321 3385 3459 3453 quod
3483 3386 3580 3456 ipsi
3601 3403 3675 3442 ex

2089 3483 2220 3520 auro
2247 3479 2568 3538 argentoque
2595 3467 2857 3525 fecerunt.

2161 3558 2213 3612 6.
2245 3556 2347 3613 Sed
2377 3559 2519 3613 enim
2546 3568 2599 3614 et
2629 3574 2727 3616 nos
2757 3561 3007 3632 pleraque
3054 3562 3405 3620 instrumenta
3446 3576 3501 3621 et
3538 3584 3672 3624 vasa

2089 3665 2154 3703 ex
2194 3648 2495 3717 huiusmodi
2537 3651 2756 3705 materia
2782 3652 2867 3705 vel
2902 3653 3116 3711 metallo
3146 3653 3404 3710 habemus
3429 3657 3480 3711 iu
3509 3673 3669 3714 usum

2090 3739 2525 3793 celebrandornm
2559 3748 3035 3808 sacramentorum,
3069 3759 3187 3813 qua:
3224 3745 3338 3813 ipso
3368 3731 3672 3804 ministerio

2090 3841 2398 3887 consecrata
2436 3842 2616 3887 sancta
2646 3831 2908 3897 dicantur,
2937 3834 2988 3887 in
3017 3833 3132 3903 ejus
3165 3834 3419 3892 honorem
3442 3832 3541 3892 cui
3565 3855 3668 3909 pro

2089 3925 2257 3978 salute
2301 3932 2477 3977 nostra
2519 3922 2641 3978 inde
2683 3924 2947 3978 servitur:
2980 3934 3185 3980 etsunt
3227 3926 3468 3998 profecto
3504 3931 3668 3986 etiam

2091 4016 2187 4070 ista
2218 4016 2566 4071 instrumenta
2590 4016 2672 4071 vel
2700 4031 2843 4084 vasa,
2873 4017 2997 4087 quid
3023 4018 3163 4073 aliud
3187 4036 3343 4090 quam
3369 4037 3528 4091 opera
3551 4039 3672 4078 ma-

2090 4124 2250 4162 nuum
2284 4108 2590 4163 hominum?
2612 4108 2984 4165 Verumtamen
3013 4113 3265 4182 numquid
3288 4130 3348 4168 os
3369 4116 3586 4179 habent,
3608 4128 3672 4176 ct

2090 4216 2193 4253 non
2224 4200 2538 4268 loquentur?
2564 4196 2816 4269 numquid
2847 4201 3033 4256 oculos
3064 4202 3281 4270 habent,
3305 4214 3356 4260 ct
3378 4222 3482 4260 non
3509 4208 3668 4264 vide-

2088 4290 2251 4345 bunt?
2280 4291 2529 4362 numquid
2568 4291 2645 4345 cis
2676 4292 3067 4361 supplicamus,
3099 4300 3217 4364 quia
3251 4312 3344 4365 per
3368 4314 3427 4353 ea
3457 4303 3668 4370 Sttppli-

2089 4398 2271 4436 camus
2300 4383 2440 4437 Deo?
2468 4381 2558 4435 Illa
2581 4382 2810 4437 maxime
2831 4399 2988 4440 causa
3014 4393 3096 4439 est
3123 4386 3407 4455 impietatis
3438 4391 3668 4459 inSante,

2090 4476 2228 4546 quod
2257 4477 2374 4547 plus
2404 4476 2547 4531 valet
2578 4476 2628 4530 in
2656 4476 2930 4535 affectibus
2956 4481 3273 4537 miserorum
3301 4484 3496 4540 viventi
3523 4487 3663 4541 simi»
3716 4521 3727 4530 -

2091 4566 2153 4620 lis
2184 4567 2345 4620 forma
2375 4581 2493 4636 qua:
2522 4566 2618 4620 sibi
2649 4566 2811 4621 efficit
2837 4569 3144 4638 supplicari,
3176 4588 3334 4642 quam
3365 4575 3504 4643 quod
3541 4591 3665 4631 eam

2092 4656 2422 4711 manifestum
2444 4666 2525 4711 est
2547 4672 2652 4711 non
2673 4672 2792 4712 esse
2808 4658 3091 4726 viventem,
3114 4670 3169 4715 ut
3190 4661 3429 4718 debeata
3449 4665 3668 4723 vivente

2088 4749 2374 4804 contemni.
2417 4750 2542 4804 Plus
2565 4750 2706 4803 enim
2733 4751 2911 4805 valent
2934 4753 3215 4809 simulacra
3243 4755 3308 4809 ad
3337 4759 3667 4815 curvandam

2090 4841 2353 4895 infelicem
2400 4841 2631 4895 animam
2678 4842 2827 4911 quod~
2864 4857 2923 4898 os
2953 4843 3182 4911 habent,
3212 4847 3396 4902 oculos
3425 4847 3665 4917 habent,

2089 4948 2247 4987 aures
2270 4932 2485 4995 habent,
2511 4948 2666 4987 nares
2688 4931 2904 4998 habent,
2930 4950 3117 4989 manus
3140 4936 3353 5003 habent,
3378 4938 3542 5006 pedes
3569 4939 3660 4993 ba-

2092 5024 2232 5088 bent,
2263 5040 2418 5094 quam
2442 5023 2505 5077 ad
2531 5023 2896 5094 corrigendam
2919 5026 3058 5095 quod
3088 5044 3192 5081 non
3222 5028 3527 5099 loquentur,
3554 5047 3662 5088 non

2092 5118 2375 5184 videbunt,
2406 5134 2511 5172 non
2538 5118 2785 5184 audient,
2819 5135 2922 5173 non
2938 5119 3274 5190 odorabunt,
3314 5138 3420 5178 non
3446 5136 3666 5182 contre-

2089 5210 2326 5275 ctabunt,
2357 5225 2460 5263 non
2487 5209 2848 5263 ambulabunt.
2897 5254 2907 5263 .

2163 5303 2213 5355 7.
2259 5300 2405 5373 [vers
2431 5297 2509 5371 8.]
2557 5299 2734 5370 itaque
2765 5302 3004 5372 sequitur
3045 5312 3104 5358 ιιι
3148 5304 3272 5359 illud
3320 5288 3531 5375 quoque
3574 5307 3659 5363 fiat

2090 5394 2228 5461 quod
2256 5393 2415 5447 etiam
2444 5392 2494 5445 in
2519 5392 2617 5446 hoc
2641 5393 2846 5462 psalmo
2872 5397 3139 5465 sequitur;
3170 5408 3225 5451 ut
3253 5398 3475 5466 scilicet,
3506 5399 3659 5454 Sinti.

2092 5486 2159 5537 les
2188 5484 2290 5536 illis
2323 5484 2448 5552 fiant
2478 5500 2646 5537 onmes
2675 5486 2758 5551 qui
2790 5487 2981 5556 faciunt
3006 5503 3063 5540 ea
3084 5530 3096 5550 ,
3125 5498 3172 5541 et
3200 5506 3369 5549 omnes
3392 5492 3477 5559 qui
3500 5493 3668 5560 conﬁ-

2091 5576 2214 5626 dunt
2252 5575 2305 5625 in
2351 5574 2438 5626 eis.
2471 5572 2691 5626 Videant
2716 5590 2842 5644 ergo
2877 5576 2963 5630 isti
2988 5579 3188 5646 apertis
3217 5587 3271 5633 et
3309 5578 3669 5637 sentientibus

2094 5665 2264 5720 oculis
2284 5707 2297 5733 ,
2326 5674 2373 5721 et
2406 5664 2629 5721 adorent
2656 5652 2849 5723 elausis
2873 5676 2926 5723 et
2956 5671 3177 5726 mortuis
3217 5676 3486 5728 mentibus
3506 5714 3525 5743 ,
3563 5669 3669 5733 nec
