4026 6202
311 317 330 370 1
354 315 443 369 185

316 432 563 492 videntia,
594 440 693 483 nec
718 422 947 479 viventia
975 418 1274 474 simulacra.

380 526 432 579 8.
478 519 623 594 [vera
658 513 835 588 9-11.]
871 531 888 565 ι
923 513 1122 567 Domus
1149 529 1168 561 ι
1195 517 1370 562 autem
1396 523 1417 557 ‹
1453 505 1614 559 Israel
1645 502 1883 573 speravit

313 620 363 671 in
384 608 684 671 Dominum.
703 607 842 677 Spes
864 624 884 658 ι
907 604 1045 660 enim
1074 620 1092 652 ε
1122 617 1237 671 qua:
1257 597 1482 661 videtur,
1509 611 1611 650 non
1629 606 1710 648 est
1727 608 1878 662 spes:

312 705 450 779 quod
476 704 616 758 enim
648 700 791 754 videt
814 698 969 768 quis,
998 693 1123 766 quid
1168 691 1382 761 sperat?
1426 688 1481 744 Si
1524 697 1701 742 autem
1741 685 1883 757 quod

316 815 418 855 non
443 795 685 850 videmus
705 805 999 862 speramus,
1021 803 1116 857 per
1138 783 1444 855 patientiam
1465 789 1835 851 exspectamus
1858 796 1879 831 ι

321 892 487 961 (Rom.
516 905 604 942 vm
626 930 640 952 ,
665 886 758 949 24,
786 884 858 939 25
876 882 917 952 ).
950 880 1055 936 Sed
1083 891 1138 934 ut
1171 877 1418 948 perduret
1448 890 1613 943 usque
1639 873 1690 928 in
1724 872 1883 926 tinem

322 987 424 1052 ipsa
478 978 726 1049 patientia
751 1018 766 1041 ,
808 974 1025 1042 Adjutor
1048 987 1223 1025 eorum
1250 979 1294 1022 et
1320 974 1573 1038 protector
1597 980 1770 1019 eorum
1792 971 1882 1017 est.

320 1081 394 1130 An
414 1074 636 1127 fortasse
652 1066 955 1139 spirituales
976 1062 1037 1134 (a
1069 1061 1262 1132 quibus
1291 1056 1533 1114 carnales
1558 1057 1888 1109 instruuntur

320 1166 368 1220 in
396 1163 583 1230 Spiritu
615 1154 1065 1219 mansuetudinis,
1096 1152 1217 1222 quia
1244 1150 1344 1219 ipsi
1374 1159 1620 1217 tanquam
1647 1144 1888 1214 superio-

322 1273 400 1311 res
433 1270 530 1325 pro
562 1249 902 1307 inferioribus
939 1242 1270 1316 supplicant)
1310 1242 1419 1312 jam
1453 1239 1629 1294 vident
1650 1280 1664 1298 .
1693 1246 1747 1293 et
1784 1237 1888 1292 illis

316 1350 417 1420 jam
447 1363 535 1403 res
556 1353 776 1414 estquae
803 1341 974 1396 adhuc
1000 1336 1339 1393 inferioribus
1369 1348 1493 1403 spes
1518 1332 1635 1388 est?
1660 1330 1776 1386 Non
1807 1338 1889 1385 est

321 1443 385 1497 ita
412 1458 425 1493 :
455 1453 580 1493 natn
605 1444 660 1491 et
687 1435 864 1489 domus
885 1432 1055 1485 Aaron
1083 1427 1297 1499 speravit
1325 1427 1378 1480 in
1404 1425 1696 1479 Dominum.
1723 1421 1886 1492 Ergo,

320 1540 374 1586 ut
404 1530 571 1587 etiam
608 1525 711 1598 ipsi
754 1529 1158 1594 perseveranter
1183 1516 1535 1574 extendantur
1570 1506 1626 1568 in
1662 1530 1725 1569 ea
1768 1528 1890 1583 quae

318 1632 437 1675 ante
467 1628 609 1681 sunt,
633 1627 686 1671 et
713 1622 1112 1686 perseveranter
1133 1617 1370 1674 currant,
1398 1607 1570 1663 donec
1591 1603 1891 1675 apprehen-

319 1714 444 1767 dant
471 1713 526 1765 in
555 1726 661 1780 quo
689 1706 1005 1776 apprehensi
1034 1712 1159 1758 sunt
1187 1699 1444 1770 (Philipp.
1472 1716 1549 1759 ιιι,
1577 1698 1763 1767 1214)
1781 1739 1795 1760 ,
1836 1704 1891 1751 et

319 1808 641 1873 cognoscant
664 1799 800 1853 sicut
823 1805 877 1852 et
901 1795 1094 1866 cogniti
1121 1801 1244 1848 sunt
1271 1791 1320 1863 (1
1349 1790 1467 1846 Cor.
1492 1805 1604 1848 xm.
1633 1787 1752 1858 12),
1781 1788 1888 1840 Ad-

320 1899 453 1962 ἔικτον
476 1908 650 1948 eorum
670 1899 715 1945 et
738 1896 985 1956 protector
1008 1901 1178 1940 eorum
1198 1876 1289 1936 est.
1314 1880 1532 1950 Utrique
1553 1879 1691 1934 enim
1719 1878 1892 1931 timent

323 1986 614 2049 Dominum,
647 1990 691 2037 et
717 1987 1037 2051 speraverant
1063 1975 1117 2029 in
1144 1972 1420 2028 Dominum
1445 1988 1465 2025 .'
1490 1970 1694 2041 adjutor
1719 1984 1889 2022 eorum

319 2089 359 2133 et
390 2088 636 2149 protector
663 2088 832 2127 eorum
858 2081 950 2124 est.

372 2171 440 2224 .9.
470 2165 622 2240 [vers.
647 2161 872 2235 12,115.]
901 2161 1085 2239 Neque
1125 2157 1269 2214 enim
1316 2170 1413 2211 nos
1451 2154 1658 2209 meritis
1695 2151 1893 2207 nostris

323 2258 673 2330 przevenituus
722 2252 1139 2309 misericordiam
1190 2244 1599 2306 Domini:sed.
1649 2243 1893 2298 Dominus

323 2368 509 2405 memor
538 2349 634 2418 fuit
663 2348 853 2409 nostri,
880 2353 925 2397 et
951 2341 1200 2397 benedixit
1225 2355 1337 2394 nos.
1380 2335 1648 2391 Benedixit
1690 2335 1895 2388 domum

326 2441 507 2497 Israel.
536 2438 784 2494 benedixit
806 2437 1009 2489 domum
1031 2433 1221 2487 Aaron.
1244 2430 1508 2497 Utrosque
1528 2440 1702 2482 autem
1730 2427 1893 2480 bene-

323 2535 519 2598 dicens,
553 2528 821 2586 Benedixit
864 2541 1034 2581 omnes
1080 2524 1306 2578 timentes
1349 2520 1646 2574 Dominum.
1689 2518 1893 2587 Quaeris

326 2642 454 2701 quos
496 2618 787 2691 utrosque?
830 2614 1212 2686 respondetur,
1253 2611 1478 2666 Pusillos
1521 2626 1635 2663 cum
1678 2608 1892 2680 magnis.
1960 2672 1961 2675 η

330 2700 436 2772 nec
462 2723 567 2779 est,
598 2712 816 2767 domum
843 2707 1005 2762 lsrael
1033 2720 1152 2759 cum
1177 2702 1335 2757 domo
1363 2702 1562 2767 Aaron,
1595 2714 1687 2756 eos
1717 2700 1897 2769 utique

327 2807 412 2876 qui
438 2822 501 2861 ex
528 2805 642 2874 ipsa
665 2808 822 2873 gente
848 2795 1188 2853 crediderunt
1227 2793 1279 2847 in
1319 2791 1637 2846 salvatorem
1679 2789 1894 2855 .lesum;

328 2898 445 2968 quia
472 2915 491 2947 ι
519 2909 627 2949 non
659 2893 709 2947 in
727 2888 974 2946 omnibus
1003 2885 1108 2939 illis
1135 2881 1592 2952 heneplacuitDeu
1618 2878 1724 2952 (Id.
1746 2896 1798 2954 gi,
1818 2877 1895 2949 5).

328 2988 428 3044 Sed
453 2987 497 3042 si
519 2984 736 3057 quidam
766 2982 977 3037 illorum
1011 2993 1114 3032 non
1145 2973 1504 3034 crediderunt,
1539 2970 1792 3042 numquid
1819 2971 1923 3055 in-\

329 3081 609 3137 credulitas
636 3077 847 3132 illorum
878 3072 1035 3127 ﬁdem
1068 3070 1159 3125 Dei
1188 3066 1501 3124 evacuabit?
1527 3064 1679 3119 Absit
1721 3063 1895 3133 (Rom.

332 3190 404 3238 m,
424 3174 501 3243 5).
524 3171 707 3240 Neque
733 3167 874 3222 enim
902 3177 1088 3218 omnes
1116 3161 1203 3233 qui
1232 3168 1356 3215 sunt
1376 3174 1439 3213 ex
1472 3156 1664 3223 Israel,
1694 3156 1746 3210 hi
1778 3163 1902 3211 sunt

333 3265 515 3328 lsrael;
546 3274 719 3330 neque
739 3257 826 3328 qui
847 3269 1026 3311 semen
1056 3261 1179 3307 sunt
1200 3250 1487 3315 Abraham,
1515 3262 1701 3302 omnes
1724 3244 1846 3300 lilii:
1876 3264 1894 3297 ι

332 3355 441 3419 sed,
466 3354 604 3408 sicut
626 3350 879 3420 scriptum
904 3353 1006 3411 est,
1041 3340 1284 3412 Reliquiae
1302 3341 1455 3395 salute
1476 3344 1627 3410 [cette
1650 3346 1787 3393 sunt.
1821 3336 1899 3390 Ex

333 3460 550 3516 persona
578 3425 726 3498 enim
756 3454 940 3496 eorum
974 3437 1064 3508 qui
1106 3436 1228 3489 inde
1266 3432 1639 3495 crediderunt,
1666 3430 1897 3485 dicitur:

336 3536 445 3591 Nisi
485 3534 734 3589 Dominus
776 3528 1005 3586 Sabaoth
1047 3526 1324 3598 reliquisset
1365 3524 1507 3578 nobis
1546 3540 1742 3587 semen,
1776 3523 1901 3575 sicut

337 3627 555 3682 Sodoma
583 3624 704 3693 facti
730 3637 967 3686 essemus,
990 3627 1036 3672 et
1065 3620 1190 3672 sicut
1213 3614 1494 3670 Comorrha
1516 3615 1701 3667 similes
1723 3614 1904 3682 fuisse-

334 3735 437 3773 mus
465 3717 575 3791 (Id.
600 3731 675 3780 lx,
698 3713 750 3779 6,
774 3714 829 3778 Ἰ,
849 3710 940 3777 27,
965 3709 1083 3779 29).
1103 3707 1208 3764 Sed
1238 3707 1355 3778 ideo
1377 3721 1578 3769 semen,
1609 3703 1728 3773 quia
1754 3718 1903 3772 sitar-

334 3827 444 3866 sum
475 3822 569 3878 per
595 3817 766 3878 terras
795 3800 1196 3871 multiplicatum
1226 3805 1327 3852 est.

405 3874 490 3956 10.
520 3874 674 3971 [versi
705 3891 918 3965 11-18.]
946 3893 1205 3946 Dixerunt
1226 3887 1369 3943 enim
1398 3886 1572 3955 magni
1602 3885 1618 3916 ¹
1649 3883 1713 3937 de
1742 3883 1901 3937 dumo

337 3994 530 4056 Aaron,
558 3988 778 4058 Adjiciat
803 3982 1046 4039 Dominus
1068 3996 1220 4050 super
1263 3994 1370 4044 vos,
1397 3994 1548 4043 super
1572 3991 1656 4029 vas
1684 3986 1727 4027 et
1753 3991 1902 4058 super

340 4082 468 4153 ﬁlios
504 4080 754 4136 vestros’.
781 4077 850 4132 Et
889 4076 961 4130 ita
1002 4072 1197 4127 factum
1238 4079 1339 4124 est.
1371 4068 1724 4122 Accesseruut
1761 4064 1901 4119 enim

339 4177 491 4231 etiam
518 4175 587 4228 de
613 4170 883 4241 lapidibus
903 4164 1142 4222 suscitati
1174 4162 1262 4217 lilii
1291 4160 1556 4216 Abraham
1583 4156 1794 4229 (Matth.
1823 4172 1897 4221 ut,

342 4266 396 4335 9)
420 4283 433 4319 :
461 4244 793 4319 accesserunt
821 4272 947 4313 oves
973 4272 1090 4327 qum
1120 4269 1224 4309 non
1254 4260 1406 4308 erant
1430 4250 1496 4305 de
1524 4249 1627 4303 hoc
1655 4247 1812 4310 ovili,
1843 4256 1901 4299 ut

343 4357 485 4413 ﬁeret
503 4368 636 4410 unus
655 4367 781 4424 grex
803 4360 857 4406 et
882 4363 1016 4403 unus
1036 4353 1215 4416 pastor
1237 4342 1415 4414 (Joun.
1441 4357 1494 4408 x,
1523 4337 1611 4413 16)
1642 4357 1654 4394 :
1678 4338 1904 4393 accessit

347 4448 468 4503 lldes
493 4445 725 4502 omnium
751 4442 1006 4514 gentium,
1036 4447 1089 4493 et
1117 4436 1282 4492 crevit
1312 4448 1565 4489 numerus
1596 4447 1700 4487 non
1727 4432 1894 4485 Solum

348 4539 647 4609 sapientium
671 4533 962 4590 antistitum
988 4572 1002 4595 ,
1032 4529 1124 4584 sed
1151 4529 1310 4584 etiam
1338 4524 1698 4580 obedientium
1731 4538 1902 4593 popu-

348 4632 532 4696 lorum;
562 4628 844 4698 adjiciente
886 4623 1110 4678 Domino
1150 4636 1258 4675 non
1297 4619 1468 4673 solum
1499 4631 1662 4687 super
1702 4623 1901 4685 patres,

343 4726 423 4797 qui
451 4726 515 4779 ad
547 4724 696 4778 illum
725 4722 778 4775 in
802 4719 1015 4774 Christo
1043 4725 1267 4771 cancros
1292 4713 1594 4766 imitaturus
1619 4709 1901 4806 praeirent,

341 4818 427 4874 sed
455 4819 616 4879 etiam
645 4829 805 4884 super
834 4810 969 4866 ﬁlios
995 4824 1201 4873 eorum,
1224 4806 1310 4877 qui
1336 4813 1541 4875 patrum
1570 4804 1656 4873 pia
1682 4802 1903 4870 ves‘tigia

340 4916 700 4981 sequerentur.
729 4904 860 4959 Nam
887 4903 966 4957 sic
994 4902 1067 4954 ait
1097 4899 1185 4953 ille
1229 4897 1309 4950 his
1349 4911 1485 4965 quos
1529 4909 1623 4964 per
1668 4893 1903 4961 Evange-

341 5005 459 5061 lium
484 5003 535 5057 in
556 5000 772 5055 Christo
796 5003 1052 5064 genuerat
1074 5010 1087 5046 :
1118 4989 1402 5044 Imitatores
1436 4989 1530 5041 mei
1559 4995 1711 5041 estote
1732 5027 1746 5050 ,
1773 4987 1902 5040 sicut

339 5106 380 5149 et
405 5113 490 5167 ego
512 5093 698 5149 Christi
723 5091 763 5159 (I
786 5088 902 5144 Cor.
928 5104 998 5153 tv,
1025 5086 1091 5140 15
1108 5094 1153 5139 et
1175 5083 1279 5154 16).
1306 5080 1697 5150 Adjecititaqtte
1725 5078 1902 5131 Domi—

340 5204 431 5242 nus
451 5229 465 5252 ,
494 5201 599 5241 non
642 5183 812 5240 solum
849 5194 1008 5248 super
1040 5185 1249 5230 montes
1288 5171 1572 5243 gestientes
1599 5170 1735 5224 sicut
1765 5169 1903 5223 arie-

343 5292 449 5345 tes,
477 5280 567 5335 sed
620 5277 780 5333 etiam
824 5288 982 5343 super
1024 5270 1188 5326 colles
1229 5268 1517 5332 gestientes
1560 5265 1697 5320 sicut
1736 5278 1902 5335 agnos

337 5374 504 5426 ovium
531 5370 574 5425 ⁸.

396 5572 411 5601 ι
437 5575 567 5625 mm,
588 5575 764 5629 magna
786 5575 803 5611 :
826 5552 1663 5629 dissentientibus‘eretcrisjihris:A
1833 5612 1872 5629 Μ

395 5634 413 5663 ³
438 5613 567 5687 mss:
583 5613 729 5689 supEr
762 5637 877 5689 nos,_
904 5634 1048 5689 super
1084 5632 1168 5689 nos
1206 5625 1249 5667 et
1271 5629 1413 5674 super
1448 5613 1572 5678 filios
1607 5617 1808 5663 no;tros.
1833 5613 1904 5661 Sic

342 5680 754 5743 etiamhabenttn
780 5680 1210 5750 Psal.1l?.n;
1331 5747 1339 5750 _
1454 5738 1463 5748 ,
1533 5744 1543 5750 ,
1668 5736 1679 5747 ,
1731 5735 1769 5750 ν.

398 5758 419 5788 ³
440 5755 511 5804 sic
535 5762 636 5803 MSS.
658 5758 715 5801 At
734 5755 844 5799 Lov.
862 5780 877 5806 ,
897 5743 1057 5805 colles,
1076 5742 1127 5792 id
1143 5746 1212 5792 est
1233 5747 1408 5804 gentes,
1424 5742 1543 5791 sicut
1568 5742 1679 5802 agni
1697 5742 1868 5788 meum.

1358 293 1750 352 ENARRATIU
1788 291 1851 346 IN
1877 290 2195 348 PSALMUM
2235 291 2416 348 CXIV.

3429 301 3563 358 2-386

2066 407 2150 460 11.
2195 407 2419 461 Proinde
2450 407 2530 461 bis
2561 409 2795 479 utrisque
2826 411 3027 480 magnis
3059 422 3112 467 et
3142 413 3344 480 pusillis
3366 458 3379 479 ,
3411 434 3556 470 im)"-

1994 498 2131 553 tlbus
2178 507 2233 552 et
2273 498 2537 563 collibus,
2578 500 2832 557 arietibus
2857 513 2911 557 ct
2938 503 3087 574 agnis
3126 504 3253 560 dicit
3299 504 3559 578 Propheta

1990 588 2130 660 quod
2158 590 2432 659 sequitur:
2457 587 2711 644 Benedicti
2738 607 2823 647 vos
2857 591 3069 649 Domino
3088 636 3103 662 ,
3132 596 3217 666 qui
3241 599 3355 670 fecit
3383 600 3561 654 civium

1992 691 2039 733 et
2067 690 2270 735 terram.
2300 681 2568 751 Tanquam
2594 682 2794 739 diceret
2815 727 2828 751 ,
2872 686 3139 744 Benedicti
3182 703 3278 744 vos
3318 690 3553 765 Domino,

1992 774 2080 842 qui
2125 787 2219 826 vos
2266 773 2390 828 fecit
2429 775 2622 831 etelum
2663 776 2713 830 iu
2760 781 2983 849 magnis,
3013 791 3208 836 terram
3234 782 3288 836 in
3315 783 3561 853 pusillis:

1993 863 2085 917 sed
2110 863 2302 920 caelum
2325 880 2429 920 non
2456 866 2593 921 istud
2622 868 2846 933 visibile,
2876 871 3086 939 plenum
3105 873 3469 939 ,luminaribus
3494 875 3562 932 ad

1996 953 2094 1007 hos
2119 954 2300 1010 oculos
2333 956 2742 1025 pertinentibus.
2783 958 2973 1013 Cirlum
2996 962 3135 1016 enim
3162 963 3273 1018 (teli
3307 963 3563 1033 Domino;

1995 1044 2084 1114 qui
2106 1046 2274 1100 erexit
2300 1056 2353 1101 et
2379 1048 2683 1103 sublimavit
2701 1051 3050 1119 quorumdam
3081 1064 3382 1111 sanctorum
3415 1072 3565 1112 men.

1956 1186 1965 1193 .
1995 1146 2075 1191 tes
2102 1138 2152 1191 in
2177 1146 2401 1206 tantum,
2430 1150 2485 1194 ut
2508 1141 2634 1194 nulli
2664 1142 3063 1209 hominum,sed
3090 1145 3186 1215 ipsi
3214 1146 3325 1202 Deo
3350 1160 3449 1204 ‘suo
3469 1148 3565 1205 do-

1993 1229 2176 1284 cibiles
2220 1231 2446 1285 tierent:
2481 1234 2532 1286 in
2564 1233 2715 1303 cujus
2743 1234 2863 1289 creti
2888 1238 3285 1305 comparatione
3311 1236 3563 1311 quidquid

1994 1320 2204 1375 carneis
2238 1322 2408 1376 oculis
2446 1324 2700 1389 cernitur,
2720 1313 2875 1379 terra
2903 1325 3126 1382 dicenda
3156 1337 3267 1392 est;
3291 1344 3446 1399 quam
3473 1331 3563 1384 de-
3610 1349 3627 1365 ο

1995 1412 2068 1464 dit
2095 1412 2213 1480 ﬁliis
2236 1413 2527 1480 hominum,
2557 1423 2616 1469 ut
2644 1415 2757 1485 ejus
2793 1416 3222 1473 consideratione
3260 1419 3377 1476 sive
3409 1421 3478 1477 ab
3503 1437 3564 1477 ea

1996 1513 2146 1573 parte
2175 1520 2294 1574 qua:
2318 1520 2478 1575 super
2504 1507 2733 1563 illustrat
2753 1549 2766 1570 ,
2794 1509 2934 1564 sicut
2961 1522 3045 1566 est
3077 1511 3176 1567 hoc
3210 1513 3348 1583 quod
3378 1514 3567 1570 dicitur

1995 1594 2211 1661 coelum,
2241 1599 2352 1651 sive
2378 1597 2444 1651 ab
2465 1613 2526 1653 ea
2550 1613 2670 1668 qua:
2696 1600 2879 1655 subter
2901 1601 3213 1667 illustratur;
3242 1606 3324 1658 cui
3359 1607 3567 1675 proprie

1997 1697 2134 1739 terra
2165 1702 2356 1743 nomen
2383 1699 2486 1755 est,
2510 1704 2631 1745 cum
2657 1699 2821 1745 totum
2847 1693 2983 1747 sicut
3006 1697 3564 1761 commemoravimus,

1964 1852 1971 1859 θ
1997 1776 2049 1828 in
2081 1776 2219 1831 illius
2245 1781 2641 1849 comparatione
2669 1781 2812 1852 quod
2835 1783 3026 1838 ccelum
3050 1786 3170 1840 coeli
3192 1777 3404 1856 dicitur,
3429 1799 3566 1845 terra

1997 1868 2094 1930 sit;
2139 1877 2323 1922 terram
2348 1886 2474 1941 ergo
2505 1871 2662 1926 istam
2694 1882 2863 1928 totam
2884 1874 3020 1928 dedit
3048 1876 3169 1946 ﬁliis
3196 1878 3483 1947 hominum,
3512 1892 3569 1935 ut

1998 1959 2113 2030 ejus
2162 1961 2616 2031 consideratione,
2672 1976 2923 2035 quantum
2974 1977 3227 2040 possunt,
3283 1970 3572 2042 eonjieiant

1998 2052 2332 2117 Creatorem,
2360 2068 2518 2123 quem
2557 2054 2783 2111 inﬁrmis
2816 2056 2990 2113 adhuc
3029 2058 3278 2117 cordibus
3308 2062 3429 2119 sine
3468 2062 3571 2119 isto

1997 2141 2316 2212 conjectum
2344 2144 2665 2199 adminiculo
2693 2146 2872 2202 videre
2898 2163 3002 2202 non
3035 2158 3275 2219 possunt.

2071 2232 2283 2288 i2.'Est
2308 2243 2361 2289 et
2390 2234 2525 2290 alius
2555 2236 2883 2304 intellectus,
2911 2254 2941 2293 a
2968 2255 3074 2310 quo
3098 2222 3432 2299 dissimulare
3464 2232 3568 2301 non

1998 2322 2187 2385 debeo,
2212 2324 2493 2381 verborum
2524 2325 2765 2390 istorum,
2798 2328 2990 2396 quibus
3018 2329 3215 2415 dictum
3241 2340 3323 2386 est
3341 2373 3357 2400 ,
3381 2332 3571 2388 Cretum

1998 2416 2111 2470 curti
2139 2414 2374 2483 Domino,
2402 2427 2585 2471 terram
2607 2429 2775 2472 autem
2797 2419 2933 2472 dedit
2958 2419 3079 2489 [iliis
3101 2414 3360 2477 hominum
3385 2440 3404 2478 :
3426 2435 3484 2480 ut
3505 2427 3572 2481 ab

2000 2521 2066 2561 eo
2106 2507 2243 2577 quod
2280 2507 2541 2574 diximus,
2587 2524 2690 2563 non
2731 2510 2947 2564 recedat
2976 2510 3223 2567 intentio.
3259 2513 3572 2572 Dixeramus

2000 2598 2140 2652 enim
2172 2612 2391 2668 magnos
2416 2608 2470 2653 et
2498 2599 2716 2681 pusillos
2737 2599 3026 2669 significari
3049 2601 3208 2656 etiam
3230 2619 3296 2660 eo
3315 2605 3456 2674 quod
3479 2607 3567 2665 ad-

1997 2687 2193 2758 jectum
2224 2702 2303 2743 cst
2324 2732 2338 2754 ,
2372 2687 2630 2745 Benedicti
2657 2707 2741 2744 vos
2781 2688 3000 2745 Domino
3019 2734 3034 2759 ,
3070 2695 3156 2762 qui
3180 2695 3295 2766 fecit
3321 2696 3502 2751 calum
3529 2708 3574 2752 et

2003 2791 2207 2834 terram.
2254 2780 2308 2836 Si
2339 2796 2464 2851 ergo
2492 2796 2712 2852 magnos
2738 2781 2893 2847 coeli,
2932 2783 3152 2851 pusillos
3193 2793 3369 2842 autem
3417 2797 3574 2845 terra:

2004 2871 2216 2927 nomine
2244 2855 2532 2942 accipimus
2559 2891 2571 2926 :
2595 2872 2846 2943 quoniam
2878 2874 3055 2944 pusilli
3086 2877 3383 2933 crescendo
3412 2877 3573 2935 futuri

2003 2970 2127 3016 sunt
2149 2961 2362 3025 coelum,
2386 2969 2440 3016 et
2464 2962 2519 3016 in
2547 2962 2659 3031 ipsa
2689 2977 2784 3032 spe
2818 2963 2959 3037 laete
2983 2965 3317 3029 nutriuntur;
3350 2969 3427 3024 sic
3452 2983 3575 3025 sunt

2004 3055 2075 3110 illi
2105 3056 2279 3126 magni
2309 3054 2499 3111 caelum
2531 3065 2688 3111 terrae
2710 3100 2723 3119 ,
2758 3072 2877 3111 cum
2922 3060 3172 3127 parvulos
3202 3062 3440 3117 uulriuut
3459 3104 3475 3129 ,
3519 3075 3576 3117 ut

2004 3147 2164 3203 etiam
2185 3148 2379 3204 ctelum
2400 3148 2525 3202 casti
2550 3164 2608 3202 se
2628 3162 2748 3203 esse
2777 3149 3092 3220 intelligant,
3121 3150 3244 3207 dum
3265 3153 3498 3225 cogitant
3522 3155 3575 3211 in

2004 3253 2104 3307 qua
2133 3252 2227 3307 spe
2260 3236 2460 3307 parvuli
2489 3238 2807 3292 nutriantur.
2855 3238 2960 3294 Sed
2999 3250 3174 3296 tamen
3205 3241 3326 3313 quia
3361 3244 3472 3313 jam
3504 3244 3576 3299 illi

2006 3344 2110 3383 non
2140 3332 2205 3383 ab
2230 3327 2476 3393 homine,
2506 3343 2678 3397 neque
2700 3344 2795 3398 per
2818 3327 3089 3384 hominem
3113 3373 3127 3398 ,
3161 3331 3253 3387 sed
3286 3348 3379 3402 per
3404 3333 3576 3404 ipsum

2006 3421 2170 3476 Deum
2201 3431 2422 3490 carpunt
2450 3420 2808 3475 sinceritatem
2838 3421 3240 3493 ubertatemque
3266 3425 3577 3496 sapientiae;

2005 3522 2324 3583 acceperunt
2368 3514 2612 3582 parvulos
2656 3511 2861 3568 futuros
2886 3513 3098 3584 quidem
3128 3516 3357 3583 coelum,
3384 3525 3440 3572 ut
3466 3533 3577 3574 cte-

2005 3607 2114 3661 lum
2143 3606 2262 3660 cteli
2296 3620 2354 3659 se
2391 3620 2508 3659 esse
2537 3606 2734 3669 sciant;
2766 3605 2941 3660 adhuc
2956 3615 3141 3660 tamen
3171 3617 3363 3661 terram
3385 3609 3469 3663 cui
3496 3608 3577 3665 di-

2007 3704 2147 3762 cant,
2177 3694 2288 3765 Ego
2312 3696 2557 3764 plantavi,
2590 3694 2772 3765 Apollo
2797 3695 2998 3765 rigavit,
3027 3694 3117 3749 sed
3145 3694 3277 3749 Deus
3303 3697 3583 3754 incremen-

2008 3795 2113 3839 tum
2133 3785 2267 3838 dedit
2284 3786 2305 3848 (
2322 3784 2473 3837 l'Cor.
2497 3799 2574 3848 in,
2593 3783 2669 3853 6).
2692 3783 2825 3852 ipsis
2844 3785 2985 3837 enim
3009 3784 3132 3839 ﬁliis
3157 3784 3426 3841 hominum
3446 3804 3581 3859 quos

2008 3875 2130 3930 fecit
2155 3875 2369 3936 caelum,
2392 3883 2584 3928 terram
2608 3872 2753 3928 dedit
2782 3874 2831 3927 iu
2860 3892 2959 3943 qua
2983 3888 3294 3944 operentur,
3318 3876 3407 3946 qui
3434 3881 3581 3936 novit

2010 3978 2163 4020 teme
2182 3964 2470 4036 providere
2494 3981 2588 4035 per
2609 3965 2825 4020 caelum.
2846 3965 3103 4021 'Mancant
3128 3968 3287 4038 igitur
3308 3970 3500 4026 emittm
3528 3982 3582 4028 et

2010 4068 2150 4111 terra
2180 4057 2232 4111 in
2262 4057 2371 4111 Deo
2397 4071 2495 4109 suo
2523 4055 2611 4125 qui
2638 4054 2762 4111 iecit
2790 4071 2873 4122 ea,
2903 4064 2957 4112 et
2983 4058 3164 4112 vivant
3187 4074 3252 4114 ex
3278 4074 3343 4115 eo
3364 4103 3380 4127 ,
3412 4063 3581 4118 conli-

2011 4157 2184 4205 tentes
2205 4148 2252 4203 ei
2272 4157 2325 4203 et
2346 4147 2621 4202 laudantes
2641 4162 2762 4202 eum
2784 4165 2798 4205 :
2823 4164 2943 4203 nam
2964 4149 3007 4203 si
3029 4164 3094 4204 ex
3115 4163 3175 4205 se
3196 4151 3365 4207 velint
3382 4153 3578 4221 vivere,

2010 4241 2322 4305 morientur,
2346 4239 2483 4295 sicut
2504 4237 2762 4308 scriptum
2792 4251 2895 4306 est,
2924 4243 2967 4292 A
2994 4250 3189 4295 mortuo
3211 4242 3356 4313 quasi
3379 4245 3463 4313 qui
3481 4260 3583 4299 non

2009 4332 2092 4396 sit,
2121 4331 2247 4402 perit
2271 4330 2520 4399 confessio
2552 4328 2736 4403 (Eccli.
2768 4345 2905 4397 xvu,
2926 4331 3040 4402 26).
3071 4330 3206 4397 Sed,
3242 4330 3367 4389 Non
3400 4337 3583 4389 mortui

2011 4422 2285 4479 laudabunt
2314 4434 2360 4478 te
2379 4465 2394 4489 ,
2426 4423 2642 4478 Domine
2660 4466 2674 4488 ,
2706 4440 2864 4496 neque
2887 4440 3057 4478 omnes
3077 4426 3161 4496 qui
3189 4424 3494 4481 descendunt
3530 4428 3584 4482 in

2009 4516 2282 4587 infernum.
2310 4511 2515 4571 Clamat
2542 4516 2682 4571 enim
2711 4516 2815 4570 alio
2845 4515 2964 4570 loco
2996 4525 3081 4570 tua
3112 4514 3385 4587 Scriptura
3411 4535 3423 4571 :
3449 4517 3585 4573 Pec-

2010 4617 2176 4672 cator,
2209 4607 2330 4660 dum
2364 4608 2552 4661 venerit
2584 4607 2638 4661 in
2669 4606 2978 4678 profundum
3004 4606 3253 4661 malorum
3276 4649 3290 4672 ,
3317 4610 3587 4663 contemnit

2012 4699 2191 4770 (Prov.
2217 4714 2368 4760 xvm,
2399 4699 2479 4768 3).
2510 4698 2615 4752 Sed
2637 4715 2729 4751 nos
2750 4699 2836 4768 qui
2862 4700 3088 4761 vivimus,
3118 4699 3455 4755 benedicimus
3476 4698 3586 4754 Do-

2012 4793 2223 4859 minam,
2254 4807 2314 4845 ex
2343 4791 2436 4843 hoc
2466 4806 2597 4843 nunc
2627 4799 2673 4841 et
2699 4806 2850 4858 usque
2871 4790 2924 4842 in
2947 4790 3206 4844 saxulum.

2440 5019 2525 5079 IN
2568 5019 2705 5078 PSA
2717 5019 2945 5080 LMUM
2989 5020 3210 5083 CXIV.

2574 5159 2982 5214 ENARRATIO.

2531 5307 2591 5347 δε
2599 5307 2703 5347 llo
2734 5308 2800 5348 AD
2830 5307 3033 5355 PLBBEI
3042 5332 3054 5345 .

2082 5450 2133 5503 1.
2166 5447 2326 5521 [vers.
2358 5445 2430 5519 1.]
2469 5446 2632 5502 Dilexi
2652 5490 2666 5512 ,
2693 5447 2931 5518 quoniam
2961 5428 3194 5501 exaudiet
3227 5444 3467 5504 Dominus
3498 5466 3587 5505 vo-

2009 5557 2114 5596 cem
2136 5538 2501 5610 deprecationis
2526 5555 2667 5593 mew.
2687 5538 2875 5593 Cantet
2896 5537 2998 5592 hoc
3020 5537 3193 5599 anima
3211 5554 3328 5608 qute
3354 5543 3590 5612 peregri-

2013 5641 2169 5687 natur
2198 5648 2226 5684 a
2262 5631 2485 5686 Domino
2504 5673 2518 5697 ,
2552 5620 2729 5686 cantet
2764 5630 2866 5684 hoc
2895 5630 3009 5684 ovis
3039 5630 3125 5684 illa
3149 5647 3263 5702 qua:
3292 5636 3585 5697 erraverat.

2011 5732 2190 5809 cantet
2236 5722 2341 5780 huc
2385 5724 2521 5781 titius
2566 5723 2656 5781 ille
2695 5722 2786 5795 qui
2811 5733 3053 5781 mortuus
3081 5721 3252 5784 fuerat
3285 5736 3339 5784 et
3362 5728 3587 5797 revixit,
