4026 6202
493 104 512 133 Ι

377 268 404 319 Ἰ
419 265 516 318 487

384 379 612 451 perierat
641 383 695 432 et
719 375 964 432 inventus
992 383 1074 429 est
1098 370 1250 443 (Luc.
1283 385 1373 435 x_v,
1402 369 1455 436 6,
1484 366 1608 441 Si);
1638 375 1814 422 cantet
1844 367 1943 420 hoc

383 470 556 523 anima
585 477 797 534 nostra,
824 466 1015 521 fratres
1039 474 1093 519 et
1123 462 1211 516 lilii
1242 460 1560 517 charissimi.
1608 458 1943 523 Erudiamur,

385 574 438 616 et
465 574 868 632 permaneanms
887 599 901 624 ,
931 566 984 612 et
1007 571 1127 611 cum
1153 554 1351 609 sanctis
1377 554 1476 608 ista
1504 560 1781 608 cantemus
1807 567 1821 605 :
1848 549 1943 603 Di-

385 654 485 707 lexi
504 694 518 720 ,
547 652 781 723 quoniam
809 635 1038 703 exaudiet
1082 645 1331 700 Dominus
1377 660 1545 699 vocem
1586 642 1948 712 deprecationis

383 761 524 799 nu‘te.
558 740 816 810 Numquid
847 738 961 808 ipsa
988 737 1238 808 diligendi
1264 751 1424 794 causa
1449 745 1551 802 est,
1580 734 1817 804 quoniam
1846 732 1950 786 Do-

384 836 548 890 minus
589 831 819 887 exaudie'
863 847 1033 885 vocem
1070 828 1435 900 deprecationis
1460 828 1617 882 mete?
1639 841 1700 881 ac
1723 842 1824 881 non
1858 841 1949 894 po-

382 929 487 982 tius
514 935 602 981 aut
629 925 747 980 ideo
772 922 1043 994 diligimus
1085 921 1205 993 quia
1236 920 1531 986 exaudivit,
1558 928 1649 973 aut
1680 917 1798 973 ideo
1825 917 1947 972 dili-

382 1021 551 1090 gimus
582 1026 638 1072 ut
665 1017 941 1072 exaudiat?
978 1016 1114 1083 Quid
1159 1024 1242 1071 est
1288 1030 1446 1085 ergo,
1481 1013 1649 1068 Dilexi
1668 1054 1683 1079 ,
1712 1012 1950 1083 quoniam

380 1109 648 1165 exaudiet?
676 1112 760 1163 An
790 1108 911 1178 quia
938 1107 1279 1163 dilectionem
1305 1121 1427 1176 spes
1452 1105 1591 1159 solet
1623 1103 1909 1159 accendere
1927 1144 1944 1168 ,

380 1201 628 1256 dilexisse
685 1215 745 1255 se
799 1199 969 1266 dixit,
1010 1200 1258 1269 quoniam
1304 1196 1537 1266 speravit
1580 1194 1948 1278 exauditurum

384 1291 547 1346 Deum
576 1305 759 1346 vocem
789 1290 1175 1360 deprecationis
1204 1288 1348 1343 suae?
1453 1345 1458 1353 ,

449 1381 503 1434 2.
534 1379 681 1454 [vers.
709 1380 765 1448 2,
791 1378 870 1453 5.]
897 1379 1045 1437 Unde
1074 1389 1250 1435 autem
1282 1378 1383 1434 hoc
1410 1377 1672 1448 speravit?
1698 1376 1949 1444 Quoniam

381 1471 673 1538 inclinavit,
708 1472 905 1542 inquit,
933 1487 1106 1524 aurem
1130 1487 1276 1525 suam
1302 1469 1445 1534 mihi,
1476 1479 1522 1523 et
1554 1469 1607 1522 in
1634 1468 1806 1523 diebus
1830 1468 1950 1523 meis

379 1542 623 1616 invocavi.
667 1562 807 1632 Ergo
837 1562 955 1618 ideo
982 1561 1180 1627 dilexi,
1212 1560 1462 1631 quoniam
1494 1560 1740 1615 exaudiet
1767 1577 1781 1622 ;
1828 1559 1949 1614 ideo

382 1651 665 1717 exaudiet,
699 1655 933 1722 quoniam
972 1651 1238 1706 inclinavit
1278 1667 1450 1705 aurem
1494 1667 1638 1705 suam
1665 1651 1807 1703 mihi.
1845 1648 1949 1705 Sed

384 1745 526 1800 unde
555 1746 679 1808 scis,
704 1760 743 1800 ο
767 1747 940 1799 anima
966 1745 1215 1811 humana,
1237 1744 1376 1814 quod
1404 1744 1673 1797 inclinavit
1703 1744 1838 1797 Deus
1856 1758 1951 1796 au-

385 1855 497 1895 rem
528 1853 675 1894 suam
706 1839 818 1904 tibi,
851 1839 951 1893 nisi
980 1837 1148 1912 dicas,
1180 1836 1428 1891 Credidi?
1454 1835 1669 1891 Manent
1694 1850 1822 1905 ergo
1853 1836 1950 1890 tria

385 1929 518 1991 hinc,
552 1927 702 1993 ﬁdes,
732 1942 874 1997 spes,
901 1927 1132 1982 Charitas
1159 1926 1215 1996 (l
1238 1927 1355 1982 Cor.
1386 1943 1501 1992 xm,
1536 1927 1625 1997 l5)
1651 1944 1664 1977 :
1687 1927 1808 1997 quia
1829 1941 1949 1980 cre-

383 2019 582 2086 didisti,
609 2019 871 2086 sperasti;
897 2018 1016 2088 quia
1047 2018 1293 2086 sperasti.
1321 2016 1572 2071 dilexisti.
1595 2016 1711 2072 Jam
1739 2017 1780 2070 si
1806 2032 1951 2085 qua:-

386 2124 497 2163 ram
551 2109 689 2163 unde
743 2108 1027 2164 crediderit
1076 2110 1248 2162 anima
1299 2109 1581 2163 inclinasse
1625 2109 1722 2163 sibi
1769 2124 1948 2163 aurem

388 2200 550 2253 Deum
578 2214 762 2265 suum;
792 2214 967 2253 nonne
993 2198 1335 2269 reSpondebit
1355 2217 1367 2252 :
1387 2198 1521 2265 Quia
1557 2218 1575 2251 ι
1606 2200 1750 2269 prior
1768 2200 1952 2254 dilexit

386 2304 501 2356 nos,
533 2300 585 2344 et
631 2288 764 2344 Filio
806 2289 1023 2359 pr0prio
1073 2305 1177 2343 non
1224 2291 1492 2360 pepercit,
1519 2290 1612 2345 sed
1659 2308 1752 2358 pro
1799 2291 1950 2345 nobis

383 2380 627 2435 otnnibus
656 2379 869 2434 tradidit
888 2396 1008 2434 eum
1036 2399 1055 2432 ι
1082 2378 1259 2450 (Ilom.
1292 2396 1402 2447 vni,
1422 2380 1558 2451 52)?
1580 2399 1598 2432 ι
1626 2380 1900 2447 Quomodo
1925 2400 1944 2433 ι

383 2472 522 2525 enim
555 2491 573 2523 ι
608 2471 930 2526 invocabant
972 2470 1025 2526 in
1070 2486 1228 2541 quem
1274 2486 1378 2525 non
1422 2470 1798 2526 crediderunt?
1832 2490 1850 2522 ι
1879 2472 1952 2526 ait

386 2562 582 2616 Doctor
628 2561 873 2618 Gentium
904 2580 917 2616 :
950 2580 968 2613 ι
1002 2572 1092 2616 aut
1117 2560 1384 2631 quomodo
1410 2561 1628 2616 credent
1657 2578 1811 2632 quem
1843 2576 1949 2616 non

383 2655 694 2712 audierunt?
713 2654 991 2724 Quomodo
1018 2665 1196 2709 autem
1217 2654 1437 2709 audient
1456 2657 1573 2709 sine
1602 2653 1950 2723 praedicante?

382 2754 472 2800 aut
497 2744 762 2815 quomodo
781 2743 1165 2814 praedicabunt,
1184 2743 1288 2797 nisi
1313 2744 1588 2797 mittantur
1613 2763 1631 2796 ι
1651 2742 1758 2814 (1d.
1785 2759 1839 2811 x,
1862 2743 1947 2811 14,

386 2833 513 2908 15)ἳ
542 2836 671 2891 Cum
703 2835 818 2890 haec
842 2834 1019 2890 omnia
1045 2844 1191 2905 gesta
1221 2849 1344 2905 erga
1375 2849 1462 2890 me
1489 2849 1784 2900 cernerem,
1817 2850 1948 2905 quo-

385 2929 541 2985 modo
566 2943 669 2985 non
697 2927 969 2984 crederem
997 2927 1141 2999 quod
1172 2927 1448 2983 inclinavit
1485 2928 1738 2983 Dominus
1752 2943 1947 2985 ,aurem

381 3037 528 3077 suam
559 3021 721 3076 mihi?
741 3020 810 3075 Et
835 3020 913 3076 sic
936 3019 1327 3075 commendavit
1353 3020 1407 3073 in
1433 3019 1587 3074 nobis
1608 3019 1946 3075 dilectionem

384 3129 557 3191 suam,
583 3122 642 3169 ut
668 3112 909 3170 Christus
932 3126 1031 3185 pro
1056 3111 1232 3182 impiis
1257 3119 1554 3169 moreretur
1572 3111 1681 3183 (ld.
1709 3128 1760 3176 ν,
1783 3112 1837 3179 8,
1865 3111 1944 3184 9).

380 3206 511 3261 Cum
538 3206 695 3277 igitur
724 3206 838 3261 haec
867 3205 995 3260 mihi
1019 3205 1395 3261 annuntiarent
1415 3205 1642 3275 speciosi
1670 3204 1834 3275 pedes
1855 3220 1947 3260 eo-

382 3314 497 3353 rum
527 3298 617 3369 qui
646 3298 1092 3353 annuntiaverunt
1130 3311 1313 3367 pacem
1336 3338 1350 3362 ,
1384 3296 1472 3366 qui
1501 3298 1948 3351 aununtiaverunt

381 3390 517 3442 bona
549 3386 705 3458 (lsai.
737 3403 805 3442 ιιι
826 3429 842 3454 ,
872 3386 926 3456 7)
950 3429 966 3454 ,
994 3386 1117 3456 quia
1142 3387 1303 3441 omnis
1331 3387 1417 3456 qui
1444 3386 1743 3441 invocaverit
1767 3404 1947 3442 nomen

384 3478 620 3547 Domini,
649 3479 818 3534 salvus
855 3479 947 3534 erit
995 3476 1131 3548 (loci
1158 3494 1224 3546 ιι,
1249 3476 1364 3551 52),
1392 3478 1592 3534 credidi
1619 3494 1802 3534 aurem
1832 3479 1946 3550 ejus

379 3573 685 3627 inclinatam
712 3571 863 3638 mihi,
893 3580 942 3626 et
966 3572 1020 3626 in
1045 3570 1217 3626 diebus
1245 3572 1365 3627 meis
1387 3572 1634 3627 invocavi.

449 3665 503 3720 ὅ.
534 3663 603 3719 Et
625 3664 720 3735 qui
751 3672 875 3720 sunt
899 3663 1013 3720 dies
1045 3663 1141 3730 tui,
1169 3664 1417 3735 quoniam
1443 3663 1658 3731 dixisti,
1681 3662 1749 3718 In
1773 3664 1945 3720 diebus

378 3758 501 3812 meis
544 3757 811 3812 invocavi?
832 3772 899 3812 an
947 3758 1080 3813 forte
1124 3757 1198 3811 iiii
1244 3757 1435 3827 quibus
1480 3758 1626 3813 venit
1672 3759 1944 3828 plenitudo

378 3849 658 3919 temporis,
684 3858 738 3905 et
766 3849 909 3904 misit
934 3850 1074 3905 Deus
1104 3849 1294 3904 Filimn
1327 3866 1481 3905 suum
1513 3850 1710 3921 (Galat.
1734 3867 1803 3917 Iv,
1835 3852 1903 3923 ι)
1924 3894 1941 3920 ,

378 3941 464 4012 qui
490 3941 600 4012 jam
628 3940 859 4006 dixerat,
882 3940 1129 4011 Tempore
1155 3941 1450 4011 acceptabili
1472 3942 1706 4011 exaudiui
1727 3953 1792 4009 te,
1814 3954 1863 3997 et
1891 3946 1944 3998 in

374 4033 460 4088 die
480 4033 657 4088 salutis
680 4033 854 4105 adjuvi
883 4042 929 4086 te
966 4031 1134 4103 (Isai.
1169 4049 1297 4088 XLIX
1320 4075 1334 4099 ,
1362 4034 1395 4088 8
1417 4035 1471 4104 )‘l
1500 4033 1707 4089 Audisti
1749 4051 1811 4090 ex
1849 4050 1943 4091 ore

376 4119 738 4192 praedicatoris
765 4124 1026 4179 venientis
1049 4123 1113 4177 ad
1150 4132 1199 4178 te
1245 4123 1465 4193 pedibus
1492 4124 1749 4192 speciosis
1768 4166 1782 4188 ,
1810 4124 1958 4180 Ecce

377 4231 510 4268 nunc
537 4224 730 4284 tempus
754 4213 1075 4284 acceptabile,
1102 4231 1214 4268 erce
1238 4231 1368 4267 nunc
1392 4215 1497 4269 dies
1517 4216 1695 4270 salutis
1720 4216 1796 4286 (ll
1821 4217 1939 4271 Cor.

376 4320 426 4358 v1
445 4346 461 4372 ,
490 4302 562 4375 2)
588 4323 601 4359 :
633 4315 687 4358 et
712 4302 1018 4369 credidisti,
1052 4313 1105 4357 et
1135 4305 1186 4358 in
1214 4303 1399 4359 diebus
1426 4306 1528 4359 tuis
1559 4306 1814 4361 invocasti
1835 4349 1850 4374 ,
1889 4317 1943 4363 et

374 4394 551 4449 dixisti
572 4435 586 4457 ,
618 4392 663 4448 0
690 4392 923 4455 Domine,
955 4408 1073 4446 erue
1099 4393 1319 4447 animam
1350 4410 1531 4449 meam.
1557 4396 1691 4450 Sunt
1727 4398 1939 4467 quidem

372 4486 473 4540 ista
502 4502 516 4539 :
547 4484 639 4540 sed
663 4484 775 4539 dies
796 4499 942 4539 meos
968 4485 1154 4554 magis,
1183 4485 1370 4555 inquit,
1395 4500 1607 4555 possum
1631 4489 1806 4544 dicere
1827 4491 1941 4546 dies

372 4574 603 4630 miseriae
632 4590 785 4639 meae,
820 4574 935 4631 dies
964 4576 1297 4630 mortalitatis
1327 4593 1478 4642 mete,
1510 4577 1622 4634 dies
1646 4581 1940 4635 secundum

374 4667 564 4731 Adam,
597 4667 780 4737 plenos
814 4667 1007 4721 laboris
1036 4676 1090 4721 et
1114 4668 1353 4734 sudoris,
1381 4669 1495 4724 dies
1520 4671 1812 4725 secundum
1843 4688 1939 4727 ve-

371 4769 620 4815 tustatem
654 4758 964 4829 putrediuis.
996 4759 1105 4830 Ego
1129 4759 1270 4814 enim
1293 4760 1498 4830 jacens,
1529 4763 1716 4831 infixus
1744 4762 1796 4816 in
1819 4762 1938 4817 limo

371 4851 614 4923 profundi
658 4847 829 4920 (Psal.
865 4866 1066 4913 vaut,
1102 4850 1169 4921 ὅ)
1193 4892 1210 4917 ,
1241 4852 1370 4905 etin
1403 4850 1505 4905 alio
1533 4852 1735 4919 psalmo
1759 4835 1937 4906 excla-

370 4943 511 4998 mavi
531 4984 548 5011 ,
576 4941 710 4997 Ecce
733 4952 918 4998 veteres
950 4944 1163 5012 posuisti
1185 4944 1290 4998 dies
1318 4960 1452 4997 meos
1496 4934 1664 5014 (Psal.
1697 4961 1894 5000 xxxvm
1918 4987 1935 5014 ,

372 5036 425 5107 6)
453 5053 467 5088 :
492 5035 545 5089 in
585 5033 668 5089 his
710 5034 879 5087 diebus
923 5035 1045 5087 meis
1083 5034 1325 5089 invocavi.
1358 5035 1563 5089 Distant
1592 5036 1785 5106 quippe
1822 5039 1937 5093 dies

369 5123 473 5179 mei
502 5139 533 5178 a
558 5122 747 5177 diebus
774 5123 977 5177 Domini
1011 5124 1134 5177 mei.
1169 5124 1288 5178 Dies
1319 5139 1464 5179 meos
1487 5125 1604 5180 dico
1625 5167 1639 5190 ,
1668 5142 1800 5196 quos
1826 5128 1938 5197 ipse

370 5214 496 5268 mihi
532 5213 629 5268 ieci
660 5215 861 5283 privata
887 5213 1102 5267 audacia
1125 5254 1141 5278 ,
1169 5228 1266 5282 qua
1297 5213 1506 5291 deserui
1539 5231 1658 5270 eum
1684 5235 1697 5270 :
1721 5226 1775 5272 et
1798 5234 1933 5289 quo-

368 5306 513 5360 niam
554 5306 748 5376 ubique
793 5320 907 5374 ipse
953 5316 1171 5373 regnat,
1199 5314 1253 5360 et
1293 5314 1375 5359 est
1415 5308 1751 5377 onmipotens
1778 5322 1935 5379 atque

364 5397 721 5464 otnnitenens,
745 5397 911 5452 merui
933 5410 1231 5461 carcerem;
1258 5397 1307 5451 id
1329 5407 1430 5463 est,
1458 5398 1765 5468 ignorantia.-
1790 5411 1934 5457 tcnc-

370 5491 493 5541 hras
512 5527 527 5551 ,
555 5497 608 5541 et
635 5488 919 5557 compedes
948 5487 1283 5541 mortalitatis
1310 5491 1510 5558 accepi.
1558 5488 1622 5543 In
1654 5490 1733 5546 his
1762 5492 1935 5548 diebus

367 5577 488 5655 meis
516 5578 774 5641 invocavi;
801 5580 922 5647 quia
951 5592 1048 5646 ego
1079 5588 1131 5633 et
1159 5579 1281 5632 alibi
1312 5579 1482 5635 clamo
1500 5622 1515 5647 ,
1556 5579 1699 5635 Educ
1727 5584 1790 5637 de
1818 5602 1932 5638 car-

364 5683 475 5721 cere
502 5665 723 5718 animum
752 5683 912 5721 meam
941 5666 1109 5739 (Psal.
1140 5683 1278 5737 cxu,
1305 5669 1392 5740 3):
1422 5680 1476 5725 et
1504 5672 1750 5741 quoniam
1776 5674 1823 5728 in
1849 5674 1934 5731 die

1574 252 1628 308 S.
1658 251 1920 309 AUGUS'i
1936 249 2022 304 lNl
2051 250 2346 308 Ei’lSCOPI

3391 298 3413 320 ο
3490 261 3628 317 1488

2057 366 2244 421 salutis
2263 408 2276 432 ,
2304 385 2464 438 quam
2496 373 2511 403 ⁸
2540 372 2668 427 mihi
2698 375 2940 445 prtestitit
2959 416 2975 444 ,
3003 377 3203 447 adjuvit
3230 394 3349 445 me;
3382 379 3538 436 intrat
3569 383 3627 437 in

2052 467 2393 529 conspectum
2410 461 2524 531 ejus
2539 465 2765 534 gemitus
2784 480 2899 520 com
2907 468 3199 537 pediturqu
3222 469 3388 541 (Psal.
3407 487 3625 534 uxvnt.

2056 549 2165 621 ll).
2201 552 2253 605 In
2287 551 2366 606 his
2393 554 2533 608 enim
2561 556 2747 612 diebus
2778 560 2931 625 meis,
2960 560 3406 618 Circumdederunt
3433 583 3512 619 me
3532 568 3628 620 do-

2054 640 2184 696 lares
2214 644 2386 698 mortis
2401 661 2421 710 ;
2452 648 2676 715 pericula
2701 650 2887 721 inferni
2913 652 3206 707 invenerunt
3231 671 3309 708 me
3329 671 3348 709 :
3370 672 3490 727 qua:
3517 656 3623 711 nisi

2050 734 2385 791 aberrantem
2417 737 2513 792 abs
2542 748 2592 793 te
2619 755 2724 796 non
2769 741 3066 799 invenirent
3112 761 3216 801 me.
3255 745 3407 802 Nunc
3443 758 3622 803 autem

2052 822 2141 878 illa
2185 841 2270 881 me
2317 827 2635 885 invenerunt
2662 850 2675 887 :
2699 847 2798 903 ego
2834 849 2962 889 vero
3001 851 3063 891 ea
3109 852 3213 891 non
3252 837 3625 905 inveniebam,

2050 916 2139 985 qui
2168 917 2459 987 gaudebam
2493 924 2765 992 prosperis
2783 926 2986 992 saeculi,
3011 926 3062 982 in
3082 928 3274 998 quibus
3298 929 3415 999 plus
3434 928 3626 985 fallunt

2053 1006 2279 1074 pericula
2311 1009 2520 1064 inferni.

2121 1096 2175 1151 4.
2207 1096 2353 1170 [vers.
2377 1100 2521 1174 4-6.]
2549 1102 2651 1158 Sed
2683 1114 3022 1175 posteaquam
3051 1117 3104 1163 et
3131 1123 3229 1179 ego
3253 1109 3624 1167 tribulationem

2051 1197 2098 1240 et
2136 1189 2359 1244 dolorem
2405 1192 2571 1248 inveni
2589 1236 2605 1260 ,
2648 1212 2829 1251 nomen
2872 1194 3079 1254 Domini
3113 1200 3355 1255 invocavi.
3400 1201 3626 1260 Latehat

2051 1279 2192 1333 enim
2220 1296 2305 1335 me
2338 1282 2605 1339 tribulatio
2647 1295 2701 1340 et
2737 1286 2888 1342 dolor
2919 1289 3092 1355 utilis;
3128 1290 3393 1347 tribulatio
3417 1291 3485 1348 de
3515 1309 3622 1364 qua

2052 1370 2142 1424 dat
2177 1373 2424 1428 auxilium
2446 1417 2460 1441 ,
2488 1377 2573 1431 cui
2615 1376 2814 1433 dictum
2851 1390 2970 1448 est,
3017 1380 3095 1435 Da
3125 1384 3265 1438 nobis
3285 1385 3531 1439 auxilium
3558 1389 3625 1441 de

2053 1458 2387 1531 tribulatione,
2420 1476 2466 1521 et
2496 1484 2622 1522 vana
2645 1471 2785 1525 salus
2811 1470 3028 1527 hominis
3048 1473 3217 1546 (Psal.
3241 1492 3353 1543 ιιι,
3378 1478 3486 1550 1⁸5).
3507 1477 3625 1549 Ego

2052 1553 2194 1607 enim
2223 1554 2290 1610 de
2316 1572 2449 1610 vana
2479 1558 2647 1615 salute
2674 1562 2904 1617 hominis
2929 1565 3261 1633 gaudendum
3283 1578 3338 1622 et
3356 1569 3626 1623 exsultan-

2052 1642 2179 1698 dum
2221 1646 2545 1715 arbitrabar;
2579 1651 2674 1705 sed
2713 1667 2830 1706 cum
2861 1655 3127 1731 audissem
3153 1673 3182 1710 a
3216 1659 3433 1713 Domino
3464 1675 3620 1727 meo,

2052 1733 2199 1790 Beati
2226 1737 2449 1809 lugentes
2467 1782 2482 1807 ,
2516 1744 2753 1810 quoniam
2782 1742 2881 1814 ipsi
2920 1748 3307 1802 consolabuntur
3332 1751 3542 1823 (Matth.
3566 1768 3622 1817 γ,

2052 1825 2134 1895 5),
2165 1842 2270 1881 non
2297 1833 2597 1898 exspectavi
2627 1842 2682 1886 ut
2704 1834 2848 1903 prius
2870 1836 3167 1891 amitterem
3198 1838 3333 1892 bona
3360 1852 3625 1911 tempora-

2053 1916 2122 1971 lia
2146 1919 2335 1988 quibus
2363 1923 2500 1977 male
2524 1923 2848 1992 oblectabar,
2877 1938 2932 1981 et
2969 1938 3092 1989 tunc
3116 1929 3349 2000 lugerem
3374 1949 3386 1986 :
3412 1933 3504 1987 sed
3535 1946 3621 1987 at-

2054 2007 2195 2061 tendi
2228 2008 2279 2062 in
2304 2014 2543 2066 eamdem
2577 2014 2740 2084 ipsam
2770 2017 3035 2072 miseriam
3069 2035 3238 2073 meam
3260 2022 3280 2051 ¹
3301 2036 3401 2092 qua
3432 2023 3625 2078 talibus

2052 2099 2374 2168 oblectabar,
2403 2120 2521 2174 qua:
2563 2117 2615 2161 et
2661 2111 2904 2164 amittsre
2946 2110 3315 2179 formidarem,
3347 2124 3401 2168 et
3440 2123 3624 2170 tenere

2053 2206 2158 2244 non
2193 2207 2434 2261 possem;
2466 2197 2667 2251 attendi
2709 2199 2759 2252 in
2790 2214 2907 2254 eam
2943 2202 3288 2259 vehementer
3313 2213 3365 2259 et
3392 2191 3622 2272 fortiter,

2051 2290 2102 2335 et
2131 2298 2216 2337 me
2241 2299 2345 2338 non
2373 2286 2545 2341 solum
2577 2290 2868 2345 excruciari
2896 2291 3303 2350 adversitatibus
3328 2287 3483 2365 hujus
3515 2311 3625 2351 sa:-

2051 2373 2188 2440 culi,
2222 2376 2316 2431 sed
2364 2377 2523 2432 etiam
2567 2380 2789 2449 obligari
2834 2385 3271 2452 prosperitatibus
3297 2387 3433 2454 vidi;
3460 2398 3626 2459 atque

2052 2465 2121 2519 ita
2153 2468 2520 2524 tribulationem
2552 2482 2596 2524 et
2624 2474 2849 2527 doldrem
2872 2477 2959 2545 qui
2990 2492 3074 2530 me
3117 2477 3313 2534 latebat
3340 2481 3503 2535 inveni
3522 2524 3538 2550 ,
3574 2493 3629 2536 et

2051 2573 2232 2612 nomen
2254 2559 2456 2615 Domini
2474 2563 2721 2617 invocavi.
2750 2564 2793 2618 0
2811 2562 3044 2630 Domine,
3064 2585 3181 2623 erue
3198 2572 3415 2629 animam
3437 2590 3622 2627 meam.

2050 2647 2207 2703 Miser
2235 2649 2374 2704 enim
2404 2668 2503 2721 ego
2536 2652 2725 2721 homo,
2756 2657 2874 2729 quis
2905 2673 2988 2712 me
3033 2659 3276 2714 liberabit
3302 2662 3368 2716 de
3396 2678 3625 2733 corpore

2050 2743 2236 2794 mortis
2264 2742 2437 2811 hujus,
2467 2744 2564 2797 nisi
2588 2746 2752 2812 gratia
2781 2746 2871 2801 Dei
2904 2764 2997 2817 per
3016 2748 3198 2804 Jesum
3227 2751 3489 2807 Christum
3518 2755 3624 2808 Do-

2050 2831 2252 2885 minum
2281 2843 2521 2888 nostrum
2554 2835 2732 2904 (Rom.
2758 2853 2848 2903 vn,
2872 2836 2962 2905 24,
2990 2838 3117 2911 ‘25)?
3148 2841 3297 2896 Dicat
3318 2842 3470 2912 igitur
3490 2861 3622 2900 san-

2049 2934 2164 2977 ctus
2193 2925 2415 2993 papulus
2448 2926 2559 2992 Dei,
2602 2926 2993 2983 Tribulationem
3023 2943 3069 2985 et
3094 2933 3317 3005 dolorem
3343 2937 3507 2990 inveni
3527 2977 3543 3003 ,
3571 2948 3623 2992 et

2048 3029 2225 3068 nomen
2257 3014 2463 3070 Domini
2500 3019 2764 3074 invocavi:
2789 3031 2843 3075 et
2870 3023 3088 3078 audiant
3116 3025 3351 3097 reliquiae
3378 3031 3621 3098 gentium

2048 3123 2166 3177 qua:
2184 3109 2414 3163 nondum
2438 3111 2682 3166 invocant
2698 3128 2890 3169 nomen
2914 3116 3150 3183 Domini;
3174 3119 3388 3175 audiant
3404 3131 3457 3176 et
3472 3138 3621 3192 qua:-

2050 3210 2189 3267 rant,
2214 3211 2273 3256 ut
2301 3202 2571 3258 inveniant
2598 3204 2993 3262 tribulationem
3020 3218 3073 3263 et
3096 3210 3358 3279 dolorem,
3384 3222 3440 3268 et
3469 3213 3622 3268 invo-

2048 3304 2169 3347 cent
2192 3309 2383 3348 nomen
2413 3294 2641 3362 Domini,
2671 3306 2726 3351 et
2756 3297 2914 3352 snlvm
2941 3298 3089 3354 ﬁant.
3115 3300 3229 3356 Non
3262 3301 3362 3358 hoc
3381 3304 3458 3358 eis
3482 3304 3621 3359 dici-
3694 3312 3701 3317 ‘

2048 3398 2186 3449 mus,
2211 3393 2267 3439 ut
2294 3396 2537 3455 quaerant
2564 3387 2831 3443 miseriam
2859 3405 3015 3459 quam
3042 3406 3147 3447 non
3177 3392 3402 3459 habent,
3433 3397 3528 3451 sed
3561 3407 3623 3452 ut

2047 3473 2317 3529 inveniant
2354 3491 2470 3530 eam
2512 3492 2668 3548 quam
2706 3480 3003 3535 nescientes
3041 3481 3239 3537 habent
3264 3501 3277 3537 :
3304 3501 3473 3556 neque
3512 3487 3620 3543 hoc

2046 3564 2127 3621 eis
2155 3575 2418 3636 optamus,
2448 3577 2505 3622 ut
2526 3580 2739 3625 terrena
2770 3573 3069 3628 neceSSaria
3095 3573 3273 3630 desint
3295 3577 3394 3640 eis,
3422 3578 3617 3648 quibus

2048 3659 2305 3730 indigent,
2325 3661 2447 3717 dum
2475 3664 2771 3720 mortaliter
2788 3666 3002 3734 vivunt;
3027 3668 3120 3723 sed
3144 3678 3200 3724 ut
3223 3670 3322 3726 hoc
3341 3666 3613 3743 plangant,

2045 3752 2185 3822 quod
2207 3755 2400 3809 amissa
2426 3756 2669 3831 satietate
2698 3757 2926 3823 etelesti,
2949 3761 3192 3826 terrenis,
3218 3778 3323 3827 non
3346 3764 3411 3819 ad
3434 3764 3617 3821 fruen-

2046 3842 2172 3897 dum
2201 3844 2476 3900 stabilibus
2504 3846 2687 3915 bonis,
2718 3847 2811 3903 sed
2836 3849 2901 3904 ad
2932 3852 3334 3917 sustentandum
3364 3870 3616 3912 necessa-

2045 3934 2139 3987 riis
2170 3934 2402 4004 indigere
2428 3948 2755 3993 meruerunt.
2786 3941 3091 4010 Agnoscant
3126 3952 3180 3998 et
3219 3943 3433 4014 lugeant
3458 3948 3614 4004 istam

2046 4023 2345 4090 miseriam;
2374 4026 2531 4082 faciet
2573 4042 2667 4082 eos
2715 4028 2900 4085 beatos
2947 4030 3186 4101 lugentes
3209 4034 3344 4104 .Jlui
3370 4051 3463 4092 eos
3489 4052 3616 4096 esse

2045 4129 2255 4184 semper
2282 4117 2507 4171 miseros
2533 4118 2717 4172 noluit.
2877 4162 2980 4181 ,κ

2116 4207 2168 4262 5.
2202 4207 2487 4263 Misericors
2510 4208 2775 4276 Dominus,
2807 4221 2854 4265 et
2873 4213 3064 4283 justus,
3093 4225 3138 4269 et
3166 4214 3304 4272 Deus
3325 4230 3490 4274 noster
3511 4223 3611 4275 mi-

2044 4310 2254 4353 seretur.
2283 4299 2598 4365 Misericors,
2631 4313 2684 4356 et
2703 4302 2897 4371 justus,
2921 4315 2973 4359 et
2994 4306 3294 4363 miseretur.
3326 4309 3617 4369 Misericors

2048 4390 2291 4457 primum,
2325 4392 2445 4459 quia
2472 4389 2745 4455 inclinavit
2769 4407 2953 4448 aurem
2972 4410 3120 4450 suam
3143 4397 3300 4466 mihi;
3331 4409 3384 4454 et
3408 4404 3616 4457 nescie-

2044 4480 2163 4534 bum
2200 4480 2579 4549 propinquasse
2604 4496 2787 4536 aurem
2828 4483 2921 4539 Dei
2953 4486 3055 4541 mei
3082 4489 3160 4542 ori
3194 4503 3313 4544 meo
3335 4530 3351 4556 ,
3381 4490 3482 4545 nisi
3515 4507 3614 4561 per

2046 4569 2164 4624 illos
2203 4569 2470 4639 speciosus
2514 4572 2675 4640 pedes
2719 4575 3002 4643 excitarer,
3030 4588 3085 4633 ut
3126 4580 3427 4637 invocarem
3452 4600 3465 4635 :
3490 4586 3613 4654 quis

2043 4660 2183 4713 enim
2224 4676 2345 4716 eum
2394 4662 2686 4727 invocavit,
2720 4664 2821 4719 nisi
2849 4682 3006 4736 quem
3050 4667 3163 4737 ipse
3191 4669 3336 4739 prior
3365 4675 3613 4727 vocavit?

2046 4750 2179 4807 llinc
2207 4769 2332 4824 ergo
2362 4756 2584 4824 prinnnn
2615 4756 2911 4810 misericors.
2933 4757 3110 4813 Justus
3131 4770 3305 4814 autem
3324 4804 3336 4825 ,
3364 4764 3483 4832 quia
3510 4763 3610 4817 lla-

2043 4844 2229 4912 gcllnt;
2253 4855 2303 4898 et
2325 4846 2516 4901 iterum
2544 4847 2816 4913 miseretur,
2835 4849 2956 4917 quia
2983 4850 3168 4919 recipit
3189 4871 3201 4905 :
3221 4852 3445 4924 ﬂagellat
3467 4856 3608 4909 enim

2044 4951 2256 4990 omnem
2287 4936 2447 4990 liiimn
2472 4954 2627 5007 quem
2659 4940 2878 5009 recipit,
2908 4956 3004 4995 nec
3052 4950 3155 4996 tum
3201 4945 3325 4999 mihi
3367 4960 3612 5003 amarum

2044 5026 2201 5080 debet
2225 5042 2344 5082 esse
2382 5030 2518 5097 quod
2560 5028 2824 5099 ﬂagellat,
2852 5047 3008 5101 quam
3039 5030 3189 5089 dulce
3214 5037 3353 5102 quod
3395 5040 3606 5109 recipit.

2045 5116 2320 5182 Quomodo
2358 5118 2497 5171 enim
2537 5135 2641 5172 non
2690 5120 2916 5190 ﬂagellet
2954 5121 2994 5187 ³,
3033 5121 3327 5180 Custodiam
3375 5133 3610 5200 parvulos

2047 5207 2311 5272 Dominus,
2335 5225 2465 5278 quos
2485 5212 2711 5279 grandes
2732 5214 2918 5280 quzerit
2944 5213 3215 5270 lunrcdes'l
3235 5220 3352 5289 quis
3369 5221 3508 5275 enim
3527 5236 3610 5277 est

2046 5299 2181 5352 tilius
2198 5301 2278 5353 cui
2296 5316 2398 5353 non
2416 5301 2499 5354 det
2519 5301 2845 5372 disciplinam
2866 5317 3012 5374 pater
3031 5306 3142 5377 ejus
3160 5308 3340 5381 (Hebr.
3361 5313 3611 5384 xn,6,7)?

2041 5436 2337 5548 adzzlﬁlitquot
2358 5444 2463 5487 Mss.
2481 5474 2495 5499 ,
2523 5452 2661 5500 quem
2694 5452 2711 5489 :
2737 5448 2786 5489 et
2808 5437 2941 5501 loco,
2983 5441 3196 5505 adjuvit,
3221 5442 3387 5507 plures
3407 5446 3610 5508 habent,

2106 5563 2124 5592 ²
2149 5564 2220 5609 sic
2239 5571 2331 5623 Am.
2361 5567 2431 5608 Fr.
2461 5568 2510 5609 et
2534 5561 2700 5622 plures
2720 5570 2825 5613 Mss.
2854 5572 2907 5614 At
2924 5571 3055 5623 an.,
3081 5565 3289 5616 animum
3311 5581 3479 5618 meam.

2039 5623 2222 5747 gs;
2240 5621 2465 5672 meliores
2622 5631 2764 5674 Att-2r.
2786 5634 2838 5676 et
2858 5633 2984 5676 t.ov.:
3011 5621 3248 5688 Quomodo
3270 5628 3396 5681 enim
3417 5643 3502 5681 nos
3523 5630 3614 5693 ﬂa-
