4026 6202
363 447 383 500 Ι
401 446 490 506 ῑὶὶθ

363 558 662 619 llumilirttus
693 583 803 622 sum
829 613 844 636 ,
891 582 935 626 et
963 576 1153 632 salvum
1197 598 1271 634 me
1305 587 1438 654 fecit.

355 741 530 796 lutaris
556 745 708 801 dolor
733 761 812 805 est
842 770 996 823 quem
1033 763 1261 817 secando
1290 768 1521 824 medicus
1549 771 1690 827 facit.

417 833 465 886 6.
495 833 625 907 [vers
676 841 813 916 7-9.]
845 844 1140 904 Convertere
1176 870 1330 924 ergo,
1373 862 1542 913 anima
1585 881 1692 918 mea
1715 908 1726 927 ,
1755 868 1805 921 in
1835 885 1912 921 re-

346 928 502 992 quiem
527 938 699 994 tuam;
724 937 843 1001 quia
870 936 1118 996 Dominus
1146 945 1382 1017 benefecit
1409 953 1497 1005 tibi
1516 970 1533 1006 :
1555 971 1660 1008 non
1681 959 1904 1026 meritis,

344 1026 429 1068 aut
468 1019 664 1074 viribus
707 1024 840 1092 tuis;
871 1029 962 1083 sed
990 1034 1223 1098 quoniam
1259 1035 1503 1094 Dominus
1532 1043 1768 1114 benefecit
1797 1049 1900 1102 tibi.

347 1103 586 1169 Quoniam
610 1113 792 1166 exemit
810 1156 823 1179 ,
853 1116 1052 1187 inquit,
1081 1124 1302 1178 animam
1332 1144 1492 1182 meam
1513 1149 1544 1183 α
1567 1146 1741 1190 morte.
1775 1139 1901 1194 Mira

341 1209 422 1248 res
447 1206 556 1262 est,
585 1200 911 1274 charissimi,
945 1212 1083 1279 quod
1128 1229 1245 1270 cum
1291 1218 1514 1276 dixisset
1562 1225 1613 1278 in
1662 1231 1897 1298 requiem

336 1293 740 1349 convertendam
769 1301 997 1356 animam
1029 1320 1178 1360 suam
1207 1351 1220 1375 ,
1264 1315 1512 1380 quoniam
1550 1318 1810 1377 benel‘ecit
1849 1326 1897 1380 ei

337 1376 612 1447 Dominus;
642 1388 896 1457 subjecit,
937 1394 1188 1460 Quoniam
1220 1405 1400 1456 exemit
1431 1407 1655 1462 animam
1678 1429 1839 1468 meam
1863 1434 1895 1470 a

331 1481 501 1524 morte.
533 1472 725 1531 ldeone
755 1480 804 1532 in
835 1486 1066 1552 requiem
1097 1501 1518 1561 converteretur,
1552 1502 1671 1568 quia
1706 1519 1890 1560 exem-

327 1573 408 1630 pta
433 1573 513 1618 est
541 1581 569 1619 a
601 1574 810 1626 morte?
833 1574 1018 1632 Nonne
1045 1583 1210 1648 magis
1238 1585 1288 1638 in
1329 1597 1498 1643 morte
1541 1595 1752 1661 requies
1785 1597 1887 1654 dici

323 1651 488 1707 solet?
512 1655 644 1722 Qua:
675 1663 883 1717 tandem
911 1666 1026 1736 ejus
1051 1673 1189 1724 actio
1213 1683 1311 1740 est,
1341 1678 1492 1746 cujus
1523 1681 1624 1736 vita
1655 1689 1880 1755 requies,

321 1753 370 1796 et
412 1761 554 1802 mors
578 1750 908 1817 'inquieludo
949 1762 1065 1814 est?
1093 1763 1233 1820 Talis
1261 1781 1389 1838 ergo
1417 1773 1553 1827 actio
1578 1773 1738 1830 debet
1761 1793 1886 1836 esse

316 2028 475 2073 morte
501 2023 591 2088 qui
621 2025 868 2082 misertus
893 2031 1007 2100 ejus
1033 2035 1184 2100 dixit,
1213 2057 1233 2089 ‹
1269 2039 1456 2099 Venite
1477 2047 1541 2100 ad
1566 2065 1670 2116 me,
1693 2068 1876 2112 omnes

311 2112 391 2180 qui
415 2111 690 2182 laboratis,
711 2129 765 2174 et
789 2137 888 2190 ego
911 2140 1004 2181 vos
1033 2129 1297 2215 reﬁciam:
1319 2137 1483 2193 tollite
1497 2139 1677 2212 jugum
1697 2161 1871 2203 meum
1939 2161 1942 2164 ‘

312 2215 463 2270 super
489 2221 603 2272 vos,
639 2220 692 2265 et
719 2211 904 2270 discite
933 2231 962 2269 a
994 2233 1098 2279 me,
1128 2211 1377 2290 quoniam
1405 2229 1545 2284 mitis
1566 2211 1680 2288 sum
1702 2245 1754 2290 et
1776 2237 1872 2292 hu-

306 2297 436 2351 milis
459 2301 643 2366 corde,
675 2312 729 2358 et
759 2305 1041 2364 invenietis
1076 2314 1310 2382 requiem
1337 2319 1616 2377 animabus
1648 2330 1864 2396 vestris;

301 2387 471 2458 jugum
520 2395 664 2448 enim
713 2410 888 2452 meum
928 2415 1089 2461 suave
1126 2413 1239 2472 est,
1270 2416 1324 2462 et
1349 2412 1553 2466 sarcina
1588 2430 1700 2472 mea
1731 2419 1866 2477 levis

304 2489 374 2532 est
403 2498 421 2530 ι
448 2481 661 2551 (Matth.
685 2501 760 2552 ιι,
784 2487 998 2560 2850).
1024 2492 1163 2549 Mitis
1183 2497 1361 2567 itaque
1380 2511 1433 2555 et
1461 2502 1672 2562 humilis
1696 2509 1731 2574 ⁸,
1759 2521 1865 2567 tan-

300 2584 447 2637 quam
469 2573 607 2628 viam
633 2574 899 2634 Christum
924 2596 1168 2652 sequens,
1198 2587 1358 2644 debet
1375 2607 1493 2648 esse
1512 2599 1702 2654 anima:
1722 2605 1861 2659 actio

302 2661 552 2719 tendentis
581 2666 648 2720 ad
679 2671 912 2740 requiem
938 2689 952 2726 :
975 2690 1084 2729 non
1109 2685 1283 2733 tamen
1314 2681 1458 2752 pigra
1485 2695 1536 2741 et
1562 2688 1854 2762 desidiosa;

299 2761 350 2805 ut
373 2768 582 2810 cursum
609 2756 960 2830 consummet,
991 2766 1128 2822 sicut
1173 2771 1424 2841 scriptum
1467 2788 1549 2833 est
1573 2821 1586 2842 ,
1613 2781 1680 2836 In
1708 2803 1855 2842 man-

295 2847 543 2902 suetudine
565 2865 720 2918 opera
749 2863 836 2906 tua
863 2857 1055 2925 perﬁce
1074 2858 1258 2930 (Eccli.
1290 2879 1366 2931 ιιι,
1397 2868 1504 2937 19).
1531 2870 1761 2942 Etenim,
1787 2894 1853 2934 ne

294 2939 635 2992 mansuetudo
661 2941 727 2994 ad
765 2946 1038 3014 segnitiem
1065 2949 1370 3020 duceretur,
1397 2958 1703 3027 adjunctum
1736 2978 1846 3034 est,

297 3022 450 3092 Opera
469 3035 557 3080 tua
578 3031 794 3109 perﬁce.
812 3033 1156 3104 Neque‘cnim
1184 3045 1324 3099 sicut
1349 3046 1400 3100 in
1427 3049 1526 3104 ista
1549 3053 1652 3108 vita
1675 3061 1846 3114 somni

288 3117 604 3184 requies_nos
631 3133 840 3191 reparat
863 3127 928 3180 ad
955 3132 1251 3199 actionem;
1283 3137 1375 3191 sed
1400 3140 1540 3196 actio
1567 3142 1702 3209 bona
1726 3164 1848 3218 per-

286 3203 419 3262 ducit
439 3209 506 3263 ad
534 3226 751 3283 semper
779 3217 1078 3286 vigilantem
1110 3225 1362 3292 quietem.

345 3299 396 3352 7.
426 3300 516 3356 Ille
541 3313 719 3376 autem
748 3319 934 3363 cuncta
971 3323 1202 3382 prmstat,
1230 3331 1416 3375 cuncta
1444 3325 1658 3410 exhibet
1681 3330 1837 3399 Deus,

281 3387 341 3443 de
363 3406 466 3459 quo
492 3392 578 3448 hic
603 3395 821 3462 dicitur,
856 3400 1110 3466 Quoniam
1138 3404 1388 3465 Dominus
1417 3395 1653 3486 bene/cci:
1680 3423 1834 3497 mihi,

277 3487 502 3547 quoniam
525 3488 708 3540 exemit
730 3491 950 3544 animam
978 3511 1138 3550 meam
1165 3515 1198 3550 a
1223 3512 1402 3569 morte,
1431 3510 1602 3564 oculos
1637 3529 1772 3569 meos
1803 3533 1834 3571 a

277 3573 500 3644 lacrymis
519 3619 533 3641 ,
570 3580 721 3646 pedes
746 3598 878 3636 meos
906 3601 936 3636 a
967 3586 1134 3656 lapsu.
1166 3591 1290 3648 Ηωο
1315 3597 1455 3652 enim
1486 3600 1539 3654 in
1565 3616 1659 3671 spe
1683 3621 1834 3661 com-

275 3662 402 3728 pleta
433 3681 556 3735 erga
598 3682 657 3722 se
694 3681 870 3725 cantat
909 3676 1147 3745 quisquis
1177 3680 1334 3751 hujus
1363 3689 1537 3742 carnis
1563 3692 1828 3752 vinculum

274 3753 520 3827 intelligit.
551 3759 687 3816 Vere
714 3764 906 3833 quippe
928 3762 1124 3822 dictum
1156 3781 1256 3838 est,
1291 3774 1601 3836 Iliuniliatus
1629 3801 1760 3848 sum,
1784 3798 1829 3841 et

270 3847 445 3901 salvum
472 3867 550 3904 me
574 3853 689 3921 fecit
711 3871 729 3908 :
750 3856 842 3909 sed
881 3867 934 3912 et
983 3861 1107 3914 illud
1147 3865 1436 3929 Apostolus
1465 3886 1647 3926 verum
1677 3876 1823 3941 dicit,

268 3936 512 4004 Quoniam
537 3959 626 4010 spe
650 3946 778 3999 salvi
805 3948 928 4016 [acti
951 3968 1122 4007 sumus
1152 3955 1325 4024 (Rom.
1355 3975 1447 4014 vm
1469 4003 1482 4026 ,
1508 3962 1620 4033 24).
1654 3965 1722 4021 Ει
1757 3936 1824 4024 de

265 4039 422 4085 morte
442 4033 659 4100 quidem
682 4037 819 4105 quod
845 4045 1077 4110 exetnpti
1099 4060 1301 4114 sumus,
1329 4061 1474 4107 recte
1496 4053 1691 4112 dicitur
1709 4059 1819 4128 jam

263 4131 368 4176 esse
394 4125 741 4194 completum,
765 4140 822 4184 ut
852 4145 1074 4188 mortem
1101 4136 1454 4208 intelligamus
1473 4161 1580 4200 non
1599 4152 1814 4206 creden-

263 4209 397 4273 tium,
421 4213 490 4268 de
518 4217 762 4285 qualibus
792 4223 886 4283 ait,
906 4223 1112 4279 Dimitte
1132 4239 1352 4284 mortuos
1371 4237 1578 4303 sepelire
1599 4252 1819 4299 mortuos

257 4314 364 4355 suos
391 4287 604 4371 (ΜᾶιιΙι.
629 4323 741 4372 vni,
769 4309 875 4380 Ἡ)
906 4323 996 4367 :et
1025 4315 1150 4370 illud
1177 4317 1228 4371 in
1259 4287 1531 4389 superiore
1555 4287 1811 4395 psalmo;

269 4408 285 4439 ι
312 4392 421 4447 Non
469 4399 661 4452 mortui
705 4399 990 4457 laudabunt
1021 4414 1069 4459 te
1090 4447 1103 4468 ,
1140 4407 1388 4476 Domine,
1421 4430 1590 4485 neque
1627 4435 1813 4479 omnes

251 4484 334 4552 qui
371 4485 704 4544 descendunt
747 4492 799 4546 in
852 4494 1144 4562 infernum;
1176 4501 1268 4554 Sed
1302 4519 1399 4560 nos
1428 4508 1516 4575 qui
1548 4511 1821 4584 vivimus,

249 4571 598 4633 hencdicimus
629 4582 905 4638 Dominum
942 4605 959 4636 ι
993 4586 1161 4656 (Psal.
1187 4606 1333 4656 exttt,
1361 4571 1579 4670 17,-18).
1607 4603 1682 4657 Ex
1712 4571 1810 4662 hac

247 4679 363 4736 ergo
390 4680 562 4727 morte
593 4682 768 4741 potest
794 4685 940 4732 recte
983 4678 1276 4750 intelligere
1317 4686 1476 4752 homo
1501 4690 1674 4748 fidelis
1694 4696 1802 4770 jam

243 4771 531 4828 exetnptam
554 4777 676 4818 esse
697 4779 924 4819 animam
949 4782 1120 4835 suam,
1142 4787 1207 4826 eo
1231 4775 1345 4842 ipso
1361 4780 1499 4846 quod
1519 4797 1580 4834 ex
1609 4785 1803 4843 inﬁdeli

243 4844 402 4902 lidelis
431 4850 620 4905 etl'ecta
649 4856 768 4907 est:
803 4857 940 4911 unde
979 4859 1089 4926 ipse
1134 4844 1408 4927 Salvator,
1446 4870 1544 4936 Qui
1570 4878 1724 4929 credit
1751 4880 1802 4932 in

240 4950 327 5001 me,
355 4938 545 5008 inquit,
580 4944 848 4998 transitum
875 4949 996 5017 facit
1025 4965 1056 5000 a
1087 4963 1244 5005 morte
1269 4955 1337 5008 ad
1364 4958 1517 5012 vitam
1544 4959 1717 5033 (Joan.
1745 4985 1794 5033 v,

236 5025 340 5094 Si).
359 5029 562 5086 Cmtera
587 5049 716 5088 vero
736 5045 833 5105 spe
849 5041 1111 5108 completa
1129 5054 1252 5098 sunt
1278 5045 1328 5099 in
1352 5049 1430 5103 eis
1453 5025 1795 5119 qui‘nondtun

240 5131 290 5172 ex
315 5119 411 5176 hac
438 5123 541 5177 vita
569 5125 918 5194 cmigrarunt.
948 5129 1097 5186 Nunc
1134 5134 1276 5188 enim
1321 5152 1440 5193 cum
1483 5141 1662 5211 lapsus
1704 5162 1796 5202 uo-

232 5221 362 5268 stros
383 5216 863 5285 periculosissimas
883 5222 1194 5292 cogitamus,
1222 5243 1325 5281 non
1351 5243 1560 5287 cessant
1579 5251 1608 5289 a
1633 5236 1796 5309 lacry-

231 5304 324 5359 mis
349 5308 486 5361 oculi
513 5327 524 5360 :
553 5317 679 5364 tunc
706 5321 882 5366 autem
925 5315 1120 5369 eximet
1163 5319 1346 5372 oculos
1389 5333 1601 5380 nostros
1638 5343 1668 5380 a
1712 5329 1791 5384 la-

227 5397 437 5464 crymis,
465 5399 678 5468 quando
719 5411 774 5454 et
819 5402 979 5470 pedes
1022 5420 1051 5456 a
1099 5405 1267 5475 lapsu.
1300 5410 1428 5478 Quia
1463 5422 1586 5470 tunc
1612 5419 1790 5475 nullus

225 5487 317 5540 erit
340 5487 520 5558 lapsus
545 5491 929 5546 ambulautiutn
955 5495 1167 5563 pedum,
1191 5501 1403 5568 quando
1426 5504 1648 5561 inlirma:
1673 5525 1788 5564 car-

223 5578 298 5630 nis
322 5579 522 5634 nullum
551 5581 654 5636 erit
682 5582 961 5638 lubricum.
994 5585 1143 5642 Nunc
1169 5605 1316 5654 vero,
1350 5598 1592 5662 quamvis
1631 5598 1783 5657 lirma

222 5667 386 5723 silvia
413 5671 435 5700 ²
455 5684 654 5738 nostra,
678 5690 797 5743 qum
818 5674 1060 5732 Christus
1080 5689 1192 5743 est;
1220 5689 1392 5737 tamen
1420 5686 1540 5754 quia
1563 5704 1782 5747 carnem

176 5735 181 5744 ’
221 5761 290 5841 nt
317 5766 390 5810 Er.
419 5771 472 5813 ct
507 5771 635 5826 Lov.,
668 5773 714 5816 et
743 5767 936 5818 humilis
973 5769 1150 5836 corde.’
1180 5773 1342 5838 Abest,
1380 5777 1540 5841 corde,
1581 5782 1642 5831 ab
1679 5781 1785 5836 aliis

219 5817 392 5936 mugiit:
418 5858 634 5953 plerique
661 5897 766 5941 uss.
795 5899 848 5942 At
869 5891 997 5954 lldd.,
1020 5898 1125 5943 t'tltl.

1479 469 1869 538 ENARRATIO
1909 483 1975 538 IN
2011 485 2328 554 PSALMUM
2362 500 2518 560 CXV.

1492 587 1702 647 Salvum
1732 611 1818 650 mc
1846 595 1918 650 fe-

353 654 439 715 cit,
468 655 585 720 quia
619 656 921 717 humiliatus
954 682 1070 721 sum
1099 688 1109 722 :
1137 686 1241 726 non
1268 677 1406 730 enim
1441 684 1680 748 poenalis,
1713 686 1807 741 sed
1833 703 1918 742 sa-

3471 537 3620 592 .4590!

2029 604 2199 672 nobis,
2226 625 2380 679 quam
2401 615 2649 684 jubemur
2669 626 2936 698 edomare,
2959 635 3373 712 substernimus;
3403 647 3450 701 in
3479 652 3596 719 ipso

2023 707 2240 761 prorsus
2268 717 2430 772 opere
2463 724 2569 778 quo
2589 727 2703 769 eam
2732 719 2992 779 subditam
3016 729 3358 804 castigamus,
3391 755 3494 795 non
3527 744 3581 799 in

2020 800 2080 840 ea
2111 791 2300 849 cadere
2335 812 2580 869 magnum
2622 816 2702 863 est
2733 828 2744 863 :
2776 828 2881 869 non
2907 828 3079 875 autem
3112 824 3162 878 in
3193 841 3253 882 ea
3283 829 3421 898 labi,
3463 843 3580 907 quis
3649 887 3652 890 .

2020 880 2225 907 ποιαί.ιο

2017 880 2225 944 potest?
3203 880 3234 882 Γ
3283 880 3364 885 -Π-
3408 880 3421 898 ⁷
3465 880 3495 907 Ὶ
3597 907 3604 926 ⁵

2084 970 2136 1024 8.
2167 972 2498 1050 Quapropter
2527 987 2648 1054 quia
2666 963 2730 1045 Oet
2759 993 2807 1048 in
2839 1011 2998 1055 carne
3027 1018 3228 1074 sumus,
3253 1019 3305 1063 ct
3332 1014 3382 1066 in
3411 1030 3572 1073 carne

2012 1075 2115 1116 non
2159 1079 2339 1124 sumus
2387 1075 2476 1143 (in
2509 1092 2666 1136 carne
2696 1086 2834 1140 enim
2867 1102 3046 1147 sumus
3085 1111 3149 1150 eo
3189 1102 3400 1160 vinculo
3431 1112 3568 1177 quml

2012 1155 2234 1177 ..λ-Δη-ς-
2271 1163 2341 1177 κγ·
2389 1174 2396 1177 -

3264 1155 3395 1160 κη--
3433 1155 3496 1177 ,ιη
3539 1155 3568 1162 Ἴ.

2010 1155 2241 1212 nondum
2266 1163 2491 1221 solutum
2523 1181 2622 1239 est,
2653 1177 2791 1242 quod
2819 1180 3022 1238 dissolvi
3041 1197 3086 1240 et
3113 1207 3216 1245 esse
3239 1211 3349 1249 cum
3371 1198 3570 1256 Christe

2005 1243 2162 1297 multo
2192 1252 2351 1321 magis
2377 1259 2616 1326 Optimum
2653 1262 2904 1338 [Pliilipp.
2926 1265 2975 1338 ’1,
2998 1275 3090 1351 25]
3114 1297 3126 1331 :
3151 1297 3254 1336 non
3281 1299 3456 1344 autent
3479 1308 3568 1345 su—

2003 1349 2120 1389 mus
2149 1338 2196 1391 in
2228 1356 2386 1408 carne
2411 1361 2478 1401 ex
2515 1365 2580 1404 eo
2613 1357 2753 1423 quod
2791 1361 3006 1430 spiritus
3039 1369 3292 1436 primitias
3322 1377 3561 1434 dedimus

2000 1423 2130 1490 Deo,
2151 1429 2193 1482 si
2226 1439 2397 1488 tamen
2427 1442 2689 1506 possimus
2709 1441 2887 1506 dicere
2916 1456 3036 1522 quia
3064 1469 3370 1521 conversatio
3391 1461 3561 1525 nostra

1996 1514 2048 1567 in
2078 1519 2211 1572 cmlis
2235 1533 2306 1576 est
2331 1523 2438 1597 [Id.
2464 1545 2540 1596 ιιι,
2563 1533 2653 1606 ‘20]
2674 1579 2688 1602 ,
2715 1549 2766 1593 et
2792 1514 3037 1614 tanquam
3066 1554 3235 1622 capite
3257 1557 3557 1626 placeamus

1996 1603 2098 1626 ,κη
2167 1625 2187 1626 η

2637 1603 2651 1606 ﬁ
2898 1603 2912 1614 _
3078 1603 3086 1604 ,
3132 1603 3234 1622 Γ---
3258 1603 3553 1626 regem...”

1996 1603 2133 1670 Deo,
2166 1612 2384 1678 pedibus
2411 1631 2583 1676 autem
2619 1633 2864 1698 tanquam
2894 1642 3145 1694 extremis
3170 1646 3359 1702 anima:
3388 1656 3553 1719 parti-

1996 1697 2084 1719 Lua
2121 1718 2130 1719 κ
2162 1703 2195 1719 ι·
2315 1709 2328 1719 ¹
2373 1712 2383 1719 ·
2437 1713 2447 1719 ⁵

2728 1697 2738 1698 7
3388 1697 3518 1719 μ...

1990 1697 2088 1754 bus
2112 1703 2285 1761 adhuc
2314 1709 2571 1769 lubricum
2603 1722 2934 1798 sentiamus),
2961 1731 3081 1786 audi
3110 1740 3551 1804 quemadmodum

1988 1791 2052 1845 ad
2093 1809 2238 1863 spem
2283 1803 2538 1868 pertineat
2573 1813 2708 1879 quod
2744 1815 2810 1869 ita
2839 1791 3047 1877 canitur
3073 1791 3213 1883 velut
3248 1831 3357 1900 jam
3385 1837 3453 1891 sit
3479 1839 3554 1892 cl-

3385 1881 3453 1891 -..
3480 1881 3525 1892 υ.

1985 1881 2202 1955 fectum,
2231 1889 2449 1962 Excutit,
2474 1896 2662 1969 inquit,
2694 1907 2864 1961 oculos
2893 1927 3028 1967 meos
3054 1932 3085 1968 a
3113 1915 3375 1991 lacrymis,
3402 1929 3552 1996 pedes

1982 1989 2116 2031 meos
2144 1995 2175 2032 a
2203 1981 2349 2052 lapsu
2376 2002 2394 2038 :
2419 1997 2473 2042 et
2499 1999 2672 2048 tamen
2699 2012 2800 2080 npn
2823 2002 2915 2068 ait,
2947 2004 3163 2076 Placeo;
3191 1981 3305 2080 sed,
3329 1981 3548 2073 Plitcebo

1979 2067 2031 2121 in
2057 2085 2324 2142 conspectu
2354 2077 2591 2149 Domini,
2617 2087 2668 2141 in
2699 2067 2900 2161 regione
2927 2098 3182 2168 vivorum;
3209 2109 3338 2160 satis
3359 2118 3543 2188 ostenf

1979 2157 2108 2188 Anna
2139 2161 2202 2188 ..ιι
2236 2179 2290 2188 Α-
2337 2180 2451 2188 ._-,,.
2651 2177 2665 2188 .
2949 2187 2957 2188 ,

1978 2157 2110 2214 dens
2137 2161 2204 2217 ab
2231 2179 2292 2220 ea
2337 2180 2486 2238 parte
2527 2177 2758 2234 nondum
2807 2197 2866 2239 se
2910 2187 3118 2256 placere
3163 2194 3212 2248 in
3257 2184 3543 2270 conspectu

1978 2248 2125 2270 h_.“9
2170 2255 2182 2267 ⁶
2533 2266 2545 2270 “

2910 2248 2927 2256 _
3267 2248 3542 2270 nul“...

1976 2248 2217 2321 Domini,
2247 2273 2364 2326 qum
2403 2273 2485 2318 est
2531 2266 2584 2321 in
2629 2271 2843 2340 regione
2889 2288 3254 2347 mortuorum,
3298 2291 3350 2345 id
3379 2304 3459 2348 est
3489 2297 3542 2350 in

1953 2984 2180 3046 corpore
2225 2989 2473 3041 mortuo?
2501 2989 2606 3046 Sed
2651 2998 2778 3066 quid
2819 3003 2928 3058 ait?
2962 3025 2981 3056 ι
3013 3007 3068 3064 Si
3093 2984 3522 3089 autcm'Spinitus
3572 3007 3576 3012 ’

1953 3066 2068 3137 ejus
2093 3072 2180 3140 qui
2207 3077 2480 3134 suscitavit
2499 3082 2681 3140 Jcsum
2704 3088 2973 3150 Christum
2999 3114 3026 3150 a
3057 3107 3294 3173 mortuis,
3321 3066 3521 3171 liabitat

1952 3157 2007 3214 in
2053 3163 2226 3230 vobis;
2256 3169 2344 3236 qui
2392 3175 2669 3232 suscitavit
2692 3179 2872 3238 Jcsum
2897 3187 3167 3248 Christum
3197 3212 3225 3249 a
3256 3205 3477 3259 mortuis
3498 3249 3512 3272 ,

1951 3253 2236 3312 vivilicabit
2278 3270 2332 3315 et
2371 3268 2608 3322 mortalia
2640 3287 2859 3344 corpora
2892 3291 3065 3338 vestra
3105 3301 3318 3358 propter
3341 3253 3509 3364 Spiri:

1948 3353 2056 3399 tum
2101 3349 2188 3417 qui
2234 3351 2432 3409 habitat
2465 3357 2516 3412 in
2545 3361 2691 3430 vobis
2723 3383 2742 3416 ι
2779 3367 2960 3437 (llam.
2985 3389 3073 3429 vut
3143 3379 3174 3434 8
3195 3349 3513 3451 ζ1’1),’ί“ιιιι‹ξ

1945 3439 2144 3518 erimus
2166 3441 2218 3496 in
2238 3446 2440 3524 regione
2460 3450 2701 3521 vivorum,
2733 3473 2798 3512 ex
2825 3465 2966 3517 omni
2996 3479 3143 3534 parte
3173 3473 3440 3540 placentes
3461 3482 3510 3534 in

2690 3514 2700 3521 ,
2997 3514 3143 3534 νην
3173 3514 3440 3540 Paw...»
3462 3514 3506 3534 ...

1943 3514 2228 3598 c0nSpectu
2257 3519 2484 3593 .Domini
2506 3581 2519 3604 ,
2547 3556 2609 3596 ex
2643 3546 2781 3600 nulla
2813 3551 2882 3605 ab
2911 3569 2975 3608 eo
3022 3570 3173 3626 parte
3221 3569 3506 3636 peregrini.

1948 3620 2200 3686 Quamdiu
2230 3629 2360 3681 enim
2397 3646 2566 3687 sumus
2599 3636 2650 3689 in
2675 3653 2900 3708 corpore,
2933 3653 3313 3718 peregrinamur
3340 3675 3370 3710 a
3395 3657 3508 3714 Do-

1939 3712 2073 3764 mino
2095 3723 2349 3778 nostro;et
2367 3720 2417 3772 in
2438 3733 2692 3789 quantum
2725 3728 2846 3784 inde
2872 3738 3288 3806 peregrinantur,
3315 3746 3365 3799 in
3389 3757 3506 3803 tan-

1940 3807 2046 3853 tum
2079 3817 2181 3856 non
2209 3819 2390 3862 sumus
2419 3809 2472 3862 in
2508 3813 2708 3881 regione
2732 3819 2974 3874 vivorum.
3010 3844 3028 3876 ‹
3055 3826 3393 3890 Conﬁdimns
3411 3854 3504 3894 au-

1937 3897 2040 3944 tem
2063 3901 2116 3946 et
2142 3893 2278 3951 bene
2301 3898 2624 3956 arbitramur
2651 3909 2821 3976 magis
2849 3917 3174 3998 peregrinari
3205 3937 3232 3974 a
3257 3939 3499 3998 corpore,

1933 3989 1984 4033 et
2015 3981 2302 4040 immanere
2346 3988 2410 4042 ad
2462 3990 2769 4062 Dominum;
2803 4008 2856 4054 et
2901 3990 3025 4058 ided‘
3060 4010 3355 4081 ambimus,
3389 4020 3501 4076 sive

1932 4071 2302 4142 imtnancntcs,
2337 4079 2451 4134 sive
2480 4085 2900 4157 peregrinantes,
2934 4095 3200 4162 placentes
3227 4103 3300 4157 illi
3329 4122 3446 4164 esse
3478 4131 3497 4160 ι

1928 4165 2004 4234 (ll
2033 4166 2150 4220 Cor.
2186 4185 2234 4233 ν,
2263 4169 2418 4241 6-9).
2453 4175 2709 4232 Ambimns
2745 4182 2958 4250 quidem
2991 4204 3149 4256 nunc,
3184 4197 3275 4263 qui
3301 4214 3492 4269 exspe-

1924 4249 2128 4311 ctamus
2169 4259 2341 4316 adhuc
2384 4263 2801 4335 redemptionem
2844 4280 3083 4345 corporis
3114 4249 3280 4340 nostri
3315 4249 3492 4356 (litim.

1923 4361 2033 4411 vnt,
2063 4347 2154 4419 25)
2179 4367 2192 4402 :
2220 4351 2311 4405 sed
2339 4367 2460 4407 cum
2491 4357 2735 4428 absorpta
2760 4360 2919 4420 fuerit
2943 4383 3088 4426 mors
3113 4373 3166 4427 in
3193 4378 3487 4449 victoriam,

1921 4451 1974 4494 ct
2003 4444 2345 4511 corruptibile
2371 4445 2471 4503 hoc
2498 4451 2728 4507 induerit
2763 4455 3235 4536 incorruptionem,
3266 4481 3318 4526 et
3349 4490 3491 4530 mor-

1921 4531 2024 4584 tale
2056 4530 2156 4586 hoc
2184 4534 2412 4590 induerit
2444 4539 2894 4602 immortalitatem
2922 4530 3120 4623 (l—Cor.
3150 4530 3234 4624 xv,
3254 4564 3340 4626 b3,
3364 4566 3485 4634 54);

1918 4628 2042 4674 tunc
2073 4623 2246 4679 nullus
2273 4627 2372 4680 erit
2401 4627 2556 4684 ﬂetus
2578 4673 2590 4692 ,
2619 4635 2737 4702 quia
2771 4640 2946 4695 nullus
2975 4643 3186 4715 lapsus;
3213 4662 3266 4705 ct
3311 4657 3487 4711 nullus

1917 4711 2117 4783 lapsus,
2147 4717 2266 4784 quia
2295 4719 2435 4772 nulla
2467 4727 2754 4792 Corruptio.
2787 4728 2850 4783 Et
2877 4732 2996 4788 ideo
3017 4737 3126 4804 jam
3157 4757 3258 4795 non
3287 4747 3486 4802 ambie-

1913 4818 2031 4856 mus
2080 4806 2321 4874 placere,
2363 4809 2455 4863 sed
2487 4815 2703 4868 ommno
2735 4818 3058 4885 placebimus
3106 4829 3154 4883 in
3196 4846 3488 4905 conspectu

1912 4893 2139 4958 Domini,
2176 4898 2226 4951 in
2255 4901 2470 4968 regione
2500 4905 2756 4964 vivorum.

2338 5101 2418 5160 IN
2445 5103 2818 5169 PSALMUM
2853 5112 3019 5174 CXV

2441 5236 2572 5291 ENA
2583 5239 2853 5297 “RATIO.

2382 5357 2554 5422 senato
2577 5387 2645 5425 Αι)
2675 5389 2898 5428 meum.

1970 5497 2018 5550 1.
2038 5495 2376 5554 Notissimum
2403 5502 2629 5557 arbitror
2650 5521 2768 5561 esse
2784 5505 3055 5564 Sanctitati
3078 5525 3264 5572 vestra:
3281 5526 3420 5589 quod
3446 5530 3460 5559 ι

1895 5587 1964 5640 ait
1997 5588 2295 5655 Apostolus,
2329 5588 2448 5643 Non
2489 5595 2617 5648 enim
2646 5597 2868 5650 omnium
2909 5609 2982 5652 est
3011 5603 3136 5668 ﬁdes
3183 5607 3248 5676 (ll
3281 5587 3460 5670 Thess.

1893 5695 1968 5744 ιιι,
1987 5679 2039 5749 '2)
2070 5695 2082 5743 ;
2111 5678 2312 5748 etquod
2331 5681 2497 5749 major
2512 5697 2630 5738 csse
2656 5685 2819 5741 soleat
2844 5689 3130 5748 inﬁdelium
3159 5702 3458 5771 multitudo,

1893 5785 1995 5824 nou
2044 5771 2294 5839 ignoratis
2342 5791 2353 5825 :
2403 5784 2615 5842 propter
2661 5777 2799 5844 quod
2843 5779 3052 5850 dicitur,
3089 5785 3318 5860 Domine,
3351 5799 3468 5867 quis

1962 5910 1974 5939 ί
2003 5910 2074 5958 Sc
2099 5915 2168 5957 t‘r.
2197 5908 2338 5970 Lugd.
2370 5916 2533 5959 Venet.
2564 5916 2666 5960 Lov.
2696 5918 2742 5960 tu
2771 5919 2837 5975 8-,
2865 5916 2991 5976 ’μίαν
3066 5921 3146 5970 ’κο
