4026 6202
437 374 568 431 ΝΜ

431 486 644 541 credidit
681 487 878 540 audiltti
920 494 1089 540 nostro
1127 483 1295 552 (hui.
1328 499 1437 549 LIII,
1474 484 1493 536 l
1530 501 1544 549 ;
1578 483 1728 540 Rom.
1761 501 1809 549 Χ,
1854 484 1918 539 16
1944 484 2006 555 ιτ

434 560 578 634 inter
593 593 727 649 quos
752 578 908 634 etiam
935 574 1006 631 illi
1025 588 1393 642 numerantur,
1418 576 1482 632 dc
1503 576 1692 646 quibus
1718 576 1845 632 dicit
1868 577 2005 637 idem

428 671 719 739 apostolus,
756 668 939 722 Omnes
968 686 1060 722 sua
1087 678 1335 737 quierunt,
1381 685 1480 722 non
1509 684 1619 737 quae
1654 667 1778 724 Iesu
1821 669 2006 726 Christi

429 760 686 833 (Philipp.
714 777 771 826 ιι,
804 761 896 831 2i)
927 779 939 814 :
964 775 1097 831 quos
1126 761 1229 815 alio
1256 761 1373 814 luco
1395 759 1519 813 dicit
1543 775 1646 814 non
1671 776 1733 813 ex
1762 762 2002 825 veritate,

425 853 517 908 sed
542 869 605 910 ex
633 834 912 908 occasione
937 851 1221 923 priedicare
1245 851 1459 913 verbum
1480 852 1593 916 Dei,
1616 867 1715 907 non
1732 852 2000 923 easte(ld.

426 960 462 1008 ι,
494 942 602 1015 l7),
633 944 684 998 id
715 952 817 1010 est,
841 960 945 998 non
976 958 1042 999 ex
1069 944 1246 996 animo
1279 958 1424 1013 pura:
1450 950 1503 997 et
1528 943 1751 997 sincera:
1774 943 2003 999 charita-

425 1037 511 1091 tis.
544 1037 703 1093 Aliud
743 1038 887 1093 enim
937 1035 1252 1103 sentiebant,
1300 1035 1440 1106 quod
1471 1038 1520 1091 in
1551 1050 1735 1091 eorum
1767 1038 2003 1094 moribus

422 1129 751 1198 apparebat;
780 1138 833 1184 et
876 1128 1017 1183 aliud
1066 1126 1444 1198 praedicabant,
1489 1137 1546 1183 ut
1571 1139 1756 1184 Sancto
1789 1130 2002 1184 nomine

425 1218 696 1287 placerent
722 1220 1023 1274 hominibus
1052 1238 1064 1274 :
1097 1234 1217 1274 nam
1239 1218 1304 1273 de
1326 1218 1408 1273 his
1438 1220 1627 1273 iterum
1650 1219 1801 1284 dicit,
1827 1219 2004 1289 Neque

423 1310 555 1363 enim
586 1310 666 1364 isti
701 1310 804 1365 Deo
830 1312 1067 1375 seruiunt,
1113 1309 1200 1363 sed
1228 1325 1317 1373 suo
1348 1309 1503 1363 ventri
1535 1309 1709 1381 (Rom.
1742 1326 1853 1375 xvi,
1889 1311 1998 1379 18).

422 1403 567 1471 Quos
595 1413 769 1458 tamen
813 1402 1080 1458 Christum
1110 1403 1423 1457 annuntiare
1451 1403 1725 1472 permittit.
1751 1403 2001 1471 Quamvis

422 1495 562 1549 enim
595 1509 656 1550 ea
686 1495 862 1565 potius
907 1494 1186 1550 crederent
1212 1509 1329 1563 quae
1359 1494 1456 1563 ipsi
1487 1493 1770 1559 faciebant,
1802 1503 1858 1549 ut
1883 1510 1999 1549 ιιιοι-

422 1594 701 1643 rerentur:
726 1601 787 1642 ea
811 1595 982 1641 tamen
1006 1585 1384 1657 praedicabant,
1408 1600 1525 1655 qua)
1547 1585 1590 1638 si
1613 1585 1697 1640 alii
1721 1584 2025 1640 credentes.

422 1677 674 1743 facerent,
703 1677 1070 1742 salvarentnr;
1116 1693 1225 1731 non
1266 1676 1407 1731 enim
1435 1676 1575 1730 aliud
1608 1678 1996 1732 'annuntiabant

421 1778 615 1842 praeter
642 1770 875 1841 regulam
900 1769 1045 1825 ﬁdei.
1077 1770 1179 1825 Eos
1207 1770 1403 1839 quippe
1426 1768 1661 1823 excludit
1688 1770 1995 1838 Apostolus,

420 1860 605 1916 dicens
633 1877 646 1916 :
675 1860 736 1916 Si
759 1862 869 1929 quis
895 1861 1030 1915 vobis
1054 1860 1422 1914 unnuuliaverit
1453 1868 1635 1931 prwter
1660 1860 1712 1913 id
1749 1862 1882 1928 quod
1910 1878 1996 1914 ac-

419 1955 643 2026 cepistis,
689 1955 956 2009 anathema
981 1955 1043 2008 sit
1071 1953 1261 2024 (Gclat.
1308 1970 1347 2017 ι,
1373 1953 1448 2024 9).
1484 1953 1561 2007 llli
1593 1967 1698 2006 non
1730 1952 1996 2008 Christum

422 2047 735 2102 annuntiant
748 2047 835 2117 qui
854 2047 1169 2103 annuntiant
1186 2042 1464 2111 falsitatem
1482 2061 1496 2108 ;
1518 2044 1641 2114 quia
1658 2044 1899 2100 Christus
1912 2062 2000 2099 ve-

421 2139 550 2195 ritas
570 2148 653 2197 est
668 2138 846 2209 (Joan.
867 2139 1073 2210 x1v,6).
1095 2139 1170 2193 De
1191 2137 1305 2193 istis
1325 2147 1503 2193 autem
1524 2134 1652 2192 dicit
1680 2134 1820 2208 quod
1846 2138 2000 2193 Chri-

422 2220 561 2289 stum
584 2233 922 2299 annuntient;
943 2234 1035 2289 sed
1054 2249 1161 2288 non
1184 2241 1349 2299 caste,
1365 2232 1416 2287 id
1430 2241 1530 2300 est,
1552 2234 1990 2289 nonanimosim-

422 2323 546 2394 plici
567 2332 617 2380 et
637 2338 790 2393 puro,
808 2333 863 2379 et
879 2324 981 2379 ﬁde
1006 2326 1213 2379 sincera
1242 2341 1359 2395 qua:
1390 2341 1484 2394 per
1502 2325 1842 2380 dilectionem
1873 2342 1997 2395 epe-

424 2426 570 2475 ratur
595 2415 788 2486 (Galat.
810 2434 864 2480 v,
887 2416 942 2489 6)
972 2435 984 2471 :
1017 2418 1242 2473 terrenis
1254 2419 1447 2488 quippe
1471 2418 1847 2486 cupiditatibus
1866 2434 1996 2473 eon-

419 2509 681 2575 sulentcs,
708 2525 926 2580 regnum
950 2509 1206 2564 caelorum
1234 2511 1638 2575 annuntiabant,
1666 2509 1924 2565 habentes
1945 2513 1994 2564 in

421 2610 635 2671 pectore
660 2600 962 2666 falsitatem,
993 2602 1045 2655 in
1073 2602 1251 2671 lingua
1275 2603 1573 2656 veritatem.
1606 2600 1792 2656 Sciens
1822 2602 1997 2671 itaque

419 2693 705 2762 Apostolus
729 2694 888 2748 etiam
920 2709 1012 2762 per
1034 2693 1222 2748 Jndam
1244 2693 1695 2763 evangelizantem
1715 2693 1996 2750 credentes

420 2798 541 2839 esse
582 2784 856 2847 liberatos,
886 2784 1017 2840 istos
1059 2799 1268 2853 quoque
1300 2784 1367 2837 ita
1414 2784 1704 2853 permittit:
1732 2781 1872 2848 Siue,
1919 2785 1995 2837 in.

418 2876 554 2944 quit,
579 2877 855 2940 occatione,
884 2877 986 2932 sive
1009 2878 1215 2933 ueritate
1239 2874 1469 2930 Christus
1491 2877 1818 2930 annuntietur
1848 2876 1998 2945 (Phi-

418 2966 550 3038 lipp.
582 2984 621 3031 ι.
652 2966 765 3039 18).
798 2967 1084 3023 Veritatem
1117 2968 1311 3038 quippe
1353 2955 1995 3033 annuutiahantfetiamsi

420 3072 526 3113 non
550 3059 790 3124 veritate,
836 3058 885 3112 id
919 3069 998 3113 est
1041 3075 1151 3112 non
1179 3074 1307 3113 vero
1348 3061 1545 3113 animo.
1578 3060 1667 3113 Isti
1714 3061 1998 3130 loquuntur

418 3150 557 3219 quod
590 3166 699 3205 non
721 3149 966 3218 credunt,
1010 3160 1065 3204 et
1091 3150 1210 3204 ideo
1249 3151 1515 3217 reprobati
1561 3161 1722 3214 sunt;
1755 3152 1997 3220 quamvis

419 3242 526 3294 sint
567 3240 723 3295 utiles
765 3241 843 3295 eis
885 3254 1020 3311 quos
1050 3241 1261 3294 instruit
1301 3240 1576 3307 Dominus,
1609 3240 1793 3296 dicens
1824 3260 1838 3296 :
1874 3241 1998 3308 Qui:

421 3329 613 3393 dicunt,
637 3329 826 3400 facite;
853 3345 965 3399 qua:
985 3338 1151 3383 autem
1183 3331 1396 3399 faciunt,
1428 3332 1594 3400 facere
1620 3330 1997 3385 nolite;dicant
2034 3398 2041 3401 _

421 3420 577 3483 enim,
606 3430 653 3473 et
682 3436 783 3474 non
807 3421 1002 3489 faciunt
1027 3418 1240 3490 (Matth.
1272 3436 1420 3485 χχιιι,
1443 3419 1520 3490 3).
1557 3419 1723 3486 Unde,
1755 3421 1854 3475 nisi
1875 3423 1995 3491 quia

421 3513 571 3568 utilia
604 3528 711 3567 non
738 3512 964 3568 credunt
990 3528 1111 3568 esse
1139 3528 1256 3582 quae
1282 3512 1463 3568 dicunt
1488 3514 1511 3566 ‘t
1535 3512 1672 3569 Sunt
1694 3522 1870 3568 autem
1906 3515 1994 3569 alii

420 3606 509 3675 qui
550 3587 1005 3673 credunt,‘et'non
1034 3604 1322 3674 loquuntur
1351 3604 1491 3674 quod
1523 3605 1768 3670 credunt,
1798 3606 1884 3659 vel
1916 3607 1994 3673 pi-

419 3697 599 3767 ιιι-ωτι,
635 3696 719 3752 vel
745 3697 951 3752 timore.
983 3696 1113 3751 Nam
1141 3705 1194 3752 et
1225 3697 1313 3752 ille
1340 3712 1525 3752 servus
1550 3699 1794 3768 quamvis
1827 3701 1995 3753 talen.

421 3797 535 3843 tum
583 3787 847 3854 habuerit,
894 3796 1071 3843 tamen
1116 3789 1237 3858 quia
1287 3804 1506 3860 erogare
1555 3790 1746 3855 noluit,
1795 3791 1995 3844 audita

422 3882 649 3938 Duniino
666 3880 848 3952 judice
879 3880 1081 3938 :Gerve
1103 3899 1315 3952 nequam
1340 3892 1385 3936 et
1412 3883 1572 3953 piger.
1600 3883 1668 3937 Et
1692 3884 1797 3937 alio
1825 3883 1997 3937 Evan-

421 3973 546 4040 gelii
576 3973 694 4030 loco
733 3972 932 4028 dictum
978 3981 1063 4028 est
1090 3973 1230 4043 quod
1259 3974 1410 4029 multi
1439 3989 1504 4029 ex
1550 3974 1873 4045 principibus
1901 3974 1995 4031 Ju-

420 4063 657 4120 dacor-nm
698 4063 1054 4120 credidissent
1077 4064 1130 4119 in
1158 4080 1298 4128 eum,
1342 4063 1438 4119 sed
1480 4079 1587 4120 non
1615 4079 1737 4122 eum
1768 4066 1995 4122 conliteo

421 4155 635 4219 bantur,
664 4170 733 4210 ne
757 4155 1147 4225 expellerentur
1168 4154 1235 4210 de
1255 4156 1535 4226 synagogis
1558 4173 1572 4220 ;
1600 4156 1692 4212 sed
1712 4158 1871 4213 etiam
1900 4158 1998 4225 ipsi

420 4245 731 4314 reprehensi
781 4254 940 4315 atque
998 4227 1283 4313 improbati
1334 4252 1460 4299 sunt
1505 4262 1518 4299 :
1569 4246 1807 4316 sequitur
1856 4246 1996 4303 enim

421 4334 756 4404 Evangelista
783 4334 988 4398 dicens,
1014 4334 1320 4388 Amaverunt
1345 4336 1478 4390 enim
1504 4336 1717 4406 gloriam
1739 4338 1996 4392 hominum

423 4426 584 4496 magis
602 4442 753 4496 quam
781 4424 876 4479 Dei
905 4421 1084 4496 (loan.
1113 4440 1208 4491 xu,
1235 4422 1326 4491 42,
1354 4425 1469 4495 43).
1493 4426 1548 4481 Si
1575 4442 1702 4496 ergo
1726 4435 1782 4481 et
1809 4428 1881 4482 illi
1908 4428 1998 4498 qui

423 4533 605 4573 verum
636 4517 775 4587 quod
806 4519 1086 4587 loquuntur
1114 4532 1219 4571 non
1246 4516 1489 4583 credunt,
1518 4530 1573 4573 et
1599 4520 1670 4573 illi
1698 4521 1788 4590 qui
1810 4536 1994 4576 verum

419 4608 562 4680 quod
607 4609 831 4665 czulunt
873 4624 978 4663 non
1024 4608 1329 4679 loquuntur,
1372 4609 1561 4665 merito
1604 4613 1995 4679 reprobantur;

420 4701 541 4773 quis
580 4701 683 4756 erit
726 4716 913 4756 servus
956 4715 1079 4756 vere
1117 4700 1373 4756 dicendus
1418 4701 1607 4768 lidelis,
1652 4688 1753 4756 nisi
1799 4703 1887 4757 ille
1914 4704 1998 4758 cui

418 4792 614 4846 dicitur
647 4809 659 4845 :
695 4809 715 4842 ι
768 4790 939 4860 Euge,
988 4806 1141 4846 serve
1187 4792 1357 4856 bone,
1409 4793 1656 4861 quoniam
1687 4794 1738 4847 in
1788 4794 1998 4851 modico

420 4885 567 4942 fuisti
613 4884 804 4951 ﬁdelis,
855 4899 1014 4954 supra
1059 4886 1222 4939 multa
1276 4896 1324 4940 te
1371 4887 1726 4951 constituam;
1762 4888 1898 4942 intra
1943 4889 1996 4944 in

419 4977 671 5049 gaudium
698 4977 898 5032 domini
932 4977 1049 5031 tui?
1087 4998 1106 5030 ι
1137 4977 1280 5032 Talis
1312 4979 1486 5048 itaque
1514 4993 1701 5034 servus
1726 4994 1823 5033 nec
1850 4994 1999 5036 ante-

418 5087 575 5140 quam
607 5064 789 5125 crcdat
826 5069 1078 5139 loquitur,
1109 5084 1208 5123 nec
1248 5084 1368 5124 cum
1399 5071 1683 5126 crediderit
1730 5081 1901 5138 tacet;
1934 5090 1999 5127 ne

419 5161 504 5216 vel
532 5163 609 5217 sic
630 5170 811 5232 eroget
840 5168 893 5215 ut
926 5160 1040 5229 ipse
1067 5174 1173 5213 non
1200 5160 1412 5225 habeat,
1438 5161 1517 5215 vel
1544 5160 1682 5230 quod
1706 5163 1863 5216 habet
1893 5179 1996 5217 non

418 5253 687 5324 erogando
728 5269 831 5307 non
860 5252 1070 5308 haheat.
1099 5252 1187 5308 Sic
1210 5253 1352 5308 enim
1380 5252 1577 5307 dictum
1604 5264 1687 5309 est
1718 5273 1730 5306 :
1764 5254 1863 5319 Qui
1898 5254 1996 5307 hn-

416 5342 516 5409 het,
557 5344 760 5399 dabitur
785 5345 872 5409 ei;
898 5345 985 5415 qui
1032 5354 1328 5397 autemnon
1373 5344 1537 5408 habet,
1584 5354 1630 5399 et
1673 5346 1806 5417 quod
1853 5345 1998 5400 habet

416 5437 675 5504 auferetur
702 5436 765 5489 ab
806 5452 863 5489 eo
892 5434 1103 5506 (Matth.
1137 5450 1266 5500 xxv,
1298 5434 1360 5488 21
1402 5434 1516 5505 29).

392 5508 399 5513 ’
450 5554 455 5557 -
489 5513 544 5578 Ξξ
576 5525 721 5598 [uere
760 5527 872 5601 50.]
906 5529 1051 5582 Dicat
1077 5543 1203 5597 ergo
1232 5527 1332 5582 iste
1371 5527 1542 5582 bonis
1566 5538 1753 5583 servits
1778 5538 1997 5582 cantans

419 5615 658 5680 Alleluia,
687 5617 737 5670 id
759 5628 858 5682 ρει,
889 5620 1189 5673 sacriﬁcans
1220 5618 1442 5672 Domino
1472 5618 1785 5673 sacriﬁcium
1807 5619 1994 5687 laudis,

413 5722 448 5761 θ
491 5710 595 5774 quo
631 5705 901 5760 auditurus
936 5718 1036 5772 est,
1082 5708 1227 5761 Intra
1270 5711 1323 5762 in
1367 5711 1621 5787 gaudium,
1650 5709 1854 5764 Domini
1883 5711 1957 5764 tui
1978 5730 1994 5776 ς

414 5795 668 5862 exsultet,
701 5804 753 5850 rt
777 5795 933 5862 dicat,
965 5796 1184 5862 Criulidi,
1225 5811 1431 5870 propter
1454 5802 1585 5874 quod
1617 5801 1810 5856 locutus
1838 5819 1946 5857 sunt
1974 5819 1993 5857 :

1670 370 1724 426 ε.
1768 369 2128 427 Αυουετιιηι
2168 358 2468 431 Εινιεεοιδι

2230 226 2245 255 Ι

3524 383 3698 435 Mss

2120 485 2222 543 hoc
2246 495 2347 553 est,
2394 490 2626 560 perfecte
2652 492 2871 549 credidi.
2902 492 3015 549 Non
3042 494 3182 557 enim
3211 494 3451 567 perfecto
3469 498 3700 555 credunt

2113 578 2205 648 qui
2224 578 2364 647 quod
2393 581 2617 636 credunt
2645 582 2786 652 loqui
2817 584 3002 639 nolunt
3029 603 3044 639 :
3072 585 3136 640 ad
3165 586 3333 655 ipsam
3357 588 3500 643 enim
3532 587 3697 644 ﬁdem

2112 670 2343 738 pertinet
2367 672 2525 726 etiam
2554 673 2680 727 illud
2706 674 2924 730 credere
2952 676 3092 746 quod
3122 677 3320 735 dictum
3350 688 3453 747 est,
3485 679 3585 745 Qui
3613 698 3701 735 me

2109 762 2365 831 ceu/essm
2391 764 2539 833 fuerit
2563 782 2735 819 coram
2763 766 3064 833 hominibus,
3093 770 3362 838 conﬁtebor
3385 787 3497 825 eum
3520 789 3695 826 coram

2110 853 2312 924 Angelis
2334 854 2427 910 Dei
2453 855 2658 925 (Matth.
2682 875 2729 922 κ,
2754 858 2864 941 5‘2).
2895 860 2969 915 Ex
2998 860 3100 916 hoc
3118 861 3257 917 enim
3284 872 3364 918 est
3386 864 3691 934 appellatus

2112 944 2281 1000 ﬁdelis
2308 946 2393 1002 ille
2416 962 2619 1015 servus,
2652 964 2755 1004 non
2798 959 3000 1005 tantum
3031 953 3161 1022 quia
3179 953 3403 1020 accepit,
3434 954 3530 1010 sed
3561 957 3689 1025 quia

2108 1037 2366 1117 impendit
2387 1047 2546 1110 atque
2572 1040 2805 1097 lucratus
2829 1050 2929 1097 est.
2962 1042 3034 1096 lta
3062 1052 3118 1098 et
3143 1042 3244 1100 hoc
3280 1044 3396 1099 loco
3423 1061 3531 1099 non
3569 1047 3690 1112 ait,

2108 1128 2339 1197 Credidi,
2367 1140 2424 1187 et
2448 1132 2654 1189 locutus
2683 1147 2797 1188 sum
2823 1152 2836 1200 ;
2868 1134 2963 1191 sed
2990 1143 3205 1206 propter
3230 1137 3330 1192 hoc
3357 1137 3485 1192 dicit
3506 1153 3567 1194 se
3606 1139 3695 1193 lo-

2106 1230 2284 1277 cutum
2329 1238 2468 1289 esse,
2512 1227 2631 1295 quia
2675 1214 2919 1283 credidit.
2967 1227 3134 1283 Simul
3177 1230 3318 1284 enim
3351 1229 3598 1292 credidit,
3632 1240 3696 1286 et

2106 1312 2245 1380 quod
2275 1315 2549 1383 praemium
2593 1316 2858 1386 loquendo
2895 1332 3132 1387 sperare,
3174 1327 3233 1374 et
3269 1335 3428 1389 quam
3472 1335 3688 1389 penam

2106 1405 2329 1461 tacendo
2359 1407 2543 1463 timere
2578 1407 2817 1467 deberet.
2846 1409 3067 1474 Credidi,
3097 1410 3286 1481 inquit,
3315 1422 3524 1481 propter
3551 1415 3692 1484 quod

2106 1497 2301 1551 loeutus
2326 1513 2454 1552 nun.
2488 1497 2595 1569 Ego
2619 1509 2789 1554 autem
2815 1500 3109 1555 humiliatus
3135 1518 3249 1554 sum
3288 1502 3456 1569 nimis.
3492 1502 3691 1557 Passns

2105 1596 2187 1641 est
2213 1588 2357 1641 enim
2382 1588 2575 1643 multas
2619 1590 3006 1656 tribulationes,
3051 1600 3266 1662 propter
3290 1592 3509 1647 verbum
3537 1592 3681 1663 quod

2106 1678 2329 1734 ﬁdeliter
2356 1679 2591 1745 tenebat,
2630 1680 2859 1741 ﬁdeliter
2888 1683 3262 1753 impendebat;
3293 1693 3348 1740 et
3371 1683 3684 1741 humiliatus

2104 1780 2187 1825 est
2224 1770 2379 1825 nimis
2404 1790 2417 1825 :
2449 1772 2589 1843 quod
2615 1773 2690 1827 illi
2717 1772 3008 1829 timuerunt
3037 1776 3122 1845 qui
3149 1787 3440 1832 amaverunt
3468 1778 3687 1846 gloriam

2106 1863 2368 1916 hominum
2387 1864 2545 1933 magis
2568 1880 2721 1935 quam
2748 1865 2860 1920 Dei.
2904 1866 3009 1922 Sed
3034 1866 3159 1937 quid
3189 1876 3295 1932 est,
3334 1865 3447 1938 Ego
3472 1878 3639 1922 autem
3658 1868 3692 1922 ?

2107 1955 2313 2012 Diceret
2332 1956 2528 2026 potius,
2557 1957 2796 2025 Credidi,
2825 1968 3043 2028 propter
3068 1959 3207 2029 quod
3230 1968 3287 2015 et
3310 1960 3514 2015 loeutus
3541 1974 3686 2024 sum,

2104 2055 2158 2099 «ιι
2184 2045 2491 2102 humiliatus
2506 2062 2625 2103 sum
2651 2049 2845 2104 nimis:
2867 2064 2963 2104 cur
2984 2049 3207 2119 addidit,
3230 2049 3343 2121 Ego
3369 2059 3556 2116 autem,
3578 2051 3687 2106 nisi

2103 2137 2226 2205 quia
2250 2138 2409 2193 homo
2434 2139 2700 2196 humiliari
2729 2151 2902 2211 potest
2923 2141 2991 2195 ab
3013 2141 3090 2196 eis
3116 2142 3205 2212 qui
3237 2142 3439 2196 veritati
3466 2150 3691 2199 eontra-

2103 2229 2306 2295 diennt,
2325 2244 2428 2284 non
2454 2230 2567 2300 ipsa
2586 2231 2785 2287 veritas
2800 2247 2957 2301 quam
2977 2231 3146 2288 credit
3164 2241 3219 2287 et
3239 2233 3504 2303 loquitur?
3530 2232 3687 2289 Unde

2102 2329 2157 2373 et
2184 2321 2486 2389 Apostolus,
2509 2336 2627 2376 cum
2653 2321 2720 2377 de
2742 2332 2925 2378 eatena
2954 2339 3046 2377 sua
3075 2304 3277 2380 diceret
3305 2342 3321 2379 :
3345 2324 3448 2382 Sed
3473 2343 3638 2380 sermo
3667 2369 3686 2391 ,

2104 2410 2292 2478 inquit,
2319 2409 2419 2466 Dei
2435 2422 2624 2467 nonest
2650 2413 2887 2484 alligatus
2913 2414 2978 2486 (ll
3010 2414 3137 2468 Tim.
3166 2432 3226 2488 ιι,
3252 2416 3332 2485 9).
3364 2415 3453 2473 Sic
3473 2425 3528 2470 et
3557 2417 3685 2483 iste,

2101 2502 2222 2571 quia
2253 2503 2365 2570 ipsa
2387 2512 2471 2558 est
2491 2518 2592 2558 una
2622 2518 2846 2573 persona
2871 2515 3172 2560 sanctorum
3196 2508 3428 2570 testium,
3452 2506 3555 2561 hoc
3574 2516 3686 2573 est,

2102 2602 2393 2665 martyrum
2424 2595 2543 2661 Dei,
2586 2594 2808 2661 Credidi,
2840 2596 3027 2666 inquit,
3076 2608 3282 2669 propter
3323 2599 3457 2667 quod
3485 2597 3691 2654 locutio:

2101 2700 2233 2738 sum.
2263 2683 2375 2755 Ego
2418 2696 2609 2751 autem,
2661 2701 2773 2741 non
2799 2687 2927 2745 illud
2972 2688 3114 2757 quod
3155 2687 3378 2755 credidi,
3412 2704 3525 2743 non
3562 2704 3685 2745 ser-

2101 2791 2190 2859 mo
2218 2790 2375 2846 quem
2405 2779 2595 2847 protuli
2621 2795 2636 2844 ;
2671 2778 2769 2837 sed.
2803 2778 2911 2848 Ego
2940 2780 3229 2836 humiliatus
3258 2799 3369 2836 sum
3398 2784 3569 2837 nimis.

2173 2871 2225 2926 '5.
2259 2867 2407 2940 [vers.
2449 2868 2560 2942 H.]
2591 2870 2699 2941 Ego
2735 2880 2898 2926 autem
2928 2873 3036 2926 dixi
3063 2874 3113 2927 in
3141 2875 3318 2929 ecstasi
3345 2889 3485 2939 mea,
3507 2873 3689 2931 Omni:

2102 2959 2251 3014 homo
2287 2962 2523 3015 mendax.
2552 2962 2795 3019 Bestasin
2828 2976 3075 3031 pavorem
3103 2964 3252 3032 dicit,
3278 2981 3439 3035 quem
3461 2969 3688 3021 commi-

2102 3052 2351 3106 nantibus
2369 3055 2812 3121 persecutoribus,
2832 3065 2880 3109 et
2901 3055 3331 3125 impendentibus
3347 3060 3691 3128 passionibns

2101 3144 2363 3197 cruciatus
2388 3152 2479 3196 aut
2504 3143 2711 3208 mortis,
2760 3144 2986 3200 humana
3016 3146 3291 3202 inﬁrmitas
3322 3150 3538 3219 patitur.
3570 3150 3690 3207 Hoc

2102 3233 2241 3287 enim
2274 3233 2633 3304 intelligimus,
2671 3236 2791 3306 quia
2821 3236 2873 3291 in
2901 3237 3002 3293 isto
3032 3239 3233 3307 psalmo
3260 3257 3357 3295 vos
3387 3252 3686 3314 martyrum

2102 3334 2337 3394 apparet.
2367 3325 2498 3380 Nam
2524 3335 2579 3381 et
2604 3326 2708 3382 alio
2730 3327 2887 3382 modo
2908 3328 3100 3384 dicitur
3115 3332 3356 3397 ecstasis,
3375 3347 3495 3387 cuin
3526 3349 3703 3388 tuens.

2103 3402 2209 3470 uon
2239 3432 2433 3486 pavore
2456 3418 2736 3485 alienatur,
2762 3420 2857 3476 sed
2900 3421 3071 3491 aliqua
3099 3422 3443 3492 inspiratione
3470 3426 3689 3480 revela-

2105 3509 2261 3563 tionis
2284 3509 2587 3564 assumitur.
2621 3508 2733 3581 Ego
2751 3520 2917 3565 autem
2944 3511 3048 3567 dixi
3070 3513 3121 3566 in
3146 3515 3320 3568 ecstasi
3343 3531 3472 3579 mea,
3505 3515 3691 3572 Omnis

2104 3601 2253 3653 homo
2274 3600 2506 3654 mendas.
2540 3599 2869 3657 Conterritus
2891 3602 3030 3656 enim
3057 3603 3285 3672 respexit
3315 3604 3683 3661 inﬁrmitatem

2103 3708 2273 3758 suam,
2315 3702 2372 3749 et
2416 3692 2542 3746 vidit
2572 3708 2673 3746 non
2717 3693 2782 3748 de
2825 3709 2897 3749 se-
2926 3694 3023 3748 sibi
3070 3710 3191 3751 esse
3228 3698 3685 3765 praesumendum.

2103 3784 2363 3851 Quantum
2403 3783 2546 3839 enim
2575 3782 2640 3838 ad
2667 3783 2836 3852 ipsum
2868 3784 3134 3839 hominem
3165 3786 3410 3855 pertinet,
3452 3789 3686 3845 mendax

2084 3877 2221 3931 'est:
2266 3875 2358 3930 sed
2384 3875 2553 3946 gratia
2594 3877 2686 3931 Dei
2727 3892 2889 3931 verax
2931 3875 3149 3932 effectus
3174 3887 3273 3941 est,
3318 3894 3385 3934 ne
3414 3881 3691 3949 pressaris

2104 3967 2435 4023 inimicorum
2462 3967 2660 4023 cedens
2683 3983 2788 4021 non
2818 3966 3126 4037 loqueretur
3166 3970 3307 4038 quod
3333 3971 3638 4028 crediderat
3662 4013 3685 4041 ,

2103 4061 2205 4117 sed
2228 4069 2444 4131 negaret
2468 4077 2484 4122 ς
2512 4061 2649 4117 sicut
2671 4060 2828 4117 Petro
2851 4059 3063 4123 accidit,
3093 4062 3342 4131 quoniam
3369 4062 3436 4119 de
3459 4077 3521 4120 se
3542 4079 3691 4134 prte-

2103 4162 2420 4222 sumpserat,
2443 4162 2496 4206 et
2515 4151 2784 4207 docendus
2804 4159 2922 4206 erat
2946 4152 3010 4207 de
3040 4152 3254 4210 homine
3273 4169 3377 4208 non
3404 4170 3525 4211 esse
3543 4170 3687 4225 prm-

2104 4242 2437 4299 snmendum.
2493 4242 2564 4299 Et
2606 4244 2651 4298 si
2693 4243 2762 4298 de
2811 4242 3027 4299 homine
3079 4259 3185 4301 non
3239 4246 3401 4303 debet
3453 4248 3691 4320 quisque

2104 4349 2448 4403 prtesumere,
2494 4334 2674 4404 utique
2717 4350 2816 4390 nec
2856 4335 2925 4390 de
2962 4336 3176 4406 seipse;
3207 4338 3325 4408 quia
3370 4337 3535 4394 homo
3571 4350 3686 4396 est.

2105 4424 2248 4483 Bene
2276 4440 2404 4495 ergo
2432 4426 2532 4481 iste
2561 4426 2691 4481 vidit
2720 4426 2771 4480 in
2799 4440 2994 4496 pavore
3019 4442 3117 4481 suo
3142 4442 3355 4483 omnem
3401 4427 3684 4487 hominem

2104 4515 2558 4573 csse-mendacem
2585 4534 2600 4583 ;
2645 4516 2765 4587 quia
2795 4525 2850 4572 et
2877 4517 2950 4571 illi
2983 4518 3071 4587 qui
3113 4518 3265 4574 nullo
3294 4534 3491 4589 pavore
3516 4536 3689 4577 vane-

2104 4617 2276 4675 scunt,
2306 4594 2371 4664 ne
2396 4608 2833 4679 persequentibus
2853 4609 3093 4665 cedendo
3121 4612 3467 4676 mentianttn,
3494 4629 3693 4670 mune—
3737 4614 3751 4625 ‘

2104 4700 2254 4755 ribus
2284 4699 2374 4754 Dei
2404 4688 2537 4754 tales
2563 4706 2703 4763 sunt,
2740 4714 2844 4755 non
2875 4700 3076 4755 viribus
3101 4702 3235 4757 suis.
3261 4701 3490 4758 Proinde
3514 4707 3697 4759 veriss-

2103 4790 2237 4845 siine
2282 4790 2477 4846 dictum
2527 4798 2628 4855 est,
2678 4790 2856 4845 Omnis
2901 4792 3048 4845 homo
3094 4794 3351 4859 unendax;
3398 4794 3491 4850 sed
3544 4797 3697 4852 Deus
3736 4819 3755 4829 ·

2106 4898 2284 4945 verax,
2311 4882 2399 4951 qui
2423 4882 2497 4935 ait
2524 4899 2538 4935 :
2572 4899 2590 4932 ι
2631 4881 2744 4951 Ego
2767 4881 2901 4947 dixi,
2934 4881 3017 4936 Dii
3040 4883 3191 4948 estis,
3222 4893 3276 4938 et
3301 4883 3391 4938 ﬁlii
3419 4885 3692 4941 Altissimi

2105 4991 2292 5031 onlnes
2318 4995 2330 5030 :
2356 4991 2451 5029 vos
2479 4983 2652 5028 autem
2678 4976 2814 5029 sicut
2836 4974 3078 5029 homines
3105 4976 3427 5041 moriemini,
3468 4987 3523 5031 et
3547 4978 3697 5034 sicut

2105 5082 2243 5121 unus
2286 5083 2348 5121 ex
2399 5066 2722 5137 principibus
2762 5064 2963 5120 cadetis
2996 5085 3015 5118 ι
3051 5064 3221 5136 (Psal.
3268 5082 3453 5134 um,
3504 5067 3560 5132 6,
3602 5069 3693 5133 ἴ).

2103 5158 2417 5213 Consolatnr
2456 5157 2702 5217 humiles.
2745 5167 2801 5213 et
2846 5157 3030 5227 implet
3057 5173 3158 5213 eos
3200 5173 3306 5213 non
3351 5159 3526 5214 solum
3579 5158 3698 5217 ﬁde

2104 5247 2401 5313 crcdendre,
2442 5248 2534 5303 sed
2559 5249 2718 5304 etiam
2755 5248 2943 5303 ﬁducia
2974 5248 3331 5319 praedicanda:
3349 5249 3609 5315 veritatis,
3638 5254 3694 5307 si

2104 5348 2504 5410 perseveranter
2548 5339 2841 5396 subdantur
2885 5339 3015 5405 Deo,
3064 5353 3164 5393 nec
3208 5339 3482 5395 imitentur
3521 5356 3694 5400 unum

2105 5448 2167 5487 ex
2200 5430 2520 5501 principibus
2544 5429 2833 5492 diabolum,
2875 5430 2966 5499 qui
2992 5429 3044 5483 ia
3076 5428 3305 5484 veritate
3354 5446 3460 5485 non
3494 5430 3647 5486 stetit
3670 5471 3688 5496 ,

2102 5534 2159 5580 et
2193 5522 2403 5579 cecidit.
2445 5522 2503 5579 Si
2538 5524 2679 5577 enim
2710 5522 2886 5577 omnis
2929 5521 3088 5577 homo
3118 5521 3369 5585 mendax,
3398 5522 3451 5576 in
3476 5529 3695 5583 tantum

2105 5631 2210 5670 non
2232 5625 2387 5672 erunt
2405 5614 2709 5680 mendaces,
2732 5613 2785 5668 in
2807 5622 3061 5683 quantum
3091 5628 3199 5666 non
3215 5622 3374 5669 erunt
3390 5612 3646 5679 homines
3673 5634 3692 5682 ;

2103 5705 2354 5779 quoniam
2395 5707 2466 5761 dii
2495 5716 2669 5773 erunt,
2697 5685 2763 5761 ετ
2780 5704 2870 5759 ﬁlii
2906 5704 3184 5761 Altissimi.

2175 5803 2225 5858 ι.
2258 5800 2408 5874 (vers.
2442 5800 2551 5874 12.]
2583 5801 2691 5855 Hoc
2731 5798 2907 5871 itaque
2932 5796 3277 5855 considerans
3304 5792 3698 5872 devotissimus
