4026 6202
265 413 281 464 1
303 411 395 465 193

258 525 464 594 populus
500 521 730 576 ﬁdelium
771 521 1004 585 testium,
1033 518 1302 590 quomodo
1333 499 1692 575 inﬁrmitatem
1726 521 1824 575 hu-

257 629 452 669 manam
482 613 573 668 Dei
605 613 973 668 misericordia
1003 629 1106 665 non
1147 611 1434 678 relinquat,
1480 611 1531 666 in
1560 614 1712 680 cujus
1745 613 1824 666 in-

257 706 502 760 firmitatis
533 722 731 776 pavore
774 706 972 759 dictum
1021 713 1122 767 est,
1159 703 1334 757 (lamis
1383 703 1530 757 homo
1562 704 1824 768 mendax;

256 797 505 868 quomodo
530 797 839 852 consoletur
864 796 1110 860 luuniles,
1144 805 1198 850 et
1229 794 1447 865 impleat
1476 795 1661 865 spiritu
1693 795 1828 849 ﬁdu-

254 888 344 942 cia:
374 886 716 957 trepidantes,
751 895 807 940 ut
835 903 968 956 pene
1016 896 1226 940 mortuo
1255 885 1416 940 corde
1465 886 1784 940 reviviscunt
1807 927 1821 951 ,

257 996 343 1035 nec
373 982 424 1034 in
448 981 747 1048 semetipsis
780 980 1002 1035 fidentes
1027 980 1151 1045 sint,
1187 979 1280 1034 sed
1313 980 1363 1033 in
1392 995 1457 1034 eo
1481 981 1571 1050 qui
1602 985 1824 1034 suscitat

256 1083 478 1126 mortuos
506 1070 572 1143 (ιι
603 1070 722 1126 Cor.
755 1087 795 1138 1,
820 1071 900 1141 9),
931 1081 986 1127 et
1025 1072 1228 1141 linguas
1269 1070 1547 1126 infantium
1594 1072 1716 1125 facit
1740 1071 1823 1124 di-

255 1175 413 1218 sertas
444 1163 592 1232 (Sap.
640 1179 696 1226 Χ,
735 1161 867 1231 21);
913 1163 1003 1232 qui
1048 1161 1142 1227 ait,
1178 1180 1196 1213 ι
1229 1161 1362 1216 Cum
1405 1172 1580 1216 autem
1615 1161 1825 1216 tradent

256 1269 357 1319 vos,
401 1254 565 1309 nolite
608 1254 844 1324 cogitare
883 1252 1150 1323 quomodo
1194 1260 1286 1307 aut
1315 1253 1440 1322 quid
1485 1253 1772 1323 loquamini
1806 1269 1820 1304 :

254 1348 456 1402 dabitur
489 1347 629 1402 enim
667 1347 819 1402 vobis
840 1331 900 1400 in
929 1347 1015 1400 illa
1043 1346 1170 1400 hora
1198 1345 1322 1415 quid
1363 1346 1686 1416 loquamini;
1717 1361 1820 1398 non

255 1441 380 1495 enim
407 1455 498 1494 vos
519 1439 648 1494 estis
669 1440 758 1508 qui
785 1438 1082 1509 loquimini,
1108 1437 1201 1492 sed
1222 1436 1449 1506 Spiritus
1470 1437 1642 1490 Patris
1660 1437 1822 1490 vestri

259 1533 334 1602 qui
363 1531 594 1602 loquitur
614 1531 667 1585 in
686 1532 834 1586 vobis
869 1551 887 1582 ι
920 1531 1128 1598 (Matth.
1160 1547 1212 1594 x,
1235 1530 1300 1584 19
1319 1539 1363 1583 et
1381 1529 1473 1598 9.0)
1509 1547 1520 1581 :
1555 1529 1670 1584 haec
1697 1545 1822 1598 ergo

257 1624 421 1676 omnia
444 1621 787 1677 considerans
810 1622 898 1677 ille
924 1623 1011 1692 qui
1039 1621 1267 1686 dixerat,
1297 1619 1407 1689 Ego
1433 1620 1539 1674 dixi
1559 1621 1611 1673 in
1642 1636 1824 1689 pavore

258 1734 367 1780 meo,
406 1717 580 1771 Omnis
605 1717 754 1770 homo
784 1717 1017 1780 mendax,
1047 1726 1101 1770 et
1130 1715 1312 1771 videns
1337 1716 1502 1785 gratia
1534 1716 1738 1770 Domini
1762 1732 1820 1771 se

260 1811 440 1866 factum
465 1825 708 1866 veracem
734 1853 751 1876 ,
784 1811 918 1877 Quid
945 1810 1235 1874 retribuam,
1255 1810 1443 1878 inquit,
1477 1809 1709 1872 Domino,
1732 1825 1824 1878 pro

257 1902 470 1955 omnibus
507 1917 622 1972 qua:
663 1885 885 1954 retribuit
932 1900 1240 1956 mihi?Non
1289 1901 1381 1964 ait,
1433 1915 1530 1970 pro
1577 1900 1826 1955 omnibus

258 2010 358 2063 quae
387 1993 573 2047 tribuit
598 1990 726 2047 mihi
751 2009 764 2059 ;
797 1993 888 2047 scd
920 2010 1011 2062 pro
1042 1992 1272 2046 ontnibus
1289 2008 1401 2063 qua:
1429 1993 1651 2046 retribuit
1679 1993 1821 2044 mihi.

257 2086 368 2151 Quae
401 2085 558 2154 igitur
589 2093 971 2154 praecesserant
1003 2083 1251 2148 hominis,
1284 2093 1338 2137 ut
1368 2084 1604 2137 omnium
1649 2083 1826 2136 dono~

259 2193 358 2232 rum
390 2177 481 2230 Dei
509 2192 615 2230 non
644 2176 936 2240 attributio,
974 2174 1069 2230 sed
1099 2174 1378 2229 retributio
1404 2175 1580 2228 vocari
1612 2174 1824 2243 possit?

260 2287 358 2340 quite
401 2279 792 2341 prmcesserant
843 2269 1072 2322 hominis
1121 2268 1220 2322 nisi
1273 2267 1530 2337 peccata?
1561 2266 1828 2320 Retribuit

260 2375 368 2429 ergo
404 2362 540 2415 Deus
581 2361 718 2414 bona
760 2375 858 2430 pro
902 2359 1073 2423 malis,
1121 2359 1203 2413 cui
1252 2359 1492 2413 homines
1528 2358 1826 2412 retribnunt

263 2453 376 2506 mala
424 2451 714 2521 probonis
743 2469 756 2504 :
785 2451 900 2504 lucc
953 2451 1096 2506 enim
1140 2450 1502 2504 retribuerunt
1542 2450 1628 2518 qui
1675 2449 1822 2504 dixe-

264 2553 385 2610 runt,
421 2544 517 2598 IIic
546 2554 619 2599 est
648 2545 804 2600 [neres
827 2560 846 2609 ;
875 2545 1052 2611 venite,
1099 2543 1384 2598 occidumus
1410 2560 1523 2597 eum
1553 2543 1571 2614 (
1594 2543 1676 2597 Id.
1709 2560 1826 2610 χχι,

263 2635 375 2709 58).

283 2721 367 2786 ’5.
408 2729 832 2804 [vers.15,15.]
875 2729 979 2786 Sed
1028 2729 1217 2800 qumrit
1263 2729 1364 2783 iste
1407 2727 1531 2799 quid
1573 2727 1830 2782 retribuat

265 2821 488 2888 Domino,
519 2831 576 2877 et
599 2838 705 2877 non
732 2823 953 2886 invenit,
977 2823 1075 2876 nisi
1099 2837 1164 2877 ex
1188 2822 1265 2876 eis
1289 2837 1406 2892 qum
1438 2823 1551 2891 ipse
1572 2821 1829 2876 Dominus

264 2913 504 2966 retribuit.
538 2911 779 2976 Calicem,
809 2913 998 2982 inquit,
1023 2912 1259 2966 salutaris
1284 2912 1550 2981 accipiam,
1581 2919 1624 2964 et
1650 2927 1829 2963 nomen

266 3001 452 3056 Domini
479 3003 738 3057 invocabo.
770 3005 813 3058 υ
840 3004 1019 3068 homo,
1055 3011 1272 3072 peccato
1298 3012 1386 3058 tuo
1413 3001 1658 3065 mendax,
1687 3002 1830 3056 dono

270 3095 346 3149 Dei
372 3111 555 3162 verax,
581 3104 638 3149 et
664 3094 780 3150 ideo
800 3095 910 3164 jam
929 3110 1031 3148 non
1060 3095 1246 3158 homo;
1273 3095 1394 3165 quis
1416 3093 1508 3148 tibi
1538 3093 1682 3148 dedit
1701 3092 1829 3148 cali-

263 3203 360 3242 cem
386 3188 658 3254 salutaris,
677 3203 833 3257 quem
856 3188 1143 3256 accipiens,
1174 3196 1228 3241 et
1245 3187 1497 3240 invocans
1515 3200 1705 3238 nomen
1731 3185 1832 3238 Do-

264 3284 392 3348 mini,
411 3283 676 3339 retribues
701 3282 748 3337 ei
766 3297 863 3352 pro
891 3281 1137 3336 omnibus
1161 3296 1278 3351 quze
1297 3280 1538 3335 retribuit
1567 3279 1692 3332 tibi?
1712 3278 1831 3348 quis

265 3375 347 3429 nisi
365 3375 454 3431 ille
470 3378 557 3445 qui
576 3375 670 3439 ait,
689 3371 904 3429 Potestis
923 3374 1084 3426 bibere
1099 3372 1303 3425 calicem
1316 3387 1461 3442 quem
1482 3387 1572 3441 ego
1590 3369 1831 3423 bibitnrus

233 3478 239 3490 ·
263 3482 354 3518 sum
375 3465 485 3538 (Id.
501 3483 592 3532 xx,
610 3465 733 3536 29.)?
759 3466 890 3533 Quis
911 3465 999 3519 tibi
1017 3463 1162 3519 dedit
1178 3463 1368 3517 imitari
1389 3463 1661 3533 passiones
1685 3476 1831 3527 snas,

263 3557 345 3612 nisi
367 3558 452 3628 qui
489 3572 583 3627 pro
611 3567 663 3612 te
691 3571 875 3626 passus
901 3565 983 3611 est
1009 3555 1191 3624 prior?
1217 3553 1446 3624 ldcoque
1469 3551 1568 3622 (a),
1599 3551 1831 3606 Pretiosa

262 3649 306 3700 in
329 3658 589 3719 conspectu
620 3647 826 3701 Domini
868 3663 1000 3700 mors
1031 3655 1321 3699 sanctorum
1365 3645 1498 3713 ejus.
1546 3643 1688 3696 Emit
1713 3656 1831 3694 eam

262 3742 493 3810 sanguine
519 3753 641 3804 suo,
672 3753 826 3808 quem
861 3737 1008 3806 prior
1035 3735 1170 3790 fudit
1198 3750 1293 3806 pro
1317 3735 1489 3789 salute
1517 3748 1828 3795 servorum,

264 3844 318 3883 ne
342 3846 432 3899 pro
459 3829 668 3884 Domini
695 3828 906 3883 nomine
927 3827 1067 3882 servi
1095 3825 1316 3880 fundere
1333 3824 1666 3886 dubitarent;
1691 3821 1833 3892 quod

265 3929 420 3974 tamen
446 3936 656 3983 eorum,
695 3935 797 3973 non
844 3919 1052 3973 Domini
1081 3917 1312 3980 utilitati,
1345 3915 1653 3985 proﬁceret.

321 4011 369 4065 6.
400 4010 556 4084 [rem
593 4009 718 4082 16.]
748 4010 1075 4065 Confitentur
1094 4008 1273 4078 itaque
1297 4007 1658 4062 conditionem
1682 4021 1832 4060 suam

264 4103 568 4172 mancipium
601 4110 746 4156 tanto
773 4101 942 4170 pretio
962 4106 1347 4168 comparatum,
1379 4107 1433 4152 et
1451 4097 1594 4151 dicat
1617 4115 1629 4150 :
1658 4095 1702 4148 ο
1726 4095 1834 4151 Do-

262 4194 400 4256 mine,
431 4209 519 4263 ego
547 4208 719 4247 servus
743 4201 893 4255 tuus;
917 4208 1009 4262 ego
1037 4205 1210 4244 servus
1236 4200 1370 4253 tuus,
1397 4198 1443 4242 et
1473 4187 1609 4256 ﬁlius
1635 4187 1836 4240 ancilla:

263 4291 366 4335 true.
399 4282 537 4353 Ergo
566 4289 622 4336 et
649 4291 858 4352 emptus
889 4291 968 4336 cst
994 4322 1008 4346 ,
1044 4289 1099 4336 et
1130 4279 1440 4334 vernaculus
1470 4287 1569 4332 est.
1602 4281 1681 4330 An
1713 4293 1834 4333 cum

261 4383 418 4427 matre
450 4373 604 4427 simul
630 4379 712 4427 est
751 4371 994 4443 emptus?
1019 4387 1085 4424 an
1111 4371 1233 4442 quia
1258 4369 1574 4424 vernaculus
1598 4378 1679 4423 cst
1698 4410 1712 4432 ,
1739 4385 1835 4439 pro

261 4475 466 4533 peccato
492 4467 627 4536 luga:
662 4481 772 4519 sum
797 4458 1133 4536 deprtndatus
1158 4505 1172 4530 ,
1202 4471 1256 4518 et
1286 4463 1406 4517 ideo
1432 4473 1643 4531 emptus
1664 4504 1678 4527 ,
1711 4463 1833 4531 quia

261 4556 550 4626 redemptus
595 4556 720 4611 est?
762 4557 930 4610 Filius
978 4555 1120 4609 enim
1167 4567 1249 4610 εει
1295 4553 1499 4607 ancilla:
1542 4553 1832 4608 secundum

263 4648 390 4716 quod
407 4649 582 4704 omnis
602 4658 843 4703 creatura
860 4647 1069 4702 subdita
1091 4646 1330 4701 Creatori
1352 4654 1455 4711 est,
1483 4655 1537 4701 et
1559 4646 1836 4701 verissimo

263 4737 473 4795 Domino
512 4740 846 4796 verissimum
899 4740 1058 4795 debet
1105 4740 1412 4794 famulatum
1461 4756 1472 4792 :
1521 4755 1679 4808 quem
1714 4755 1833 4793 cum

261 4831 481 4898 exhibet,
510 4833 680 4887 libera
708 4840 806 4895 est,
834 4831 972 4885 hanc
1001 4831 1266 4899 accipiens
1286 4845 1314 4883 a
1342 4831 1567 4884 Domino
1591 4831 1834 4899 gratiam,

262 4931 313 4974 ut
337 4924 382 4977 ei
425 4940 531 4979 non
573 4923 888 4977 necessitate
908 4964 923 4988 ,
952 4921 1043 4976 sed
1074 4923 1341 4976 voluntate
1382 4921 1665 4975 deserviat.
1697 4920 1836 4990 Ergo

262 5014 351 5069 iste
380 5015 515 5071 ﬁlius
542 5024 626 5070 est
665 5015 959 5070 Jerusalem
1005 5014 1237 5068 cmlestis
1260 5055 1273 5076 ,
1305 5029 1423 5083 qua:
1462 5028 1673 5066 sursum
1713 5023 1792 5065 est
1815 5051 1834 5078 ,

261 5116 415 5163 mater
441 5109 680 5163 omnium
709 5116 948 5161 nostrum
977 5107 1140 5160 libera
1168 5103 1370 5177 (Galat.
1407 5120 1482 5169 tv,
1514 5104 1583 5160 ‘26
1599 5090 1641 5173 )1
1675 5105 1738 5157 Et
1769 5104 1831 5157 1i-

262 5196 374 5251 bera
398 5200 611 5270 quidem
630 5214 656 5274 a
675 5207 892 5268 peccato
917 5240 930 5263 ,
955 5197 1046 5251 sed
1066 5197 1251 5250 ancilla
1277 5196 1493 5275 justitim
1514 5211 1526 5247 :
1547 5195 1696 5263 cujus
1719 5194 1837 5247 liliis

261 5287 418 5343 adhuc
435 5289 895 5360 peregrinantibus
921 5287 1132 5353 dicitur,
1173 5285 1270 5339 Vos
1297 5287 1349 5339 in
1375 5287 1650 5338 libertatem
1678 5287 1837 5338 vocati

261 5383 399 5446 estis;
418 5393 470 5439 et
490 5399 677 5439 rursus
698 5398 792 5439 eos
811 5397 994 5437 servos
1014 5381 1160 5446 facit,
1179 5380 1380 5443 dicens,
1403 5379 1506 5433 Sed
1523 5380 1574 5431 in
1597 5379 1840 5431 citat-itare

261 5474 422 5529 servtte
463 5476 674 5528 invicem
727 5473 845 5543 (Id.
889 5489 960 5539 v,
1011 5473 1107 5543 15)
1149 5472 1386 5541 :quibus
1434 5471 1556 5522 item
1607 5469 1834 5534 dicitur,

266 5581 284 5614 ι
324 5565 450 5623 Cum
493 5566 807 5622 serviebatis
847 5575 1065 5634 peccato
1091 5605 1104 5629 ,
1134 5563 1282 5617 liberi
1329 5562 1490 5615 cratis
1529 5577 1556 5614 a
1591 5561 1835 5630 justitia;

263 5673 394 5716 nunc
425 5677 551 5717 vero
580 5661 786 5715 liberati
827 5675 856 5714 a
884 5669 1100 5729 peccato
1121 5700 1134 5723 ,
1168 5656 1286 5710 facti
1320 5665 1492 5709 autem
1526 5656 1662 5709 servi
1694 5655 1800 5708 Deo
1821 5696 1834 5721 ,

323 5812 392 5873 (ιι)
425 5815 647 5868 Prmterit
683 5811 972 5861 versiculum
1000 5811 1071 5869 11,
1117 5815 1228 5858 tota
1257 5823 1360 5859 mea
1402 5808 1597 5858 Don’nno
1638 5805 1841 5858 reddam

291 5885 416 5924 cram
441 5874 566 5925 omni
591 5875 762 5938 populo
787 5874 903 5934 ejus.

1328 403 1724 461 ENARRATIO
1754 404 1816 460 ΙΝ
1857 406 2177 464 PSALMUM
2217 411 2396 466 CXVI.

3379 418 3400 471 1
3413 418 3511 478 .19.:

1935 523 2138 580 habetis
2172 524 2398 582 fructum
2430 537 2660 582 vestrum
2711 531 2761 584 in
2813 532 3280 587 sanctiﬁcationem
3305 575 3318 599 ,
3356 533 3511 587 ﬁnem

1931 631 2058 669 vero
2085 616 2244 670 vitam
2271 626 2523 673 aeternam
2561 639 2578 671 ι
2611 623 2628 689 (
2655 621 2800 674 Rom.
2834 639 2880 675 vi
2906 663 2920 687 ,
2941 621 3033 688 ‘20,
3060 623 3184 692 22).
3215 625 3362 678 Dicat
3387 641 3514 695 ergo

1907 695 2040 761 'Deo
2065 723 2249 763 servus
2281 709 2398 774 iste,
2428 710 2571 764 Multi
2603 727 2660 766 se
2689 722 2946 785 martyres
2974 714 3184 780 dicunt,
3221 717 3367 770 multi
3399 731 3515 772 ser-

1932 815 2023 853 vos
2048 809 2184 865 tuos,
2208 802 2329 870 quia
2354 817 2545 856 nomen
2573 805 2936 878 tuuniﬁliabent
2962 808 3012 860 in
3036 810 3193 862 variis
3219 809 3515 864 luercsibus

1911 902 1983 946 .et
2011 894 2313 959 erroribus;
2343 894 2436 950 sed
2468 896 2588 965 quia
2634 906 2825 965 praeter
2859 899 3147 955 Ecclesium
3179 911 3319 955 tuam
3346 912 3470 956 sunt
3491 943 3507 966 ,

1931 1001 2034 1040 non
2064 995 2190 1041 sunt
2219 988 2309 1042 filii
2333 988 2536 1044 ancilla:
2564 1000 2664 1044 tua:
2695 1009 2706 1044 :
2739 989 2847 1061 Ego
2873 1001 3047 1046 autem
3077 1010 3246 1047 servus
3277 1004 3391 1048 tuus
3413 1037 3428 1059 ,
3460 1008 3506 1050 ct

1929 1078 2066 1146 [ilius
2091 1079 2294 1133 ancilla:
2322 1091 2442 1133 luat.

2001 1172 2052 1224 7.
2095 1167 2258 1242 [vers.
2293 1171 2412 1243 17.]
2457 1174 2727 1243 Disrupisti
2779 1175 2976 1228 vincula
3022 1192 3164 1241 mea;
3211 1178 3298 1230 tibi
3347 1179 3511 1232 sacri-
3547 1199 3551 1203 ‘

1929 1261 2089 1328 ﬁcabo
2150 1263 2455 1332 sacriﬁcium
2516 1264 2700 1324 laudis.
2762 1265 2944 1336 Neque
2982 1267 3122 1320 enim
3177 1268 3351 1321 inveni
3409 1269 3508 1322 tilla

1930 1353 2116 1406 merita
2158 1368 2294 1420 mea,
2327 1354 2540 1424 quando
2581 1366 2634 1410 tu
2664 1357 2936 1426 disrupisti
2968 1359 3174 1414 vincula
3216 1374 3365 1424 mea;
3394 1360 3513 1414 ideo

1929 1444 2243 1498 sacriﬁcium
2267 1432 2436 1501 laudis
2461 1447 2550 1500 tibi
2578 1447 2749 1501 debeo
2775 1465 2786 1500 :
2811 1449 2929 1518 quia
2961 1451 3059 1502 etsi
3089 1450 3355 1519 gloriabor
3373 1452 3510 1520 quod

1929 1552 2115 1591 servus
2144 1547 2262 1591 tuus
2292 1538 2392 1592 sim
2422 1548 2475 1592 et
2505 1539 2640 1593 ﬁlius
2666 1540 2872 1593 ancillze
2904 1549 3040 1606 tuas;
3074 1556 3178 1594 non
3209 1541 3261 1594 in
3289 1556 3392 1605 me,
3422 1547 3515 1595 sed

1930 1628 1980 1681 in
2000 1637 2051 1683 te
2072 1629 2292 1683 Domino
2309 1645 2427 1685 meo
2445 1631 2734 1700 gloriabor,
2751 1632 2836 1701 qui
2857 1633 3128 1701 disrupisti
3149 1633 3355 1688 vincula
3374 1649 3512 1698 mea,

1931 1731 1986 1776 ut
2009 1737 2038 1774 a
2066 1721 2181 1792 fuga
2212 1722 2426 1778 rediens
2453 1723 2707 1794 religarer
2733 1724 2850 1777 tibi.

2000 1813 2051 1868 8.
2071 1813 2106 1885 ἶ
2124 1830 2250 1868 vers.
2285 1813 2408 1885 18.]
2460 1815 2581 1868 Vota
2601 1831 2711 1868 mea
2745 1815 2956 1869 Domino
2984 1815 3211 1870 reddam.
3237 1815 3367 1883 Qua:
3393 1825 3512 1889 vota

1931 1905 2228 1959 redditurus
2254 1905 2346 1960 cs?
2375 1905 2517 1973 Quas
2553 1906 2744 1960 vovisti
2789 1907 3069 1961 victimas?
3113 1911 3230 1976 quae
3257 1908 3516 1963 incensa?

1929 2014 2047 2066 qua:
2071 1999 2416 2052 holocausta?
2440 2002 2518 2053 An
2543 1999 2758 2054 ad‘illud
2788 2001 3026 2069 respicis,
3051 2001 3188 2070 quod
3214 2002 3369 2072 paulo
3393 2011 3516 2058 ante

1930 2089 2106 2143 dixisti
2132 2131 2146 2154 ,
2175 2089 2391 2144 Calicem
2434 2092 2694 2168 salutaris
2713 2093 2960 2161 accipiam
2981 2136 2995 2159 ,
3029 2105 3074 2147 et
3103 2111 3282 2147 nomen
3312 2094 3516 2149 Domini

1930 2181 2203 2248 invocabo;
2244 2194 2330 2247 et,
2358 2182 2472 2236 Tibi
2514 2184 2809 2254 sacriﬁcabo
2848 2187 3150 2255 sacriﬁcium
3199 2186 3410 2252 laudis?
3453 2189 3519 2244 Et

1930 2291 2114 2331 revera
2143 2277 2382 2346 quisquis
2425 2278 2564 2333 bene
2602 2279 2798 2348 c0gitat
2840 2279 2966 2348 quid
2995 2288 3183 2334 voveat
3216 2280 3439 2335 Domino
3465 2291 3518 2335 ct

1931 2384 2049 2438 qua:
2075 2378 2195 2422 vota
2237 2368 2458 2437 reddat,
2491 2371 2723 2439 seipsum
2756 2380 2978 2434 voveat,
3007 2371 3241 2438 seipsum
3285 2370 3474 2425 reddat.
3503 2390 3512 2423 :

1932 2460 2034 2513 hoc
2057 2461 2311 2530 exigitur,
2341 2461 2440 2515 hoc
2466 2459 2708 2516 debetur.
2741 2461 2986 2530 lnspecto
3017 2477 3231 2516 minimo
3264 2462 3518 2537 Dominus

1931 2551 2087 2616 dicit;
2116 2551 2331 2605 Reddite
2368 2551 2554 2605 Ca'sari
2596 2568 2710 2622 qum
2751 2553 2964 2608 Ca’saris
3007 2563 3122 2607 sunt
3145 2596 3158 2616 ,
3188 2563 3231 2607 et
3270 2553 3378 2608 Deo
3407 2571 3518 2624 qua:

1933 2646 2027 2701 Dei
2055 2656 2170 2701 sunt
2199 2647 2425 2718 (Matth.
2462 2663 2596 2711 xxii,
2624 2646 2684 2701 21
2720 2647 2737 2716 )
2769 2664 2781 2699 :
2813 2648 2986 2718 imago
3014 2663 3106 2702 sua
3138 2648 3376 2702 redditur
3399 2649 3519 2704 Ct}:-

1933 2738 2057 2803 sari,
2090 2740 2263 2809 imago
2291 2754 2384 2792 sua
2412 2739 2664 2794 reddatur
2695 2741 2820 2794 Deo.

2003 2829 2055 2885 9.
2092 2829 2252 2902 [νει-δ.
2285 2829 2412 2902 19.]
2451 2831 2554 2886 Sed
2583 2832 2671 2900 qui
2698 2832 2940 2886 meminit
2977 2847 3081 2885 non
3110 2823 3282 2886 solum
3309 2848 3517 2886 servum

1935 2939 1993 2978 se
2019 2939 2139 2978 esse
2169 2923 2280 2982 Dei,
2311 2923 2403 2977 sed
2429 2933 2484 2979 et
2510 2924 2672 2977 ﬁlium
2700 2924 2905 2977 ancillze
2937 2925 3047 2988 Dei,
3073 2925 3214 2978 videt
3241 2926 3254 2956 ¹
3289 2925 3374 2978 ubi
3399 2927 3518 2978 red-

1934 3014 2026 3070 dat
2051 3025 2168 3067 vota
2196 3029 2288 3068 sua
2312 3055 2326 3076 ,
2359 3014 2720 3070 conformatus
2747 3015 2962 3069 Christo
3007 3032 3098 3083 per
3125 3017 3344 3071 calicem
3373 3016 3517 3069 salu-

1937 3105 2082 3160 taris.
2126 3104 2190 3159 In
2231 3103 2406 3172 atriis,
2436 3107 2639 3176 inquit,
2680 3106 2859 3159 domus
2900 3105 3124 3160 Domini.
3166 3107 3293 3174 Qua:
3331 3105 3517 3161 domus

1937 3197 2031 3252 Dei
2061 3206 2164 3264 est,
2193 3198 2307 3251 haec
2331 3189 2525 3252 ancilla
2558 3197 2655 3251 Dei
2679 3204 2761 3252 est
2787 3213 2799 3248 :
2834 3206 2891 3251 et
2915 3213 3034 3266 qua:
3059 3197 3248 3250 domus
3281 3197 3393 3258 Dei,
3419 3196 3518 3250 nisi

1936 3290 2112 3344 omnis
2131 3288 2358 3360 populus
2379 3288 2528 3359 ejus?
2556 3289 2680 3342 Ideo
2705 3289 2962 3357 sequitur,
2987 3287 3011 3340 I
3021 3305 3051 3341 ιι
3075 3299 3341 3358 conspectu
3359 3289 3517 3340 omni;

1938 3383 2112 3452 pepuli
2137 3383 2265 3452 ejus.
2301 3380 2366 3434 Et
2403 3380 2638 3449 apertius
2665 3379 2775 3449 jam
2808 3379 3046 3433 nominat
3075 3378 3242 3447 ipsam
3272 3387 3516 3431 matrem.

1937 3476 2072 3544 Quid
2100 3484 2179 3530 est
2207 3475 2348 3530 enim
2380 3474 2520 3528 aliud
2553 3474 2776 3542 pepulus
2802 3473 2938 3542 ejus,
2969 3473 3067 3526 nisi
3095 3471 3232 3542 quod
3258 3472 3520 3540 sequitur,

1939 3567 2004 3620 In
2029 3567 2190 3620 medio
2212 3567 2302 3628 tui,
2329 3565 2609 3619 Jerusalem
2631 3567 2654 3618 ?
2683 3565 2828 3618 Tunc
2855 3573 2938 3620 est
2959 3565 3098 3619 enim
3122 3565 3261 3634 quod
3286 3563 3521 3617 redditur

1937 3669 2165 3729 gratum,
2195 3658 2324 3713 side
2355 3673 2482 3726 pace
2512 3659 2735 3726 atquein
2765 3673 2893 3726 pace
2919 3658 3191 3711 reddatur.
3221 3640 3319 3721 Qui
3343 3667 3519 3710 autem

1939 3753 2030 3806 filii
2059 3753 2212 3821 hujus
2237 3751 2444 3804 ancilla:
2467 3759 2732 3812 nonsunt,
2760 3749 2956 3802 bellum
2982 3749 3313 3818 potiusquam
3333 3763 3514 3815 pacein

1939 3849 2270 3896 amaverunt.
2295 3838 2371 3894 Ne
2399 3839 2516 3909 quis
2544 3847 2719 3892 autem
2751 3839 3021 3892 existimet
3044 3838 3174 3891 atria
3197 3836 3387 3891 domus
3414 3838 3518 3889 Do-

1939 3935 2088 3998 mini,
2112 3942 2166 3988 et
2190 3947 2400 3987 omnem
2426 3931 2675 4000 populum
2698 3930 2812 3999 ejus
2833 3929 3046 3985 Iudaeos
3067 3928 3373 3999 signiﬁcari,
3396 3928 3517 3998 quia

1941 4027 2009 4080 ita
2042 4025 2230 4079 clausit
2255 4024 2356 4078 iste
2384 4023 2621 4093 psalmus
2646 4061 2660 4084 ,
2685 4031 2742 4074 ut
2770 4019 2992 4084 diceret,
3025 4018 3092 4072 In
3121 4018 3282 4072 medio
3312 4019 3404 4080 tui,
3432 4017 3520 4069 Je-

1939 4116 2176 4182 rttsalem,
2210 4114 2362 4183 cujus
2393 4110 2606 4166 nomine
2635 4112 2878 4165 carnales
2906 4109 3157 4164 lsraelitze
3183 4109 3478 4180 gloriantur
3506 4127 3517 4167 ;

1940 4206 2120 4260 audite
2166 4214 2474 4275 sequentem
2520 4201 2779 4273 psalmum
2805 4243 2819 4266 ,
2852 4202 2941 4272 qui
2986 4210 3214 4271 quatuor
3241 4199 3520 4254 versiculis

1940 4298 2262 4351 eontinetur.
2543 4314 2545 4316 ·

2373 4527 2454 4587 ΙΝ
2497 4525 2875 4587 PSALMUM
2918 4524 3116 4586 CXVI

2524 4645 2939 4701 ENARRATIO.

2264 4761 2551 4830 Superioris
2588 4759 2828 4814 sermonis
2856 4759 3184 4813 continuatio.

2014 4854 2241 4907 Laudate
2276 4852 2541 4904 Dominum
2569 4866 2739 4902 omnes
2767 4858 2953 4920 gentes,
2985 4849 3185 4903 laudate
3209 4867 3323 4904 cum
3352 4867 3522 4904 omnis

1944 4947 2135 5017 populi.
2169 4945 2289 4997 llmc
2317 4951 2439 4995 sunt
2469 4940 2599 4994 atria
2631 4940 2818 4994 domus
2852 4940 3080 5004 Domini,
3107 4941 3195 4994 ille
3222 4941 3394 4994 omnis
3423 4957 3522 5010 po-

1945 5038 2098 5108 pulus
2124 5035 2238 5104 ejus
2261 5075 2276 5098 ,
2307 5035 2420 5086 lucc
2446 5048 2568 5085 vera
2596 5031 2888 5084 Jerusalem
2919 5034 2959 5083 ².
2994 5031 3221 5086 Audiant
3252 5032 3418 5100 magis
3451 5033 3519 5083 illi

1943 5129 2029 5197 qui
2075 5128 2229 5195 hujus
2270 5124 2500 5178 civitatis
2547 5123 2634 5175 lilii
2682 5137 2800 5175 esse
2847 5123 3166 5186 noluerunt,
3207 5136 3325 5174 cum
3369 5138 3425 5175 se
3457 5129 3522 5175 a'n

1944 5221 2177 5272 tllllllllllll
2205 5217 2438 5287 gentium
2471 5215 2844 5270 communione
2873 5214 3242 5282 pravcidcrunt.
3273 5214 3519 5277 Quoniam

1943 5312 2240 5379 conﬁrmata
2271 5318 2342 5363 est
2383 5324 2534 5376 super
2578 5323 2667 5359 nos
2710 5305 3052 5357 misericordia
3089 5306 3228 5372 ejus,
3261 5316 3306 5356 et
3345 5305 3523 5357 veritus

1944 5402 2149 5456 Domini
2175 5409 2339 5452 manet
2367 5400 2419 5452 iu
2449 5407 2707 5451 u'ternum.
2745 5395 2866 5448 lla-c
2890 5405 3011 5448 sunt
3036 5395 3140 5446 duo
3171 5394 3280 5458 illa,
3313 5395 3521 5448 miscri-

1943 5493 2120 5548 cordia
2161 5502 2215 5546 et
2256 5491 2487 5562 veritas,
2521 5505 2637 5557 qua:
2682 5489 2730 5540 in
2781 5486 3068 5540 centesimo
3119 5489 3276 5538 tertio
3317 5486 3525 5540 decimo

1944 5586 2146 5655 psalmo
2176 5582 2446 5636 memoria:
2484 5576 2900 5632 commendanda
2929 5577 3231 5630 eommonui
3265 5578 3359 5648 (τι),
3393 5577 3523 5632 Cu“-

2010 5743 2023 5771 ι
2050 5739 2212 5786 Plures
2238 5742 2365 5791 Mss,
2384 5733 2491 5782 vide
2519 5745 2536 5780 :
2558 5738 2606 5780 et
2629 5730 2839 5793 quidam,
2863 5724 3036 5793 videte.

2009 5804 2026 5832 ε
2056 5801 2275 5860 l‘l'et'iquc
2302 5790 2425 5852 Mss,
2453 5795 2555 5860 [ιιιέ
2591 5790 2746 5850 verba,
2765 5790 3047 5860 Jerusalem.

2011 5865 2080 5924 (ιι)
2106 5870 2154 5910 tu
2175 5853 2335 5908 t-Inu‘r.
2364 5857 2479 5907 l’sal.
2510 5871 2637 5918 exui,
2659 5853 2820 5926 seru'n
2842 5855 2884 5917 1,
2909 5867 2958 5902 ιι.
2988 5853 3062 5904 13.
