4026 6202
496 379 630 437 1495

494 498 695 561 [irumta
719 503 793 550 est
818 502 993 549 autem
1021 506 1173 562 super
1201 504 1291 542 nos
1318 483 1660 540 misericordia
1690 479 1918 544 Domini,
1942 493 2062 532 cum

492 586 609 658 ejus
639 584 871 651 nomini,
897 597 994 653 per
1034 580 1171 651 quod
1225 578 1431 634 liberati
1481 572 2061 676 sumus;inituicarum

491 680 724 750 gentium
741 675 918 732 rabida
943 690 1036 729 ora
1063 682 1335 737 cesserunt
1360 688 1373 726 :
1396 680 1441 724 et
1462 665 1877 766 veritas-Domini
1898 671 2065 766 manet

490 774 543 826 iu
564 782 809 829 atomum
827 809 843 834 ,
870 767 987 823 sive
1016 768 1068 821 in
1110 766 1187 821 eis
1214 780 1332 833 qua:
1373 761 1613 833 promisit
1647 759 1803 830 justis
1826 800 1841 822 ,
1872 758 1982 811 sive
2008 758 2061 810 in

490 866 566 917 eis
593 878 712 933 qua:
740 862 969 917 minatus
997 871 1079 916 est
1106 850 1299 929 impiis.

880 1044 963 1103 IN
1006 1040 1383 1103 PSALMUM
1434 1038 1661 1101 CXVII

1070 1159 1480 1217 ENARRATIU.

990 1282 1160 1332 annuo
1185 1291 1252 1330 AD
1280 1289 1536 1330 poruwu.

563 1412 615 1468 I.
656 1410 1005 1472 Audivimus.
1056 1409 1283 1476 fratres,
1331 1407 1702 1463 admonentem
1759 1396 1855 1461 nos
1904 1417 2062 1475 atque

492 1503 793 1558 hortantem
835 1501 1086 1574 Spiritum
1117 1512 1353 1557 sanctum
1376 1543 1391 1568 ,
1424 1510 1481 1555 ut
1508 1498 1825 1555 sacrificium
1855 1498 2063 1555 confes-
2091 1494 2098 1501 ’

489 1593 658 1649 sionis
698 1593 981 1649 oiI'eratuus
1026 1594 1154 1648 Deo.
1198 1591 1477 1648 Confessio
1518 1582 1692 1646 anteiit
1718 1633 1733 1659 ,
1765 1590 1844 1645 vel
1894 1589 2063 1644 laudis

487 1683 605 1753 ejus
632 1692 752 1748 est,
782 1684 861 1738 vel
907 1694 1241 1755 peccatorum
1279 1692 1602 1739 nostrorum.
1634 1684 1705 1738 Et
1734 1683 1822 1738 illa
1852 1680 2062 1752 quidem

488 1776 751 1831 confessio
776 1818 791 1842 ,
821 1791 920 1847 qua
952 1786 1163 1847 peccata
1189 1787 1366 1831 nostra
1399 1777 1508 1832 Deo
1531 1776 1865 1841 confitemur,
1892 1773 2065 1828 omni-

486 1866 587 1921 bus
611 1875 733 1921 nota
771 1876 888 1932 est;
919 1866 990 1921 ita
1021 1877 1076 1921 ut
1107 1866 1243 1923 hanc
1271 1867 1437 1921 solam
1463 1866 1564 1921 dici
1595 1864 1980 1921 confessionem
2010 1864 2061 1918 in

488 1957 778 2027 Scriptnris
803 1959 1001 2015 sanctis
1026 1960 1200 2015 minus
1225 1959 1429 2015 erudita
1455 1959 1725 2014 existimet
1748 1956 2059 2013 multitudo:

487 2064 612 2105 nam
644 2048 731 2105 ubi
759 2050 860 2105 hoc
885 2050 1105 2106 verbum
1132 2049 1349 2106 lectoris
1386 2064 1481 2104 ore
1506 2048 1746 2104 senuerit
1766 2090 1781 2114 ,
1812 2048 2063 2103 continuo

484 2140 740 2209 strepitus
778 2139 893 2209 pius
931 2150 1147 2210 pectora
1186 2139 1516 2196 tundentium
1557 2140 1917 2210 consequitur.
1957 2139 2063 2196 Sed

486 2229 685 2286 debent
706 2229 985 2287 advertere
1006 2230 1271 2302 quomodo
1294 2231 1491 2288 dictum
1521 2232 1587 2287 sit
1617 2235 1668 2287 in
1687 2230 1792 2287 alio
1819 2232 2060 2302 psalmo:

493 2339 514 2374 α
558 2321 818 2391 Quoniam
858 2322 1125 2393 ingrediar
1161 2325 1213 2379 in
1261 2324 1434 2379 locum
1473 2322 1789 2379 tabernaculi
1834 2322 2064 2378 admira-

484 2416 609 2480 bilis
643 2432 809 2487 usque
848 2417 913 2474 ad
942 2417 1160 2474 domum
1202 2418 1335 2485 Dei,
1376 2418 1429 2474 in
1459 2433 1589 2474 voce
1614 2416 1982 2474 exsultationis
2009 2424 2062 2471 et

484 2506 870 2577 confessionis,
897 2509 1015 2564 soni
1058 2508 1397 2565 festivitatem
1448 2509 1765 2565 celebrantis
1808 2526 1828 2560 ι
1876 2511 1893 2577 (
1915 2507 2057 2563 Psal.

486 2613 595 2664 xu,
623 2598 713 2670 5).
739 2598 835 2654 llic
873 2599 1017 2655 enim
1046 2610 1192 2655 certe
1230 2600 1564 2654 manifestum
1603 2609 1685 2655 est
1711 2614 1898 2655 vocem
1928 2614 2059 2654 con-

486 2689 734 2747 fessionis
754 2702 809 2747 et
829 2683 1039 2757 sonum,
1064 2708 1172 2752 non
1200 2691 1266 2747 ad
1287 2707 1572 2749 maerorem
1596 2693 1942 2763 poenitentiae,
1965 2693 2059 2767 sed

485 2783 551 2837 ad
581 2783 813 2838 ltetitiam
844 2783 1142 2840 festivitatis
1176 2771 1535 2842 celeberrima)
1568 2786 1854 2857 pertinere.
1884 2788 1988 2840 Aut
2015 2785 2058 2839 si

483 2875 554 2932 de
574 2884 678 2930 tam
706 2876 988 2932 manifesto
1011 2877 1312 2933 testimonio
1337 2878 1614 2950 quisquam
1636 2878 1808 2934 adhuc
1833 2878 2055 2943 dubitat,

482 2967 610 3038 quid
638 2966 875 3026 dicturus
902 2980 985 3027 est
1009 2970 1073 3027 ad
1105 2970 1232 3026 illud
1260 2971 1400 3042 quod
1444 2972 1495 3026 in
1527 2971 1900 3028 Ecclesiastico
1929 2972 2061 3027 reri-

384 3089 391 3095 -
483 3068 631 3127 ptum
653 3069 734 3117 est
765 3077 778 3114 :
809 3080 827 3113 ε
857 3061 1158 3121 Benedicite
1176 3063 1451 3118 Dominum
1476 3064 1653 3120 omnia
1679 3080 1838 3135 Opera
1871 3066 2056 3136 ipsius,

483 3142 606 3209 date
650 3155 849 3212 nomini
897 3155 1062 3225 ipsius
1111 3156 1588 3227 magnificentiam,
1634 3166 1691 3212 et
1735 3157 2058 3213 conliteu'iini

484 3243 538 3298 in
569 3244 775 3300 laudem
804 3246 969 3315 ipsius
995 3246 1047 3300 in
1076 3247 1298 3302 canticis
1335 3248 1593 3302 labiorum
1622 3258 1677 3303 et
1700 3248 1768 3315 in
1807 3249 2056 3315 citharis;

483 3343 539 3390 et
573 3335 651 3390 sic
692 3336 852 3392 dicite
892 3337 945 3391 in
987 3337 1319 3393 confessione
1342 3380 1357 3404 ,
1388 3339 1647 3406 Quoniam
1678 3340 1855 3394 omnia
1898 3355 2059 3409 opera

483 3425 692 3481 Domini
739 3428 874 3483 bona
923 3429 1083 3486 nimis
1128 3449 1147 3483 ι
1191 3428 1386 3501 (Eccli.
1438 3447 1644 3495 χχιιι,
1699 3433 1933 3505 l9-2l)?
1964 3435 2059 3490 llic

482 3527 630 3573 certe
656 3517 830 3575 nullus
855 3519 938 3573 vel
969 3520 1297 3576 tardissimus
1335 3521 1552 3594 ambigit
1576 3523 1963 3581 confessionem
2005 3525 2058 3581 in

487 3605 580 3663 Dei
608 3606 849 3663 laudibus
892 3610 1050 3679 poni;
1082 3611 1181 3665 nisi
1212 3612 1346 3668 forte
1376 3622 1515 3667 tanta
1560 3623 1643 3670 est
1671 3615 1721 3669 in
1749 3606 2057 3687 cujusquam

492 3708 672 3756 mente
694 3701 1034 3771 perversitas,
1067 3712 1125 3758 ut
1146 3702 1326 3759 dicere
1353 3705 1543 3760 audeat
1568 3708 1725 3762 etiam
1755 3712 1926 3779 ipsum
1958 3710 2061 3764 Do-

484 3791 686 3853 minum
711 3791 888 3849 losum
921 3792 1189 3850 Christum
1238 3806 1451 3865 peccata
1494 3812 1586 3852 sua
1616 3798 1756 3857 Patri
1786 3814 1905 3855 esse
1932 3815 2061 3855 cou-

486 3877 704 3941 frssum.
744 3884 892 3953 Quod
924 3886 969 3940 si
1013 3886 1200 3958 aliquis
1239 3887 1429 3958 impius
1457 3900 1671 3959 prnpter
1697 3907 1887 3948 nomen
1932 3908 2061 3948 cou-

487 3974 733 4031 l'essiouis
760 3984 986 4032 tentaret
1013 3978 1247 4048 objiccre
1270 4021 1285 4044 ,
1318 3978 1563 4035 facillime
1593 3983 1922 4040 refelleretur
1949 3986 2057 4055 ipsa

484 4069 819 4145 contextione
844 4070 1142 4126 verborum.
1170 4072 1258 4127 Sic
1287 4075 1425 4128 enim
1453 4074 1681 4145 loquitur
1708 4095 1721 4129 ε
1751 4096 1768 4128 ι
1792 4077 2062 4136 Confiteor

478 4142 601 4225 ftihi,
633 4177 653 4210 ι
689 4158 876 4228 inquit,
910 4179 929 4213 ‹
968 4160 1141 4225 Pater,
1172 4162 1389 4218 Domine
1414 4142 1534 4219 cmli
1555 4175 1605 4222 et
1629 4177 1799 4232 terrae,
1829 4169 1947 4237 quia
1968 4170 2059 4223 ah-

486 4248 741 4306 senndisti
766 4238 879 4305 haec
894 4267 922 4303 a
939 4251 1262 4320 sapientibus
1278 4262 1330 4305 et
1356 4254 1719 4322 prudentibus,
1739 4266 1790 4311 et
1816 4259 2059 4314 revelasti

485 4341 795 4430 caparvulis
813 4359 827 4405 ;
847 4342 937 4408 ita,
959 4342 1132 4410 Pater,
1150 4345 1396 4414 quoniam
1422 4347 1499 4401 sic
1521 4347 1765 4416 placitum
1783 4362 1863 4404 est
1878 4366 2055 4405 coram

476 4438 564 4484 etc;
604 4449 622 4481 ι
655 4430 784 4496 Quis
803 4446 908 4493 non
935 4446 1055 4488 eum
1080 4434 1335 4505 intelligat
1375 4436 1428 4490 in
1456 4436 1611 4493 laude
1639 4438 1811 4494 Patris
1837 4439 1948 4496 hate
1974 4443 2057 4496 di-

474 4521 645 4577 cere?
674 4520 801 4589 Quis
825 4537 930 4578 non
954 4523 1128 4579 videat
1151 4524 1304 4580 istam
1332 4526 1723 4585 confessionem
1751 4546 1855 4586 non
1878 4532 1941 4585 ad
1964 4532 2059 4588 do-

486 4611 652 4666 lorem
682 4612 892 4679 cordis,
923 4614 1016 4670 sed
1044 4615 1108 4669 ad
1137 4616 1386 4687 gaudium
1425 4619 1723 4688 pertinere;
1752 4635 1872 4675 cum
1898 4624 2055 4677 etiam

486 4703 820 4773 praecesserit
839 4704 1169 4777 Evangelista
1195 4707 1377 4764 dicens
1401 4728 1414 4763 :
1435 4708 1501 4765 In
1520 4711 1631 4782 ipsa
1650 4714 1776 4767 liora
1795 4715 2058 4770 exsultavit

486 4794 687 4867 Spiritu
721 4807 894 4851 sancto
956 4792 1003 4851 el
1040 4798 1203 4867 dixit,
1231 4797 1484 4871 Conﬁteor
1512 4804 1601 4857 tibi
1622 4846 1637 4872 ,
1680 4803 1834 4860 Pater
1886 4805 2054 4877 (Luc.

483 4886 723 4958 $.21)?

555 4977 811 5059 9.[vers.
863 4979 949 5054 1.]
987 4980 1355 5054 Quapropter.
1411 4985 1747 5052 charissimi,
1805 4992 2053 5059 quoniam

483 5056 640 5128 nullo
664 5070 824 5131 modo
850 5082 933 5128 est
977 5073 1194 5129 omnino
1236 5074 1581 5133 dubitandum
1606 5119 1620 5144 ,
1652 5088 1726 5133 tot
1763 5056 2059 5154 Congruen-

482 5162 629 5220 tibus
672 5164 1022 5230 testimoniis,
1063 5181 1285 5237 quorum
1326 5168 1518 5224 similia
1556 5171 1607 5227 in
1649 5171 1931 5243 Scripturis
1964 5191 2056 5245 per

480 5268 579 5310 vos
600 5254 745 5327 ipsos
768 5255 988 5326 potestis
1015 5255 1312 5324 advertere,
1345 5272 1448 5312 non
1483 5269 1683 5315 tantum
1713 5263 1765 5318 in
1792 5266 2017 5334 peccatis
2037 5307 2052 5331 ,

481 5344 577 5400 sed
604 5346 739 5402 etin
768 5346 1010 5405 laudibus
1055 5347 1147 5403 Dei
1190 5348 1576 5406 confessionem
1613 5353 1805 5410 divinis
1845 5355 2055 5412 Litteris

481 5437 655 5494 solere
696 5438 990 5506 nominari;
1019 5439 1144 5511 quid
1180 5444 1557 5513 congruentius
1596 5445 1645 5498 in
1682 5446 1783 5501 hoe
1828 5449 2050 5517 psalmo,

480 5528 691 5595 quando
718 5529 938 5585 Alleluia
968 5540 1239 5587 cantamus
1260 5574 1275 5598 ,
1298 5533 1436 5604 quod
1476 5544 1577 5601 est,
1610 5535 1841 5593 Laudate
1869 5538 2051 5594 Domi-

480 5632 629 5679 num,
660 5633 757 5672 nos
781 5619 1055 5677 admoneri
1085 5622 1442 5694 intelligimus,
1474 5641 1593 5680 cum
1623 5627 1885 5690 audimus,
1916 5630 2052 5684 Con-

481 5706 690 5776 ﬁtemini
728 5705 980 5774 Domino,
1016 5728 1175 5781 quam
1226 5712 1488 5784 idipsnm,
1530 5717 1734 5773 scilicet
1774 5728 1831 5773 ut
1870 5721 2050 5779 laude-

486 5812 608 5859 mus
633 5797 1098 5887 Dominum?Non
1139 5805 1308 5875 potuit
1348 5806 1462 5865 laus
1502 5805 1596 5861 Dei
1636 5807 1846 5866 brevius
1882 5814 2048 5886 expli-

1546 6010 1573 6033 Ι

1712 367 1768 422 S.
1809 360 2171 421 Αυουδτικι
2211 361 2508 421 EPISCOPI

3600 375 3733 431 “96

2169 478 2298 545 cari,
2330 495 2486 550 quam
2514 481 2862 539 ut‘diceretur
2882 525 2899 553 ,
2932 484 3179 552 Quoniam
3198 485 3358 543 bonus
3384 497 3474 544 est.
3503 488 3638 556 Quid
3666 497 3735 546 sit

2164 570 2414 639 grandius
2441 572 2540 627 ista
2569 556 2825 630 brevitate
2851 616 2866 642 ,
2896 591 3001 631 non
3033 577 3216 639 video;
3246 594 3366 635 cum
3397 581 3467 635 ita
3512 583 3580 636 sit
3609 598 3730 652 pro-

2164 661 2334 729 prium
2368 661 2477 716 Deo
2497 663 2636 733 quod
2664 665 2832 720 bonus
2861 676 2962 733 est,
2995 678 3050 723 ut
3075 684 3104 723 a
3134 668 3363 739 quodam
3391 674 3735 744 compellatus

2164 752 2275 821 ipse
2312 753 2475 810 Filius
2516 754 2610 810 Dei
2635 796 2649 818 ,
2678 772 2797 810 cum
2834 757 3076 826 audiret,
3108 759 3349 832 Magister
3384 762 3539 829 boue,
3569 765 3637 820 ab
3669 781 3737 822 eo

2162 844 2363 900 scilicet
2394 847 2479 916 qui
2505 862 2720 902 carnem
2746 848 2860 919 ejus
2894 850 3137 916 intuens,
3170 862 3223 907 et
3251 853 3539 912 divinitatis
3564 858 3736 927 pleni-

2164 934 2398 990 tudinem
2432 952 2533 992 non
2565 930 2861 1011 intelligens
2884 982 2901 1008 ,
2932 942 3102 997 solum
3139 942 3408 1001 hominem
3438 948 3735 1004 arbitraba-

2166 1036 2278 1092 tur;
2308 1028 2671 1097 reSponderet,
2704 1030 2838 1095 Quid
2862 1050 2941 1087 me
2979 1035 3255 1107 interrogas
3280 1038 3343 1093 de
3372 1038 3499 1093 bono
3517 1041 3544 1094 .9
3568 1040 3738 1098 Nemo

2164 1117 2320 1171 bonus
2343 1158 2357 1182 ,
2383 1120 2481 1173 nisi
2507 1137 2637 1176 unus
2666 1121 2804 1178 Deus
2832 1122 3024 1194 (Marc.
3057 1142 3090 1180 x
3116 1166 3130 1191 ,
3165 1128 3253 1192 l7,
3289 1127 3408 1201 18).
3436 1130 3582 1199 Quod
3609 1135 3738 1204 quid

2162 1220 2243 1264 est
2264 1210 2405 1266 aliud
2430 1212 2609 1268 dicere
2628 1255 2643 1280 ,
2672 1230 2827 1285 quam
2848 1259 2862 1281 ,
2892 1217 2948 1273 Si
2986 1234 3072 1274 me
3100 1219 3297 1275 bonum
3323 1223 3401 1277 vis
3433 1226 3735 1294 appellare,

2164 1301 2396 1373 intellige
2422 1312 2475 1360 et
2519 1306 2847 1364 Deutn?Scd
2892 1312 3140 1380 quoniam
3185 1308 3380 1384 populo
3426 1316 3652 1384 dicitur,
3686 1322 3736 1375 in

2165 1396 2605 1462 prmuuutiationc
2632 1395 2927 1455 futurorum
2958 1402 3179 1458 liberato
3205 1405 3274 1460 ab
3302 1409 3443 1462 omni
3474 1409 3657 1465 labore
3685 1422 3740 1467 et

2162 1485 2462 1554 captivitate
2508 1490 2945 1559 prrcgriuatiouis
2988 1506 3039 1549 et
3080 1495 3149 1549 ab
3196 1498 3339 1551 omni
3387 1502 3739 1569 permixtione

2163 1575 2463 1643 iniquorum
2485 1619 2499 1646 ,
2533 1582 2671 1650 quod
2696 1583 2743 1637 ei
2777 1598 2868 1652 per
2899 1586 3125 1655 gratiam
3159 1589 3250 1643 Dei
3292 1592 3579 1660 prtestituin
3611 1605 3697 1648 est
3718 1638 3734 1660 ,

2163 1683 2268 1721 non
2293 1669 2466 1724 solum
2493 1686 2596 1726 non
2620 1673 2961 1731 retrihucntis
2982 1677 3119 1732 mala
3143 1695 3241 1749 pro
3265 1682 3437 1748 malis,
3457 1684 3548 1738 sed
3572 1688 3735 1740 etiam

2164 1760 2504 1816 retribueutis
2544 1763 2677 1818 bona
2731 1781 2825 1833 pro
2869 1767 3054 1833 malis;
3100 1773 3601 1829 convenientissime
3640 1776 3737 1831 ad-

2158 1850 2401 1921 junctum
2430 1862 2511 1909 est
2531 1896 2545 1920 ,
2580 1854 2829 1922 Quoniam
2858 1858 2911 1912 iu
2934 1864 3176 1915 saxulum
3204 1862 3546 1921 misericordia
3566 1868 3702 1937 ejus.

2233 1946 2286 2000 5.
2329 1945 2488 2032 [uers.
2516 1948 2674 2022 2-5.]
2719 1969 2738 2003 ‹
2784 1951 2934 2007 Dicat
2970 1962 3145 2010 autem
3185 1956 3375 2012 domus
3415 1957 3571 2014 Israel
3599 1979 3736 2032 quo-

2164 2037 2304 2093 niam
2334 2026 2501 2095 bonus
2520 2082 2535 2107 ,
2564 2030 2810 2115 quoniam
2837 2044 2893 2100 in
2920 2047 3170 2102 swculum
3209 2050 3568 2108 misericordia
3595 2055 3735 2124 ejus.

2163 2128 2309 2184 Dicat
2326 2141 2502 2186 autem
2524 2132 2718 2189 Domus
2737 2134 2913 2190 Aaron
2933 2138 3181 2208 quoniam
3204 2141 3396 2210 bonus,
3414 2146 3666 2215 quoniam
3686 2148 3736 2202 in
3822 2190 3827 2194 .

2161 2222 2412 2278 stcculum
2439 2226 2802 2282 misericordia
2836 2229 2976 2299 ejus.
3022 2231 3207 2288 Dicant
3249 2250 3389 2291 nunc
3426 2252 3613 2293 omnes
3644 2242 3736 2311 qui

2163 2315 2348 2370 timent
2386 2316 2666 2373 Dominum
2703 2322 2952 2390 quoniam
2995 2324 3045 2379 in
3086 2327 3338 2382 sarculum
3373 2331 3735 2387 misericordia

2163 2404 2297 2475 ejus.
2349 2426 2368 2459 ι
2411 2408 2846 2480 Recognoscitis,
2885 2414 3085 2482 credo,
3131 2416 3465 2485 charissimi,
3511 2438 3632 2493 qua:
3670 2426 3739 2478 sit

2160 2495 2349 2552 domus
2377 2498 2558 2564 lsrael,
2585 2516 2703 2571 qua:
2728 2504 2798 2557 sit
2822 2503 3009 2560 domus
3034 2508 3234 2575 Aaron,
3253 2514 3574 2581 etquoniam
3596 2517 3736 2569 utri-

2160 2601 2266 2657 que
2296 2589 2311 2620 ¹
2341 2597 2467 2644 sunt
2491 2589 2737 2649 timentes
2774 2594 3076 2653 Dominum.
3108 2597 3209 2669 Ipsi
3239 2603 3381 2657 enim
3410 2615 3529 2659 sunt
3557 2608 3733 2675 pusilli

2159 2693 2280 2733 cum
2305 2682 2510 2752 magnis
2529 2724 2545 2750 ,
2569 2683 2680 2754 jam
2709 2685 2762 2741 in
2791 2686 2897 2744 alio
2936 2691 3141 2759 psalmo
3179 2692 3314 2750 bene
3344 2696 3588 2752 insinuati
3616 2716 3736 2755 cor-

2158 2768 2313 2826 dibus
2326 2774 2512 2828 vestris
2529 2790 2542 2827 :
2561 2791 2783 2846 quorum
2800 2794 3022 2837 numero
3038 2798 3136 2840 nos
3149 2799 3353 2855 omnes,
3370 2789 3423 2842 in
3439 2790 3551 2859 ejus
3565 2792 3733 2860 gratia

2158 2866 2247 2933 qui
2267 2864 2438 2922 bonus
2459 2876 2541 2922 est
2559 2869 2680 2925 etin
2698 2873 2946 2928 saeculum
2965 2876 3329 2933 misericordia
3346 2879 3481 2951 ejus,
3501 2884 3737 2941 Sociatos

2159 2968 2278 3009 esse
2299 2956 2652 3027 gaudeamus;
2680 2962 2928 3031 quoniam
2953 2966 3186 3022 exaudﬂi
3206 2971 3439 3041 suntqui
3461 2972 3732 3039 dixerunt,

2158 3045 2379 3118 Adjiciat
2408 3047 2655 3105 Dominus
2691 3068 2843 3123 super
2869 3069 2955 3110 vos
2976 3096 2991 3120 ,
3030 3073 3183 3127 super
3218 3076 3303 3115 vos
3338 3070 3384 3116 et
3423 3080 3572 3134 super
3597 3066 3735 3134 ﬁlios

2158 3147 2344 3192 uestros
2370 3138 2548 3210 (Paul.
2580 3156 2728 3211 csnt,
2759 3144 2962 3217 12-14)
2992 3164 3006 3201 :
3036 3157 3093 3203 ut
3116 3148 3367 3208 lsraelitis
3391 3153 3445 3208 in
3464 3154 3736 3212 Christum

2158 3228 2519 3295 credentibus,
2549 3246 2613 3287 ex
2642 3248 2867 3304 quorum
2892 3252 3116 3296 numero
3139 3250 3264 3296 sunt
3291 3244 3525 3314 Apostoli
3557 3258 3737 3316 patres

2158 3322 2348 3389 nostri,
2378 3332 2432 3377 et
2454 3323 2521 3378 ad
2557 3327 2899 3383 eminentiam
2935 3331 3286 3400 perfectorum
3313 3345 3366 3391 et
3393 3336 3458 3391 ad
3485 3338 3737 3394 obedien-

2158 3413 2284 3467 tiam
2315 3415 2650 3483 parvulorum
2678 3418 3054 3491 adjungeretur
3083 3440 3339 3481 numerus
3364 3426 3607 3483 Gentiqu
3633 3446 3649 3494 ;
3684 3439 3738 3485 ut

2158 3504 2397 3560 dicamus
2417 3523 2602 3564 omnes
2630 3509 2751 3566 facti
2781 3528 2943 3568 unum
2969 3514 3022 3570 in
3049 3514 3280 3585 Christo,
3306 3520 3424 3575 facti
3452 3537 3581 3576 unus
3605 3538 3736 3593 gres

2158 3598 2257 3652 sub
2297 3608 2509 3668 pastore
2556 3618 2695 3667 uno,
2738 3613 2792 3659 et
2832 3619 3025 3677 corpus
3066 3609 3208 3665 illius
3253 3612 3439 3682 capitis
3486 3621 3736 3684 tanquam

2160 3703 2295 3744 unus
2334 3689 2495 3763 homo
2537 3692 2775 3749 dicamus
2799 3736 2814 3761 ,
2846 3695 2913 3751 In
2947 3698 3264 3756 tribulatione
3301 3705 3522 3758 invocari
3556 3703 3740 3760 Domi-
3818 3776 3823 3783 _

2159 3795 2312 3844 num,
2353 3791 2400 3835 et
2426 3784 2677 3839 exaudivit
2716 3803 2793 3841 me
2832 3788 2884 3842 in
2930 3789 3209 3847 latitudine.
3241 3794 3494 3865 Augustin
3537 3811 3738 3852 nostra:

2161 3872 2515 3931 tribulationis
2543 3876 2725 3932 finitur
2751 3897 2763 3932 :
2797 3879 3021 3937 latitudo
3049 3893 3226 3940 autem
3262 3901 3366 3955 quo
3410 3889 3699 3942 transimus
3721 3930 3734 3949 .

2160 3980 2265 4019 non
2294 3964 2454 4023 habet
2497 3971 2804 4028 terminum.
2853 3972 2977 4040 Quis
3024 3978 3165 4031 enim
3212 3981 3463 4035 accusabit
3499 3981 3739 4036 adversus

2158 4055 2337 4110 electos
2362 4054 2460 4111 Dei
2492 4057 2679 4130 (Rom.
2714 4078 2821 4126 \‘lll,
2852 4064 2993 4136 53)?

2229 4150 2280 4203 4.
2309 4146 2455 4221 [vers.
2498 4153 2529 4204 (i
2548 4193 2563 4219 ,
2588 4151 2663 4225 7.]
2695 4151 2945 4210 Dominus
2985 4159 3109 4213 mihi
3145 4161 3387 4229 adiutor;
3417 4179 3515 4217 non
3554 4164 3739 4219 timebo

2157 4240 2279 4308 quid
2323 4242 2475 4310 faciat
2516 4243 2640 4297 mihi
2681 4246 2848 4299 Itomo.
2879 4247 2984 4315 Sed
3026 4250 3277 4321 numquid
3322 4254 3463 4308 solos
3496 4253 3739 4317 homines

2159 4328 2318 4385 habet
2364 4332 2605 4388 inimicos
2656 4335 2934 4392 Ecclesia?
2963 4340 3097 4406 Quid
3148 4351 3231 4398 est
3280 4343 3441 4400 homo
3484 4349 3633 4402 carui
3685 4358 3741 4404 et

2157 4423 2397 4493 sanguini
2418 4423 2647 4492 deditus,
2669 4429 2766 4483 nisi
2787 4445 2910 4485 caro
2936 4443 2989 4486 et
3013 4436 3259 4504 sanguis?
3289 4437 3389 4493 Sed
3411 4439 3486 4493 ait
3510 4442 3740 4509 Aposto-

2158 4513 2239 4568 lus
2256 4554 2272 4579 ,
2306 4514 2425 4569 Non
2452 4527 2524 4570 est
2562 4518 2702 4573 nobis
2736 4519 3025 4578 colluctatio
3050 4525 3288 4581 adversus
3314 4545 3513 4584 carnem
3537 4541 3583 4585 et
3613 4551 3739 4587 san-

2156 4605 2386 4675 guinem,
2417 4607 2505 4661 sed
2540 4616 2777 4665 adversus
2806 4615 3057 4684 principes
3084 4626 3131 4670 et
3168 4628 3382 4675 rectores
3411 4623 3583 4676 mundi
3605 4634 3742 4678 tene-

2158 4698 2361 4752 brarum
2386 4700 2566 4754 [tarum
2590 4718 2607 4757 :
2631 4702 2678 4757 id
2709 4712 2829 4771 est,
2861 4718 3099 4764 rectores
3121 4702 3419 4781 iniquorum
3440 4755 3455 4779 ,
3482 4716 3738 4769 mundum

2155 4787 2185 4842 i.
2205 4797 2311 4843 tum
2329 4789 2679 4861 diligentiam,
2696 4804 2749 4849 et
2773 4807 3047 4867 propterea
3063 4801 3414 4867 tenebrarum;
3436 4806 3554 4875 quia
3571 4817 3625 4861 et
3643 4822 3742 4865 nos

2156 4879 2352 4935 fuimus
2380 4882 2659 4952 aliquando
2679 4887 2908 4942 tenebrae
2930 4930 2945 4955 ,
2970 4905 3110 4946 nunc
3134 4901 3309 4948 autem
3328 4894 3417 4950 lux
3443 4897 3491 4950 in
3514 4897 3742 4953 Domino

2158 4974 2349 5045 (liplies
2387 4977 2478 5036 v.8
2483 4990 2519 5044 ).
2540 4977 2788 5046 Adversus
2802 4981 3101 5051 spiritualia.
3122 4985 3310 5056 inquit,
3325 4990 3555 5062 nequitiw
3568 4991 3620 5043 in
3637 5008 3737 5045 cara

2156 5069 2357 5123 lestibut
2382 5068 2489 5139 (Id.
2521 5086 2590 5134 vt,
2622 5070 2708 5143 1‘2)
2738 5090 2750 5125 :
2777 5074 2824 5128 id
2852 5084 2954 5141 est,
2981 5076 3249 5132 diabolum
3287 5089 3340 5134 et
3364 5081 3579 5151 angelos
3597 5083 3737 5151 ejus;

2156 5177 2312 5229 quem
2333 5161 2599 5217 diabolum
2620 5163 2723 5218 alio
2738 5165 3290 5238 locodicitprincipem
3316 5173 3585 5239 potestatis
3596 5174 3740 5227 aeris

2157 5252 2313 5323 hujus
2343 5254 2451 5324 (Id.
2486 5272 2541 5312 ιι.
2577 5255 2653 5327 2).
2683 5257 2817 5312 Audi
2849 5275 2976 5329 ergo
3002 5261 3140 5330 quod
3171 5263 3412 5331 sequitur
3447 5283 3458 5318 :
3486 5262 3741 5319 Dominus

2156 5346 2281 5399 mihi
2305 5347 2508 5416 adjutor
2527 5389 2542 5413 ,
2566 5358 2612 5401 et
2639 5365 2728 5419 ego
2757 5351 3029 5419 despiciant
3057 5353 3286 5408 inimicos
3315 5371 3468 5409 meos.
3500 5356 3571 5409 Ex
3593 5371 3739 5424 quo-

2156 5440 2284 5495 libet
2306 5455 2500 5510 genere
2529 5440 2724 5496 inimici
2755 5455 3059 5513 exsurgant.
3084 5444 3197 5499 sive
3227 5461 3293 5500 ex
3319 5462 3538 5500 numero
3563 5445 3740 5500 malo-

2155 5546 2272 5585 rum
2298 5529 2593 5593 homiuum,
2619 5532 2730 5586 sive
2759 5549 2821 5587 ex
2849 5549 3074 5588 numero
3103 5536 3359 5590 malorum
3390 5537 3592 5608 angelot
3606 5551 3738 5602 um;

2157 5620 2208 5674 in
2242 5620 2449 5687 Domini
2476 5624 2738 5687 adjutorio
2762 5622 3119 5689 de~pieicntur
3147 5626 3231 5679 cui
3268 5627 3581 5683 confitemur
3612 5626 3740 5684 Iau-

2156 5713 2299 5777 dem,
2333 5715 2414 5767 t'ui
2445 5725 2720 5770 L’tllllitllllis
2752 5716 2996 5772 Alleluia.

2224 5826 2240 5858 ι
2266 5831 2395 5887 Itss.,
2418 5823 2597 5892 utique.
