4026 6202
303 376 329 432 Ι
343 373 446 433 497

381 493 434 548 ὅ.
461 491 610 564 [κη.
637 487 694 557 8,
721 486 799 559 9.]
826 484 1096 556 Despectis
1137 490 1312 538 autem
1359 481 1587 535 inimicis
1609 520 1626 547 ,
1653 494 1760 533 non
1804 478 1882 533 sic

299 584 437 638 mihi
460 591 708 651 tanquam
732 578 899 633 bonus
926 577 1084 630 homo
1109 589 1167 629 se
1187 574 1386 628 amicus
1410 580 1661 642 opponat,
1691 579 1747 624 ut
1771 571 1883 640 ipse

301 675 364 730 in
395 690 452 729 se
489 688 637 742 Spem
670 685 840 724 meam
866 667 1048 738 jubeat
1087 664 1333 721 collocari
1359 682 1372 717 :
1397 663 1592 717 Bonum
1636 671 1704 715 est
1739 662 1882 714 enim

301 767 560 833 conﬁcere
596 764 648 817 in
677 761 893 816 Domino
918 802 934 827 ,
965 775 1113 830 quam
1152 757 1404 826 conﬁdere
1441 755 1493 808 in
1536 753 1751 808 homine.
1777 753 1884 808 Nec

307 856 547 928 quisquis
576 853 866 909 secundum
905 849 1186 919 quemdam
1217 848 1427 902 modum
1459 845 1562 900 dici
1587 854 1758 914 potest
1785 859 1882 897 an-

301 948 459 1016 gelus
489 947 654 1001 bonus
675 988 690 1012 ,
722 945 798 1017 sic
833 960 864 999 a
893 959 976 997 me
1002 943 1259 1012 cogitetur
1281 981 1296 1006 ,
1325 948 1382 992 ut
1422 941 1471 992 in
1512 954 1576 992 eo
1614 937 1882 992 conlidere

304 1042 529 1098 debeam
554 1056 570 1095 :
593 1054 749 1094 nemo
783 1037 924 1093 enim
967 1036 1154 1096 bonus,
1188 1033 1287 1088 nisi
1314 1032 1456 1086 solus
1486 1031 1656 1094 Deus;
1685 1038 1882 1083 etcum

303 1131 553 1185 videnlur
592 1129 844 1199 adjuvare
887 1127 1045 1181 homo
1070 1125 1150 1180 vel
1181 1123 1397 1192 angelus
1417 1163 1430 1186 ,
1459 1112 1582 1174 cum
1610 1120 1710 1174 hoc
1756 1133 1881 1173 vera

299 1225 590 1280 dilectione
616 1222 831 1285 faciunt,
857 1220 943 1274 ille
974 1235 1065 1288 per
1085 1233 1176 1272 eos
1207 1217 1347 1283 facit,
1367 1215 1453 1284 qui
1479 1228 1572 1268 eos
1602 1227 1698 1282 pro
1726 1211 1884 1276 modo

303 1331 496 1372 eorum
532 1315 701 1369 bonos
729 1311 870 1366 fecit.
893 1309 1087 1362 Bonum
1129 1318 1200 1360 est
1241 1320 1368 1374 ergo
1395 1321 1600 1374 sperare
1625 1304 1676 1356 in
1707 1301 1884 1354 Domi-

302 1425 427 1462 num
453 1449 468 1473 ,
493 1421 642 1477 quant
684 1419 886 1473 sperare
915 1402 966 1454 in
997 1399 1262 1470 principes.
1290 1396 1420 1451 Nam
1447 1403 1500 1450 et
1542 1395 1724 1462 Augcli
1755 1392 1882 1446 dicti

302 1508 433 1554 sunt
481 1496 750 1568 principes
776 1535 791 1556 .
820 1495 955 1548 sicut
1001 1492 1052 1545 in
1109 1488 1324 1544 Daniele
1364 1488 1585 1558 legimus
1614 1526 1630 1553 ,
1662 1483 1884 1539 Michael

303 1592 540 1660 princeps
569 1598 724 1642 vester
745 1585 906 1656 (Dan.
937 1599 1025 1645 xtt,
1053 1581 1128 1653 i).

379 1680 430 1737 6.
463 1679 629 1752 [vers.
665 1677 751 1741 10,
778 1673 909 1747 11.]
945 1693 963 1725 ι
999 1673 1196 1726 Omnes
1217 1678 1402 1741 gentes
1425 1665 1884 1723 circumdederunt

302 1788 397 1828 me
419 1815 434 1839 ,
467 1780 520 1826 et
555 1771 604 1824 in
638 1767 850 1822 nomine
903 1764 1108 1819 Domini
1152 1761 1293 1817 ultus
1335 1775 1450 1815 sum
1489 1775 1622 1814 eos:
1655 1758 1886 1812 circum-

302 1866 495 1921 dautes
539 1843 999 1918 circumdederunt
1053 1872 1137 1911 me
1167 1897 1182 1920 ,
1214 1863 1268 1910 et
1319 1855 1370 1908 in
1415 1852 1628 1908 nomine
1675 1849 1879 1904 Domini

303 1960 451 2013 ultus
477 1971 591 2010 sum
620 1968 733 2008 eos.
766 1970 784 2003 ι
816 1949 966 2016 Quod
991 1949 1082 2014 ait,
1111 1967 1128 1999 ι
1160 1947 1356 2001 Omnes
1381 1955 1566 2014 gentes
1589 1941 1882 1996 circumde-

301 2049 498 2103 derunt
527 2060 611 2099 me
635 2087 650 2110 ,
677 2043 814 2098 etin
853 2041 1064 2095 nomine
1105 2037 1308 2093 Domini
1345 2037 1484 2090 ultus
1527 2050 1644 2089 sum
1689 2048 1781 2087 eos
1805 2073 1818 2095 ,
1855 2049 1873 2083 ι

303 2140 569 2210 signiﬁcat
597 2121 849 2192 Ecclesia:
875 2133 1084 2186 labores
1106 2139 1263 2199 atque
1287 2127 1586 2183 victoriam;
1616 2123 1709 2178 sed
1730 2123 1878 2193 quasi

302 2247 465 2286 causa
491 2237 822 2300 quiereretur
852 2224 990 2280 unde
1018 2220 1321 2277 tanta-mala
1349 2232 1601 2289 superare
1629 2217 1876 2287 potuerit,

303 2329 607 2392 respectum
636 2327 716 2374 est
736 2317 801 2372 ad
819 2315 1140 2385 exemplum,
1162 2320 1216 2366 et
1239 2311 1369 2367 dixit
1387 2310 1510 2380 quid
1535 2311 1756 2380 primop
1774 2324 1878 2363 issa

303 2416 374 2470 sit
401 2417 455 2469 iu
481 2413 652 2482 capite
671 2425 788 2476 suo,
812 2407 1052 2463 addendo
1077 2403 1214 2475 quod
1237 2403 1488 2473 sequitur,
1505 2399 1880 2456 Circumdantes

304 2505 740 2560 circumdederunt
782 2517 858 2555 me
885 2515 902 2553 :
929 2506 984 2554 et
1025 2497 1158 2552 bene
1193 2495 1264 2550 ibi
1304 2509 1407 2548 non
1453 2492 1733 2561 repetitum
1761 2499 1879 2555 est,

305 2616 478 2654 omnes
526 2605 728 2669 gentes;
757 2592 894 2664 quod
921 2607 950 2646 a
977 2589 1175 2646 Judaeis
1199 2587 1327 2641 solis
1362 2585 1556 2640 factum
1601 2591 1702 2638 est.
1735 2580 1802 2634 Et
1828 2586 1881 2636 in

305 2691 504 2745 nomine
524 2686 732 2742 Domini
757 2685 888 2738 ultus
912 2698 1022 2736 sum
1061 2696 1142 2733 eos
1171 2694 1188 2732 :
1218 2677 1336 2748 quia
1365 2676 1470 2730 illic
1500 2675 1610 2744 ipse
1641 2674 1757 2743 pius
1787 2688 1882 2742 po-

301 2784 478 2852 pulus,
509 2779 650 2852 quod
680 2789 762 2834 εει
784 2789 974 2845 corpus
999 2771 1216 2835 Christi,
1252 2777 1618 2838 persecutores
1646 2764 1813 2818 sensit
1836 2765 1875 2828 ι,

303 2876 372 2933 de
397 2889 622 2945 quorum
652 2884 845 2940 genere
878 2881 1002 2922 caro
1031 2865 1117 2918 illa
1145 2867 1385 2929 suscepta
1413 2865 1466 2912 et
1493 2870 1744 2925 suspensa
1774 2862 1874 2918 est,

305 2977 359 3024 et
390 2984 484 3037 pro
509 2980 613 3036 quo
645 2963 837 3018 factum
868 2969 949 3014 est
977 2952 1226 3026 quidquid
1259 2951 1325 3005 ab
1350 2951 1436 3005 illa
1468 2947 1718 3002 interiore
1744 2946 1877 2999 divi-

304 3063 470 3115 nitate
499 3073 592 3128 per
617 3053 932 3110 exteriorem
955 3062 1165 3104 carnem
1203 3045 1400 3098 virtute
1434 3039 1712 3095 immortali
1737 3052 1878 3090 utor-

305 3154 481 3209 taliter
508 3150 698 3204 factum
728 3153 828 3201 est.

377 3245 429 3298 7.
459 3243 608 3316 [vera
638 3237 750 3310 12.]
787 3256 804 3289 ι
838 3231 1309 3290 Circumdederunt
1356 3243 1441 3282 me
1468 3227 1602 3282 sicut
1628 3239 1752 3295 apes
1794 3223 1876 3278 fa-

305 3314 478 3400 vum,
526 3341 579 3387 et
628 3334 940 3385 exarserunt
993 3324 1132 3378 sicut
1181 3321 1315 3390 ignis
1362 3319 1412 3372 in
1466 3317 1675 3384 spinis,
1725 3325 1778 3370 ct
1825 3314 1876 3368 in

305 3424 519 3481 nomine
551 3419 758 3476 Domini
793 3417 930 3472 ultus
960 3428 1077 3469 sum
1115 3427 1226 3466 eos.
1266 3430 1285 3462 ι
1320 3409 1412 3463 llic
1440 3408 1546 3477 jam
1589 3423 1651 3460 ex
1692 3405 1878 3459 ordine

304 3528 572 3585 gesutrum
614 3525 827 3572 rerum,
856 3507 1013 3561 etiam
1056 3502 1335 3558 verborum
1379 3498 1509 3552 ordo
1557 3496 1876 3551 contexitur.

303 3606 436 3662 Nam
463 3606 636 3676 ipsum
669 3599 944 3655 Dominum
973 3604 1126 3665 caput
1155 3591 1406 3648 Ecclesia:
1428 3598 1568 3643 recte
1593 3587 1879 3656 accipimus

304 3696 688 3754 circumdatum
721 3708 748 3744 a
778 3686 1219 3760 persecutoribus,
1243 3683 1379 3738 sicut
1405 3679 1733 3734 circumdant
1752 3691 1880 3745 apes

305 3791 500 3846 favuur.
521 3785 659 3854 Quid
686 3783 827 3838 enim
855 3781 919 3835 ab
942 3775 1301 3850 ignorantibus
1329 3782 1530 3842 gestum
1554 3770 1640 3833 sit,
1659 3766 1880 3836 mystica

303 3883 593 3941 subtilitate
623 3876 851 3948 Spiritus
879 3879 1095 3926 sanctus
1122 3867 1375 3936 loquitur.
1407 3861 1506 3915 Mel
1533 3859 1726 3928 quippe
1755 3870 1880 3925 apes

303 3983 591 4048 Operantur
636 3971 688 4024 in
739 3965 872 4020 lavis
905 3981 918 4018 :
948 3960 1246 4017 nescientes
1294 3965 1468 4008 autem
1512 3955 1880 4020 persecutores

303 4039 532 4128 Domini,
564 4063 806 4118 fecerunt
831 4072 948 4111 etttn
977 4051 1127 4107 nobis
1152 4049 1261 4118 ipsa
1292 4044 1536 4115 passione
1562 4039 1877 4100 dulciorem;

303 4174 364 4220 ut
397 4169 667 4232 gustemus
712 4162 764 4208 et
793 4150 1064 4206 videamus
1098 4156 1254 4213 quam
1298 4136 1474 4192 suavis
1515 4141 1597 4188 est
1633 4130 1882 4186 Dominus

306 4222 480 4324 (Ps‘al.
508 4261 694 4309 χχχιιι,
722 4244 801 4310 9),
828 4239 914 4309 qui
945 4244 1183 4292 mortuus
1207 4238 1287 4285 est
1315 4234 1530 4298 prepter
1553 4222 1742 4278 delicta
1774 4233 1877 4273 no-

302 4317 456 4404 stra,
491 4349 547 4395 et
592 4332 883 4390 resurrexit
927 4335 1142 4398 pr0pter
1181 4317 1608 4392 justilicationem
1648 4322 1880 4368 nostram

302 4398 483 4500 (Rom.
511 4437 585 4485 tv,
608 4418 722 4488 25).
750 4415 866 4470 Jam
891 4426 1018 4465 vero
1047 4405 1186 4478 quod
1214 4402 1472 4474 sequitur,
1502 4398 1564 4452 Et
1585 4402 1876 4450 exarserunt

301 4486 442 4572 celat
463 4513 592 4584 ignis
621 4486 857 4576 inispiuis
883 4519 900 4557 :
927 4503 977 4555 in
1005 4500 1118 4569 ejus
1143 4510 1364 4564 corpore
1384 4533 1397 4558 ,
1430 4490 1531 4543 hoc
1558 4498 1638 4542 est
1657 4528 1670 4550 ,
1701 4486 1754 4539 in
1787 4499 1883 4554 po-

303 4605 436 4679 pulo
462 4577 654 4673 tibique
678 4596 868 4653 diffuso
895 4591 1081 4646 melius
1107 4585 1436 4656 intelligitur;
1469 4594 1626 4648 quem
1655 4577 1886 4630 circum-

303 4665 780 4753 dederunt'omnes
803 4692 1006 4756 gentes,
1037 4693 1153 4733 cum
1179 4676 1246 4731 sit
1274 4673 1527 4728 collectus
1552 4667 1618 4721 de
1639 4665 1886 4719 omnibus

305 4787 575 4860 gentibus.
606 4781 913 4835 Exarserunt
933 4772 1126 4844 quippe
1147 4767 1275 4821 velut
1295 4763 1422 4834 ignis
1443 4762 1493 4814 in
1519 4758 1698 4860 spinis,
1721 4771 1886 4856 quan-

308 4845 387 4934 do
431 4873 776 4948 peccatricem
818 4878 1032 4921 carnem
1080 4868 1237 4927 atque
1285 4853 1440 4922 hujus
1487 4847 1723 4903 mortalis
1768 4845 1887 4899 vita:

308 4937 716 5027 molestissimas
753 4952 1189 5026 compunctiones
1220 4989 1234 5013 ,
1268 4939 1651 5016 persecutionis
1703 4937 1888 4991 incen.

308 5062 405 5118 dio
438 5059 828 5114 cremaverunt.
863 5025 926 5100 Et
955 5045 1005 5097 in
1035 5039 1232 5095 nomine
1256 5077 1270 5100 ,
1301 5032 1488 5102 inquit,
1522 5026 1726 5081 Domini
1754 5025 1889 5078 ultus

308 5169 423 5210 sum
452 5165 532 5205 eos
562 5162 582 5202 :
612 5146 723 5200 sive
749 5141 870 5212 quia
897 5145 952 5192 et
976 5134 1112 5204 ipsi,
1143 5127 1338 5183 malitia
1364 5137 1480 5193 quae
1518 5121 1570 5194 in
1616 5120 1693 5172 eis
1719 5118 1889 5186 justus

313 5205 736 5315 persequebatur
767 5205 1050 5286 'exstincta
1076 5263 1090 5286 ,
1150 5216 1437 5274 christiano
1472 5209 1664 5281 populo
1706 5205 1891 5315 sociati

313 5297 439 5393 ;unt
458 5352 474 5400 ;
495 5297 608 5387 sive
637 5327 757 5398 quia
783 5320 958 5378 caeteri
997 5329 1179 5372 eorum
1206 5309 1292 5380 qui
1323 5307 1753 5400 contempserunt
1791 5297 1892 5397 hoc

316 5386 561 5495 tempore
589 5386 826 5474 vocantis
850 5403 1285 5466 misericordiam,
1311 5395 1586 5452 veritatem
1607 5386 1892 5461 judicantis

316 5520 376 5577 in
399 5518 502 5572 line
529 5507 740 5567 sensuri
768 5510 910 5559 sunt.

388 5657 404 5684 ι
432 5649 585 5699 Nostri
602 5654 773 5694 omnes
790 5646 914 5692 uss,
934 5627 1148 5683 senserit.
1161 5622 1538 5699 emtiﬁlmrﬂ-

389 5671 404 5684 '
436 5671 585 5699 I‘WI'I
602 5671 773 5694 Uluuca
793 5671 914 5692 ιπιωο,
934 5671 1079 5683 "ww...
1096 5671 1146 5678 --ν
1172 5671 1176 5672 ,
1207 5671 1212 5672 ,
1265 5671 1288 5693 I,
1630 5673 1638 5681 O
1691 5671 1696 5672 γ

321 5727 410 5765 res
433 5711 539 5760 libri
554 5743 578 5767 ι
612 5705 673 5756 de
695 5701 832 5764 cujus
861 5705 1031 5767 gemere
1054 5703 1084 5767 ,ε
1108 5683 1386 5767 stupida?!
1405 5713 1419 5738 ,

323 5738 988 5828 'i’iéu'LTJJ’iEti'Qi
1006 5738 1244 5817 illc-rique
1285 5752 1389 5793 uss.
1440 5738 1692 5794 omittunt,
1734 5742 1896 5783 susce-

324 5839 576 5901 ραι,εώ

1366 363 1756 422 autumno
1790 361 1855 417 IN
1895 350 2209 426 Pssuma
2247 365 2427 421 cxvn.

3416 373 3546 428 119d

2057 479 2106 534 8.
2135 479 2282 552 [verm
2313 480 2422 553 15.]
2448 481 2702 553 Tanquam
2719 485 2948 537 cumulus
2968 501 3135 540 arena:
3160 488 3406 558 impulsus
3430 508 3542 542 smn

1985 580 2038 625 ut
2056 573 2300 639 caderem,
2314 585 2360 627 et
2377 573 2623 628 Dominus
2642 577 2855 644 suscepit
2877 593 2970 629 me.
2991 577 3238 642 Quamvis
3255 583 3391 634 enim
3409 592 3552 636 tes-et

1979 659 2088 730 jam
2119 677 2303 731 magna
2335 664 2610 718 multitudo
2634 665 2990 730 credentium,
3015 670 3160 736 quasi
3191 686 3361 723 areum
3394 674 3549 727 inuu-

1985 755 2219 808 merabili
2241 757 2609 824 comparanda,
2632 768 2686 811 et
2712 757 2761 810 in
2790 773 2945 811 uuam
2976 759 3278 812 societatem
3303 774 3546 830 tanquam

1984 843 2037 896 in
2063 845 2330 898 cumulum
2357 845 2508 899 ducta
2534 862 2548 910 ;
2583 857 2753 900 tamen
2781 849 2904 916 quid
2939 858 3020 903 est
3049 849 3205 903 homo
3235 891 3248 914 ,
3281 853 3546 922 nisiqitod

1983 950 2190 991 memor
2202 951 2260 990 es
2282 936 2396 1006 ejus
2423 935 2589 1008 (Psal.
2617 953 2726 1003 vtu,
2750 939 2802 1008 5)
2820 940 2841 992 ?
2860 939 2973 994 Non
2995 939 3143 1005 dixit,
3169 941 3548 998 Abundantium

1986 1029 2190 1083 numeri
2222 1030 2323 1083 mei
2354 1070 2368 1093 ,
2397 1045 2645 1084 numerus
2673 1033 2906 1100 gentium
2938 1047 3186 1100 superare
3216 1047 3318 1085 non
3350 1035 3545 1096 valuit;

1985 1120 2099 1186 sed,
2128 1119 2396 1187 Dominus,
2425 1123 2624 1192 inquit,
2651 1125 2864 1191 suscepit
2888 1141 2980 1176 me.
3015 1125 3395 1180 Multitudiuem
3421 1143 3546 1194 ergo

1986 1211 2216 1266 fidelium
2253 1213 2303 1266 in
2336 1213 2534 1268 unitate
2563 1213 2682 1267 ﬁdei
2723 1214 2872 1268 simul
2907 1215 3225 1269 habitantem
3255 1191 3548 1283 persecutio

1983 1305 2215 1374 gentium
2244 1320 2347 1375 quo
2375 1306 2700 1372 impelleret,
2733 1317 2789 1360 ut
2827 1305 3107 1374 dejiceret,
3141 1322 3243 1360 non
3276 1309 3502 1362 habebat
3532 1329 3544 1362 :

1984 1395 2192 1464 quando
2215 1397 2264 1449 in
2294 1412 2413 1450 eum
2445 1396 2700 1451 creditum
2731 1405 2829 1458 est,
2854 1397 2943 1466 qui
2965 1406 3018 1451 et
3036 1397 3268 1466 singulos
3291 1406 3343 1452 et
3367 1413 3550 1453 omnes

1983 1497 2037 1540 et
2067 1486 2257 1556 ubique
2291 1487 2581 1556 susciperet
2607 1503 2621 1552 ;
2643 1486 2762 1556 quia
2799 1487 2875 1541 eis
2901 1486 3264 1540 invocantibus
3291 1504 3553 1558 nusquam

1983 1577 2170 1633 deesse
2202 1579 2473 1647 potuisset.

2053 1668 2104 1723 9.
2137 1665 2284 1740 [vers.
2310 1666 2422 1739 1.1.]
2452 1667 2714 1722 Fortitudo
2755 1685 2863 1721 mea
2901 1677 2946 1721 et
2973 1663 3218 1722 laudatio
3243 1686 3350 1721 mea
3374 1667 3554 1723 Denti-

1984 1776 2112 1825 nus;
2142 1768 2186 1812 et
2215 1764 2378 1830 [actus
2425 1769 2495 1812 est
2526 1761 2647 1813 milii
2683 1761 2734 1813 in
2773 1759 3005 1814 salutem.
3038 1760 3134 1824 Qui
3168 1776 3292 1828 ergo
3323 1760 3513 1814 cadunt
3534 1801 3547 1824 ,

1982 1865 2100 1905 cum
2131 1851 2468 1920 impelluntur
2492 1893 2506 1918 ,
2541 1852 2637 1904 nisi
2682 1853 2769 1919 qui
2798 1868 2888 1905 sua
2926 1852 3024 1905 sibi
3071 1851 3354 1917 fortitudo,
3380 1863 3432 1904 et
3457 1868 3548 1905 sua

1982 1942 2080 1995 sibi
2115 1942 2295 1996 volunt
2319 1957 2438 1996 esse
2465 1943 2725 1995 laudatio?
2755 1942 2939 1996 Nullus
2969 1940 3160 2012 quippe
3182 1943 3232 1996 in
3263 1944 3551 1997 certamine

1981 2034 2158 2097 cadit,
2190 2035 2287 2088 nisi
2314 2034 2464 2104 cujus
2494 2035 2744 2089 fortitudo
2769 2046 2824 2090 et
2863 2036 3092 2089 laudatio
3119 2037 3274 2090 cadit.
3309 2037 3552 2106 Quapro-

1982 2135 2099 2195 pter
2125 2126 2273 2194 cujus
2305 2126 2554 2180 furtitudo
2573 2136 2626 2181 et
2654 2126 2881 2180 laudatio
2909 2137 2987 2182 est
3018 2128 3290 2192 Dominus,
3320 2136 3422 2181 tam
3446 2145 3548 2181 nou

1981 2217 2120 2271 cadit
2147 2234 2301 2286 quam
2335 2233 2436 2271 non
2468 2217 2606 2272 cadit
2632 2218 2902 2274 Dominus.
2937 2218 3002 2272 Et
3027 2219 3143 2272 ideo
3173 2219 3251 2272 eis
3277 2218 3445 2272 factus
3469 2228 3551 2273 est

1982 2310 2032 2363 iu
2080 2310 2302 2364 salutem
2331 2326 2345 2371 ;
2373 2324 2475 2363 non
2525 2310 2644 2378 quia
2688 2310 2800 2376 ipse
2853 2309 3046 2378 aliquid
3092 2308 3255 2363 factus
3291 2319 3370 2363 cst
3412 2309 3549 2378 quod

1981 2411 2103 2456 ante
2129 2387 2231 2454 ιιῦιι
2261 2409 2376 2455 erat
2396 2442 2409 2463 ,
2443 2400 2532 2454 sed
2559 2401 2680 2469 quia
2720 2399 2818 2468 ipsi
2857 2415 2974 2454 cum
3005 2401 3057 2452 in
3083 2414 3202 2454 eum
3230 2401 3544 2464 crederent,

1980 2493 2124 2562 quod
2151 2507 2252 2545 non
2281 2499 2433 2546 erant
2460 2490 2580 2544 facti
2615 2499 2738 2544 sunt
2756 2532 2770 2554 ,
2797 2499 2849 2545 et
2870 2491 2978 2559 jam
3011 2491 3121 2559 ipse
3149 2506 3253 2543 non
3292 2490 3388 2543 sibi
3416 2532 3429 2551 ,
3453 2489 3547 2544 sed

1981 2583 2102 2650 illis,
2129 2582 2266 2653 quod
2293 2582 2491 2637 aversis
2513 2597 2541 2635 a
2563 2598 2620 2638 se
2647 2598 2752 2636 non
2776 2592 2907 2647 erat,
2935 2581 3077 2636 salus
3097 2581 3253 2650 etrapit
3281 2596 3398 2635 esse
3419 2597 3548 2635 con-

1980 2691 2164 2729 VCI'SIS.

2052 2767 2137 2821 10.
2163 2765 2328 2838 [item
2356 2764 2477 2837 15.]
2513 2764 2620 2819 Vox
2649 2764 2836 2818 latitia:
2857 2773 2904 2816 et
2929 2761 3108 2818 salutis
3132 2763 3183 2814 in
3219 2762 3548 2815 tabernaculis

1972 2861 2230 2930 justorum
2259 2874 2278 2913 :
2305 2859 2391 2912 ubi
2415 2873 2595 2912 vocem
2621 2856 2864 2912 maeroris
2892 2867 2944 2910 et
2965 2855 3107 2910 exitii
3133 2855 3379 2925 putabant
3407 2868 3542 2915 esse,

1979 2949 2069 3018 qui
2095 2950 2146 3002 in
2173 2963 2352 3001 eorum
2375 2963 2596 3017 corpora
2617 2947 2921 3000 saeviebant.
2947 2945 3062 2999 Non
3088 2946 3227 2999 enim
3252 2944 3549 2998 sentiebant

1981 3039 2230 3094 interiora
2273 3039 2458 3108 gaudia
2497 3047 2794 3091 sanctorum
2823 3028 2896 3090 'de
2939 3051 3032 3105 spe
3127 3031 3324 3086 futura.
3405 3034 3554 3087 qulu

1980 3139 2033 3186 et
2077 3129 2357 3199 Apostolus
2381 3128 2537 3190 dicit,
2565 3127 2719 3190 Quasi
2763 3127 2924 3178 tristes
2948 3167 2961 3188 ,
2983 3141 3178 3191 semper
3204 3136 3368 3178 autem
3420 3140 3548 3194 gau-

1981 3225 2148 3277 dentes
2174 3221 2236 3292 (ιι
2275 3220 2390 3276 Cor.
2423 3236 2493 3282 VI.
2526 3219 2633 3290 10);
2665 3227 2714 3272 et
2762 3218 2982 3282 iterum,
3018 3215 3135 3276 Non
3172 3215 3332 3268 solum
3357 3227 3544 3278 autem,

1980 3315 2066 3368 sed
2095 3315 2242 3367 etiam
2271 3313 2543 3384 gloriamur
2571 3351 2584 3375 ,
2609 3309 2775 3378 inquit
2799 3350 2813 3373 ,
2843 3309 2895 3360 in
2939 3306 3343 3360 tribulationibus
3373 3304 3546 3377 (Iiom.

1981 3422 2035 3473 v,
2068 3407 2145 3476 δ).

2053 3497 2139 3550 11.
2170 3494 2315 3568 [vers.
2351 3492 2462 3566 16.]
2492 3491 2709 3546 Dextera
2731 3489 2939 3544 Domini
2965 3491 3078 3560 fecit
3107 3489 3355 3541 virtutem.
3382 3486 3547 3554 Quam

1979 3590 2226 3642 virtutem
2257 3586 2418 3641 dicit?
2447 3584 2665 3638 Dextera
2685 3624 2698 3648 ,
2726 3584 2893 3650 inquit
2914 3623 2926 3642 ,
2950 3579 3154 3632 Domini
3191 3581 3420 3632 exultavit
3450 3594 3574 3629 me..

1981 3680 2165 3750 Magna
2192 3679 2360 3731 virtus
2385 3675 2618 3729 exaltare
2647 3673 2922 3732 humilem,
2959 3670 3205 3723 deiﬁcare
3233 3665 3507 3719 mortalem
3531 3705 3546 3731 ,

1981 3772 2218 3841 praebere
2261 3769 2327 3822 de
2366 3767 2666 3820 inﬁrmitate
2693 3761 3063 3832 perfectionem
3089 3799 3103 3824 ,
3139 3758 3202 3813 de
3225 3757 3550 3826 Slll)jCCliOﬂB

1981 3865 2223 3934 gloriam,
2273 3860 2340 3915 de
2387 3859 2632 3929 passione
2676 3855 2984 3918 victoriam,
3015 3853 3140 3906 dare
3191 3853 3438 3905 auxilium
3485 3850 3549 3904 de

1985 3956 2356 4017 tribulatione;
2382 3958 2439 4004 ut
2475 3949 2682 4004 afﬂictis
2720 3961 2840 4002 vera
2883 3946 3023 3998 salus
3073 3943 3160 3997 Dei
3211 3951 3502 4012 patesceret
3531 3982 3547 4004 ,

1982 4047 2332 4117 affligentibus
2379 4053 2552 4096 autem
2597 4056 2724 4093 vana
2775 4039 2913 4092 salus
2959 4036 3184 4089 hominis
3233 4043 3546 4088 remaneret.

1982 4141 2164 4210 Magna
2213 4137 2357 4200 hare;
2399 4132 2492 4188 sed
2545 4130 2666 4200 quid
2717 4127 2962 4182 miraris?
2987 4127 3106 4179 audi
3152 4124 3274 4194 quid
3326 4131 3547 4192 repetat.

1982 4230 2096 4284 Non
2127 4228 2283 4281 homo
2307 4240 2365 4278 se
2401 4220 2646 4278 exaltavit
2675 4261 2690 4285 ,
2719 4235 2822 4272 non
2867 4218 3026 4270 homo
3061 4229 3118 4269 se
3157 4214 3374 4284 perfecit
3395 4241 3415 4276 -,
3447 4227 3548 4266 non

1986 4323 2084 4377 sibi
2137 4320 2297 4374 homo
2344 4315 2564 4386 gloriam
2618 4311 2762 4366 dedit
2793 4350 2806 4371 ,
2855 4324 2963 4362 non
3015 4309 3171 4360 homo
3224 4306 3395 4369 vicit,
3445 4321 3546 4358 Itutt

1987 4415 2147 4469 homo
2190 4409 2290 4465 sibi
2339 4406 2495 4462 saluti
2539 4403 2634 4458 fuit
2669 4403 2685 4434 ³
2737 4419 2750 4455 :
2790 4399 3010 4454 Dextera
3057 4395 3259 4450 Domini
3305 4394 3418 4466 fecit
3455 4396 3552 4449 vir-

1987 4517 2156 4560 tutem.

2059 4598 2144 4653 12.
2177 4595 2325 4670 [vers
2363 4590 2470 4664 17.]
2499 4589 2617 4644 Non
2657 4586 2841 4641 moriar
2865 4627 2878 4651 ,
2903 4583 2988 4637 sed
3011 4583 3168 4635 vivam
3193 4622 3206 4644 ,
3237 4590 3283 4633 et
3312 4577 3554 4632 enarrttbo

1987 4707 2139 4762 Opera
2167 4687 2387 4742 Domini.
2414 4687 2481 4738 At
2508 4682 2580 4737 illi
2607 4690 2833 4748 stragem
2863 4675 3100 4728 [alterum
3137 4673 3328 4740 ubique
3355 4670 3554 4724 facien-

1990 4790 2098 4845 tes,
2119 4779 2412 4834 Ecclesiam
2442 4772 2635 4826 Christi
2668 4769 2802 4824 mori
2829 4765 3237 4819 arbitrabantur.
3259 4762 3394 4816 Ecce
3418 4775 3554 4814 nunc

1990 4881 2202 4928 enarrat
2245 4852 2404 4938 opera
2457 4863 2684 4918 Domini.
2739 4858 2941 4927 Ubique
2992 4854 3232 4909 Christus
3278 4853 3553 4907 beatorum

1992 4972 2278 5033 martyrum
2320 4955 2483 5028 gloria
2522 4961 2624 5009 est.
2654 4950 2792 5004 Vicit
2819 4946 3111 5016 vapulando
3160 4943 3433 5005 ferientes;
3462 4955 3554 5010 pa-

1994 5055 2191 5116 tiendo,
2220 5051 2551 5120 impatientes
2574 5047 2616 5107 ’ς
2646 5039 2928 5111 diligendo,
2959 5037 3257 5091 szevientes.

2065 5148 2150 5200 13.
2182 5141 2330 5216 [νει-ε.
2377 5136 2489 5208 18.]
2519 5136 2716 5190 Tamen
2759 5147 2854 5186 cur
2903 5139 3043 5184 tanta
3088 5127 3293 5195 indigna
3340 5123 3558 5193 pertulit

1993 5214 2203 5307 corpus
2230 5231 2458 5293 Christi,
2477 5236 2655 5282 sancta
2687 5223 2921 5279 Ecclesia
2947 5263 2960 5284 ,
2992 5219 3213 5290 populus
3242 5217 3293 5269 in
3322 5214 3559 5282 adoptio.

1995 5347 2138 5394 nem;
2170 5327 2366 5382 iudicet
2392 5322 2562 5377 nobis.
2587 5316 2874 5371 Emendans
2895 5355 2908 5379 ,
2937 5311 3134 5381 inquit,
3166 5307 3440 5362 emendavit
3483 5320 3560 5357 me

2063 5479 2077 5510 ⁸
2109 5483 2204 5524 Am.
2231 5479 2305 5520 Er.
2325 5505 2340 5529 ,
2362 5468 2447 5518 sed
2470 5463 2585 5529 quid
2621 5460 2814 5529 miraris
2833 5494 2846 5517 ,
2955 5453 3138 5529 aliquid
3175 5446 3559 5529 ξορρεξτ-ξιφιςὶ

2000 5571 2126 5665 ἕὲἱὶἱι
2142 5571 2822 5665 ἓῷῗιᾜὸἠέρᾜῗῆένίῆςίένδιεδ
2840 5571 3022 5665 ⁷⁸λῖεῆἓέ
3036 5584 3144 5665 ,δέῗιε
3169 5571 3562 5665 δῗέηθῖἱίξξ..²2²ίὲίέιέ

2136 5633 2388 5716 éi'iitibiiii
2419 5633 2462 5701 ié
2487 5633 2732 5710 impetat:
2757 5656 2849 5694 non
2884 5633 3019 5692 homo
3036 5637 3170 5702 vicit,
3197 5633 3297 5688 non
3311 5635 3447 5686 homo
3473 5633 3563 5685 sibi

2002 5721 2143 5777 saluti
2165 5717 2282 5781 fuit.
2304 5721 2526 5781 vertero,
2553 5719 2646 5759 etc.

2065 5788 2090 5816 ι
2110 5776 2234 5842 uss,
2255 5776 2497 5842 ﬁnientes.
