4026 6202
461 342 596 400 “99

460 448 727 522 Dominus,
747 467 797 515 et
816 457 969 513 morti
994 472 1096 510 non
1120 456 1325 509 tradidit
1341 466 1439 511 me.
1461 456 1575 514 Non
1593 472 1719 527 ergo
1741 457 2029 529 quidquam

455 550 660 606 viribus
699 551 810 606 suis
842 537 1054 604 licuisse
1093 549 1379 605 arbitretur
1426 549 1666 605 fremitus
1701 549 2033 620 impiorum:

459 656 563 695 non
592 640 814 696 haberet
854 639 1007 694 istam
1054 638 1405 709 potestatem',
1437 641 1538 695 nisi
1579 641 1678 701 sibi
1725 641 1848 698 data
1894 649 2038 705 esset

458 733 706 802 desuper.
742 732 894 802 Saepe
940 732 1076 788 ﬁlios
1119 732 1494 803 paterfamilias
1542 750 1636 803 per
1682 735 2035 804 nequissimus

404 876 407 883 λ
461 838 644 879 servos
672 823 945 879 emendari
983 823 1165 894 jubet;
1197 840 1320 879 cum
1358 825 1464 881 illis
1501 825 1863 883 haereditatem
1891 868 1907 892 .
1933 826 2036 902 illis

458 914 744 984 compedes
788 925 1065 986 praeparet.
1108 917 1237 985 Qure
1279 928 1363 977 est
1415 919 1515 975 ista
1563 918 1880 976 haereditas?
1906 919 2035 977 Auri

457 1013 563 1072 est,
588 1020 654 1059 an
684 1006 908 1075 argenti,
936 1022 1003 1060 an
1031 1022 1381 1078 geminorum,
1410 1016 1502 1063 aut
1530 1006 1832 1074 fundorum,
1864 1024 2035 1064 amm-

458 1111 755 1171 norumque
783 1096 1104 1167 prtediorum
1123 1098 1145 1153 ‘2
1167 1097 1298 1154 Vide
1318 1114 1419 1170 qua
1440 1099 1687 1168 intretur,
1705 1108 1759 1155 et
1775 1114 2038 1171 cognosce

457 1191 583 1262 quid
603 1192 692 1247 sit.

529 1284 615 1339 M.
643 1284 791 1357 [vers.
824 1282 937 1358 19.]
962 1285 1164 1354 Aperite
1187 1326 1203 1353 ,
1227 1285 1433 1355 inquit,
1463 1285 1585 1340 mihi
1616 1294 1786 1356 portas
1797 1285 2034 1357 justitite.

458 1374 599 1430 Ecce
616 1376 918 1432 audivimus
940 1386 1139 1447 portas.
1170 1376 1308 1443 Quid
1338 1386 1419 1432 est
1445 1377 1618 1433 intus?
1643 1376 1932 1448 Ingressus,
1957 1378 2039 1432 in-

420 1470 423 1473 ‘
459 1465 583 1534 quid
609 1506 624 1531 ,
652 1467 711 1549 in
732 1468 801 1523 eis
826 1468 843 1497 ί
864 1466 1136 1537 conﬁtebor
1163 1465 1404 1521 Domino.
1438 1467 1545 1523 Illa.
1566 1468 1829 1522 confessio
1865 1467 2037 1523 laudis

458 1563 541 1610 est
568 1556 878 1611 admirabilis
899 1574 1052 1629 usque
1075 1558 1142 1610 ad
1165 1559 1368 1610 domum
1391 1555 1490 1611 Dei
1512 1600 1528 1623 ,
1555 1557 1609 1612 in
1637 1574 1753 1612 voce
1773 1557 2038 1615 exultatio-

459 1646 539 1702 nis
568 1655 616 1701 et
654 1649 983 1719 confessionis
1012 1690 1027 1714 ,
1060 1649 1173 1707 soni
1200 1649 1516 1719 festivitatem
1540 1648 1832 1703 celebrantis
1861 1647 2033 1720 (Psal.

460 1752 550 1792 xu
574 1779 589 1803 ,
614 1736 671 1809 5)
700 1756 713 1793 :
747 1738 863 1795 lucc
906 1749 986 1795 est
1035 1749 1234 1797 aeterna
1287 1740 1561 1797 beatitudo
1602 1741 1864 1811 justorum
1888 1781 1905 1807 ,
1934 1755 2036 1811 qua

457 1828 598 1884 beati
619 1840 743 1885 sunt
769 1832 857 1901 qui
892 1831 1189 1891 inhabitant
1210 1832 1260 1885 in
1283 1832 1443 1886 dumo
1467 1832 1558 1886 Dei
1584 1874 1598 1897 ,
1627 1833 1679 1886 in
1719 1832 1911 1889 saecula
1936 1848 2039 1889 saev-

456 1919 697 1975 cnlurum
726 1921 1002 1977 laudantes
1028 1937 1149 1977 eum
1183 1921 1356 1994 (Psal.
1388 1939 1605 1990 Lxxxm,
1639 1922 1717 1996 5).

532 2011 619 2066 15.
646 2010 795 2083 [vers.
826 2010 941 2083 20.]
963 2012 1069 2067 Sed
1112 2012 1234 2068 vide
1258 2013 1702 2082 quemadmodum
1730 2014 1956 2075 intretur
1980 2016 2034 2072 in

458 2109 638 2168 portas
660 2100 899 2171 justitize.
936 2101 1034 2155 lla:
1057 2112 1215 2172 ρον-ιω
1241 2102 1447 2157 Domini
1464 2143 1479 2167 ,
1504 2104 1669 2175 inquit
1693 2144 1708 2169 ,
1732 2106 1852 2171 iusti
1878 2107 2038 2162 intre-

458 2189 578 2243 bunt
599 2191 650 2244 in
677 2207 781 2246 eas.
810 2192 915 2250 llas
940 2193 1128 2251 Saltem
1161 2208 1318 2248 nemo
1345 2195 1502 2251 intret
1531 2196 1781 2266 injustus,
1813 2199 1863 2251 in
1891 2198 2035 2254 illam

458 2279 753 2339 Jerusalem
782 2299 898 2354 qua:
938 2300 1041 2339 non
1072 2286 1263 2357 recipit
1299 2288 1724 2345 incircumcisum
1746 2332 1762 2357 ,
1788 2290 1877 2345 ubi
1905 2290 2037 2348 dici.-

458 2382 542 2427 tur
564 2416 579 2439 ,
609 2372 769 2430 Canes
790 2376 914 2446 [oris
942 2378 1145 2448 (Apoc.
1180 2395 1283 2435 ιλιι
1309 2421 1324 2445 ,
1355 2381 1475 2451 15).
1507 2381 1646 2439 Satis
1681 2383 1750 2437 sit
1795 2384 1934 2454 quod
1982 2387 2033 2439 in

455 2463 741 2538 longinqua
765 2469 1188 2539 peregrinatione
1221 2487 1337 2527 mea
1365 2473 1639 2531 inhabitari
1667 2491 1782 2529 cum
1804 2479 2035 2530 tabernas

454 2556 581 2610 culis
611 2556 774 2615 Cedttr
795 2601 810 2626 ,
838 2570 1025 2613 etcum
1054 2561 1133 2616 Itis
1157 2564 1240 2631 qui
1262 2563 1473 2618 oderunt
1494 2582 1666 2633 pacem
1691 2582 1828 2620 erant
1855 2567 2034 2637 paci/it-

453 2663 541 2702 rns
568 2647 737 2719 (Psal.
768 2666 891 2705 crux
919 2692 934 2717 ,
967 2652 1021 2720 5)
1051 2669 1063 2704 :
1094 2654 1282 2722 pertuli
1329 2669 1495 2724 usque
1523 2656 1572 2708 in
1607 2657 1765 2711 linem
1797 2662 2031 2727 permix.

455 2738 650 2794 tionem
683 2738 963 2807 malorum,
986 2742 1078 2797 sed
1106 2743 1185 2797 lue
1206 2753 1363 2815 portat
1388 2744 1619 2811 Domini;
1633 2748 1764 2818 justi
1777 2749 2034 2805 intrabunt

452 2829 505 2882 in
533 2846 638 2884 eas.

533 2921 614 2978 16.
649 2921 661 2995 Ι
688 2939 815 2981 vers.
859 2924 949 2983 2i.
979 2924 1001 2998 ]
1027 2925 1343 2994 Conﬁtebar,
1377 2927 1485 2994 tibi,
1532 2927 1765 2998 Domine,
1795 2932 2034 3002 quoniam

454 3012 702 3066 exaudiin
731 3030 836 3079 me,
864 3026 909 3068 et
935 3019 1098 3085 factus
1126 3032 1177 3070 es
1207 3017 1327 3070 mihi
1348 3018 1399 3070 in
1428 3019 1661 3077 salutem.
1692 3021 1859 3091 Quam
1890 3037 2033 3092 erepo

453 3104 754 3175 ostenditur
799 3106 972 3163 laudis
1008 3123 1127 3162 esse
1171 3108 1272 3162 ista
1317 3109 1581 3169 confessio
1608 3152 1625 3175 ,
1658 3128 1760 3167 non
1812 3114 2032 3170 vulnera

454 3196 661 3251 medico
703 3198 989 3253 ostendens
1013 3240 1028 3266 ,
1057 3199 1149 3255 sed
1190 3199 1257 3254 de
1286 3210 1533 3270 percepta
1566 3205 1792 3263 sanitate
1837 3206 2035 3276 gratias

452 3300 635 3354 agens.
669 3288 784 3356 Ipse
812 3300 985 3342 autem
1014 3290 1251 3345 medicus
1270 3290 1413 3350 salus
1433 3301 1534 3351 cst.

525 3377 611 3430 l7.
645 3376 792 3449 [νοτε.
824 3377 939 3451 9.2.]
966 3382 1035 3435 At
1060 3381 1219 3435 istum
1256 3397 1412 3451 quem
1443 3382 1701 3439 dicimus?
1732 3405 1751 3437 ‹
1778 3387 2029 3456 Lapidem

452 3483 609 3537 quem
642 3470 1057 3539 reprobaverunt
1086 3472 1413 3531 aediﬁcantes
1446 3492 1461 3528 :
1501 3494 1520 3531 ι
1554 3492 1673 3535 nam
1701 3497 1720 3533 ι
1757 3479 1841 3534 ltic
1860 3479 2032 3536 factus

449 3569 533 3614 est
573 3558 623 3614 in
662 3570 823 3630 caput
846 3563 1042 3632 anguli;
1068 3574 1124 3617 ut
1152 3550 1288 3620 duos
1313 3565 1566 3625 conderet
1589 3569 1642 3624 in
1674 3584 1764 3636 sc,
1789 3570 1839 3626 in
1867 3586 2028 3626 unum

451 3669 643 3709 novum
668 3654 954 3720 hominem,
979 3656 1176 3713 faciens
1200 3672 1404 3727 pacem,
1425 3669 1478 3715 et
1501 3672 1839 3718 connecteret
1860 3672 2033 3749 utros-

448 3760 554 3814 que
583 3745 634 3800 in
666 3761 771 3801 uno
794 3761 1019 3817 corpore
1049 3748 1158 3805 Deo
1183 3747 1397 3819 (Ep/tes.
1427 3767 1463 3805 ιι
1490 3791 1507 3818 ,
1532 3752 1599 3808 l5
1620 3791 1637 3821 ,
1664 3755 1773 3825 16),
1804 3745 2031 3813 circum-

451 3835 709 3893 risionem
737 3837 937 3897 scilicet
965 3846 1020 3894 et
1049 3840 1382 3909 praeputium.

522 3927 606 3983 18.
632 3926 795 4000 iners.
824 3928 942 4001 25.]
966 3928 1009 3985 Α
1035 3928 1254 3991 Domino
1278 3935 1443 4006 factus
1470 3943 1541 3991 est
1566 3936 1610 3993 ei
1635 3936 1655 3967 ⁸
1680 3954 1693 3990 :
1721 3936 1774 3992 id
1801 3946 1911 4004 est,
1937 3941 2027 3996 ca-

453 4018 546 4087 piti
573 4019 749 4090 anguli
780 4034 810 4074 a
857 4020 1083 4076 Domino
1119 4021 1289 4078 factus
1329 4033 1429 4079 est.
1459 4024 1711 4091 Quamvis
1738 4028 1879 4086 enim
1922 4030 2025 4088 hoc

449 4127 554 4166 non
583 4124 724 4169 esset
751 4113 939 4181 factus,
974 4113 1073 4171 nisi
1100 4115 1289 4186 pass'us
1312 4127 1474 4182 esset;
1489 4134 1593 4175 non
1617 4128 1791 4201 tamen
1826 4123 1927 4180 hoc
1954 4126 2024 4182 ab

447 4203 528 4257 eis
547 4218 578 4261 ιι
598 4204 789 4273 quibus
815 4220 998 4275 passus
1018 4214 1121 4272 est,
1145 4206 1313 4262 factus
1337 4218 1439 4265 est.
1470 4209 1602 4265 Nam
1631 4211 1703 4266 illi
1734 4213 1822 4283 qui
1852 4214 2021 4270 aediﬁ—

447 4294 637 4351 cabant
662 4337 676 4363 ,
722 4297 1180 4367 reprobaverunt;
1221 4300 1316 4357 sed
1363 4302 1415 4356 in
1469 4318 1535 4359 eo
1582 4305 1723 4374 quod
1770 4308 2022 4365 Dominus

452 4386 658 4443 occulte
705 4387 1036 4455 aediﬁcabat,
1066 4389 1187 4447 fecit
1233 4391 1286 4448 in
1338 4403 1498 4462 caput
1538 4398 1715 4467 anguli
1755 4400 1896 4469 quod
1947 4402 2029 4457 illi

449 4477 886 4545 reprobavcrunt.
935 4479 1002 4534 Et
1038 4491 1109 4535 est
1150 4483 1391 4539 mirabilis
1422 4487 1474 4540 in
1514 4490 1672 4543 oculis
1714 4493 1898 4547 nostris
1923 4509 1943 4547 :
1972 4494 2024 4549 in

449 4567 617 4623 oculis
668 4568 1218 4631 interioris’ltominis
1246 4616 1262 4640 ,
1315 4575 1369 4630 in
1424 4577 1593 4634 oculis
1645 4581 1974 4640 credentium
2003 4627 2018 4653 ,

449 4660 776 4728 aperantium
801 4704 816 4729 ,
846 4662 1174 4740 diligentiam
1207 4682 1223 4731 ;
1255 4682 1362 4722 non
1409 4668 1463 4723 in
1508 4671 1678 4727 oculis
1721 4676 2024 4739 carnalibus

448 4769 634 4810 eorum
660 4758 748 4826 qui
778 4758 928 4828 quasi
970 4759 1239 4816 hominem
1271 4764 1663 4821 contemnendo
1705 4769 2027 4838 reprobate-

446 4854 589 4901 t‘ttnt.

517 4941 607 4998 l9.
636 4939 796 5015 [vers.
825 4940 940 5015 ει]
967 4942 1064 4997 llic
1087 4953 1157 4999 est
1181 4945 1286 5000 dies
1309 4962 1453 5016 quem
1479 4948 1593 5018 fecit
1622 4947 1890 5005 Dominus.
1914 4952 2023 5013 Me.

445 5034 598 5089 minit
626 5035 726 5090 iste
754 5034 915 5090 homo
951 5050 1009 5091 se
1044 5036 1242 5093 dixisse
1278 5039 1330 5092 in
1370 5040 1731 5108 superioribus
1771 5032 2015 5111 psalmis,

448 5126 699 5192 Quoniam
724 5126 977 5181 inclinavit
1007 5144 1179 5183 aurem
1213 5147 1356 5184 suout
1384 5132 1526 5197 mihi,
1557 5143 1602 5185 et
1630 5134 1679 5186 in
1706 5135 1878 5190 diebus
1902 5139 2024 5192 meis

446 5214 668 5274 invocavi
693 5219 862 5291 (Psal.
890 5235 1038 5288 cxrv,
1063 5220 1153 5293 2);
1185 5222 1301 5278 dies
1329 5239 1454 5280 suos
1482 5240 1903 5283 commemorans
1926 5246 2022 5286 ve-

447 5325 584 5368 teres
608 5331 622 5368 :
649 5313 787 5368 unde
812 5313 972 5368 modo
997 5313 1145 5379 dicit,
1177 5313 1275 5368 Hic
1300 5325 1371 5369 est
1400 5316 1505 5370 dies
1532 5334 1677 5386 quem
1706 5320 1820 5387 fecit
1850 5320 2024 5376 Domi-

444 5422 573 5470 nus;
604 5406 655 5461 id
685 5413 798 5467 est,
831 5422 937 5476 quo
965 5405 1089 5461 mihi
1130 5407 1354 5467 salutem
1385 5408 1549 5463 dedit.
1580 5410 1678 5465 llic
1703 5421 1783 5465 est
1812 5411 1925 5467 dies
1955 5414 2022 5469 de

442 5511 545 5565 quo
575 5497 741 5564 dixit,
782 5496 1028 5569 Tempore
1065 5498 1361 5570 acceptabili
1394 5502 1626 5555 exaudiui
1655 5512 1734 5566 te,
1766 5512 1810 5556 ct
1851 5504 1902 5558 in
1942 5505 2021 5559 die

514 5669 530 5746 ξ
553 5670 625 5741 sic
646 5676 754 5746 Mss.
778 5671 917 5746 juxta
937 5681 1084 5746 Crtec.
1107 5681 1167 5746 ἓΑι
1198 5675 1328 5746 ΒΜ..
1355 5688 1403 5724 m
1419 5688 1523 5746 eas.
1669 5742 1679 5746 Δ
1736 5737 1746 5746 ι

508 5732 529 5762 ⁸
551 5731 624 5778 sic
648 5731 860 5801 potiores
882 5740 986 5782 Mss.
1008 5742 1061 5784 At
1093 5744 1192 5784 Αιιι.
1217 5745 1267 5801 et
1291 5743 1383 5793 Fax,
1407 5739 1587 5797 factum
1608 5742 1679 5788 est
1701 5737 1762 5788 ei.
1782 5743 1913 5799 Lov.,
1928 5740 2018 5801 fa-

440 5797 547 5843 ctus
569 5789 703 5842 estis
727 5803 742 5840 :
762 5789 815 5842 id
833 5800 900 5843 est
925 5803 1063 5857 caput
1087 5796 1262 5860 anguli,
1292 5789 1384 5846 etc.

1686 341 1743 399 S.
1784 334 2145 401 AUGUSTINI
2181 341 2484 402 ΕΡΒΩΟΡΙ

3582 365 3726 422 1500

2141 460 2318 517 salutis
2358 464 2533 535 adjuvi
2574 474 2622 519 te
2657 466 2808 536 (lsai.
2842 485 2983 536 χιιι,
3011 472 3102 543 8);
3135 473 3185 529 id
3225 485 3326 542 est,
3357 478 3473 535 dies
3498 496 3603 551 quo
3628 485 3733 540 ille

2140 552 2401 609 mediator
2429 553 2598 612 factus
2626 567 2709 613 est
2744 559 2799 614 in
2826 571 2985 632 caput
3012 567 3211 636 anguli.
3243 567 3565 628 Exsultemus
3591 592 3732 648 ergo

2138 654 2184 699 et
2199 646 2539 714 jucundemur
2563 651 2615 705 in
2640 668 2718 707 eo.

2208 736 2299 792 20.
2337 736 2357 810 [
2375 754 2500 793 vers.
2537 741 2663 816 25.]
2705 744 2749 798 0
2780 745 3027 814 Domine,
3057 753 3251 809 salt-um
3285 773 3368 812 me
3404 762 3519 830 (ac;
3546 780 3577 817 ο
3605 763 3732 820 Da-

2139 827 2304 894 mine,
2330 830 2452 885 bene
2485 850 2725 905 prospera
2753 838 2847 893 iter
2873 857 2988 895 vero
3011 844 3050 900 ί.
3082 844 3213 912 Quia
3242 848 3356 904 dies
3384 827 3570 909 salutis
3598 867 3689 911 est
3709 900 3727 923 ,

2137 920 2333 975 salvum
2361 941 2440 977 me
2463 926 2548 996 [ac
2573 944 2592 981 :
2617 930 2738 998 quia
2769 932 2835 987 de
2866 934 3147 1008 longinqua
3179 947 3597 1015 peregrinatione
3626 920 3735 1007 re;

2138 1022 2406 1070 vertentes
2432 1018 2758 1090 sejungimur
2783 1026 2851 1080 ab
2878 1028 2956 1083 eis
2983 1032 3070 1100 qui
3098 1033 3318 1091 oderant
3350 1053 3528 1108 pacem
3550 1086 3565 1109 ,
3594 1060 3735 1099 cum

2139 1106 2331 1176 quibus
2357 1125 2571 1168 eramus
2609 1117 2842 1184 paciﬁci,
2874 1130 3073 1179 etcum
3106 1126 3550 1197 loqueremureis
3572 1180 3587 1203 ,
3620 1138 3734 1193 de.-

2141 1196 2407 1255 bellabaut
2442 1220 2542 1259 nos
2576 1208 2771 1276 gratis;
2799 1211 2920 1267 bene
2947 1196 3189 1288 prospera
3213 1220 3306 1275 iter
3332 1196 3687 1285 redeuntibus
3714 1274 3734 1298 ,

2139 1289 2259 1358 quia
2289 1301 2341 1345 tu
2372 1294 2524 1349 nobis
2552 1295 2720 1354 factus
2748 1316 2807 1357 es
2835 1305 2938 1357 via.

2207 1381 2296 1437 21.
2328 1383 2622 1462 [vers.‘26.]
2660 1390 2960 1452 Benedictus
2992 1401 3135 1475 enim
3169 1420 3255 1474 qur
3281 1418 3409 1460 venit
3436 1407 3489 1463 in
3517 1414 3740 1468 nomine

2139 1470 2365 1530 Domini.
2394 1477 2701 1538 Maledictus
2725 1501 2852 1557 ergo
2877 1489 2965 1545 ille
2987 1493 3075 1562 qui
3100 1499 3246 1550 venit
3272 1498 3322 1552 in
3351 1504 3560 1557 nomine
3583 1522 3689 1559 sua
3714 1526 3733 1569 ;

2138 1565 2274 1620 sicut
2303 1567 2353 1621 in
2385 1568 2689 1642 Evangelio’
2707 1575 2834 1632 dicit
2865 1598 2880 1632 :
2913 1579 3024 1652 Ego
3061 1587 3173 1640 veni
3207 1588 3261 1642 in
3302 1592 3501 1646 nomine
3542 1594 3735 1651 Patris

2139 1660 2270 1725 mei,
2309 1670 2357 1715 et
2393 1679 2493 1718 non
2532 1669 2791 1737 accepistis
2828 1689 2906 1728 me
2937 1689 2955 1726 :
2981 1676 3027 1730 si
3062 1679 3195 1733 alius
3231 1684 3412 1738 venerit
3440 1685 3491 1739 in
3517 1691 3736 1743 nomine

2122 1767 2251 1816 suo,
2279 1752 2423 1833 illum
2451 1759 2703 1830 accipietis
2731 1761 2907 1830 (Joan.
2936 1782 2989 1835 ν,
3021 1768 3134 1840 45).
3164 1770 3521 1833 Benedimimus
3545 1795 3629 1835 vos
3659 1783 3737 1836 de

2139 1841 2288 1897 domo
2316 1843 2545 1902 Domini.
2572 1848 2746 1906 Credo
2772 1856 2913 1924 quod
2943 1857 3040 1914 ista
3070 1877 3174 1916 vox
3200 1880 3507 1935 magnorum
3538 1883 3617 1926 est
3649 1875 3729 1928 ad

2140 1934 2379 2004 pusillos,
2404 1952 2587 1994 eorum
2613 1943 2813 1999 scilicet
2838 1962 3146 2019 magnorum
3173 1958 3261 2025 qui
3293 1934 3517 2014 Verbum
3546 1962 3730 2019 Deum

2137 2026 2277 2095 apud
2306 2028 2492 2095 Deum,
2524 2031 2662 2088 sicut
2690 2034 2741 2089 in
2772 2036 2871 2093 hac
2900 2042 3002 2097 vita
3035 2055 3274 2116 possunt,
3304 2060 3483 2107 mente
3509 2054 3735 2109 contin-

2136 2126 2299 2187 gunt;
2340 2130 2394 2175 et
2438 2129 2613 2179 tamen
2664 2141 2964 2187 sermonem
3010 2150 3164 2192 suum
3213 2151 3428 2210 propter
3470 2147 3735 2215 parvulos

2140 2216 2456 2279 temperant,
2489 2224 2546 2268 ut
2571 2217 2774 2286 possint
2802 2222 3083 2281 sinceriter
3106 2229 3285 2285 dicere
3309 2235 3449 2302 quod
3476 2237 3549 2290 ait
3573 2239 3701 2308 Apo
3720 2272 3757 2297 -.

2136 2299 2305 2362 stolas
2335 2319 2348 2355 :
2379 2303 2498 2359 Sive
2522 2311 2650 2361 enim
2689 2322 2853 2368 mente
2889 2318 3187 2374 excessimus
3222 2320 3333 2377 Deo
3351 2367 3365 2389 ,
3395 2325 3497 2381 sive
3523 2338 3732 2397 tempe-

2137 2390 2306 2447 rdntes
2329 2398 2501 2451 sumus
2536 2400 2702 2468 vobis;
2730 2404 2951 2461 clmritas
2978 2410 3108 2463 enim
3132 2411 3321 2468 Christi
3347 2420 3599 2488 compellit
3625 2438 3734 2477 nos

2141 2482 2204 2553 (ll
2235 2484 2350 2540 Cor.
2380 2504 2432 2553 v,
2454 2492 2579 2546 εδει
2605 2495 2712 2563 14).
2746 2497 2847 2567 lpsi
2877 2504 3122 2568 parvulos
3141 2482 3551 2568 benedicuntde
3573 2514 3730 2571 inte-

2136 2576 2276 2633 riore
2301 2578 2461 2635 domo
2482 2583 2706 2651 Domini,
2737 2590 2821 2643 ubi
2853 2591 2966 2646 laus
2989 2595 3074 2650 illa
3101 2596 3152 2650 in
3180 2600 3370 2656 saecula
3400 2606 3730 2663 StBCttim‘unl

2137 2684 2241 2724 non
2268 2671 2445 2728 deficit
2472 2693 2486 2729 :
2513 2689 2565 2730 et
2596 2679 2714 2735 ideo
2743 2684 2918 2740 videte
2942 2689 3068 2757 quid
3097 2691 3220 2748 inde
3246 2701 3579 2755 aununtient.

2206 2759 2295 2814 29.
2324 2763 2471 2836 [vei-3.
2504 2768 2616 2841 27.]
2639 2770 2779 2829 Deus
2805 2774 3069 2847 Dominus,
3092 2794 3139 2837 et
3160 2784 3329 2841 illuxit
3357 2793 3515 2847 nobis.
3543 2794 3735 2852 Domi-

2135 2868 2236 2908 nus
2262 2854 2351 2910 ille
2370 2859 2459 2928 qui
2479 2864 2622 2917 venit
2648 2864 2696 2918 in
2726 2868 2937 2925 neruine
2966 2871 3192 2943 Domini,
3216 2896 3370 2948 quem
3397 2885 3732 2953 reprobave-

2136 2957 2257 3001 runt
2284 2948 2636 3018 aediﬁcantes,-
2654 2967 2707 3011 et
2731 2957 2897 3014 factus
2921 2972 3004 3018 est
3028 2965 3078 3020 in
3105 2979 3263 3039 caput
3289 2948 3472 3044 anguli
3496 2977 3726 3047 (Matth.

2138 3053 2252 3103 XXI,
2277 3039 2330 3107 9,
2353 3041 2476 3110 42);
2500 3046 2758 3103 mediator
2780 3051 2871 3107 ille
2895 3053 2989 3109 Dei
3014 3068 3068 3111 et
3088 3039 3542 3123 liominum‘hom'o
3566 3070 3739 3127 Clu-i-

2135 3137 2249 3183 stus
2275 3130 2429 3187 lesus
2457 3133 2497 3203 (1
2528 3133 2664 3190 Tim.
2702 3155 2758 3207 n,
2787 3140 2863 3213 5),
2896 3144 3035 3202 Deus
3062 3159 3162 3216 est,
3194 3156 3409 3225 mqualis
3436 3169 3517 3213 est
3543 3148 3725 3229 Patri,

2134 3227 2187 3272 et
2216 3219 2384 3275 illuxit
2412 3224 2583 3291 nobis,
2608 3236 2664 3283 ut
2686 3232 2827 3301 quod
2856 3235 3177 3295 credidimus
3203 3219 3632 3317 intelligeremus,
3663 3219 3730 3310 ei

2136 3311 2284 3365 vobis
2310 3314 2542 3370 nondum
2588 3319 3032 3396 intelligentibus,
3063 3330 3156 3386 sed
3192 3333 3302 3403 jam
3342 3311 3725 3414 credentibus,

2134 3402 2551 3462 enuntiarem‘us.
2579 3408 2645 3466 Ut
2666 3420 2843 3469 autem
2870 3426 2925 3472 et
2951 3434 3045 3475 vos
3075 3402 3395 3496 intelligatis,
3418 3402 3731 3489 Constituit;

2133 3492 2264 3546 diem
2290 3497 2471 3565 festum
2494 3499 2548 3554 in
2571 3503 3140 3577 confrequentationibus
3157 3557 3173 3581 ,
3201 3492 3355 3585 usque
3479 3539 3675 3579 cornua
3699 3528 3727 3560 ⁸

2132 3584 2307 3641 altaris
2328 3603 2348 3642 :
2362 3588 2414 3644 id
2430 3600 2526 3656 est,
2551 3608 2717 3664 usque
2737 3598 2803 3652 ad
2825 3599 3126 3659 interiorem
3148 3584 3362 3665 domum
3385 3612 3497 3678 Dei,
3519 3614 3585 3670 de
3604 3632 3724 3687 qua

2134 3692 2229 3732 vos
2256 3678 2649 3766 benediximus,
2684 3689 2770 3744 ubi
2805 3702 2927 3748 sunt
2953 3695 3133 3752 altaris
3158 3702 3386 3758 excelsa.
3419 3704 3728 3766 Conttituite

2132 3769 2264 3825 diem
2296 3762 2511 3843 festum,
2543 3793 2646 3833 non
2689 3780 2862 3851 tepide
2897 3799 2961 3840 ae
3001 3790 3251 3857 segniter,
3291 3793 3384 3848 sed
3424 3796 3475 3849 in
3511 3801 3728 3869 confre-

2130 3865 2549 3930 quentationibus.
2590 3868 2705 3940 ipsa
2745 3882 2828 3929 est
2864 3877 3004 3931 enim
3047 3894 3148 3934 vox
3186 3886 3566 3953 exsultationis,
3597 3865 3727 3946 soni

2132 3957 2448 4027 festivitatem
2481 3961 2801 4029 eelebrantis,
2832 3968 3214 4027 ambulantium
3242 3976 3294 4029 in
3325 3976 3444 4033 loco
3480 3980 3726 4035 taberna-

2130 4050 2232 4103 culi
2255 4052 2566 4108 admirabilis
2607 4072 2763 4128 usque
2788 4059 2856 4112 ad
2879 4060 3086 4116 domum
3109 4061 3227 4119 Dei.
3265 4066 3320 4123 Si
3355 4070 3493 4124 enim
3519 4081 3601 4127 est
3635 4074 3724 4132 ibi

2130 4142 2399 4210 spirituale
2419 4145 2755 4214 sacriﬁcium,
2774 4153 3154 4221 sempiternum
3176 4158 3491 4215 sacriﬁcium
3513 4161 3720 4237 laudis,

2129 4242 2183 4288 et
2219 4234 2466 4291 sacerdos
2505 4240 2859 4311 sempiternus
2884 4254 2998 4309 est,
3035 4255 3089 4300 et
3120 4248 3287 4304 altare
3325 4234 3721 4322 sempiternum

2128 4334 2312 4394 pacata
2357 4343 2508 4387 mens
2546 4329 2658 4401 ipsa
2699 4332 2984 4401 justorum.
3023 4336 3133 4393 lloc
3176 4341 3410 4411 apertius
3445 4343 3717 4415 dicimus,

2127 4417 2321 4474 fratres
2344 4436 2357 4473 :
2380 4421 2697 4494 quicumque
2727 4425 2890 4480 Deum
2922 4427 3155 4487 Verbum
3181 4432 3471 4505 intelligere
3498 4437 3717 4507 volunt,

2128 4524 2232 4564 non
2271 4511 2350 4567 eis
2386 4511 2612 4569 sufﬁciat
2636 4530 2795 4584 care,
2826 4519 2966 4589 quod
2996 4530 3210 4593 propter
3235 4540 3330 4581 eos
3360 4526 3591 4585 Verbum
3623 4531 3722 4587 fa-

2126 4610 2268 4657 ctum
2297 4611 2410 4668 est,
2444 4614 2502 4660 ut
2539 4605 2676 4663 lacte
2711 4596 3069 4680 nutrirentur;
3103 4629 3199 4670 nec
3229 4616 3282 4670 in
3314 4624 3454 4672 terra
3478 4619 3717 4679 sufﬁciat

2128 4693 2228 4749 iste
2255 4694 2369 4752 dies
2396 4697 2560 4753 festus
2584 4715 2690 4770 quo
2713 4715 2879 4773 agnus
2905 4704 3111 4761 occisus
3136 4715 3219 4763 est
3249 4727 3263 4764 :
3291 4710 3384 4764 sed
3411 4714 3721 4770 constitua-

2129 4794 2213 4840 tur
2252 4786 2303 4840 in
2344 4788 2996 4859 confrequentationibus,
3025 4811 3299 4868 quousque
3338 4803 3716 4873 perveniatur,
3758 4852 3779 4865 ι

2127 4877 2369 4933 exaltatis
2399 4895 2426 4933 a
2460 4881 2683 4936 Domino
2721 4885 2986 4941 mentibus
3027 4891 3252 4958 nostris,
3284 4908 3449 4963 usque
3484 4894 3549 4949 ad
3590 4899 3718 4967 ejus

2125 4968 2451 5025 divinitatem
2483 4972 2808 5043 interiorem,
2831 4976 2918 5046 qui
2945 4978 3096 5033 nobis
3120 4982 3440 5039 exteriorem
3462 4984 3683 5043 humani
3700 5020 3720 5033 -

2128 5070 2286 5116 tatem
2315 5061 2450 5118 lacte
2476 5066 2772 5121 nutriendis
2799 5068 3034 5137 praebere
3060 5070 3303 5141 dignatus
3330 5084 3430 5130 est.

2196 5151 2284 5209 25.
2314 5152 2460 5227 [vers.
2478 5156 2573 5223 9.8,
2598 5158 2712 5231 '29.]
2742 5160 2805 5214 Et
2825 5161 2946 5230 quid
2977 5162 3045 5216 ibi
3070 5163 3234 5231 aliud,
3261 5165 3363 5220 nisi
3390 5168 3568 5223 laudes
3589 5172 3716 5240 ejus

2125 5247 2490 5305 cantabimus?
2514 5249 2646 5318 Quid
2676 5251 2745 5305 ibi
2772 5252 2913 5308 aliud
2935 5253 3170 5310 dicemus
3189 5297 3203 5323 ,
3234 5257 3363 5326 nisi,
3389 5257 3526 5314 Deus
3564 5278 3716 5320 meus

2124 5354 2177 5393 es
2202 5349 2282 5402 tu,
2312 5348 2357 5392 et
2383 5340 2654 5409 conﬁtebar
2682 5343 2769 5399 tibi
2784 5360 2805 5411 ;
2836 5343 2970 5399 Deus
3008 5363 3146 5399 meus
3174 5363 3226 5402 es
3258 5358 3311 5401 tu
3330 5390 3345 5416 ,
3384 5361 3430 5403 et
3467 5352 3713 5408 exaltabo

2190 5493 2205 5524 ¹
2233 5492 2363 5565 Edd._,
2383 5492 2498 5544 bene
2516 5508 2815 5569 prosperare.
2838 5504 3015 5569 lterum
3032 5511 3138 5549 vero
3152 5498 3265 5557 quia
3281 5498 3402 5569 dies.
3420 5501 3710 5563 Legendum

2125 5568 2234 5626 cum
2257 5558 2448 5616 Optima?
2472 5564 2597 5606 noue
2617 5558 2877 5635 (turbatis,
2904 5560 3287 5635 benenprosperu
3309 5561 3400 5635 iter
3424 5558 3534 5635 vero
3555 5575 3709 5635 :_nam

2124 5617 2173 5664 in
2196 5624 2357 5665 Graeco
2378 5624 2623 5684 Linges},
2646 5619 2900 5684 enodtison,
2940 5617 3096 5672 addita
3134 5617 3377 5684 particula,
3407 5623 3486 5684 dé,
3509 5627 3586 5674 cui
3610 5637 3705 5674 su-

2127 5690 2210 5746 pra
2233 5692 2282 5746 In
2301 5678 2551 5746 versiculis
2566 5681 2595 5729 2
2614 5678 2668 5731 et
2688 5683 2735 5741 5,
2756 5678 3017 5746 respondet
3041 5678 3150 5742 vos",
3174 5691 3349 5734 autem.

2188 5741 2302 5808 {sic
2322 5742 2582 5853 Mszaiuxta
2606 5750 2730 5793 Lxx.
2758 5753 2811 5794 At
2834 5741 2964 5806 Eadd,
2992 5756 3173 5796 cornu:
3204 5757 3263 5796 ac
3286 5744 3426 5809 paulo
3461 5753 3602 5808 post,
3623 5749 3706 5797 at—

2188 5813 2385 5853 rtaexce
2461 5839 2473 5852 .

2128 5807 2253 5853 tam
2267 5807 2473 5857 excelsa.
