4026 6202
290 369 425 423 1501

285 502 340 539 ιε
359 502 380 538 :
415 482 688 554 conﬁtebor
716 482 834 544 tibi.
866 481 1111 548 Domine,
1142 482 1375 552 quoniam
1401 482 1653 535 emudisti
1686 497 1796 543 me,
1827 489 1873 535 et

290 577 458 646 [tctus
483 594 537 631 es
567 576 690 629 mihi
715 576 766 629 in
794 575 1044 630 salutem?
1070 574 1180 629 Non
1213 575 1433 644 strepitu
1467 574 1747 628 verborum
1775 575 1872 628 ista

289 669 529 722 dicemus
550 708 565 733 ,
605 665 697 721 sed
729 667 940 720 dilectio
980 665 1244 720 inba‘rens
1272 665 1345 719 illi
1381 680 1476 736 per
1507 666 1733 733 seipsam
1763 663 1873 718 cla-

291 772 407 814 mat
432 763 584 814 istam
613 774 818 824 vocem,
847 769 898 813 et
923 758 1133 813 dilectio
1163 758 1272 827 ipsa
1305 773 1403 811 vox
1434 766 1515 811 est
1545 757 1662 810 ista.
1698 755 1875 824 Itaque

289 851 429 906 sicut
452 853 612 920 carpit
636 849 867 908 laudem.
897 849 964 902 ita
989 849 1234 902 terminat
1259 866 1272 902 :
1299 845 1612 914 Conﬁtemini
1639 845 1874 910 Domino,

287 944 530 1010 quoniam
557 943 735 1006 bonus,
767 941 1001 1011 quoniam
1033 941 1082 994 in
1111 940 1350 994 sarculum
1380 938 1721 992 misericordia
1746 937 1874 1006 ejus.

290 1037 430 1093 Hinc
468 1038 629 1106 coepit
667 1035 940 1102 Psalmus,
973 1033 1076 1088 huc
1105 1033 1330 1097 desinit;
1361 1032 1608 1102 quoniam
1649 1030 1785 1084 sicut
1809 1028 1876 1084 ab

291 1130 445 1184 initio
468 1127 610 1200 quod
633 1127 987 1190 deseruimus,
1015 1124 1083 1178 ita
1111 1125 1161 1178 iu
1189 1125 1343 1178 linem
1365 1137 1470 1192 quo
1495 1121 1746 1182 redimus,
1772 1134 1876 1172 non

285 1231 378 1275 est
403 1218 602 1289 aliquid
629 1217 767 1285 quod
796 1216 1056 1288 salubrius
1079 1214 1327 1280 delectet,
1356 1227 1510 1283 quam
1540 1211 1651 1264 laus
1681 1209 1796 1276 Dei,
1823 1216 1880 1262 et

283 1326 504 1380 semper
526 1309 767 1362 Alleluia.

302 1435 1861 1460 ———_—_———-——F———¢-—W———

669 1518 751 1580 IN
794 1514 1169 1607 PSALMUM
1213 1513 1471 1575 exvm

884 1655 1301 1715 ENARRATIO.

923 1795 1255 1850 Prooemium.

371 1933 608 1987 Psalmos
637 1945 825 1985 omnes
852 1938 1094 1993 ςέυιρΐοε,
1123 1943 1255 1997 quos
1281 1925 1518 1981 codicem
1549 1906 1878 1982 Psalmorum

292 2024 538 2078 novimus
565 2021 860 2086 continere,
891 2019 1028 2090 quod
1061 2019 1309 2074 Ecclesia:
1335 2018 1713 2073 consuetudine
1737 2019 1882 2073 Psal-

293 2117 488 2169 terium
521 2121 874 2181 nuncupatur,
909 2112 1095 2181 partim
1137 2110 1539 2164 sermocinaudo
1566 2109 1618 2162 iu
1651 2109 1877 2178 populis,

294 2205 487 2274 partim
513 2197 765 2256 dictando
794 2203 1044 2271 exposui,
1074 2201 1302 2254 donante
1330 2201 1553 2253 Domino
1574 2242 1586 2261 ,
1617 2201 1754 2253 sicut
1783 2214 1878 2268 po-

293 2297 372 2348 tui
401 2313 413 2347 :
447 2294 706 2364 psalmum
749 2310 876 2347 vero
913 2295 1261 2346 centesimum
1305 2303 1546 2347 octavum
1584 2292 1877 2358 decimum,

295 2406 404 2442 non
431 2397 543 2441 tam-
567 2397 782 2458 propter
805 2387 916 2454 ejus
945 2386 1270 2438 notissimam
1301 2385 1699 2454 longitudinem,
1723 2400 1880 2454 quam

296 2491 512 2551 propter
541 2479 656 2549 ejus
688 2478 1097 2548 profunditatem
1144 2479 1319 2547 paucis
1351 2479 1754 2548 cognoscibilem
1783 2477 1884 2532 dif-

297 2571 555 2626 fErcbaru.
601 2570 670 2623 Et
710 2585 828 2622 eum
867 2569 1238 2624 molestissime
1283 2567 1478 2622 ferrent
1519 2569 1707 2624 fratres
1743 2571 1880 2636 mei,

294 2668 412 2727 ejus
437 2661 603 2714 solius
629 2659 1034 2728 expositionem,
1062 2665 1313 2728 quantum
1344 2658 1409 2710 ad
1436 2657 1671 2726 ejusdem
1699 2674 1885 2727 corpo-

295 2751 374 2805 ris
401 2750 642 2804 Psaltuos
671 2736 918 2819 pertinet,
945 2749 1133 2803 deesse
1159 2749 1424 2819 opusculis
1452 2750 1664 2814 nostris,
1694 2765 1885 2819 meque

295 2843 363 2896 ad
396 2844 495 2898 hoc
522 2841 834 2897 Solvendum
864 2841 1097 2895 debitum
1121 2840 1469 2896 vehementer
1497 2851 1763 2911 urgerent,
1795 2842 1884 2896 diu

296 2936 599 3004 petentibus
627 2933 1035 3002 jubentibttsque
1061 2947 1164 2985 non
1190 2930 1325 2986 cessi
1352 2947 1365 2996 ;
1392 2931 1512 3002 quia
1535 2933 1883 3002 quotiescum-

294 3043 400 3097 que
427 3027 550 3082 inde
575 3026 810 3096 cogitare
839 3025 1054 3089 tentavi,
1084 3039 1294 3097 semper
1319 3023 1460 3078 vires
1494 3033 1686 3078 nostra:
1715 3024 1886 3078 inten-

299 3118 457 3171 tionis
496 3116 750 3171 excessit.
784 3115 992 3182 Quanto
1030 3115 1170 3168 enim
1197 3113 1408 3168 videtur
1436 3115 1702 3183 apertior,
1739 3123 1884 3168 tanto

203 3203 212 3208 ”
296 3210 425 3263 mihi
465 3208 778 3278 profundior
814 3206 980 3261 videri
1024 3207 1196 3269 solet;
1239 3206 1310 3260 ita
1352 3214 1408 3260 ttt
1445 3207 1601 3261 etiam
1633 3223 1785 3277 quam
1817 3207 1887 3261 sit

296 3300 610 3371 profundus,
636 3299 1007 3354 demonstrare
1030 3313 1131 3351 non
1155 3312 1384 3367 possem.
1409 3297 1647 3352 Aliorum
1668 3299 1880 3369 quippe,

297 3397 383 3474 qui
406 3395 622 3450 diflicile
645 3394 1024 3466 intelliguntur,
1048 3393 1254 3448 etiamsi
1280 3394 1331 3448 in
1355 3394 1676 3450 obscuritate
1697 3411 1886 3450 sensus

299 3489 450 3552 latet,
475 3488 587 3557 ipsa
611 3496 784 3540 tamen
809 3495 1027 3555 apparet
1050 3484 1347 3540 obscuritas
1372 3504 1384 3538 :
1409 3485 1567 3555 hujus
1587 3496 1762 3542 autem
1789 3503 1886 3543 nec

296 3583 446 3651 ipsa;
473 3580 726 3651 quoniam
752 3579 908 3634 talem
938 3578 1136 3648 pra-bet
1160 3578 1516 3648 superﬁciem,
1543 3587 1602 3632 ut
1630 3579 1888 3634 lectorem

294 3685 457 3742 atque
497 3670 794 3725 auditorem
818 3710 833 3734 ,
869 3684 971 3723 non
1000 3669 1356 3739 cxpositorem
1387 3670 1746 3725 necessarium
1785 3669 1886 3724 ha-

297 3766 427 3819 bere
453 3762 721 3818 credatur.
755 3762 821 3816 Et
850 3778 986 3817 nunc
1011 3761 1151 3832 quod
1183 3761 1393 3816 tandem
1425 3761 1488 3814 ad
1517 3762 1888 3830 pertractatio-

298 3873 422 3911 nem
451 3855 567 3924 ejus
593 3853 812 3918 accedo,
842 3852 966 3922 quid
998 3853 1048 3906 iu
1076 3868 1140 3908 eo
1170 3853 1384 3922 possint,
1418 3867 1633 3921 prorsus
1658 3851 1843 3921 ignoro
1869 3869 1883 3906 :

220 3964 226 3985 τ
295 3964 458 4016 spero
488 3955 690 4009 tamen,
720 3954 777 3999 ut
804 3944 998 4014 aliquid
1040 3945 1258 4016 possim,
1285 3944 1584 3998 adfuturum
1613 3953 1770 4014 atque
1794 3944 1888 3999 ad-

291 4040 532 4111 juturum
568 4039 756 4092 Deum.
783 4036 872 4092 Sic
898 4037 1038 4092 enim
1071 4035 1195 4090 fecit
1222 4037 1272 4090 in
1299 4036 1314 4066 ι
1345 4036 1590 4091 omnibus
1618 4051 1887 4106 qtuecum-

294 4147 404 4200 quc
430 4129 778 4193 suflicienter,
807 4143 926 4182 cum
955 4128 1098 4197 prius
1129 4127 1255 4181 mihi
1283 4126 1347 4181 ad
1378 4127 1774 4198 intelligendum
1804 4131 1888 4184 vel

294 4220 674 4292 explicandum
698 4218 930 4272 difficilia
952 4233 1012 4272 ac
1034 4233 1167 4288 pene
1192 4207 1538 4288 impossibilia
1562 4217 1883 4282 viderentur,

294 4309 544 4380 exposui.
567 4308 736 4363 Statui
763 4315 937 4362 autem
967 4322 1060 4376 per
1084 4321 1356 4362 sermones
1384 4306 1432 4359 id
1459 4321 1636 4376 agere,
1661 4307 1749 4376 qui
1775 4322 1889 4376 pro.

297 4404 574 4459 ferantur’
609 4402 659 4455 in
693 4400 929 4470 populis,
963 4415 1093 4468 quas
1124 4399 1291 4453 (Ξκιξοί
1321 4404 1507 4466 ὁμιλίας
1539 4408 1748 4453 vocant.
1781 4399 1889 4454 Hoc

297 4495 446 4549 enim
473 4493 664 4560 justius
696 4506 814 4545 esse
841 4491 1073 4544 arbitror
1095 4531 1110 4553 ,
1140 4499 1197 4542 ttt
1223 4497 1514 4544 conventus
1543 4489 1886 4545 ecclesiastici

297 4602 410 4640 non
452 4583 760 4638 fraudentur
785 4582 949 4636 etiam
981 4582 1164 4648 psalmi
1199 4580 1355 4650 huius
1393 4581 1733 4651 intelligentia
1755 4625 1770 4646 ,
1797 4598 1890 4636 cu-

288 4677 390 4748 jus
410 4718 424 4740 ,
457 4685 506 4728 ut
538 4674 765 4727 aliorum
786 4713 810 4738 ,,
833 4671 1084 4726 delectari
1115 4672 1352 4726 assolent
1377 4671 1654 4725 cantilena.
1685 4672 1791 4726 Sed
1821 4673 1891 4727 sit

293 4768 410 4822 huc
440 4780 607 4836 usque
630 4763 959 4833 proaunium
991 4779 1004 4815 :
1035 4762 1142 4831 jam
1175 4761 1242 4816 de
1279 4763 1391 4831 ipso
1419 4771 1498 4817 est
1531 4763 1888 4832 loquendum,

288 4860 367 4914 dc
395 4872 502 4928 quo
529 4863 662 4910 istuc
689 4855 858 4908 visum
889 4863 970 4907 est
1010 4853 1463 4923 przeloqucudum.

973 4952 1141 5021 SEBMO
1180 4983 1217 5020 Ι.

376 5085 430 5138 1.
465 5081 612 5154 [vera
646 5080 724 5151 L]
750 5079 831 5134 Ab
850 5070 1077 5135 exordio
1110 5093 1208 5134 suo
1236 5093 1457 5147 magnus
1486 5080 1720 5150 psalmus
1754 5081 1887 5148 iste,

288 5173 624 5238 cbarissimi,
651 5171 965 5226 exhortatur
991 5185 1088 5224 nos
1106 5170 1171 5224 ad
1193 5170 1592 5233 bentitudinem,
1615 5187 1771 5241 quam
1797 5186 1889 5226 ue-

289 5281 396 5322 nto
415 5275 498 5319 est
515 5264 602 5333 qui
627 5277 733 5316 non
759 5269 990 5329 expetat.
1020 5259 1147 5327 Quis
1171 5261 1312 5314 enim
1341 5276 1559 5330 usquam
1582 5263 1664 5316 vel
1694 5271 1883 5330 potest,

293 5356 394 5412 vel
426 5355 624 5425 potuit,
654 5353 734 5407 vel
767 5352 963 5422 poterit
991 5351 1211 5405 inveniri
1240 5353 1328 5421 qui
1360 5352 1493 5407 nolit
1518 5367 1638 5407 esse
1667 5354 1887 5408 beatus?

293 5447 441 5516 Quid
473 5447 630 5515 igitur
665 5443 1035 5499 exhortatione
1071 5457 1206 5510 opus
1241 5451 1323 5496 est
1348 5443 1415 5498 ad
1441 5459 1557 5498 eam
1590 5459 1700 5499 rem
1729 5459 1884 5512 quam

289 5554 397 5594 sua
439 5547 630 5606 sponte
668 5534 868 5605 appetit
909 5533 1118 5587 animus
1153 5533 1450 5588 humanus?
1483 5534 1612 5589 Nam
1655 5535 1886 5603 profecto

291 5631 392 5704 qui
419 5630 758 5690 exhortatur,
781 5627 832 5681 id
858 5625 984 5697 agit,
1009 5636 1066 5680 ut
1085 5625 1344 5681 excitetur
1367 5627 1610 5682 voluntas
1630 5628 1744 5697 ejus
1763 5642 1882 5682 cum

369 5777 386 5806 ι
411 5777 482 5822 sic
499 5773 664 5836 plures
682 5771 912 5836 “seadd.
944 5780 1062 5836 vero
1079 5803 1092 5825 ,
1121 5768 1213 5828 feci
1236 5768 1310 5819 de.

369 5837 392 5872 ³
410 5838 485 5889 Sic
502 5832 610 5887 Mss.
639 5844 691 5886 at
710 5835 840 5896 ΗΜ,
859 5832 1182 5898 proferuntur.

1369 367 1761 425 ENARRATIO
1803 369 1866 424 IN
1905 369 2222 431 ΡδΑιΜωι
2260 372 2490 434 CXVIII.

3411 387 3550 444 13οὶ

1977 501 2082 558 quo
2107 488 2243 557 agit,
2272 488 2338 544 ad
2369 489 2494 546 illud
2522 499 2738 562 propter
2761 491 2902 563 quod
2929 492 3310 552 exhortationis
3334 498 3553 555 adlube-

1979 587 2064 632 tur
2088 580 2395 652 alloquium.
2425 581 2619 652 thuid
2647 599 2774 654 ergo
2800 585 3072 638 nobiseum
3100 586 3290 655 agitur,
3324 599 3382 642 ut
3419 591 3552 645 veli-

1978 686 2096 725 mus
2121 673 2258 742 quod
2292 675 2433 730 nolle
2473 692 2574 730 nou
2614 691 2926 746 possumus;
2955 677 3056 731 nisi
3078 679 3201 747 quia
3228 694 3412 736 omnes
3438 685 3553 751 qui.-

1980 761 2098 816 detn
2131 764 2506 821 beatitudinem
2546 770 2960 836 concupiscunt,
2992 771 3084 826 sed
3123 783 3352 841 quonam
3394 777 3554 828 modo

1979 854 2043 908 ad
2069 871 2197 910 .eam
2236 860 2602 927 perveniatur,
2633 862 2841 930 plurimi
2883 864 3156 918 nesciunt?
3186 865 3413 935 Ideoque
3454 866 3555 922 hoc

1980 944 2135 1000 docet
2165 949 2280 1013 iste,
2311 950 2396 1018 qui
2425 950 2550 1005 dicit
2579 970 2592 1006 :
2625 951 2768 1006 Beati
2796 953 3101 1006 immaculati
3128 956 3179 1008 in
3208 957 3306 1019 via,
3334 958 3417 1022 qui
3447 973 3555 1009 am-

1981 1034 2156 1090 bulant
2193 1038 2244 1091 in
2287 1037 2391 1107 lege
2433 1038 2661 1095 Domini.
2703 1041 2972 1112 Tanquam
3010 1043 3209 1099 diceret
3241 1063 3252 1097 ε
3281 1041 3403 1100 Scio
3429 1049 3555 1115 quid

1981 1129 2113 1183 velis
2133 1172 2146 1195 ,
2176 1130 2550 1186 beatitudinem
2585 1134 2807 1202 qumris;
2838 1135 2880 1188 si
2909 1151 3034 1204 ergo
3064 1136 3143 1190 vis
3181 1151 3300 1192 esse
3339 1113 3554 1204 beatus,

1981 1230 2096 1273 esto
2124 1221 2508 1277 inmaculatus.
2532 1224 2660 1278 lllud
2683 1225 2823 1280 enim
2848 1241 3052 1292 omnes,
3083 1225 3183 1281 hoc
3206 1237 3379 1283 autem
3406 1230 3557 1297 pauci

1982 1309 2184 1378 volunt,
2217 1315 2331 1367 sine
2359 1329 2463 1382 qtto
2491 1329 2593 1368 non
2626 1317 2929 1384 pervenitur
2953 1316 3018 1371 ad
3051 1317 3177 1371 illud
3206 1319 3344 1387 quod
3372 1335 3558 1374 omnes

1982 1400 2186 1455 volunt.
2215 1402 2319 1457 Sed
2347 1404 2430 1458 ubi
2460 1407 2558 1459 erit
2579 1408 2800 1476 quisque
2831 1407 3218 1477 immaculatus,
3243 1412 3342 1466 nisi
3367 1412 3416 1465 in
3439 1414 3557 1466 via?

1982 1490 2166 1575 lnqtta
2205 1495 2284 1548 via
2309 1538 2322 1560 ,
2358 1497 2454 1549 nisi
2486 1498 2537 1550 in
2585 1498 2700 1567 lege
2742 1500 2982 1554 Domini?
3017 1501 3093 1555 Ac
3133 1517 3226 1570 per
3255 1502 3386 1569 hoc,
3416 1501 3558 1557 Beati

1984 1583 2289 1639 immaculati
2319 1587 2370 1640 in
2397 1589 2475 1640 via
2495 1629 2509 1653 ,
2538 1590 2621 1656 qui
2660 1591 2917 1644 ambulant
2950 1592 3001 1645 in
3037 1592 3140 1662 lege
3178 1592 3422 1657 Domini,
3456 1609 3558 1648 non

1983 1675 2250 1744 Superl'luo
2278 1678 2429 1732 nobis
2455 1678 2666 1747 dicitur,
2693 1683 2784 1735 sed
2813 1683 3110 1737 exhortatio
3139 1685 3434 1739 necessaria
3466 1701 3561 1740 n0-

1983 1768 2106 1820 stris
2133 1769 2396 1824 mentibus
2425 1769 2723 1829 adhibetur.
2751 1773 2886 1840 Quid
2911 1775 3051 1828 enim
3079 1775 3203 1829 boni
3233 1776 3302 1829 sit
3325 1775 3390 1829 ad
3418 1777 3558 1847 quod

1983 1859 2134 1915 multi
2160 1862 2292 1931 pigri
2317 1871 2457 1928 sunt,
2488 1864 2538 1918 id
2560 1875 2657 1930 est,
2690 1866 3056 1922 immaculatos
3084 1868 3354 1923 ambulare
3381 1869 3558 1934 invia,

1985 1969 2102 2022 qua:
2129 1954 2211 2034 lex
2241 1963 2322 2010 est
2352 1956 2557 2011 Domini
2583 1999 2596 2023 ,
2629 1959 2705 2014 sic
2729 1959 3024 2015 ostenditur
3045 2003 3060 2026 ,
3090 1976 3208 2015 cum
3237 1961 3419 2016 beatos
3444 1976 3563 2016 esse

1985 2047 2072 2116 qui
2100 2046 2202 2103 hoc
2222 2047 2438 2116 iaciunt,
2464 2051 2741 2116 indicatur,
2763 2061 2820 2107 ut
2838 2061 3055 2124 propter
3076 2055 3205 2109 illud
3223 2055 3361 2125 quod
3380 2071 3564 2110 omnes

1985 2138 2201 2203 volunt,
2233 2139 2394 2194 etiam
2423 2140 2524 2196 hoc
2553 2143 2641 2195 fiat
2669 2145 2808 2213 quod
2849 2146 3058 2213 plurimi
3098 2146 3304 2201 nolunt.
3347 2147 3562 2201 Beatum
3594 2186 3598 2190 .

1985 2231 2180 2298 quippe
2207 2245 2346 2297 esse,
2380 2242 2485 2286 tam
2519 2249 2764 2304 magnum
2793 2249 2876 2290 est
2902 2237 3120 2302 bonum,
3150 2249 3205 2291 ut
3236 2239 3335 2294 hoc
3361 2248 3413 2293 et
3441 2239 3564 2293 boui

1986 2320 2151 2374 velint
2186 2332 2247 2386 et,
2276 2323 2422 2378 ntali.
2467 2324 2575 2379 Nec
2613 2327 2804 2380 mirum
2840 2337 2920 2381 est
2949 2329 3087 2396 quod
3124 2328 3244 2384 boni
3286 2340 3564 2398 propterea

1987 2421 2112 2467 sunt
2138 2413 2293 2479 boui;
2320 2416 2410 2470 sed
2442 2417 2568 2471 illud
2595 2427 2678 2472 est
2693 2406 2914 2481 ‘mirum,
2943 2419 3080 2489 quod
3111 2421 3266 2474 etiam
3300 2421 3420 2474 tuali
3452 2437 3567 2492 pro-

1988 2515 2170 2575 pterea
2197 2517 2320 2561 sunt
2345 2508 2488 2571 mali,
2517 2518 2575 2563 ut
2601 2511 2704 2564 sint
2731 2512 2888 2564 beati.
2916 2511 3045 2567 Nam
3072 2513 3308 2583 quisquis
3333 2513 3563 2567 libidini-

1989 2595 2086 2650 bus
2114 2597 2356 2665 deditus,
2391 2599 2594 2652 luxuria
2631 2601 2934 2670 Stuprisque
2969 2605 3347 2673 corrumpitur,
3381 2605 3435 2658 in
3465 2605 3566 2660 hoc

1987 2689 2127 2744 malo
2154 2689 2532 2746 beatitudinem
2557 2693 2764 2762 quterit,
2794 2688 2862 2747 et'
2878 2708 2935 2748 se
2963 2694 3213 2750 miserum
3245 2703 3411 2764 putat.
3446 2711 3564 2750 cum

1988 2781 2055 2835 ad
2093 2798 2201 2836 sua:
2243 2785 2682 2853 concupiscentia:
2720 2787 3042 2856 voluptatem
3079 2779 3421 2858 ltetitiamque
3460 2803 3565 2842 nou

1989 2875 2260 2943 pervenit,
2289 2877 2499 2931 beatum
2541 2892 2667 2932 vero
2703 2893 2809 2932 non
2839 2878 3044 2933 dubitat
3067 2879 3269 2948 jactare
3295 2895 3414 2934 cum
3445 2895 3567 2948 per-

1988 2965 2152 3020 venit.
2185 2966 2251 3020 Et
2276 2968 2511 3037 quisquis
2536 2969 2770 3022 avaritia:
2797 2968 2999 3023 facibus
3025 2969 3340 3035 inardescit,
3373 2971 3437 3024 ad
3471 2971 3568 3024 hoc

1988 3067 2273 3129 congregat
2303 3075 2636 3129 quocumque
2675 3060 2835 3116 modo
2871 3061 3118 3126 divitias,
3147 3071 3203 3117 ut
3237 3062 3424 3117 beatus
3458 3062 3524 3115 sit
3552 3080 3565 3113 :

1991 3150 2320 3205 inimicorum
2347 3153 2658 3221 sanguinem
2687 3152 2906 3208 fundere
2933 3154 3252 3223 quicumque
3278 3153 3566 3218 desiderat,

1988 3243 2401 3298 dominationem
2446 3245 2686 3314 quisquis
2725 3245 2970 3310 aﬂ'eetat,
3009 3245 3374 3301 crudelitatem
3417 3261 3566 3300 suam
3603 3262 3607 3265 '

1989 3334 2224 3405 quisquis
2247 3335 2436 3390 alienis
2460 3335 2698 3391 cladibus
2719 3336 2906 3405 pascit,
2932 3335 2982 3390 in
3009 3336 3256 3391 omnibus
3280 3336 3570 3392 sceleribus

1989 3423 2371 3481 beatitudinem
2395 3427 2601 3495 quierit.
2631 3425 2739 3482 llos
2758 3427 2931 3498 ,igitur
2953 3438 3213 3496 errantes,
3244 3437 3298 3484 et
3324 3444 3446 3483 vera
3473 3429 3571 3483 mi-

1990 3519 2127 3572 seria
2175 3517 2360 3572 falsam
2406 3518 2784 3575 beatitudinem
2833 3521 3200 3590 requirentes,
3249 3533 3463 3577 revoeat
3503 3522 3569 3576 ad

1990 3609 2150 3675 viam,
2176 3611 2219 3664 si
2243 3611 2509 3676 audiatur,
2541 3627 2641 3664 vox
2675 3612 2771 3665 ista
2800 3593 3158 3674 divina,Beati
3185 3613 3491 3666 immaculuti
3519 3621 3570 3667 tn

1973 3700 2104 3765 uia,
2132 3704 2220 3766 qui
2251 3694 2509 3753 ambulant
2548 3701 2600 3753 in
2643 3703 2750 3770 lege
2788 3699 2995 3754 Domini
3024 3717 3043 3754 :
3071 3710 3315 3770 tanquam
3351 3701 3568 3768 dicens,

1990 3792 2107 3857 Quo
2134 3791 2256 3845 itis?
2281 3791 2499 3856 Peritis,
2532 3800 2587 3845 et
2613 3791 2848 3846 nescitis.
2877 3790 2991 3845 Non
3023 3791 3142 3844 illac
3171 3791 3276 3844 itur
3306 3807 3407 3860 qua
3447 3807 3570 3860 per-

1990 3882 2112 3953 gitis
2135 3922 2150 3947 ,
2193 3897 2300 3951 quo
2341 3882 2618 3951 pervenire
2656 3881 2972 3936 desideratis
3005 3899 3016 3933 :
3051 3896 3172 3935 nam
3213 3881 3394 3951 utique
3433 3882 3570 3936 beati

1991 3989 2112 4030 esse
2150 3974 2374 4044 cupitis;
2412 3973 2505 4030 sed
2537 3974 2727 4028 misera
2758 3981 2910 4038 sunt,
2939 3981 2993 4028 et
3020 3971 3084 4026 ad
3113 3973 3367 4042 majorem
3409 3972 3571 4044 mise-

1992 4068 2124 4122 riam
2162 4065 2363 4120 ducunt
2398 4067 2584 4120 itinera
2619 4065 2716 4120 ista
2751 4079 2852 4135 qua
2891 4063 3122 4119 curritis.
3158 4063 3287 4117 Tam
3324 4070 3571 4133 maguum

1995 4157 2190 4212 bonum
2213 4171 2458 4227 quaerere
2483 4171 2577 4226 per
2600 4156 2738 4212 mala
2761 4156 2923 4211 nolite
2947 4173 2962 4210 :
2985 4155 3030 4208 si
3055 4156 3120 4209 ad
3142 4154 3269 4208 illud
3298 4154 3572 4224 pervenire

1993 4249 2150 4304 vultis
2169 4290 2184 4315 ,
2214 4249 2317 4305 huc
2341 4250 2517 4304 venite
2537 4291 2553 4314 ,
2585 4248 2684 4302 hac
2720 4249 2811 4303 ite.
2850 4247 2960 4303 Viae
3000 4263 3265 4317 perversa:
3291 4247 3573 4315 relinquito

1994 4343 2394 4412 malignitatem,
2416 4345 2503 4410 qui
2531 4355 2635 4398 non
2664 4340 2882 4411 potestis
2906 4341 3206 4410 relinquere
3231 4338 3572 4394 beatitudinis

2000 4434 2344 4489 voluntatem.
2372 4432 2590 4490 Frustra
2617 4431 2885 4487 tendendo
2915 4431 3226 4501 fatigamini,
3253 4447 3359 4502 quo
3388 4445 3574 4500 perve-

1995 4524 2188 4579 niendo
2218 4509 2588 4594 inquinamiui.‘
2612 4522 2726 4578 Non
2752 4531 2932 4578 autem
2960 4522 3096 4577 beati
3124 4522 3379 4592 inquinati
3409 4523 3462 4575 in
3488 4536 3576 4574 er-

1995 4633 2136 4680 rore,
2168 4617 2257 4686 qui
2287 4616 2560 4671 ambulant
2586 4615 2636 4669 in
2669 4613 3016 4685 perversitate
3044 4613 3254 4678 smculi;
3287 4612 3401 4678 sed,
3429 4611 3576 4665 Beati

1994 4709 2304 4763 immaculati
2328 4709 2382 4763 in
2405 4710 2504 4772 uia,
2531 4709 2616 4775 qui
2641 4707 2899 4761 ambulant
2925 4707 2976 4760 in
3006 4707 3112 4776 lege
3141 4705 3364 4761 Domini.

2066 4799 2120 4853 2.
2149 4799 2294 4872 [vera
2322 4799 2375 4864 Ξ,
2401 4799 2476 4871 5.]
2502 4798 2636 4866 Quid
2665 4815 2822 4864 porro
2842 4797 3089 4868 adjuugat
3112 4798 3366 4852 attendite
3392 4815 3403 4849 :
3431 4796 3575 4849 Beati

1994 4893 2079 4960 qui
2105 4901 2393 4947 scrutantur
2427 4891 2707 4944 testimonia
2735 4891 2876 4960 ejus,
2905 4890 2958 4941 in
2992 4899 3092 4942 toto
3125 4889 3274 4942 corde
3310 4889 3574 4956 exquirunt

1992 5003 2124 5040 eum.
2160 4986 2272 5039 Non
2305 4984 2429 5038 mihi
2462 4983 2669 5038 videtur
2696 4983 2836 5036 aliud
2871 4983 2950 5035 bis
2980 4983 3154 5036 verbis
3183 4996 3572 5036 cotttmentora-

1995 5090 2104 5134 tutu
2149 5080 2418 5132 beatorum
2458 5090 2654 5146 genus,
2695 5091 2855 5144 quam
2893 5075 3017 5130 illttd
3048 5074 3187 5143 quod
3227 5084 3348 5126 ante
3374 5071 3570 5125 dictum

1994 5181 2095 5226 est.
2124 5170 2253 5224 Nam
2283 5168 2505 5224 scrutari
2540 5165 2838 5221 testimonia
2871 5165 3110 5231 Domini,
3143 5173 3197 5218 et
3228 5179 3348 5217 eum
3379 5163 3430 5214 iu
3465 5170 3571 5215 toto

1994 5251 2153 5315 corde
2175 5259 2474 5327 exquirere,
2508 5256 2606 5311 hoc
2630 5265 2712 5309 est
2736 5256 3127 5309 immaculatum
3159 5254 3210 5306 in
3237 5252 3340 5314 via,
3375 5252 3423 5304 in
3459 5251 3573 5318 lege

1996 5351 2202 5407 Domini
2225 5349 2517 5404 ambulare.
2545 5347 2777 5416 Denique
2798 5347 3033 5414 sequitur
3051 5354 3102 5398 et
3120 5343 3248 5397 dicit
3268 5359 3280 5393 :
3303 5340 3420 5394 Non
3445 5342 3574 5394 enim

1993 5446 2079 5516 qui
2103 5451 2373 5514 operantur
2398 5442 2729 5511 iniquitatem,
2758 5440 2812 5492 in
2843 5440 2930 5491 viis
2958 5439 3064 5507 ejus
3090 5435 3486 5487 ambulaverunt.
3516 5434 3570 5486 Si

1992 5554 2120 5608 ergo
2156 5535 2486 5591 ambulantes
2525 5533 2575 5586 in
2616 5533 2697 5586 via
2719 5573 2732 5596 ,
2764 5532 2814 5585 id
2843 5540 2924 5584 est
2963 5531 3015 5582 in
3046 5530 3163 5598 lege
3203 5526 3441 5588 Domini,
3475 5526 3574 5594 ipsi

1992 5639 2116 5684 sunt
2141 5635 2436 5683 scrutantes
2463 5625 2762 5680 testimonia
2789 5623 2902 5692 ejus
2924 5663 2936 5685 ,
2968 5632 3020 5676 et
3059 5621 3109 5674 in
3150 5628 3260 5674 toto
3288 5619 3449 5674 corde
3477 5635 3572 5672 ex-

1991 5721 2262 5794 quirentes
2291 5734 2409 5773 eum
2435 5735 2449 5783 ;
2493 5716 2728 5787 profecto
2759 5714 2848 5784 qui
2879 5722 3166 5784 aperantur
3201 5713 3530 5782 iniquitatem
3555 5751 3570 5774 ,

1996 5832 2100 5872 non
2145 5821 2446 5871 scrutantur
2490 5808 2785 5865 testimonia
2824 5807 2956 5878 ejus.
3001 5806 3064 5861 Et
3108 5814 3282 5861 tamen
3329 5805 3568 5861 novimus
