4026 6202
412 402 637 459 ιίὸοδ

483 519 759 589 operarios
802 520 1087 589 iniquitatis
1125 519 1191 575 ad
1232 520 1334 578 hoc
1364 522 1584 579 scrutari
1625 524 1922 580 testimonia
1950 524 2056 579 Do-

484 610 613 664 mini
635 649 649 671 ,
677 610 800 679 quia
829 610 1026 664 malunt
1052 611 1191 666 docti
1218 627 1337 668 esse
1362 628 1518 683 quam
1542 613 1669 685 jusd
1699 631 1712 667 :
1741 616 1981 669 novimus
2005 622 2061 670 et

486 699 619 753 alios
646 699 711 751 ad
746 698 852 753 hoc
879 702 1103 755 scrutari
1145 703 1445 758 testimonia
1487 704 1691 759 Domini
1716 705 1754 772 ί,
1785 694 1889 759 non
1918 704 2060 774 quod

482 790 594 861 jam
624 780 765 843 recte
791 790 985 854 vivant,
1011 793 1104 847 sed
1131 802 1187 847 ut
1213 793 1382 849 sciant
1408 796 1850 865 quemadmodum
1882 797 2061 854 vivere

491 882 735 939 debeant.
760 880 915 939 'l‘ales
944 899 1070 955 ergo
1096 888 1330 941 nondum
1363 889 1681 943 immaculati
1710 890 1979 944 ambulant
2006 890 2059 944 in

485 973 601 1045 lege
625 975 852 1041 Domini,
875 992 938 1032 ac
963 994 1055 1049 per
1080 978 1179 1033 hoc
1204 980 1435 1035 nondum
1460 980 1617 1036 beati.
1641 981 1914 1048 Quomodo
1933 997 2061 1052 ergo

487 1064 883 1136 intelligendum
905 1079 1006 1133 eSt,
1028 1069 1173 1124 Beati
1196 1072 1283 1141 qui
1306 1081 1592 1128 scrutantur
1616 1076 1894 1129 testimonia
1917 1076 2062 1145 ejus;

485 1171 604 1211 cum
637 1158 907 1213 videamus
944 1159 1187 1217 homines
1208 1163 1335 1241 ‘ejus
1369 1165 1592 1219 scrutari
1623 1166 1916 1221 testimonia
1954 1183 2061 1221 non

487 1243 707 1316 beatos,
733 1249 854 1318 quia
887 1265 991 1304 non
1020 1252 1422 1307 immaculatos?
1447 1253 1576 1308 Nam
1603 1254 1803 1311 Scriba:
1830 1265 1884 1311 et
1921 1256 2060 1310 Pha-

488 1336 627 1391 risaei
656 1351 816 1407 super
842 1340 1143 1394 cathedram
1173 1342 1331 1413 Moysi
1360 1343 1624 1411 sedentes,
1651 1345 1716 1399 de
1744 1347 1932 1417 quibus
1960 1347 2063 1401 Do-

496 1426 670 1481 minus
694 1429 786 1494 ait,
819 1428 945 1496 Qui:
969 1431 1159 1497 dicunt,
1190 1434 1374 1504 facile;
1398 1450 1511 1503 quia
1534 1446 1702 1489 autent
1732 1436 1941 1504 faciunt,
1975 1439 2059 1509 fa-

456 1526 461 1533 ’
491 1532 600 1570 cere
620 1517 774 1571 nolite
793 1536 812 1572 .'
833 1520 1004 1574 dicunt
1033 1522 1184 1587 enim,
1219 1533 1263 1576 et
1290 1540 1389 1576 non
1432 1527 1621 1593 faciunt
1661 1528 1870 1596 (Matth.
1905 1544 2058 1595 χχιιι,

493 1605 583 1675 5);
613 1610 793 1680 utique
818 1614 1191 1668 scrutabantur
1218 1617 1519 1671 testimonia
1546 1618 1771 1683 Domini,
1807 1631 1862 1673 ut
1892 1620 2058 1676 liabe-

490 1708 613 1752 rent
637 1715 754 1768 quae
780 1700 1015 1756 dicerent
1047 1704 1202 1771 bona,
1231 1708 1472 1776 quamvis
1504 1708 1739 1764 facerent
1769 1711 1923 1765 mala.
1954 1712 2059 1768 Sed

493 1786 592 1843 libs
634 1792 939 1848 omittamus
973 1813 985 1848 :
1027 1806 1170 1852 recte
1214 1798 1408 1867 quippe
1452 1802 1857 1869 reSpondebitur
1907 1805 2061 1860 nobis

488 1879 630 1948 quod
675 1881 760 1936 isti
804 1894 908 1938 non
961 1896 1266 1940 scrutantur
1312 1890 1611 1944 testimonia
1673 1892 1896 1946 Domini.
1942 1893 2058 1948 Non

490 1972 632 2026 enim
657 1983 901 2043 quan-unt
930 1976 1062 2045 ipsa,
1109 1978 1202 2032 sed
1243 1980 1383 2034 aliud
1413 1990 1657 2051 quaerunt
1702 1998 1796 2052 per
1833 1984 1964 2053 ipsa,
2006 1985 2061 2041 id

492 2072 595 2127 est,
626 2074 682 2118 ut
708 2065 1069 2134 gloriﬁcentur
1096 2069 1164 2123 ab
1190 2069 1510 2137 hominibus,
1544 2074 1626 2128 vel
1653 2073 1905 2131 ditentur.
1937 2076 2052 2131 Non

493 2153 701 2209 esthoc
741 2159 961 2211 scrutari
1004 2160 1302 2215 testimonia
1352 2163 1464 2229 Dei,
1512 2179 1615 2219 non
1653 2165 1876 2238 diligere
1915 2170 2060 2240 quod

492 2244 797 2315 ostendunt,
846 2248 989 2305 nolle
1041 2244 1316 2320 pervenire
1357 2270 1463 2324 quo
1508 2255 1726 2321 ducunt,
1775 2259 1826 2315 id
1869 2270 1951 2315 est
1993 2262 2062 2318 ad

493 2333 679 2390 Deum.
703 2339 809 2393 Aut
827 2339 870 2393 si
894 2352 949 2395 et
969 2340 1065 2411 ipsi
1091 2354 1394 2401 scrutantur
1419 2348 1717 2404 testimonia
1746 2350 1859 2416 Dei,
1883 2368 2060 2422 quam-

491 2427 572 2483 vis
599 2445 703 2484 non
748 2441 805 2485 ut
833 2432 1023 2503 ipsum,
1058 2434 1149 2490 sed
1192 2445 1249 2491 ut
1287 2438 1429 2493 aliud
1473 2455 1541 2494 ex
1587 2439 1669 2496 liis
1697 2442 1966 2500 inveniant
2006 2454 2063 2502 ct

490 2522 799 2592 acquirant;
848 2541 993 2583 certe
1035 2545 1140 2585 non
1184 2532 1237 2585 in
1283 2541 1383 2586 toto
1425 2535 1574 2589 corde
1614 2538 1881 2607 exquirunt
1925 2556 2059 2606 eum,

489 2613 629 2682 quod
652 2632 756 2670 non
779 2618 958 2688 utique
984 2620 1176 2681 frusu'a
1203 2623 1286 2676 liic
1306 2624 1539 2680 additum
1567 2630 1853 2686 cernimus.
1874 2630 2059 2687 Sciens

495 2705 635 2758 enim
666 2706 892 2775 Spiritus
934 2710 1022 2778 qui
1075 2709 1187 2766 haec
1228 2712 1375 2779 dicit,
1423 2717 1620 2771 multos
1649 2729 1863 2788 propter
1893 2720 2056 2786 aliud,

494 2809 598 2848 non
628 2809 844 2866 propter
882 2799 1021 2868 quod
1049 2802 1392 2859 constitutum
1439 2815 1540 2873 est,
1569 2812 1792 2865 scrutari
1824 2812 2064 2868 testimo-

492 2886 578 2940 uia
606 2887 741 2958 ejus,
782 2905 886 2946 non
919 2900 1116 2949 tantum
1146 2895 1296 2963 dixit,
1327 2896 1471 2953 Beati
1497 2902 1582 2970 qui
1608 2912 1895 2957 scrutantur
1918 2906 2060 2960 testi-

492 2980 661 3034 monia
687 2983 827 3053 qius;
866 2984 959 3039 sed
999 2986 1216 3054 addidit,
1250 2989 1303 3043 in
1331 2999 1434 3045 toto
1461 2994 1609 3047 corde
1634 2997 1897 3066 exquirunt
1921 3014 2053 3064 cum,
2078 2980 2089 2991 ’

492 3080 737 3142 tauquam
781 3074 978 3133 docens
1024 3080 1488 3148 quemadmodum,
1537 3085 1621 3141 vel
1669 3098 1884 3159 prepter
1932 3090 2056 3159 quid

489 3164 773 3218 scrutanda
801 3166 908 3221 sint
952 3169 1248 3224 testimonia
1301 3173 1526 3229 Domini.
1573 3177 1809 3247 Denique
1838 3179 1890 3233 in
1922 3180 2057 3236 libro

487 3249 769 3321 Sapientia:
798 3255 1020 3325 loquens
1062 3259 1171 3328 ipsa
1216 3260 1524 3330 Sapientia:
1557 3267 1821 3334 Quwrunt,
1869 3270 2052 3340 inquit,

490 3358 569 3395 me
593 3344 734 3419 ntali,
766 3356 813 3399 et
855 3362 954 3399 non
995 3348 1286 3416 inveniunt;
1327 3352 1538 3407 oderunt
1583 3357 1716 3410 enint
1761 3345 2055 3427 sapientiam

493 3429 671 3500 (Prov.
698 3448 749 3499 I,
771 3433 843 3489 28'
863 3445 910 3489 et
928 3436 1045 3509 29).
1071 3437 1221 3506 Quod
1248 3442 1374 3511 quid
1404 3453 1487 3500 est
1510 3446 1670 3511 aliud,
1699 3464 1877 3519 quam,
1906 3450 2048 3509 Ode-

490 3531 613 3578 runt
631 3526 751 3580 me?
771 3526 1025 3595 Quaerunt
1048 3546 1176 3602 ergo
1205 3548 1309 3599 me,
1337 3535 1432 3598 ait,
1466 3546 1646 3592 etnon
1672 3555 1757 3596 me
1781 3542 2056 3600 inveniunt

486 3613 577 3684 qui
622 3614 847 3671 oderunt
883 3634 990 3673 me.
1035 3620 1310 3696 Quombdq
1352 3624 1510 3695 igitur
1546 3628 1795 3685 dicuntur
1816 3648 2055 3702 quaerere

486 3704 629 3773 quod
655 3705 899 3774 oderunt,
931 3710 1031 3765 nisi
1062 3713 1181 3782 quia
1210 3729 1316 3769 non
1348 3715 1467 3779 hoc.
1499 3719 1591 3774 sed
1631 3720 1770 3776 aliud
1810 3722 1882 3778 ibi
1909 3724 2055 3794 qlia:-

487 3795 646 3849 runt?
664 3795 777 3851 Non
803 3800 945 3854 enim
975 3803 1158 3858 volunt
1183 3819 1301 3859 esse
1320 3807 1584 3876 sapientes
1610 3810 1663 3865 in
1692 3812 1783 3867 Dei
1808 3812 2050 3884 gloriam,

488 3884 583 3939 sed
612 3886 795 3943 volunt
811 3889 976 3945 videri
994 3893 1259 3963 sapientes
1279 3907 1493 3977 propter
1515 3899 1783 3957 hominum
1807 3904 2050 3975 gloriam.

490 3974 766 4041 Quomodo
788 3982 930 4037 enim
956 3985 1265 4054 sapientiam
1294 4005 1397 4044 non
1423 3974 1666 4059 oderunt,
1690 3974 1978 4065 quccjubet
1999 4009 2054 4055 et

486 4063 642 4123 docet
686 4075 1129 4131 contemnendum
1171 4093 1292 4134 esse
1332 4082 1471 4150 quod
1501 4063 1757 4155 diligunt?
1799 4063 2046 4158 Droinde,

474 4158 512 4210 ὀ
538 4159 682 4217 Beati
713 4163 1034 4222 immaculati
1064 4168 1116 4224 in
1144 4170 1246 4239 via,
1279 4173 1367 4243 qui
1397 4174 1671 4232 ambulant
1700 4178 1754 4233 in
1803 4180 1917 4251 lege
1945 4182 2049 4238 Do-

485 4251 632 4306 mini.
678 4253 824 4309 Beati
865 4258 953 4329 qui
999 4268 1304 4317 scrutantur
1348 4266 1647 4322 testimonia
1694 4269 1829 4338 ejus,
1857 4271 1909 4326 in
1941 4280 2051 4327 toto

483 4342 644 4397 corde
668 4345 952 4414 exquirunt
979 4363 1121 4403 eum.
1157 4369 1176 4402 ι
1206 4351 1295 4406 Sic
1322 4353 1463 4409 enim
1488 4359 1775 4416 scrutando
1809 4363 2048 4417 testimo-

483 4432 567 4486 nia
592 4432 728 4502 ejus,
761 4446 817 4490 ut
844 4436 893 4491 in
925 4446 1035 4493 toto
1059 4439 1221 4496 corde
1247 4445 1528 4513 exquirant
1552 4463 1691 4515 eum,
1725 4451 2046 4509 immaculati

481 4523 753 4581 ambulant
781 4527 833 4582 in
863 4528 974 4600 lege
1004 4531 1230 4588 Domini.
1277 4534 1540 4607 Numquid
1589 4550 1762 4596 tamen
1806 4543 1895 4599 ille
1942 4560 2046 4607 non

481 4619 817 4675 scrutabatur
845 4622 1143 4679 testimonia
1167 4625 1325 4695 ejus,
1352 4645 1451 4684 nec
1475 4632 1745 4702 qumrebat
1786 4650 1927 4700 eum,
1957 4637 2045 4706 qui

479 4707 707 4778 dicebat,
751 4710 998 4783 Magister
1041 4715 1183 4782 bone,
1225 4720 1348 4787 quid
1388 4721 1506 4776 boni
1548 4725 1753 4794 faciam,
1805 4736 1860 4780 ut
1898 4729 2048 4782 vitam

480 4808 717 4854 aeternam
759 4807 1072 4869 consequar?
1095 4806 1197 4863 Sed
1224 4813 1488 4878 quomodo
1515 4828 1633 4868 eum
1662 4814 1713 4868 in
1748 4822 1857 4870 toto
1885 4818 2047 4874 corde

478 4892 739 4961 quaesivit,
767 4893 916 4962 cujus
941 4897 1162 4953 consilio
1187 4898 1397 4956 divitias
1421 4916 1544 4956 suas
1563 4904 1810 4971 prmtulit,
1833 4921 2047 4977 quoau-

478 4982 591 5038 dito
617 4983 784 5039 tristis
807 4985 1062 5043 abscessit
1092 4988 1300 5060 (Matth.
1328 4992 1505 5058 1x,lb’,
1530 4986 1664 5063 22)?
1690 4993 1819 5048 Nam
1841 5004 1895 5051 et
1919 5012 2045 5067 pro-

478 5074 633 5142 pheta
658 5076 818 5132 Isaias
843 5077 988 5146 dicit,
1019 5080 1236 5145 Quwrite
1269 5081 1579 5149 hominum;
1606 5096 1652 5140 et
1705 5102 1821 5141 cum
1850 5090 2046 5146 iuvene-

475 5167 585 5221 ritis
612 5185 744 5230 eum,
781 5168 1092 5238 derelinquat
1121 5172 1304 5241 impius
1333 5173 1436 5227 vias
1463 5191 1599 5242 suas,
1642 5187 1688 5231 et
1732 5180 1806 5233 vir
1845 5182 2044 5253 iniquus

474 5258 795 5327 cogitationes
823 5278 939 5314 suas
969 5260 1119 5332 (lsai.
1148 5279 1230 5323 LV.
1254 5264 1287 5318 6
1314 5275 1360 5318 et
1384 5264 1460 5337 7).

545 5348 600 5404 5.
639 5348 892 5417 Qumrunt
915 5351 1091 5421 itaque
1123 5352 1284 5407 Deum
1314 5364 1370 5411 et.
1411 5357 1559 5428 impii
1599 5368 1651 5414 et
1681 5360 1865 5433 iniqui,
1896 5374 1951 5419 ut
1976 5382 2041 5422 eo

474 5437 690 5495 invento
716 5456 821 5497 non
862 5442 970 5498 sint
1009 5443 1176 5513 impii,
1222 5461 1321 5501 nec
1370 5446 1553 5518 iniqui.
1599 5451 1874 5518 Quomodo
1912 5470 2040 5527 ergo

468 5529 578 5600 jam
618 5531 779 5599 beati,
808 5550 928 5590 cum
973 5535 1145 5592 adhuc
1187 5539 1487 5596 testimonia
1516 5545 1630 5613 ejus
1659 5557 1959 5603 scrutantur
1984 5559 2038 5605 et

533 5663 549 5695 ι
583 5664 705 5725 Apud
728 5672 834 5737 Lov.
860 5682 1033 5740 omissa
1056 5679 1169 5740 sunt
1196 5673 1488 5740 hazc__verlia
1514 5692 1526 5726 :
1562 5677 1674 5740 quia
1698 5679 1877 5731 malunt
1910 5683 2039 5735 docti

468 5736 586 5793 esse,
606 5736 758 5794 quam
777 5727 909 5794 justi
935 5744 952 5779 :
970 5733 1181 5784 novimus
1197 5742 1243 5784 ct
1265 5735 1382 5787 alios
1404 5740 1468 5786 ad
1490 5727 1586 5789 ltoc'
1599 5727 1811 5790 scrutari
1827 5727 2036 5794 enim}:

466 5784 554 5895 Si;
863 5804 973 5852 que
993 5794 1188 5856 quidem
1223 5784 2035 5859 exstabtﬁiu‘cargai'i—smbddfeluiu

1688 350 1750 471 ξ.
1790 404 2150 466 AUGUSTINI
2190 407 2492 465 EPISCOPI
2543 424 2549 430 '
2646 424 2651 441 ·

3602 417 3753 473 1304

2165 525 2449 597 exquirunt
2471 541 2615 592 eum,
2647 541 2766 581 cum
2796 528 2898 583 hoc
2925 528 3097 584 facere
3122 530 3326 601 possint
3351 541 3405 586 et
3425 531 3589 603 impii,
3618 550 3752 604 pus-

2167 615 2275 669 sint
2298 630 2351 670 ει
2376 616 2574 686 iniqui?
2604 617 2793 673 Beatos
2831 630 3007 674 autem
3048 637 3167 677 esse
3206 623 3395 693 impios
3424 634 3476 679 et
3506 624 3574 684 ini
3600 644 3750 695 (nos,

2166 706 2285 785 quis
2316 706 2398 761 vel
2425 706 2614 776 impius
2641 707 2833 764 dixerit
2865 718 2954 763 aut
2990 710 3234 780 iniquus?
3257 712 3397 784 Ergo
3420 732 3533 784 spe
3577 718 3754 785 benti,

2166 796 2301 850 sicut
2325 797 2453 851 beati
2488 799 2574 869 qui
2614 802 2998 869 persecutionem
3036 804 3295 873 patiuntur
3337 818 3541 878 propter
3572 811 3745 880 justi—

2166 897 2289 942 tiam
2309 904 2330 944 :
2356 904 2460 943 non
2493 899 2705 960 propter
2724 892 2862 960 quod
2894 894 3063 960 adest,
3099 884 3357 965 quamdiu
3376 900 3507 952 mala
3536 904 3759 970 patiun-

2168 986 2282 1045 tur;
2305 978 2399 1035 sed
2426 992 2640 1052 propter
2664 982 2801 1052 quod
2832 983 3020 1049 aderit,
3050 987 3289 1055 quoniam
3316 989 3536 1058 ipsorum
3557 1003 3627 1045 est
3657 1010 3755 1047 re-

2166 1070 2570 1140 guuutcwloruut
2589 1082 2677 1128 :et
2697 1074 2826 1128 beati
2859 1075 2942 1145 qui
2956 1078 3181 1131 esuriunt
3207 1090 3250 1132 et
3276 1081 3448 1135 sitiunt
3462 1085 3755 1155 justitiam,

2166 1177 2272 1216 non
2301 1164 2419 1234 quia
2444 1166 2683 1220 esuriunt
2708 1176 2762 1223 et
2788 1168 2991 1235 sitiunt,
3021 1171 3111 1226 sed
3138 1184 3350 1242 propter
3385 1176 3523 1244 quod
3567 1179 3754 1248 sequi—

2171 1264 2272 1319 tur,
2303 1259 2538 1328 quoniam
2567 1258 2663 1330 ipsi
2691 1262 3084 1317 saturabuntur:
3113 1275 3166 1319 et
3197 1266 3326 1320 beati
3367 1269 3454 1337 qui
3505 1270 3758 1340 plorant;

2167 1361 2273 1400 non
2303 1348 2424 1416 quia
2457 1349 2686 1418 plorant,
2715 1341 3048 1423 sed'pmpter
3075 1355 3214 1425 quod
3237 1358 3494 1427 sequitur,
3520 1363 3640 1433 quia
3664 1364 3754 1416 ri-

2167 1437 2349 1493 debunt
2382 1439 2595 1508 (Matth.
2621 1458 2675 1508 v,
2701 1444 2788 1511 10,
2814 1445 2867 1509 6,
2895 1446 2973 1516 5).
3003 1447 3250 1516 Proinde,
3283 1449 3428 1505 Beati
3468 1455 3552 1522 qui
3595 1473 3760 1509 scru-

2169 1539 2337 1585 tantur
2362 1532 2643 1589 testimonia
2661 1537 2788 1608 ejus,
2812 1538 2863 1592 iu
2890 1549 2991 1594 toto
3012 1541 3161 1595 corde
3183 1543 3447 1614 exquirunt
3470 1562 3617 1606 eum;
3637 1564 3758 1601 non

2167 1623 2286 1692 quia
2320 1633 2619 1681 scrutantur
2641 1637 2695 1682 et
2733 1630 3035 1698 exquirunt,
3065 1631 3159 1687 sed
3183 1633 3305 1702 quia
3331 1634 3590 1708 inventuri
3619 1651 3757 1693 sunt

2167 1711 2305 1781 quod
2334 1714 2648 1783 exquirunt:
2676 1716 2727 1770 in
2758 1726 2866 1772 toto
2897 1720 3037 1774 enim
3065 1721 3245 1787 corde,
3274 1738 3377 1778 non
3405 1726 3759 1796 negligenter

2168 1803 2473 1875 exquirunt.
2501 1806 2557 1861 Si
2578 1822 2704 1879 ergo
2730 1823 2824 1879 spe
2851 1809 3011 1877 beati,
3042 1810 3282 1868 fortassis
3315 1815 3473 1870 etiam
3513 1832 3609 1887 spe
3636 1818 3757 1871 im-

2167 1895 2434 1951 maculati.
2464 1897 2596 1954 Nam
2622 1899 2860 1970 profecto
2890 1901 2940 1955 in
2973 1901 3071 1959 bac
3097 1905 3223 1972 vita,
3255 1905 3377 1962 licet
3404 1908 3455 1961 in
3485 1909 3601 1979 lege
3636 1911 3761 1965 Do-

2169 1982 2297 2039 mini
2322 1986 2677 2057 ambulemus,
2706 1990 2829 2046 licet
2854 2002 3155 2048 scrutemur
3190 1996 3487 2053 testimonia
3517 1999 3658 2070 ejus,
3696 2012 3763 2057 ct

2169 2075 2221 2130 in
2253 2083 2360 2130 toto
2381 2076 2542 2133 corde
2570 2080 2909 2151 exquiramus
2941 2099 3085 2149 eum,
3113 2085 3159 2139 si
3181 2086 3456 2142 dixerimus
3479 2093 3597 2158 quia
3623 2108 3761 2162 pec-

2167 2175 2335 2221 catum
2358 2184 2458 2222 non
2497 2168 2754 2239 habemus,
2780 2190 2876 2235 nos
2900 2174 3036 2245 ipsos
3060 2176 3363 2245 seducimus,
3396 2190 3444 2233 et
3480 2182 3662 2239 veritas
3696 2184 3758 2238 in

2166 2260 2309 2313 nobis
2337 2271 2532 2317 nonest
2557 2261 2603 2333 (Ι
2632 2262 2787 2320 Joan.
2820 2282 2859 2333 l,
2882 2265 2962 2336 8).
2984 2267 3088 2324 Sed
3119 2268 3220 2326 hoc
3242 2271 3541 2343 diligentius
3569 2275 3762 2346 inqui-

2166 2350 2387 2406 rendum
2417 2364 2519 2409 est.
2543 2354 2793 2426 Sequitur
2811 2359 3028 2431 quippe,
3062 2360 3183 2417 Non
3207 2365 3336 2419 enim
3357 2366 3443 2437 qui
3467 2380 3759 2438 aperantur

2165 2441 2497 2513 iniquitatem,
2526 2445 2579 2499 in
2608 2448 2698 2503 viis
2735 2450 2845 2519 ejus
2868 2451 3263 2514 ambulaverunt.
3299 2456 3376 2511 Ex
3419 2475 3522 2529 quo
3567 2461 3756 2517 videri

2166 2544 2359 2603 potest,
2391 2537 2480 2607 qui
2505 2539 2856 2598 ambulant-in
2880 2544 2964 2599 via
2995 2545 3219 2612 Domini,
3247 2548 3295 2603 id
3322 2558 3404 2604 est
3429 2550 3481 2605 in
3503 2551 3618 2623 lege
3636 2553 3757 2607 Do-

2166 2626 2316 2691 mini,
2349 2629 2636 2685 scrutando
2659 2632 2955 2689 testimonia
2982 2636 3117 2706 ejus,
3143 2638 3270 2693 etin
3303 2648 3413 2695 toto
3453 2643 3613 2698 corde
3640 2658 3755 2699 ex-

2164 2717 2422 2788 quirendo
2445 2734 2587 2790 eum,
2612 2721 2721 2792 jam
2751 2738 2871 2779 esse
2916 2740 3073 2795 posse
3120 2728 3501 2797 immaculatos,
3524 2719 3632 2795 ,b‘oc
3656 2744 3758 2790 cst

2165 2808 2281 2863 sine
2312 2820 2548 2879 peccato,
2578 2823 2793 2883 propter
2817 2815 2974 2870 verba
3001 2820 3307 2888 sequentia:
3331 2820 3450 2876 Non
3494 2824 3623 2877 enim
3648 2828 3757 2894 qui

2164 2910 2434 2970 operantur
2469 2904 2796 2975 iniquitatem,
2829 2907 2882 2962 in
2919 2909 3010 2963 viis
3051 2912 3159 2982 ejus
3198 2912 3596 2970 ambulaverunt.
3636 2921 3757 2985 Qui

2162 3003 2336 3048 autem
2369 3006 2624 3064 peccatum
2647 3000 2789 3069 facit,
2831 3009 2880 3054 et
2906 3002 3214 3072 iniquitatem
3250 3007 3390 3076 facit,
3436 3009 3508 3064 ait
3549 3011 3755 3069 beatus

2161 3080 2427 3149 Joannes;
2451 3094 2503 3139 et
2525 3086 2747 3155 addidit,
2778 3087 3046 3146 Peccatum
3074 3094 3309 3162 iniquitas
3331 3107 3402 3152 est
3430 3098 3536 3170 (Id.
3558 3116 3633 3164 ιιι,
3654 3101 3750 3171 4).

2163 3172 2267 3226 Sed
2290 3173 2398 3243 jam
2425 3190 2601 3231 sermo
2631 3177 2729 3233 iste
2749 3180 3073 3241 clandendus
3099 3193 3197 3251 est,
3233 3202 3333 3242 nec
3360 3188 3411 3243 in
3452 3199 3750 3261 angustum

2166 3271 2307 3317 tanta
2338 3269 2560 3334 quaestio
2584 3271 2924 3325 c0arctanda.
3322 3266 3333 3279 ’

2764 3412 2765 3415 η
2809 3396 2980 3439 δειωο
3018 3400 3075 3439 ll.

2232 3507 2281 3561 l.
2317 3506 2337 3579 [
2360 3524 2484 3563 vers.
2504 3510 2598 3586 5.]
2633 3512 2896 3584 Scriptum
2916 3526 3016 3583 est,
3045 3527 3098 3574 et
3123 3521 3331 3592 legitur,
3352 3532 3404 3579 et
3427 3541 3608 3582 verum
3625 3539 3742 3594 est,

2158 3594 2211 3649 in
2240 3598 2341 3652 ltoc
2361 3601 2588 3669 psalmo,
2617 3603 2738 3658 Non
2766 3607 2895 3661 enim
2918 3610 3004 3678 qui
3024 3622 3293 3680 operantur
3317 3614 3646 3687 iniquitatem,
3681 3622 3756 3675 ἔνι’

2157 3690 2248 3743 viis
2286 3692 2394 3760 ejus
2432 3694 2830 3752 ambulaverunt.
2878 3700 2982 3754 Sed
3025 3702 3399 3761 elaborandum
3424 3718 3523 3769 est.
3552 3710 3743 3778 Opitu-

2159 3777 2302 3834 lante
2330 3782 2458 3849 Deo,
2491 3783 2540 3838 in
2569 3786 2719 3854 cujus
2746 3804 2903 3845 manu
2929 3801 3051 3846 sunt
3070 3803 3124 3848 et
3144 3810 3239 3849 nos
3260 3805 3314 3852 et
3336 3813 3609 3855 sermones
3633 3819 3743 3857 no-

2156 3869 2253 3922 stri
2276 3869 2428 3941 (Sap.
2457 3888 2547 3932 vn.
2582 3874 2693 3947 l6),
2726 3893 2794 3931 ne
2820 3889 2964 3935 recte
3001 3881 3223 3951 dictum,
3253 3901 3358 3940 non
3402 3899 3545 3945 recte
3567 3890 3739 3948 intel-

2157 3957 2370 4027 lectum,
2406 3963 2652 4019 lectorem
2683 3968 3042 4028 auditoremve
3066 3978 3397 4043 perturbet‘.
3418 3979 3734 4039 Cavendum

2155 4058 2236 4104 est
2265 4052 2424 4118 enim,
2474 4070 2541 4108 ne
2573 4071 2761 4113 omnes
2798 4062 2965 4117 sanc:i
2985 4104 2999 4126 ,
3041 4080 3263 4135 quorum
3293 4069 3378 4123 illa
3407 4086 3504 4125 vox
3533 4082 3632 4138 est,
3665 4075 3739 4130 St

2154 4140 2425 4199 dixerimus
2449 4148 2567 4217 quia
2596 4161 2851 4219 peccatum
2880 4171 2978 4209 non
3006 4156 3263 4224 habemus,
3290 4178 3381 4215 nos
3411 4164 3544 4231 ipsos
3576 4169 3744 4220 seclu-

2153 4232 2330 4298 cimus,
2361 4245 2409 4289 et
2446 4240 2625 4293 veritas
2667 4241 2717 4294 iu
2747 4243 2888 4298 nobis
2928 4263 3028 4300 non
3057 4260 3162 4313 est;
3202 4261 3293 4305 aut
3335 4269 3437 4323 non
3476 4265 3740 4324 putentur

2153 4323 2422 4380 ambulare
2452 4327 2504 4380 in
2535 4329 2630 4383 viis
2660 4330 2885 4399 Domini,
2927 4338 3175 4404 quoniam
3207 4354 3458 4411 peccatum
3479 4323 3741 4416 iniquitas
3804 4414 3809 4415 γ

2153 4423 2224 4467 est
2253 4415 2295 4487 (Ι
2323 4415 2478 4472 Joan.
2503 4436 2577 4484 Ill,
2610 4423 2683 4491 ti),
2708 4432 2762 4479 et
2788 4428 2875 4495 qui
2901 4441 3190 4498 operantur
3229 4434 3581 4505 iniquitatem,
3615 4456 3734 4497 non

2153 4500 2334 4576 utique
2363 4510 2412 4563 in
2443 4512 2542 4566 viis
2568 4514 2683 4582 ejus
2722 4518 3156 4586 ambulaverunt;
3199 4536 3291 4581 aut
3335 4530 3453 4599 quia
3502 4531 3734 4591 dubium

2152 4613 2256 4653 non
2286 4610 2366 4654 est
2392 4616 2484 4657 eos
2509 4605 2780 4662 ambulare
2810 4608 2863 4663 in
2892 4611 2987 4667 viis
3016 4614 3246 4683 Domini,
3293 4634 3395 4672 non
3438 4622 3738 4679 credantur

2153 4688 2347 4745 habere
2371 4704 2663 4762 peccatum,
2694 4701 2832 4769 quod
2864 4705 3043 4771 procul
3070 4706 3232 4762 dubio
3259 4708 3448 4766 falsum
3475 4723 3573 4768 est.
3609 4715 3733 4773 Nc-

2149 4802 2251 4857 que
2290 4791 2431 4845 enim
2464 4802 2678 4863 propter
2705 4802 3059 4869 arrogantiam
3090 4805 3500 4878 superbiamque
3544 4810 3731 4866 vitan-

2148 4879 2269 4934 dam
2294 4883 2545 4952 scriptum
2577 4897 2677 4951 est,
2705 4888 2767 4942 Si
2793 4890 3069 4947 dixerimus
3093 4896 3211 4963 quia
3230 4909 3485 4967 peccatum
3508 4918 3607 4955 non
3631 4904 3733 4957 ha-

2148 4972 2337 5039 bemus,
2367 4989 2458 5028 nos
2485 4975 2620 5044 ipsos
2644 4978 2946 5035 seducintus.
2985 4983 3232 5054 Alioquin
3260 5002 3366 5041 non
3411 4990 3725 5058 adderetur,

2145 5061 2214 5117 Et
2239 5066 2414 5121 veritas
2439 5068 2492 5120 in
2517 5068 2656 5123 nobis
2682 5087 2781 5125 non
2809 5083 2880 5126 est
2891 5089 2913 5138 ;
2933 5073 3028 5130 sed
3056 5075 3342 5146 diceretur,
3371 5080 3724 5141 llumilitasin

2146 5158 2299 5212 nobis
2325 5173 2428 5213 non
2458 5170 2541 5215 est
2559 5176 2572 5214 :
2600 5155 2895 5230 praesertim
2912 5167 3033 5236 quia
3054 5170 3293 5240 sequitur
3313 5173 3454 5229 unde
3476 5174 3573 5230 iste
3592 5190 3723 5232 sen-

2144 5260 2235 5301 sus
2263 5247 2453 5304 clarius
2479 5249 2785 5318 illustretur,
2825 5269 3114 5327 omnesque
3138 5258 3344 5316 auferat
3372 5261 3729 5321 dubitationis

2144 5337 2409 5409 ambages.
2438 5340 2568 5397 Cum
2595 5344 2735 5398 enim
2757 5344 2857 5399 hoc
2877 5346 3061 5403 beatus
3096 5348 3329 5407 Joannes
3355 5353 3593 5422 dixisset,
3620 5367 3719 5412 au-

2137 5430 2344 5498 junxit:
2373 5452 2392 5485 ‹
2419 5432 2473 5490 Si
2504 5445 2680 5492 autem
2714 5437 2943 5494 confessi
2984 5440 3235 5500 fuerimus
3273 5445 3464 5502 delicta
3507 5461 3709 5515 nostra,

2142 5522 2313 5578 lidelis
2339 5536 2421 5581 est
2446 5536 2500 5582 et
2513 5527 2819 5607 justus,qui
2843 5531 3071 5588 dimittat
3097 5536 3250 5590 nobis
3270 5550 3480 5607 peccata
3509 5551 3712 5603 nostra,

2140 5621 2193 5668 ct
2222 5615 2549 5671 mundetnos
2565 5619 2632 5674 ab
2655 5606 2797 5674 omni
2819 5622 3089 5694 iniquitate
3119 5645 3136 5677 ι
3164 5626 3272 5699 (Id.
3303 5645 3339 5693 I,
3362 5630 3395 5686 8
3412 5641 3458 5685 et
3476 5632 3553 5699 9).
3573 5632 3715 5701 Quid

2205 5748 2399 5831 illiciti.
2407 5749 2773 5831 gldium}.
2788 5764 3332 5831 (lucusquecavandum
3356 5774 3440 5826 est,
3469 5768 3574 5831 plus
3595 5781 3716 5820 vero

2137 5798 2277 5857 habet
2294 5818 2462 5897 contrq
2488 5798 2773 5897 tielaqttmstwfﬂ'

2143 5882 2171 5919 e
2196 5872 2417 5933 margine
2442 5872 2565 5925 forte
2585 5872 2875 5938 migraverat
2905 5872 2952 5930 in
2976 5872 3184 5936 textum.
