4026 6202
219 299 236 349 1
250 295 356 350 505

211 413 302 466 hic
326 411 474 476 dicit,
496 410 622 481 quid
643 409 954 464 contradicit
969 397 1281 462 damnabilis
1297 405 1580 475 impietatis
1600 404 1793 460 elatio?

211 507 268 558 Si
293 506 440 559 enim
468 512 684 574 propter
705 501 1053 571 arrogantiam
1075 498 1430 561 devitandum,
1454 500 1556 552 non
1581 506 1794 567 propter

213 598 496 650 veritatem
531 593 818 657 latendum,
850 610 950 646 non
981 591 1163 646 dicunt
1191 591 1356 646 sancti
1385 607 1442 644 se
1467 607 1569 643 non
1597 589 1793 644 habere

213 697 528 757 peceatum;
557 686 679 756 quid
703 694 784 740 est
808 684 946 754 quod
977 683 1316 746 conlitenlur,
1348 691 1402 735 ut
1427 681 1790 734 remissionem

214 778 725 845 mundationemque
757 775 1089 829 mereantur?
1124 775 1205 827 An
1236 782 1287 827 et
1313 773 1412 827 hoc
1437 773 1512 835 ﬁt,
1557 780 1613 825 ut
1647 786 1794 825 arro-

206 887 241 938 ς
261 873 390 924 uitia
419 870 722 924 devitetttr?
747 867 1020 935 Quomodo
1060 882 1186 935 ergo
1218 863 1580 933 impetrabitur
1605 877 1790 931 pecca-

211 977 391 1012 torum
427 976 550 1014 vera
583 958 873 1022 inundatio,
925 971 1148 1025 quorum
1193 965 1273 1009 est
1316 954 1442 1008 falsa
1488 952 1792 1007 confessio?

203 1054 553 1106 (li-titiceseat
580 1050 739 1118 Igitur
758 1059 810 1104 ct
827 1056 1033 1102 arescat
1058 1047 1216 1101 elatio
1248 1046 1392 1100 l'enea
1419 1046 1787 1114 superbormn,

201 1162 263 1192 διε
298 1147 411 1208 ipsa
442 1140 723 1199 seducens,
756 1154 874 1207 qua:
903 1139 954 1190 in
1000 1139 1216 1192 auribus
1246 1136 1517 1190 hominum
1548 1136 1788 1189 simulata

205 1233 511 1284 humilitate
536 1231 662 1285 dicit
699 1246 758 1284 se
791 1230 986 1284 habere
1016 1239 1309 1299 peccatum,
1351 1229 1402 1282 in
1428 1229 1586 1283 corde
1612 1238 1787 1283 autem

205 1342 309 1377 sua
338 1324 494 1392 impia
521 1323 750 1376 elatione
775 1322 902 1376 dicit
929 1337 987 1376 se
1015 1336 1116 1375 non
1149 1321 1350 1376 habere
1379 1329 1670 1390 peccatum.
1689 1320 1788 1387 Qui

207 1417 355 1469 enim
386 1415 484 1467 hoc
511 1414 711 1474 dicunt,
744 1415 947 1481 scipsos
990 1413 1271 1478 seducunt,
1298 1424 1350 1467 et
1379 1413 1572 1472 veritas
1616 1414 1666 1465 iu
1709 1414 1787 1467 eis

209 1523 320 1558 non
348 1518 450 1560 est.
480 1505 586 1560 Sed
615 1504 824 1574 quando
847 1505 896 1558 in
923 1504 1137 1559 auribus
1159 1504 1429 1559 hominum
1462 1504 1562 1559 hoc
1587 1505 1785 1568 dicunt,

210 1616 321 1650 nm
355 1607 554 1649 tantum
580 1597 804 1664 seipsos,
834 1595 923 1649 sed
945 1595 1076 1650 alios
1091 1611 1297 1664 quoque
1317 1595 1568 1649 doctrina:
1591 1595 1788 1648 insana:

210 1689 560 1756 perversitate
589 1687 884 1742 seducunt:
910 1703 1028 1741 cum
1067 1703 1191 1741 vero
1231 1686 1280 1740 id
1310 1688 1358 1744 in
1399 1671 1560 1741 eoi-de
1587 1703 1683 1740 suo
1709 1687 1790 1740 di-

207 1791 360 1844 cunt,
408 1782 511 1834 illic
552 1781 758 1849 seipsos
801 1779 1078 1845 seducunt,
1127 1780 1230 1833 illic
1272 1778 1466 1834 veritas
1497 1779 1546 1832 in
1577 1779 1654 1833 eis
1681 1793 1784 1832 non

206 1884 326 1937 est;
352 1889 414 1926 ac
442 1890 534 1941 per
560 1872 660 1927 hoc
689 1873 891 1941 seipsos
931 1871 1168 1925 in’cordc
1211 1886 1308 1924 suo
1347 1870 1620 1935 seducunt,
1653 1871 1784 1924 etin

206 1982 312 2018 suo
344 1965 504 2019 corde
544 1965 782 2020 veritatis
821 1964 994 2017 lumen
1023 1964 1286 2016 amittunt.
1318 1962 1586 2016 Exclamet
1609 1964 1785 2015 autem

208 2045 394 2110 sancta
428 2057 621 2110 familia
649 2056 861 2117 Christi,
895 2055 1212 2108 lructiﬁcans
1240 2064 1292 2108 et
1315 2069 1564 2108 crescens
1591 2054 1641 2108 in
1665 2055 1784 2107 nni-

208 2164 367 2201 vcrso
399 2148 616 2212 mundo,
664 2147 931 2201 humiliter
975 2162 1130 2200 verax
1160 2155 1215 2199 ct
1253 2148 1510 2200 veraciter
1536 2143 1780 2208 humilis;

208 2244 489 2302 exclamet,
517 2239 729 2307 inquam
754 2257 766 2290 :
797 2257 815 2288 ι
845 2237 897 2292 Si
926 2237 1215 2291 dixerimus
1242 2236 1360 2306 quia
1390 2245 1659 2306 peccatum
1679 2252 1782 2289 non

208 2331 486 2393 habemus,
513 2346 609 2383 nos
632 2331 773 2398 ipsos
790 2329 1110 2392 seducimos,
1133 2338 1186 2382 et
1211 2328 1405 2383 veritas
1430 2329 1480 2382 io
1508 2328 1660 2382 nobis
1679 2336 1785 2382 non

206 2433 308 2476 est.
336 2423 486 2490 Quod
517 2424 560 2476 si
587 2422 815 2500 confessi
860 2421 1107 2475 fuerimus
1149 2421 1339 2475 delicta
1379 2433 1578 2484 nostra,
1612 2420 1784 2476 ﬁdelis

204 2528 359 2570 estet
378 2517 572 2585 justus,
598 2525 655 2570 ut
679 2515 906 2568 dimittat
926 2513 1076 2568 nobis
1099 2522 1308 2583 peccata
1333 2524 1531 2575 nostra,
1560 2521 1611 2566 et
1634 2529 1786 2566 num-

205 2609 298 2663 det
327 2625 424 2663 nos
464 2609 532 2663 ab
579 2608 724 2661 otnni
770 2607 1064 2675 iniquitate.
1098 2625 1115 2658 ι
1154 2605 1275 2658 llzcc
1316 2616 1372 2670 ut
1400 2605 1664 2666 dicuntur,
1711 2605 1780 2657 ita

204 2702 526 2756 sentiantur.
551 2699 702 2754 Tunc
726 2699 862 2752 enim
891 2697 990 2751 erit
1018 2696 1286 2750 humilitas
1309 2711 1456 2759 vera,
1481 2695 1521 2747 si
1549 2711 1652 2748 non
1670 2695 1781 2748 sola

208 2802 514 2847 ostentetur
542 2791 592 2844 in
618 2792 825 2859 lingua;
851 2798 904 2842 ιιι
929 2790 1096 2842 simus
1121 2786 1412 2840 secundum
1446 2785 1776 2852 Apostolum,

202 2905 308 2940 non
336 2887 442 2939 alta
490 2885 758 2954 sapientes,
798 2883 885 2936 sed
923 2883 1191 2934 humilibus
1218 2879 1573 2932 consentientes
1605 2875 1777 2950 (Rom.

203 2994 299 3039 xu,
322 2981 340 3032 -ι
353 2979 410 3042 6)
431 2997 444 3030 :
466 2993 567 3030 non
585 2980 678 3036 ait,
699 2976 1077 3044 colloquentes,
1099 2971 1215 3037 sed,
1238 2970 1624 3032 consentientes;
1641 2967 1780 3037 quod

203 3054 313 3126 noii
343 3071 402 3123 tit
430 3085 543 3131 ore,
582 3067 675 3122 sed
698 3066 877 3122 corde.
909 3065 1212 3136 llypocrita,
1249 3064 1291 3114 si
1320 3061 1454 3114 dicis
1482 3068 1532 3113 te
1559 3058 1776 3124 habere,
1844 3127 1848 3129 _

199 3178 326 3216 eum
356 3160 544 3215 credas
565 3170 614 3212 te
635 3173 739 3212 non
771 3156 970 3210 habere
1003 3162 1305 3224 peccatum;
1347 3151 1474 3204 loris
1501 3149 1653 3217 ﬁngis
1683 3147 1778 3202 hu-

199 3255 506 3317 militatem,
534 3253 674 3305 intus
697 3248 1034 3318 amplecteris
1059 3245 1366 3299 vanitatem.
1394 3243 1530 3312 Ergo
1543 3250 1599 3295 et
1619 3242 1669 3294 itt
1687 3255 1780 3296 ore

199 3358 260 3401 et
280 3346 332 3399 in
355 3343 516 3398 corde
539 3357 642 3395 non
675 3339 835 3394 habes
863 3339 1155 3391 veritatem.
1188 3334 1322 3400 Quid
1355 3334 1447 3388 tibi
1471 3331 1685 3402 prodest
1701 3330 1779 3384 vi-

199 3437 317 3490 deri
351 3434 651 3487 hominibus
682 3429 884 3484 humile
913 3442 1029 3482 esse
1054 3427 1194 3496 quod
1225 3425 1376 3490 dicis,
1400 3425 1444 3478 si
1477 3425 1614 3478 Deus
1640 3423 1780 3477 videt

198 3529 370 3582 altum
396 3541 514 3580 esse
538 3523 678 3595 quod
704 3521 882 3592 sapis?
909 3519 1083 3584 Certe,
1117 3519 1161 3573 si
1187 3519 1400 3573 auribus
1429 3517 1662 3572 divinum
1693 3517 1776 3570 itt-

195 3629 420 3678 sonaret
444 3617 736 3678 oraculmn,
772 3615 884 3669 Noli
916 3614 1078 3669 altum
1108 3613 1318 3676 dicere;
1348 3625 1446 3665 nec
1481 3611 1557 3664 sic
1585 3610 1776 3664 imme-

199 3715 306 3766 rito
326 3710 680 3770 damnareris,
713 3708 757 3761 si
788 3705 983 3759 humile
1013 3704 1064 3758 in
1110 3712 1204 3758 ore
1243 3718 1421 3757 coram
1455 3700 1774 3764 hominilms,

198 3817 260 3861 ct
275 3807 443 3859 altum
466 3804 515 3857 in
533 3803 696 3856 corde
719 3814 895 3854 coram
926 3799 1148 3852 Domino
1165 3793 1472 3864 loquereris.
1497 3793 1626 3846 Cum
1651 3805 1778 3845 vero

195 3897 410 3954 audias.
460 3892 582 3947 Noli
603 3890 766 3945 altum
786 3905 981 3958 sapere,
1008 3887 1094 3941 sed
1119 3886 1235 3939 time
1264 3882 1372 3955 (Id.
1407 3898 1478 3945 ιιι,
1507 3881 1598 3949 20)
1647 3879 1774 3951 (non

194 3989 345 4044 enim
373 3989 464 4052 ait,
497 3986 695 4050 dicere,
718 3982 833 4046 sed,
856 3980 1084 4051 sapere);
1116 3994 1212 4032 cur
1237 3992 1339 4030 non
1367 3976 1523 4031 etiam
1553 3975 1694 4028 intus
1718 3989 1776 4028 es

196 4080 420 4135 humilis
446 4078 531 4132 ubi
562 4075 740 4150 sapis?
780 4077 859 4128 An
906 4074 1026 4128 ideo
1063 4085 1212 4124 mens
1242 4067 1514 4121 altitudine
1544 4065 1773 4132 inllatur,

196 4183 257 4224 ut
301 4171 654 4224 humilitatem
698 4167 872 4234 lingua
909 4161 1224 4218 mentiatur?
1253 4159 1429 4227 Legis,
1480 4159 1560 4210 vel
1601 4156 1772 4222 audis,

196 4263 334 4315 Noli
355 4262 507 4314 altum
527 4274 722 4323 sapere,
755 4260 838 4312 sed
868 4256 1022 4308 time:
1047 4264 1100 4308 et
1139 4263 1194 4306 tu
1221 4253 1271 4305 in
1293 4251 1505 4318 Qanttnn
1534 4248 1676 4318 sapis
1701 4249 1776 4302 al-

193 4366 337 4418 tum,
386 4363 439 4406 ut
467 4361 516 4406 te
543 4361 814 4421 peceatum
853 4346 1120 4404 existimes
1156 4361 1260 4400 non
1305 4345 1524 4408 habere;
1573 4355 1636 4397 ac
1684 4357 1776 4410 per

192 4453 324 4509 hoc,
348 4445 468 4514 quia
486 4459 588 4497 non
609 4443 690 4496 vis
713 4443 918 4504 timere,
944 4439 1069 4492 nihil
1093 4437 1184 4492 tibi
1205 4435 1344 4490 aliud
1369 4442 1772 4504 remanetquam

192 4549 414 4591 tumere
430 4537 468 4590 ‘.

267 4630 326 4684 9..
374 4629 437 4683 Et
463 4627 623 4691 unde,
648 4627 840 4696 inquis,
860 4625 1112 4693 scriptmn
1133 4631 1232 4685 est,
1258 4619 1378 4690 Non
1401 4619 1531 4672 enim
1551 4617 1635 4686 qui
1656 4633 1774 4685 ope-

190 4731 383 4774 rantur
406 4720 741 4788 iniquitatem,
771 4718 822 4770 in
849 4717 942 4770 viis
967 4716 1081 4784 ejus
1105 4711 1518 4765 ambulaverunt?
1540 4713 1619 4762 An
1645 4723 1773 4763 vero

186 4811 374 4866 sancti
403 4811 606 4865 Domini
647 4825 751 4864 non
777 4807 1048 4868 ambulant
1077 4807 1127 4859 in
1155 4804 1253 4856 viis
1287 4800 1524 4856 Domini?
1549 4801 1700 4867 Quod
1726 4801 1770 4854 si

186 4904 511 4972 ambulant,
535 4902 724 4973 inquit,
768 4917 868 4954 non
898 4909 1181 4969 operantur
1211 4891 1534 4965 iniquitatem
1558 4912 1570 4948 :
1593 4894 1635 4946 si
1665 4910 1769 4948 non

183 5004 490 5066 operantur
533 4995 883 5062 iniquitatem,
917 5007 1020 5043 non
1051 4987 1247 5042 habent
1292 4998 1592 5054 peccatum;
1639 5001 1769 5054 quo-

183 5094 342 5144 niam
373 5097 628 5154 peccatum
667 5083 902 5152 iniquitas
941 5091 1032 5135 est.
1079 5081 1316 5148 Exsurge
1358 5079 1410 5132 in
1452 5078 1767 5147 adjutorinm

180 5180 354 5241 mihi,
390 5178 607 5232 Domine
637 5175 783 5237 Jesu,
825 5182 879 5226 et
920 5155 1101 5228 contra
1135 5169 1434 5224 lurreticum
1460 5168 1769 5236 superbien—

180 5287 298 5328 tem
338 5270 597 5339 opitulare
626 5267 752 5322 mihi
784 5282 876 5337 per
902 5265 1209 5334 Apostolum
1230 5263 1590 5317 conﬁtentem.
1612 5262 1764 5322 Ecce,

178 5366 278 5420 ubi
312 5369 399 5414 cst
429 5361 587 5414 homo
629 5369 749 5414 tuus
791 5358 1107 5412 exinaniens
1150 5370 1228 5421 se,
1271 5363 1328 5406 ιιι
1371 5353 1648 5422 impleatur
1679 5353 1769 5405 te?

183 5461 376 5528 Ipsum
405 5454 698 5519 audiamus,
746 5451 934 5505 fratres
975 5449 1108 5508 mei;
1154 5447 1324 5517 ipsum
1371 5445 1438 5500 de
1487 5445 1584 5499 hac
1627 5458 1769 5512 quae-

179 5555 398 5614 stione,
421 5549 465 5602 si
497 5549 686 5617 placet,
720 5546 826 5598 imo
853 5544 976 5612 quia
1006 5543 1196 5612 placet,
1237 5541 1642 5622 interrogemus.
1679 5537 1770 5590 Dic

179 5643 374 5704 nobis,
407 5639 565 5694 l’aule
604 5636 925 5700 beatissime,
959 5641 1132 5688 utrum
1179 5631 1531 5686 ambulaveris
1572 5628 1625 5683 in
1670 5629 1768 5684 viis

251 5759 271 5790 ⁸
303 5756 380 5805 sic
402 5759 506 5804 Mss.
527 5759 578 5801 At
601 5748 734 5812 ειη,
755 5747 936 5799 timere.

1317 288 1706 346 ENARRATIO
1746 288 1809 344 IN
1851 266 2163 347 Psa'tatuu
2188 288 2413 346 cxvnt.

3335 301 3472 360 i506

1906 403 2128 468 Domini,
2159 421 2279 462 cum
2321 407 2371 461 in
2399 421 2561 463 carne
2587 407 2761 464 adlmc
2784 410 3021 469 viveres?
3048 415 3381 487 Respondet:
3409 421 3472 477 Et

1903 496 2042 549 unde
2069 496 2330 562 dicebam,
2372 497 2720 553 Verumtamen
2750 501 2800 552 in
2825 503 2959 570 quod
2985 509 3314 574 pervenimus,
3338 512 3390 566 in
3411 529 3469 567 eo

1900 588 2206 641 ambulemus
2241 588 2497 658 (Philipp.
2551 606 2628 656 Ill,
2663 591 2785 660 16)?
2819 591 2967 649 Unde
3006 596 3265 666 dicebam,
3299 600 3467 656 Nunt-

1899 678 2019 746 quid
2045 680 2363 734 circumvenit
2392 699 2474 735 vos
2500 682 2680 737 Titus?
2708 703 2871 739 nonne
2899 689 3068 741 eodem
3089 692 3266 758 spiritu
3287 694 3465 748 ambu-

1899 772 2144 825 larimus?
2172 790 2336 826 nonne
2362 775 2536 828 iisdem
2562 776 2776 846 vestigiis
2808 777 2869 849 (ll
2894 778 3009 832 Cor.
3041 797 3128 842 su,
3165 782 3286 852 18)?
3314 784 3466 841 Unde

1897 860 2158 928 dicebam,
2186 864 2438 927 Quamdiu
2473 882 2643 920 sanius
2681 869 2732 920 in
2776 886 3000 938 corpore,
3033 874 3408 943 peregrinantur
3434 894 3466 930 τι

1899 952 2150 1017 Domino;
2178 973 2266 1025 per
2294 957 2443 1024 [idem
2469 958 2600 1011 enim
2633 961 2962 1026 ambulamus,
2995 980 3094 1016 non
3133 981 3220 1034 per
3253 968 3464 1038 speciem

1898 1042 2005 1118 (Id.
2039 1060 2087 1110 v,
2121 1047 2174 1108 ϐ,
2206 1046 2293 1114 7)?
2320 1049 2447 1112 Qua:
2474 1049 2667 1102 certior
2694 1051 2773 1103 via
2805 1051 3028 1116 Doiuiui,
3061 1070 3217 1124 quam
3253 1057 3381 1113 ﬁdes
3397 1074 3461 1114 ex

1843 1164 1853 1174 ο
1895 1151 1996 1204 qua
2021 1136 2194 1204 justus
2233 1139 2360 1192 vivit
2401 1139 2574 1208 (Rom.
2608 1158 2642 1203 t,
2679 1143 2802 1210 17,?
2834 1143 2886 1196 ln
2927 1145 3076 1214 cujus
3119 1148 3333 1204 alterius
3362 1153 3461 1206 vizc

1894 1227 2084 1282 itinere
2099 1229 2163 1282 ad
2180 1246 2405 1299 superna
2425 1234 2722 1299 tendebam,
2743 1237 2949 1305 quando
2966 1239 3225 1308 dicebam,
3248 1261 3266 1294 ι
3291 1242 3460 1298 Unum

1896 1330 2072 1374 autem
2097 1337 2215 1390 qua:
2244 1333 2386 1376 retro
2417 1324 2630 1387 oblitus,
2661 1327 2712 1379 in
2742 1343 2802 1380 ea
2829 1345 2945 1397 qua:
2975 1339 3095 1384 ante
3125 1344 3248 1386 sunt
3277 1342 3466 1388 exten-

1896 1418 1998 1475 tus,
2027 1411 2316 1466 secundum
2341 1413 2682 1469 intentionem
2713 1431 2908 1486 sequor
2936 1419 3001 1472 ad
3035 1421 3260 1490 palmam
3282 1439 3464 1494 supcr-

1894 1516 1974 1552 na:
2011 1501 2299 1555 vocationis
2328 1502 2414 1556 Dei
2446 1503 2495 1557 iit
2527 1503 2735 1559 Chrisw
2760 1505 2883 1560 Jesu
2921 1527 2939 1559 ι
2975 1507 3232 1581 (Philipp.
3265 1529 3342 1578 ιιι,
3377 1514 3461 1580 15,

1895 1590 2019 1661 14)⁴2
2051 1593 2411 1648 l’ostretnoin
2454 1612 2555 1664 qua
2597 1597 2697 1650 alia
2744 1597 2821 1652 via
2865 1615 3221 1668 cucurrerunt,
3251 1605 3463 1673 quando

1891 1680 2150 1746 dicebam,
2184 1682 2378 1736 Bonum
2402 1698 2648 1739 certamen
2674 1689 2872 1752 certavi,
2902 1705 3100 1743 cursum
3127 1696 3460 1747 consummavi

1897 1771 1960 1841 (ll
2007 1771 2134 1824 Tiin.
2166 1791 2235 1839 tv,
2267 1773 2356 1843 7)?
2384 1776 2522 1829 Satis
2553 1778 2654 1831 sint
2683 1778 2778 1831 ista
2810 1795 3082 1847 responsa,
3111 1782 3302 1851 quibus
3327 1779 3462 1854 apo?

1891 1864 2084 1917 stolam
2125 1864 2340 1918 Paulum
2370 1866 2419 1919 in
2451 1867 2547 1920 viis
2582 1867 2789 1922 Domini
2815 1870 3111 1924 ambulasse
3138 1871 3417 1928 didicimus
3444 1893 3457 1929 :

1890 1957 1982 2010 sed
2010 1958 2076 2010 ab
2101 1958 2189 2010 illo
2217 1967 2270 2011 et
2298 1958 2438 2012 aliud
2470 1959 2814 2029 inquit-mnus.
2847 1961 2938 2016 Dic
2963 1963 3206 2028 obsecro,
3236 1981 3268 2016 o
3303 1967 3452 2035 Apo-

1891 2049 2042 2114 stole,
2085 2049 2294 2130 quando
2334 2051 2507 2105 adhuc
2546 2052 2595 2105 in
2637 2067 2798 2106 carne
2825 2053 3006 2108 vivens
3036 2055 3087 2108 in
3119 2056 3222 2110 viis
3255 2058 3459 2112 Domini

1888 2140 2223 2205 atubnlabas;
2257 2141 2488 2198 habebas
2515 2151 2807 2212 peccaturo,
2835 2161 2901 2198 an
2932 2146 3045 2200 sine
3071 2157 3288 2216 peccato
3317 2150 3462 2204 eras?

1889 2234 2179 2288 Audiamus
2208 2247 2384 2289 utrum
2416 2252 2474 2290 se
2504 2237 2616 2305 ipse
2644 2237 2879 2300 seducat,
2921 2254 2987 2292 an
3015 2254 3140 2294 vero
3166 2240 3305 2310 quod
3334 2242 3458 2296 bea-

1886 2325 1973 2377 tus
1997 2323 2228 2378 Joatnies
2258 2328 2373 2393 ejus
2399 2326 2736 2394 c0apostolus
2762 2329 2964 2397 sapiat:
2988 2331 3234 2399 quoniam
3263 2332 3461 2386 veritas

1887 2424 2002 2483 erat
2023 2415 2073 2469 in
2103 2416 2200 2470 eis.
2228 2415 2292 2469 Et
2319 2416 2401 2470 hic
2421 2431 2547 2485 ergo
2577 2417 2893 2486 respondet:
2918 2417 3106 2475 Nonne
3135 2421 3336 2489 legistis
3363 2424 3453 2478 ubi

1887 2508 2164 2574 conﬁteor,
2202 2507 2403 2575 dicens,
2449 2508 2566 2564 Non
2596 2510 2726 2563 enim
2761 2513 2894 2578 quod
2933 2511 3041 2565 uolo
3077 2515 3212 2584 facio
3251 2514 3455 2583 bonum,

1886 2600 1974 2652 sed
1996 2601 2131 2671 quod
2153 2601 2267 2654 nolo
2293 2605 2497 2666 malum,
2527 2601 2620 2654 hoc
2643 2603 2775 2672 ago?
2796 2603 2860 2657 Et
2881 2603 2980 2658 hoc
3005 2605 3454 2677 andivintuszjam

1887 2693 2062 2760 itaque
2087 2691 2215 2746 illud
2247 2693 2652 2762 interrogamus,
2700 2692 2977 2759 Quomodo
3023 2693 3074 2748 in
3122 2696 3219 2750 viis
3251 2697 3454 2752 Domint

1885 2783 2214 2845 ambulabas,
2248 2784 2291 2838 si
2319 2785 2512 2838 tnalutn
2539 2783 2678 2853 qttod
2707 2786 2924 2840 nolebas
2955 2786 3054 2842 hoc
3088 2789 3307 2858 agebas;
3335 2806 3454 2846 cmn

1884 2876 2124 2931 Psalmus
2148 2885 2360 2931 sanctus
2383 2879 2591 2931 insonet
2610 2877 2812 2944 dicens,
2845 2877 2962 2932 Non
2980 2881 3109 2933 enim
3129 2882 3213 2950 qui
3237 2899 3456 2952 operan-

1884 2978 1967 3021 tur
1993 2968 2318 3037 iniquitatem,
2343 2969 2395 3021 in
2422 2970 2512 3021 viis
2545 2969 2652 3038 ejus
2675 2969 3087 3024 ambulaverunt?
3123 2973 3259 3027 Audi
3286 2987 3456 3028 eunti-

1885 3074 1990 3113 nuo
2010 3058 2416 3128 respondentem
2446 3076 2539 3128 per
2562 3061 2878 3114 sententiam
2905 3073 3313 3132 consequentem
3345 3081 3358 3118 :
3392 3065 3455 3119 Si

1882 3153 2018 3222 quod
2053 3151 2190 3214 nolo,
2234 3151 2422 3221 inquit,
2463 3168 2552 3221 ego
2582 3153 2675 3208 hac
2701 3153 2856 3222 facio,
2890 3153 3003 3223 jam
3028 3170 3129 3206 non
3158 3170 3249 3225 ego
3273 3171 3453 3222 operor

1881 3246 2027 3308 illud,
2045 3245 2132 3299 sed
2155 3244 2287 3315 quod
2301 3244 2487 3298 habitat
2504 3245 2555 3298 in
2574 3261 2650 3298 me
2665 3255 2918 3316 peccatum
2940 3243 3112 3316 (Rom.
3138 3262 3230 3312 ru,
3249 3245 3448 3317 15-17).

1882 3337 2022 3393 Ecce
2059 3335 2501 3408 quemadmodum
2545 3335 2634 3407 qui
2664 3336 2934 3390 ambulant
2978 3336 3030 3390 in
3078 3337 3176 3391 viis
3220 3338 3449 3403 Domini,

1881 3445 1986 3484 non
2008 3437 2614 3499 operantur-peccatum,
2643 3439 2696 3482 et
2724 3435 2896 3482 tamen
2925 3443 3030 3482 non
3058 3439 3180 3482 sunt
3201 3425 3316 3483 sine
3339 3445 3453 3498 pec-

1879 3530 2028 3585 cato;
2056 3521 2175 3590 quia
2198 3519 2307 3590 jam
2335 3535 2437 3573 non
2463 3519 2559 3588 ipsi
2586 3529 2873 3588 operantur
2895 3517 3044 3585 illud,
3075 3519 3168 3574 scd
3195 3520 3335 3590 quod
3364 3519 3452 3575 ha-

1878 3613 2012 3670 bitat
2038 3613 2091 3666 in
2117 3611 2195 3667 eis
2224 3621 2517 3681 peccatum.

1949 3706 2004 3760 5.
2037 3705 2129 3758 llic
2156 3703 2298 3758 dicet
2337 3703 2564 3772 aliquis;
2593 3699 2867 3767 Quomodo
2903 3700 3092 3769 agebat
3119 3702 3258 3772 quod
3296 3705 3448 3758 nole-

1880 3795 1969 3851 bat
1995 3795 2210 3858 malum,
2237 3802 2290 3848 et
2314 3793 2581 3862 quomodo
2602 3791 2722 3861 ipse
2747 3806 2850 3844 non
2877 3790 2928 3844 id
2949 3790 3159 3860 agebat,
3189 3791 3281 3847 sed
3307 3795 3446 3864 quod

1880 3887 2146 3942 habitabat
2174 3886 2228 3941 in
2269 3885 2355 3938 illo
2383 3882 2697 3953 peccatum?
2726 3881 2938 3936 Interim
2962 3881 3070 3951 jam
3101 3883 3196 3940 ista
3228 3887 3450 3954 quaistio

1878 3981 2050 4035 soluta
2096 3984 2212 4044 est,
2257 3975 2489 4044 satisque
2523 3973 2767 4042 apparuit
2812 3972 3094 4042 Scripturtc
3135 3975 3448 4032 auctoritate

1880 4070 2182 4130 canonicar,
2215 4067 2327 4123 ﬁeri
2361 4080 2515 4136 posse
2546 4073 2601 4118 ut
2641 4063 2971 4118 ambulantes
2999 4063 3048 4117 in
3081 4063 3179 4118 viis
3209 4066 3444 4132 Domini,

1879 4161 2117 4232 quamvis
2158 4175 2259 4213 non
2298 4159 2402 4211 sint
2431 4156 2544 4210 sine
2576 4164 2818 4224 peccato,
2863 4169 2966 4208 non
3009 4161 3182 4209 tamen
3224 4154 3276 4209 id
3317 4169 3445 4225 ope-

1878 4266 2064 4309 rentur
2099 4253 2216 4322 ipsi.
2257 4249 2378 4305 Non
2413 4250 2544 4303 enim
2583 4248 2665 4318 qui
2692 4258 2959 4316 operantur
2983 4248 3316 4318 iniquitatem,
3346 4249 3448 4304 hoc

1877 4358 1957 4402 est
1985 4356 2282 4416 peccatum,
2313 4342 2432 4411 quia
2463 4349 2718 4412 peccatum
2755 4339 2990 4410 iniquitas
3021 4349 3120 4401 est,
3152 4340 3204 4392 in
3224 4340 3314 4394 vfis
3339 4342 3447 4411 ejus

1877 4440 2269 4493 ambulauerunt.
2309 4434 2424 4489 Jam
2457 4448 2579 4487 vero
2607 4448 2706 4502 qua
2744 4430 2946 4485 ratione
2983 4433 3147 4500 possit
3187 4431 3444 4502 intelligi,

1877 4547 1930 4588 et
1951 4547 2113 4603 agens
2137 4529 2264 4584 illud
2295 4537 2508 4598 pr0pter
2532 4541 2722 4594 corpus
2745 4523 2930 4579 mortis
2953 4522 3128 4592 hujus,
3154 4522 3204 4577 in
3230 4539 3336 4594 quo
3363 4525 3445 4579 lex

1878 4626 2074 4695 peccati
2107 4621 2337 4682 habitat,
2369 4627 2423 4672 et
2461 4633 2564 4671 non
2607 4618 2719 4685 ipse
2746 4629 2909 4685 agens
2939 4613 3063 4668 illud
3094 4623 3307 4685 propter
3334 4615 3446 4670 vias

1879 4715 2083 4770 Domini
2125 4714 2175 4766 in
2206 4712 2394 4782 quibus
2423 4709 2689 4771 ambulat;
2735 4707 2871 4760 alius
2900 4722 3079 4760 sermo
3115 4705 3445 4760 necessarius

1876 4818 1986 4870 est,
2017 4806 2134 4875 quia
2162 4805 2260 4858 iste
2289 4799 2610 4856 claudendus
2633 4805 2734 4853 est.

2517 4945 2685 4985 SERMO
2724 4945 2796 4984 Ill.

1948 5081 1995 5133 1.
2027 5077 2172 5148 [cers.
2197 5073 2274 5144 5.]
2304 5073 2522 5138 Propter
2543 5068 2592 5120 id
2613 5066 2749 5136 quod
2775 5068 2822 5117 in
2848 5065 3048 5133 psalmo
3069 5065 3168 5118 isto
3189 5063 3442 5129 scriptum

1873 5180 1984 5230 est,
2022 5168 2136 5222 Non
2171 5168 2300 5219 enim
2335 5163 2419 5234 qui
2454 5170 2722 5230 operantur
2760 5158 3101 5226 iniquitatem,
3138 5157 3190 5208 in
3219 5155 3308 5207 viis
3335 5155 3445 5222 ejus

1874 5263 2269 5321 ambulat-erunt,
2297 5257 2546 5326 quoniam
2573 5263 2828 5322 peccatum
2855 5250 3091 5321 iniquitas
3117 5257 3186 5301 est
3219 5245 3257 5318 (I
3283 5245 3440 5298 Joan.

1877 5373 1949 5418 ιιι,
1980 5356 2056 5421 li),
2085 5353 2221 5405 sicut
2259 5349 2487 5404 Joannes
2513 5345 2781 5414 apostolus
2821 5343 2972 5401 dicit,
3005 5348 3186 5394 exorta
3215 5336 3445 5390 difﬁcilis

1873 5446 2114 5515 quaestio,
2143 5440 2417 5506 Quomodo
2446 5437 2646 5506 possint
2672 5433 2837 5487 sancti
2879 5433 2928 5484 in
2975 5430 3072 5483 hac
3115 5427 3218 5480 vita
3251 5435 3305 5480 et
3337 5443 3439 5477 ιιιιιι

1873 5555 1992 5595 esse
2017 5538 2131 5590 sine
2155 5542 2387 5603 peccato,
2420 5528 2540 5597 quia
2569 5537 2622 5580 et
2652 5524 2776 5578 illud
2807 5537 2984 5576 verum
3016 5528 3124 5580 est,
3158 5517 3218 5571 Si
3248 5516 3436 5570 dixeri-

1873 5647 1983 5683 mus
2010 5628 2128 5694 quia
2159 5633 2413 5694 peccatum
2433 5636 2528 5672 non
2559 5616 2812 5677 habemus,
2845 5629 2934 5665 nos
2963 5611 3098 5680 ipsos
3121 5607 3404 5662 seducimus
3424 5648 3438 5672 ,

1874 5736 1919 5780 et
1947 5723 2123 5778 veritas
2163 5718 2213 5770 in
2244 5714 2383 5770 nobis
2409 5729 2507 5767 non
2537 5720 2606 5766 est
2643 5707 2751 5781 (1d.
2781 5721 2818 5772 ι,
2843 5705 2930 5777 8);
2960 5712 3012 5760 et
3047 5711 3221 5759 tamen
3250 5699 3441 5756 ambu-
