4026 6202
532 331 555 386 'i
570 326 671 385 307

538 455 650 508 lare
692 452 801 503 vias
830 448 1066 507 ῐὶυηηιη,
1116 454 1247 508 quas
1295 450 1397 489 non
1433 430 1705 487 ambulant
1745 429 1833 498 qui
1872 439 2099 496 operan-

534 560 621 604 tur
649 545 1011 614 iniquitatem:
1042 533 1211 587 soluta
1242 536 1353 592 est,
1388 526 1595 581 dicente
1624 519 1864 592 apostolo
1906 516 2102 582 Paulo,

538 640 655 695 lam
706 607 803 689 non
844 646 960 699 ergo
999 640 1178 696 operor
1220 620 1378 684 illud,
1410 616 1496 670 sed
1542 614 1594 668 id
1619 612 1753 682 quod
1796 611 1850 664 in
1893 624 1971 661 me
2014 607 2107 659 ha-

539 736 659 787 bitat
704 731 979 797 peccatum.
1035 713 1312 786 Quomodo
1359 710 1497 764 enim
1557 714 1640 761 est
1688 702 1805 757 sine
1855 707 2105 769 peccato,

541 828 591 878 in
640 794 741 892 quo
769 819 965 873 habitat
997 807 1306 883 peceatum?
1349 803 1595 860 Ambulat
1625 808 1799 853 tamen
1841 796 1955 849 vias
2001 794 2110 847 Do-

540 915 698 980 tniui,
753 925 884 981 quas
911 925 1015 961 non
1059 901 1327 957 ambulant
1369 896 1454 965 qui
1496 899 1809 962 operantur;
1850 887 1969 957 quia
2002 884 2111 953 jam

541 1028 643 1065 non
673 990 786 1077 ipse
823 1011 1069 1073 operatur
1096 994 1253 1059 illud,
1282 990 1373 1045 sed
1397 986 1537 1058 quod
1582 986 1633 1038 in
1662 997 1727 1038 co
1754 980 1954 1074 habitat
1984 991 2111 1047 pec-

542 1117 736 1159 eatum.
772 1071 1145 1153 Verumtamen
1190 1088 1260 1142 ita
1307 1084 1474 1138 soluta
1514 1086 1599 1133 est
1623 1071 1844 1146 qttteStio
1884 1071 2016 1133 ista,
2058 1078 2117 1121 ut

544 1195 812 1253 difﬁcilior
858 1192 1021 1244 altera
1079 1187 1407 1241 nasceretur,
1456 1169 1738 1241 Quomodo
1786 1175 1905 1253 agat
1956 1162 2116 1253 homo

546 1288 686 1360 quod
729 1288 841 1355 ipse
881 1295 985 1335 non
1023 1277 1150 1346 agit.
1185 1273 1473 1337 Utrumque
1503 1263 1643 1319 enim
1675 1258 1835 1320 dixit;
1877 1246 1962 1319 ét,
1995 1250 2118 1360 Non

548 1342 682 1449 timid
706 1342 841 1440 vdlo,
868 1386 996 1441 ago;
1023 1342 1098 1432 et,
1126 1363 1243 1419 Non
1271 1375 1358 1430 ego
1383 1371 1564 1426 operor
1583 1350 1735 1412 illud,
1763 1346 1850 1400 sed
1875 1343 2010 1449 quod
2028 1342 2119 1449 Ιιὲ-

713 1430 765 1521 in
795 1430 872 1519 me
897 1430 1150 1534 peccatum
1182 1451 1367 1524 (Rom.
1396 1464 1504 1508 vn,
1533 1444 1597 1498 i7
1622 1454 1668 1497 et
1694 1440 1766 1495 20
1784 1480 1798 1503 ,
1828 1437 1937 1534 iii):
1970 1430 2122 1534 lit-ide

555 1561 847 1628 intelligere
885 1525 1138 1609 debemus
1158 1589 1173 1611 ,
1204 1540 1413 1615 quando
1438 1546 1715 1627 peccatum
1750 1527 1890 1601 quod
1921 1525 2123 1626 habitat

556 1658 606 1708 in
635 1651 808 1713 nobis,
842 1650 1088 1713 operatur
1116 1638 1168 1692 in
1190 1633 1362 1697 nobis,
1391 1618 1516 1683 tunc
1543 1638 1639 1680 nos
1665 1622 1716 1677 id
1748 1633 1850 1675 non
1879 1615 2121 1686 operari;

556 1741 766 1815 quando
794 1708 1121 1806 nequaquam
1158 1727 1205 1780 ci
1236 1725 1479 1779 voluntas
1519 1708 2031 1815 nostra-consentit,
2063 1712 2125 1805 et

560 1794 702 1889 tlcnet
727 1794 1149 1890 etiam-corporis
1179 1812 1444 1872 membra,
1480 1823 1545 1862 ne
1573 1802 1820 1859 obediant
1850 1794 2128 1852 desideriis

561 1927 696 1995 ejus.
727 1915 1032 1987 Quid‘euim
1060 1915 1308 1981 operatur
1336 1907 1605 1971 peceatum
1634 1890 1933 1946 nolentibus
1952 1885 2125 1949 nobis,

563 1977 665 2071 ait:
702 1977 814 2068 531a
853 2007 1034 2062 illicita
1066 1977 1366 2055 desideria?
1395 1989 1594 2058 Quibus
1628 1985 1671 2040 si
1702 1977 1986 2036 voluntatis
2024 1988 2131 2071 non

562 2106 874 2163 adhibeatur
899 2087 1181 2150 assensus;
1209 2091 1451 2140 movetur
1475 2077 1685 2148 quidem
1724 2067 2011 2141 nonnullus
2050 2063 2130 2117 af-

800 2190 893 2247 sed
922 2187 1097 2243 nullus
1120 2182 1172 2236 ei
1201 2179 1463 2234 relaxatur
1487 2168 1722 2226 eﬂ'ectus.
1750 2162 1862 2218 Hoc
1888 2155 2135 2230 prmccpit

566 2252 1000 2355 Apostolus
1018 2319 1033 2343 ,
1072 2273 1161 2329 ubi
1185 2268 1350 2325 dicit:
1382 2262 1501 2318 Non
1531 2274 1649 2330 ergo
1677 2263 1845 2326 regnet
1870 2252 2135 2355 peceatum

565 2385 618 2437 in
663 2339 821 2436 restio
867 2339 1068 2427 mortali
1114 2377 1356 2434 corpore,
1398 2356 1464 2410 ad
1505 2348 1831 2408 obediendum
1874 2339 2136 2398 desiderii:

568 2478 727 2549 eius;
758 2486 847 2524 nec
890 2461 1159 2519 erhibeatis
1200 2453 1420 2509 membra
1462 2456 1625 2503 vestra
1670 2457 1814 2549 arma
1840 2434 2137 2549 iniquitati:

567 2521 902 2638 iiii-ciuem.
928 2571 1004 2620 vt,
1030 2551 1116 2615 12,
1142 2542 1414 2618 15).’8υπι
1433 2530 1885 2638 itaquedesideria
1908 2521 2135 2597 peccati:

570 2622 762 2726 quibus
788 2622 884 2704 nos
916 2642 1183 2717 prohibuit
1210 2635 1444 2692 obedire.
1481 2630 1784 2697 Operantur
1814 2622 1831 2653 ί
1860 2632 1989 2688 ergo
2012 2629 2139 2684 pec-

571 2715 765 2804 eatum'
792 2715 928 2796 iure
950 2731 1246 2798 desideria;
1289 2724 1481 2796 quibus
1513 2720 1574 2784 si
1600 2715 1876 2773 obedimus
1900 2751 1913 2773 ,
1955 2715 2008 2763 et
2044 2719 2141 2761 nos

574 2801 903 2910 operantur:
951 2829 996 2884 si
1039 2832 1215 2880 autem
1259 2818 1687 2884 obtemperantes
1735 2801 1987 2910 Apostoio
2034 2810 2140 2910 non

574 2888 854 2987 nitedimus
892 2923 969 2977 eis
988 2961 1003 2984 ,
1032 2930 1139 2972 non
1178 2910 1309 2968 illud
1347 2922 1444 2964 nos
1472 2914 1771 2975 operantur,
1800 2893 1895 2950 sed
1914 2888 2061 2987 quod
2088 2888 2144 2943 in

577 3021 731 3077 nobis
762 3015 959 3071 habitat
982 2978 1276 3081 peccatum.
1299 2999 1357 3056 Si
1378 3004 1559 3052 autem
1582 2988 1848 3048 desideria
1875 2982 2015 3081 nulla
2044 2978 2142 3081 ha:

576 3118 828 3173 beremus
852 3069 1058 3169 illiciia,
1087 3112 1186 3154 nec
1208 3107 1313 3150 nos
1332 3134 1345 3157 ,
1372 3102 1475 3146 nec
1500 3091 1775 3173 peceatum
1801 3076 1924 3173 ntali
1946 3069 2145 3173 ahquid

579 3161 889 3278 Egilia";
927 3198 981 3251 in
1023 3161 1195 3273 uobis.
1226 3186 1422 3241 Motum
1464 3188 1619 3249 porro
1658 3169 1821 3228 illiciti
1856 3161 2143 3278 desiderii,

578 3257 664 3355 etii
702 3312 806 3350 non
848 3269 1147 3345 obedieudo
1182 3293 1291 3334 non
1326 3287 1445 3328 eum
1479 3284 1583 3324 «nos
1616 3275 1917 3334 operantur,
1947 3257 2066 3355 ideo
2095 3262 2148 3307 et

581 3402 680 3443 nos
721 3397 878 3454 agere
919 3378 1165 3439 dicimur,
1205 3365 1452 3438 quoniam
1497 3374 1600 3414 non
1632 3365 1720 3411 est
1761 3359 1963 3406 natura:
2000 3346 2150 3418 vigor

582 3446 790 3542 aliena;
819 3471 910 3529 sed
942 3471 1164 3537 languor
1192 3469 1273 3518 est
1294 3466 1493 3513 nostra:
1524 3470 1537 3507 :
1564 3468 1599 3506 a
1623 3461 1730 3519 quo
1748 3446 2008 3512 languore
2034 3454 2151 3494 om-

582 3570 797 3629 nimodo
822 3563 956 3621 Salvi
999 3560 1228 3621 erimus,
1258 3566 1376 3607 cum
1419 3557 1476 3603 et
1500 3545 1674 3600 animo
1702 3548 1757 3595 et
1786 3550 2009 3605 corpore
2045 3532 2149 3587 im-

584 3664 835 3722 mortales
879 3655 999 3711 faeti
1042 3650 1316 3706 fuerimus.
1361 3642 1694 3711 Quapropter
1727 3640 1785 3686 et
1812 3630 1931 3700 quia
1972 3628 2024 3681 in
2047 3625 2151 3678 viis

584 3753 789 3814 Domini
811 3747 1162 3808 ambulamus,
1191 3754 1296 3793 non
1318 3733 1593 3791 obedimus
1613 3724 1892 3783 desideriis
1917 3718 2147 3789 peccati;

582 3859 637 3906 et
664 3848 783 3921 quia
823 3858 928 3899 non
961 3850 1141 3896 sumus
1169 3833 1284 3888 sine
1309 3837 1554 3901 peccato,
1597 3821 1853 3876 habemus
1890 3812 2153 3870 desideria

581 3916 807 4019 peccati.
841 3939 914 3991 Ac
940 3948 1032 4002 per
1071 3930 1172 3983 hoc
1193 3925 1303 3995 jam
1341 3935 1441 3974 nos
1470 3934 1529 3973 ea
1567 3930 1669 3969 non
1712 3921 2015 3980 operantur,
2049 3916 2151 3955 non

584 4002 664 4088 eis
690 4024 1018 4087 obediendo;
1051 4019 1142 4074 sed
1169 4012 1307 4086 quod
1347 4011 1398 4065 in
1436 4007 1590 4063 nobis
1614 4002 1817 4056 habitat
1847 4003 2152 4066 peceatum,

587 4122 771 4178 eadem
803 4108 1204 4172 commovendo.
1237 4102 1356 4158 Non
1390 4100 1520 4154 enim
1547 4096 1631 4166 qui
1660 4099 1941 4162 epermuur
1967 4084 2156 4153 iniqui-

589 4228 760 4277 tatem,
789 4211 840 4265 id
865 4217 967 4272 est,
998 4201 1255 4258 obediunt
1277 4191 1555 4251 desideriis
1590 4184 1791 4258 peccati
1813 4224 1827 4243 .
1846 4182 1907 4234 in
1934 4179 2027 4233 ait:
2057 4175 2161 4230 Do-

592 4306 719 4363 mini
744 4300 1134 4357 ambulaverunt.

659 4399 715 4449 2.
746 4391 850 4448 Sed
873 4389 1052 4442 adhuc
1081 4376 1422 4454 qumrcndum
1451 4381 1529 4429 est
1555 4385 1673 4442 qum
1701 4376 1944 4449 petamus
1966 4361 2159 4417 dimitti

592 4485 776 4549 nobis,
808 4477 1018 4551 quando
1044 4473 1270 4528 dicimus
1303 4470 1433 4529 Deo,
1464 4463 1672 4516 Dimitte
1700 4458 1837 4513 nobis
1874 4454 2039 4509 debita
2064 4470 2159 4505 uo-

591 4592 696 4634 stra
726 4592 742 4629 :
773 4583 944 4628 utrum
972 4581 1089 4638 qutc
1118 4578 1214 4618 nos
1239 4570 1539 4629 cperamur,
1562 4551 1772 4622 quando
1797 4546 1997 4618 peccati
2024 4543 2163 4597 desi-

594 4668 758 4724 deriis
786 4661 1087 4723 obedimus;
1118 4669 1183 4708 an
1226 4656 1337 4722 ipsa
1370 4644 1630 4702 desideria
1658 4640 1815 4693 nobis
1841 4637 2032 4691 dimitti
2074 4649 2163 4684 vo-

597 4763 793 4820 lmnus,
826 4766 943 4823 qua:
983 4761 1082 4818 nos
1116 4760 1220 4801 non
1256 4751 1559 4812 operatnur,
1590 4732 1685 4787 sed
1710 4728 1851 4799 quod
1884 4727 2083 4781 habitat
2111 4726 2161 4778 in

597 4851 752 4906 nobis
797 4853 1087 4915 peceatum.
1135 4838 1394 4905 Quantum
1439 4827 1649 4900 quidem
1689 4837 1788 4893 ego
1828 4832 2014 4889 sapere
2041 4831 2165 4885 pos-

597 4959 739 5007 sum,
772 4936 1040 5008 languoris
1064 4932 1205 4986 illius
1232 4936 1286 4983 et
1315 4919 1637 4981 inlirmitatis
1657 4958 1671 4984 ,
1699 4913 1839 4971 unde
1867 4911 2039 4965 illicita
2070 4908 2166 4960 de-

595 5005 791 5096 sideria
839 5005 1262 5087 commoventur,
1302 5017 1444 5090 quod
1491 5022 1745 5087 peccatum
1773 5005 2000 5078 appellat
2030 5006 2169 5071 Apo-

599 5131 770 5188 stolus
811 5125 920 5200 (Id.
947 5140 1018 5177 vn
1039 5162 1053 5186 ,
1082 5116 1232 5185 7-25)
1257 5155 1273 5179 ,
1319 5113 1600 5165 universus
1637 5111 1810 5159 reatus
1834 5105 2167 5155 sacramento

599 5186 940 5292 Daptismatis
976 5219 1060 5267 est
1096 5208 1300 5265 solutus
1320 5246 1334 5269 ,
1366 5216 1487 5257 cum
1517 5196 1761 5253 omnibus
1786 5206 1903 5263 qum
1934 5189 2009 5244 illi
2040 5186 2169 5241 obe-

601 5277 1093 5371 dientesfecimus,
1139 5293 1403 5361 diximus,
1449 5288 1829 5362 cogitavimus;
1878 5297 1977 5336 nee
2020 5277 2171 5333 nobis

602 5408 853 5470 deinceps
879 5400 1100 5467 languor
1126 5392 1224 5445 iste
1250 5387 1481 5449 obesset,
1504 5378 1743 5453 quamvis
1762 5376 1981 5438 inesset,
2010 5368 2055 5424 si
2083 5368 2175 5423 de-

605 5496 816 5553 sideriis
844 5492 958 5562 ejus
975 5464 1183 5541 illicitis
1209 5479 1368 5535 nullis
1396 5487 1626 5545 unquam
1654 5464 2013 5524 obedientiam
2037 5473 2175 5529 pra:-

606 5550 890 5649 heremus,-
903 5583 1015 5637 sive
1040 5574 1352 5647 operatione
1368 5611 1382 5635 ,
1415 5568 1526 5622 sive
1554 5561 1818 5618 locutione
1839 5598 1854 5624 ,
1881 5556 1993 5611 sive
2019 5550 2177 5605 tacita

608 5680 950 5741 assensione;
981 5672 1150 5728 donec
1174 5668 1334 5724 etiam
1358 5663 1473 5734 ipse
1498 5661 1799 5720 sanaretur,
1820 5662 1938 5707 cum
1961 5643 2014 5701 id
2039 5640 2179 5714 quod

681 5794 699 5827 ι
722 5799 840 5839 't’res
862 5796 985 5845 διες..
1004 5787 1240 5846 operatur.

1756 315 1811 367 S.
1844 304 2206 367 AUGUSTI!“
2243 256 2548 367 EI’iSCOi‘i

3641 307 3666 359 ς
3678 304 3782 359 51⁸3

2209 427 2474 497 poscimus
2511 434 2653 481 esset
2694 425 2996 493 impletum,
3025 423 3140 477 sive
3166 422 3405 476 dicentes
3426 461 3441 485 ,
3492 417 3668 474 i'em’m
3700 435 3786 471 re-

2209 536 2360 591 gnum
2389 529 2558 583 tuum;
2589 519 2701 573 sive
2730 518 2990 579 dicentes,
3023 515 3202 569 Libera
3227 532 3322 568 non
3347 531 3377 567 α
3401 514 3535 568 maio
3562 511 3785 583 (Humi.

2210 631 2294 680 v1,
2329 613 2414 673 12,
2458 613 2561 679 10,
2601 613 2729 678 i3):
2761 611 2853 666 sed
2896 609 3141 677 quoniam
3172 608 3394 662 tculatio
3429 616 3514 662 est
3538 607 3643 659 vita
3690 605 3793 657 lm-

2212 720 2365 759 mana
2392 719 2552 774 super
2577 716 2769 758 terram
2805 700 2926 773 (Job
2949 717 3039 765 vn,
3063 698 3155 767 1);
3186 699 3392 754 etiamsi
3418 712 3451 751 a
3476 694 3797 753 criminibus

2215 797 2369 866 longe
2397 795 2595 861 simus,
2629 810 2732 848 non
2760 804 2937 848 tamen
2966 792 3118 847 deest
3140 788 3231 845 ubi
3259 789 3537 845 desideriis
3562 788 3797 858 peccati,

2215 887 2295 940 vel
2324 885 2491 952 facto,
2527 884 2610 939 vel
2639 884 2801 949 dicto,
2836 883 2918 937 vel
2947 882 3176 952 cogitatu
3205 879 3514 935 obediamus
3538 895 3552 944 ;
3580 877 3803 948 quando

2215 977 2468 1032 adversus
2495 975 2693 1045 majora
2732 973 3069 1043 vigilantibus
3089 1014 3104 1037 ,
3133 971 3374 1041 quaedam
3420 970 3645 1024 incautis
3694 967 3804 1021 tui-

2218 1077 2341 1123 nuta
2381 1067 2671 1135 subrepunt
2709 1079 2829 1134 quas
2858 1065 2902 1118 si
2928 1061 3184 1118 adversus
3210 1075 3306 1115 nos
3332 1060 3667 1129 colligantur,
3698 1057 3801 1113 etsi

2220 1174 2323 1212 non
2353 1156 2556 1226 singula
2584 1156 2695 1211 suis
2726 1150 3001 1210 molibus"
3044 1160 3323 1208 conterunt
3345 1193 3361 1217 ,
3404 1151 3581 1205 omnia
3616 1158 3803 1205 tamen

2219 1264 2411 1307 acervo
2448 1265 2548 1304 nos
2589 1249 2838 1305 obruunt.
2867 1247 2931 1302 Et
2975 1255 3191 1316 propter
3219 1244 3363 1309 hmc,
3406 1243 3565 1297 etiam
3612 1241 3665 1294 bi
3710 1239 3804 1307 qui

2221 1342 2493 1396 ambulant
2527 1341 2580 1395 in
2604 1339 2706 1410 viis
2746 1337 2953 1394 Domini
2981 1336 3196 1401 dicunt,
3234 1333 3444 1388 Dimitte
3469 1332 3608 1387 nobis
3634 1330 3807 1385 debita

2223 1442 2395 1488 nostra
2420 1449 2438 1487 :
2464 1432 2715 1502 quoniam
2739 1429 2808 1483 ad
2840 1427 2951 1483 vias
2984 1425 3226 1489 Domini,
3258 1434 3307 1479 et
3340 1425 3450 1495 ipsa
3470 1424 3650 1478 oratio
3679 1436 3808 1491 per-

2227 1528 2389 1592 tinet,
2422 1535 2476 1581 et
2502 1525 2612 1595 ipsa
2638 1522 2905 1579 confessio
2924 1563 2939 1589 ,
2962 1520 3208 1592 quamvis
3239 1533 3342 1573 non
3366 1516 3439 1572 ad
3467 1531 3560 1571 eas
3586 1522 3805 1585 peccata

2226 1619 2548 1688 pertineant.

2298 1712 2349 1765 5.
2393 1709 2572 1779 Itaque
2615 1707 2667 1763 in
2709 1707 2810 1761 viis
2856 1705 3101 1769 Domini,
3148 1716 3280 1772 quas
3300 1715 3494 1757 omnes
3524 1698 3655 1754 ﬁdes
3700 1712 3807 1752 una

2228 1800 2619 1870 compleatitur,
2651 1812 2751 1869 qna
2783 1799 2834 1853 in
2878 1810 3000 1851 eum
3020 1794 3264 1850 creditur
3299 1792 3390 1863 qni
3422 1788 3676 1860 justiﬁcat
3701 1788 3808 1843 im-

2230 1894 2373 1963 pium
2415 1890 2589 1964 (Rom.
2630 1906 2702 1953 tv,
2742 1889 2831 1960 5),
2879 1888 2964 1957 qtti
3005 1887 3164 1940 etiam
3207 1884 3372 1948 dixit,
3422 1881 3531 1952 Ego
3570 1896 3683 1934 sum
3724 1879 3810 1933 uia

2233 1985 2412 2057 (Joan.
2436 1972 2552 2049 xiv,
2575 1982 2664 2051 6);
2686 1997 2851 2036 nemo
2873 1987 3145 2049 peccatum
3168 1984 3439 2046 operatur,
3465 1971 3558 2028 sed
3582 1972 3812 2026 conﬁte-

2237 2086 2342 2131 tur.
2372 2076 2558 2131 Deviat
2581 2088 2728 2144 ergo,
2753 2087 2874 2129 cum
2916 2076 3218 2140 pcecat;-et
3246 2066 3363 2121 ideo
3402 2074 3677 2135 peccatum
3708 2061 3812 2116 vize
3884 2098 3889 2103 ι

2236 2183 2341 2221 non
2388 2166 2652 2229 tribuitur,
2699 2162 2840 2235 quod
2869 2178 2898 2216 a
2938 2161 3183 2216 deviaute
3208 2156 3555 2213 committitur
3583 2172 3597 2208 :
3627 2154 3724 2209 sed
3753 2155 3811 2209 in

2237 2260 2319 2314 via
2348 2259 2466 2314 fidei
2504 2273 2599 2328 pro
2636 2272 2740 2312 non
2780 2254 3119 2326 peccantibus
3156 2252 3438 2317 habentur,
3465 2249 3655 2319 quibus
3680 2262 3815 2317 pee-

2234 2361 2353 2406 cata
2382 2366 2487 2405 non
2521 2351 2864 2419 imputantur.
2895 2348 2968 2401 De
2988 2345 3180 2416 quibus
3204 2343 3472 2413 apostolus
3493 2339 3693 2395 Paulus
3719 2339 3815 2409 ju-

2236 2444 2435 2500 stitiam
2466 2442 2587 2497 fidei
2622 2438 3033 2504 commendans,
3072 2437 3124 2491 in
3168 2436 3371 2506 psalmo
3394 2433 3660 2502 scriptum
3690 2443 3820 2486 esse

2238 2534 2585 2601 monstravit,
2613 2531 2757 2588 Beati
2796 2546 3009 2601 quorum
3034 2528 3255 2583 remissa:
3276 2536 3393 2581 sunt
3421 2524 3734 2593 iniquitates,
3765 2531 3821 2576 α

2240 2646 2455 2703 quorum
2479 2638 2604 2682 tecta
2624 2636 2741 2682 sunt
2759 2635 2961 2697 peccata
2984 2639 3003 2677 :
3029 2623 3199 2678 beatus
3222 2621 3296 2675 vir
3316 2618 3400 2673 cui
3425 2634 3526 2673 non
3542 2614 3823 2686 imputavit

2243 2723 2490 2778 Dominus
2516 2731 2773 2794 peccatum
2812 2719 2983 2787 (Rom.
3013 2732 3085 2783 tv,
3112 2716 3175 2779 7;
3204 2723 3249 2768 et
3271 2710 3416 2768 Padi.
3439 2725 3584 2774 ant,
3615 2710 3636 2762 i
3662 2716 3714 2762 et
3733 2704 3821 2778 2).

2244 2814 2357 2870 Hoc
2384 2820 2637 2884 praestant
2661 2811 2760 2865 viae
2791 2807 3026 2872 Domini;
3065 2819 3129 2859 ac
3155 2819 3249 2874 per
3277 2804 3409 2868 hoc,
3448 2799 3700 2870 quoniam
3734 2796 3825 2866 ju-

2244 2917 2359 2963 stus
2387 2921 2453 2962 ex
2482 2905 2584 2960 fide
2606 2903 2733 2957 vivit
2759 2901 2931 2973 (Rom.
2960 2915 2999 2965 ι,
3025 2899 3139 2967 i7),
3169 2896 3237 2951 ab
3262 2896 3362 2949 ista
3389 2894 3471 2948 via
3494 2890 3704 2947 Domini
3733 2889 3825 2944 illa

2246 3000 2441 3053 alienat
2468 2995 2750 3065 iniquitas,
2793 3006 2911 3062 qua:
2946 3001 3032 3045 est
3059 2986 3362 3043 inﬁdelitas.
3407 2984 3464 3039 in
3503 2983 3604 3038 hac
3636 2989 3827 3037 autem

2246 3092 2351 3157 via,
2381 3090 2432 3144 id
2461 3098 2577 3156 est,
2609 3088 2659 3141 in
2691 3085 2791 3140 ﬁde
2810 3085 2897 3154 pia
2915 3125 2928 3149 ,
2963 3079 3198 3152 quisquis
3222 3077 3486 3140 ambulat,
3512 3083 3604 3128 aut
3628 3086 3832 3143 pecca-

2251 3192 2358 3235 tum
2387 3195 2490 3234 non
2521 3186 2789 3247 operatur,
2816 3183 2906 3229 aut
2924 3174 2966 3226 si
2989 3171 3113 3243 quid
3135 3186 3163 3223 a
3184 3170 3430 3225 deviantc
3448 3164 3829 3225 committitur,

2246 3282 2464 3342 propter
2498 3271 2639 3324 viam
2664 3282 2776 3322 non
2818 3267 3125 3334 imputatur,
3156 3271 3210 3315 et
3237 3269 3486 3329 tanquam
3522 3270 3633 3310 non
3654 3254 3834 3308 fuerit

2251 3372 2498 3436 operatus
2526 3362 2802 3431 accipitur.
2831 3360 2897 3413 Et
2915 3358 3038 3411 ideo
3059 3357 3192 3409 bene
3210 3354 3370 3409 etiam
3392 3352 3469 3405 sic
3492 3348 3829 3419 intelligitur,

2253 3456 2373 3511 Non
2397 3457 2524 3510 enim
2542 3455 2629 3527 qui
2649 3461 2919 3524 operantur
2941 3450 3272 3518 iniquitatem,
3292 3448 3345 3500 in
3361 3445 3451 3500 viis
3464 3446 3574 3514 ejus
3592 3440 3837 3497 ambula-

2252 3557 2424 3603 rertmt
2443 3563 2461 3611 ;
2480 3558 2543 3601 ut
2569 3545 2705 3599 hanc
2734 3542 3064 3613 iniquitatem
3091 3537 3497 3610 signiﬁcaverit,
3524 3549 3641 3605 qua:
3674 3548 3837 3590 rece-

2253 3640 2331 3696 dit
2356 3655 2390 3693 a
2418 3637 2521 3692 fide
2543 3679 2558 3703 ,
2586 3643 2678 3691 aut
2707 3651 2811 3689 non
2839 3632 3042 3689 accedit
3070 3632 3134 3686 ad
3163 3630 3340 3685 ﬁdem.
3370 3625 3835 3695 Quemadmodum

2254 3730 2395 3786 enim
2423 3727 2497 3782 ait
2526 3726 2779 3781 Dominus
2805 3724 2871 3779 de
2894 3722 3111 3787 Judmis,
3147 3721 3206 3776 Si
3229 3737 3335 3774 non
3363 3721 3618 3782 venissem,
3648 3732 3840 3787 pem-

2253 3826 2361 3874 tum
2390 3834 2491 3872 non
2516 3818 2750 3871 haberent
2782 3814 2956 3886 (Jonn.
2978 3829 3072 3877 xv,
3094 3812 3228 3881 22);
3255 3824 3354 3866 nec
3374 3810 3554 3879 utique
3582 3808 3701 3862 sine
3723 3807 3838 3863 ulh

2256 3919 2474 3983 peccato
2500 3916 2669 3972 erant,
2696 3914 2973 3975 antequam
2997 3904 3242 3959 Christus
3266 3902 3473 3957 veniret
3497 3902 3547 3955 in
3570 3914 3760 3962 came.
3782 3909 3840 3955 et

2257 4017 2322 4058 ex
2348 4014 2457 4077 quo
2468 4000 2635 4063 venit,
2664 4005 2940 4068 cmperunt
2969 3995 3164 4049 habere
3187 4002 3493 4065 peccatum;
3520 3991 3615 4046 sed
3640 4004 3843 4060 pecea-

2256 4099 2369 4147 tum
2409 4089 2675 4162 quoddam
2704 4096 2907 4142 certum
2930 4128 2944 4151 ,
2990 4084 3041 4139 id
3062 4092 3185 4149 est,
3220 4081 3575 4145 inﬁdelitatis,
3608 4078 3843 4151 intelligi

2258 4184 2444 4250 voluit,
2468 4183 2714 4252 quoniam
2739 4195 2844 4234 non
2868 4178 3208 4234 crediderunt
3230 4177 3283 4231 in
3299 4190 3429 4232 eum
3453 4192 3468 4227 :
3500 4175 3567 4228 ita
3584 4172 3677 4242 qni
3700 4188 3847 4245 ope-

2258 4286 2447 4331 rantur
2473 4254 2800 4343 iniquitaﬁm
2822 4313 2838 4339 ,
2882 4286 2990 4325 non
3018 4269 3320 4340 quamlibet
3338 4308 3353 4333 ,
3376 4267 3473 4323 sed
3495 4268 3636 4321 hanc
3660 4264 3845 4329 ipsam

2258 4366 2611 4428 infidelitatis,
2648 4379 2750 4419 non
2776 4365 2830 4418 in
2856 4364 2957 4417 viis
2982 4362 3097 4433 ejus
3123 4361 3546 4421 ambulaverunt,
3570 4356 3695 4428 quia
3724 4357 3849 4410 uni-

2262 4474 2417 4513 versi:
2451 4456 2546 4512 vite
2583 4455 2791 4510 Domini
2837 4453 3180 4508 misericordia
3209 4461 3256 4506 et
3282 4451 3460 4505 veritas
3492 4449 3659 4520 (Pent.
3687 4463 3847 4512 XXIV,

2266 4550 2388 4621 10);
2422 4558 2705 4618 utrumque
2726 4554 2904 4601 autem
2931 4546 2983 4600 in
3010 4545 3225 4600 Christo
3249 4553 3350 4609 est,
3383 4552 3436 4596 et
3465 4551 3657 4610 praeter
3682 4538 3854 4595 Chri-

2265 4646 2402 4696 stum
2432 4655 2685 4711 nusqua
2709 4649 2809 4693 est.
2838 4637 2962 4692 Dico
2981 4638 3115 4692 enim
3132 4636 3409 4707 Christym,
3431 4635 3505 4688 ait
3528 4633 3850 4701 Apostolus,

2268 4735 2555 4789 ministrum
2586 4733 2748 4802 fuisse
2782 4729 3172 4784 circumcisionis
3196 4738 3399 4799 propter
3422 4728 3682 4781 ueritatem
3722 4724 3852 4787 Dei,

2270 4826 2339 4880 ad
2367 4823 2740 4894 conﬁrmandus
2779 4822 3132 4892 promissione;
3174 4819 3389 4874 Petrum
3413 4837 3429 4882 ;
3456 4816 3640 4871 Gentes
3668 4828 3855 4869 autem

2269 4934 2419 4989 super
2440 4914 2831 4970 misericordiam
2851 4913 2977 4983 glori
2982 4913 3133 4980 ﬁcere
3150 4911 3308 4964 Deum
3322 4909 3507 4981 (Rom.
3526 4922 3619 4973 xv,
3646 4907 3682 4962 8
3701 4920 3751 4960 et
3768 4907 3852 4973 9).

2273 5009 2326 5063 in
2360 5009 2460 5061 hoc
2486 5001 2645 5076 igitur
2671 5004 3011 5058 misericordia
3032 5046 3045 5068 ,
3087 5004 3205 5070 quia
3232 5017 3330 5056 nos
3356 5000 3615 5063 redemit;
3647 4999 3703 5053 i-n
3755 4999 3860 5053 hoc

2272 5102 2474 5165 veritas,
2500 5098 2621 5169 quia
2652 5097 2699 5150 id
2729 5094 2870 5166 quod
2900 5094 3143 5163 promisit
3171 5094 3427 5163 implevit,
3451 5101 3503 5145 et
3532 5091 3861 5159 impleturus

2275 5202 2358 5253 est
2379 5192 2517 5264 quod
2545 5190 2822 5260 promittit.
2857 5187 2956 5254 Qui
2982 5202 3111 5257 ergo
3133 5197 3404 5256 operantur
3432 5185 3774 5253 iniquitatem,
3808 5184 3862 5239 id

2276 5293 2358 5341 est
2387 5281 2780 5345 inﬁdelitatem,
2820 5294 2918 5332 non
2942 5279 2995 5332 in
3021 5278 3113 5333 viis
3147 5278 3259 5349 ejus
3284 5275 3702 5338 ambulaverunt;
3732 5276 3862 5345 quia

2277 5376 2330 5430 in
2364 5373 2632 5427 Christum
2673 5386 2774 5425 non
2802 5370 3160 5425 crediderunt.
3196 5370 3342 5440 Ergo
3366 5377 3776 5433 convertantur,
3806 5377 3867 5423 et

2279 5465 2334 5519 in
2361 5478 2480 5517 eum
2511 5462 2598 5533 qui
2624 5461 2878 5530 justiticat
2903 5460 3121 5529 impium
3143 5502 3158 5528 ,
3186 5461 3276 5530 pie
3316 5460 3568 5525 credant,
3596 5469 3766 5528 atque
3808 5461 3866 5514 in

2281 5557 2375 5613 illo
2419 5554 2837 5623 misericordiam
2882 5553 3114 5622 peccatis
3156 5553 3426 5617 dimissis,
3474 5561 3530 5612 et
3574 5554 3867 5608 veritatem

2283 5648 2560 5719 completis
2586 5646 2881 5718 promissis,
2916 5644 3018 5701 hoc
3058 5655 3142 5703 est
3160 5688 3175 5715 ,
3206 5647 3480 5703 universas
3507 5648 3617 5703 vias
3646 5646 3870 5703 Domini

2355 5762 2457 5813 'Sic
2475 5766 2580 5810 Mss.
2606 5759 2715 5810 Edd.
2737 5771 2854 5809 vero
2869 5792 2885 5820 ,
2905 5757 3118 5809 motibus.
