3964 6204
224 287 238 338 l
255 283 349 338 501)

219 391 522 446 inveniant:
575 391 625 444 in
672 387 861 457 quibus
904 382 1236 440 ambulantes
1279 381 1782 452 uon‘operabuntur

217 483 579 552 iniquitatem;
630 480 748 548 quia
793 495 896 532 non
947 478 1200 530 tenebunt
1248 473 1646 535 infidelitatem,
1698 469 1792 524 sed

217 575 394 638 lidcttt,
421 587 538 642 qum.
562 587 662 638 per
687 569 1023 624 dilectionem
1051 577 1302 638 operatur
1331 563 1523 635 (Galat.
1553 579 1605 630 ν,
1641 561 1716 632 6),
1739 569 1792 615 et

217 666 298 719 cui
326 672 598 733 peccatum
627 678 729 715 non
763 662 1067 729 imputatur.

870 809 1038 847 SERMO
1078 808 1146 845 IV.

288 931 340 982 l.
378 927 525 1000 [vera
557 925 634 998 4.]
675 927 802 993 Quis
833 935 934 990 est,
973 923 1291 985 charissimi,
1337 921 1424 990 qui
1460 919 1682 973 Domino
1708 918 1792 971 di-

219 1023 306 1083 cit,
345 1039 364 1069 ι
405 1019 479 1072 Tu
504 1019 797 1086 prmeepisti
823 1016 1063 1069 mandata
1087 1025 1170 1067 tua
1203 1012 1456 1066 custodiri
1477 1012 1651 1063 nimis.
1684 1009 1796 1064 Uti-

223 1128 343 1164 nam
375 1112 668 1180 dirigantur
692 1111 784 1162 via:
811 1122 940 1162 meae
967 1108 1032 1160 ad
1061 1106 1438 1160 custodiendas
1460 1105 1795 1174 iustiﬁcatio-

221 1219 310 1256 nes
335 1213 471 1255 tuas.
505 1202 651 1255 Tunc
681 1215 782 1253 non
811 1197 1118 1258 coal'undar,
1147 1197 1270 1251 dum
1301 1196 1520 1264 inspicio
1543 1195 1592 1247 in
1617 1193 1794 1248 omnia

221 1295 472 1351 mandata
506 1294 628 1346 tua?
665 1312 682 1344 ι
719 1291 849 1359 Quis
891 1299 972 1344 est
999 1290 1087 1359 qui
1119 1288 1220 1342 hoc
1261 1287 1408 1352 dicit,
1462 1287 1559 1339 nisi
1607 1301 1797 1338 unum-

218 1384 466 1454 quodque
520 1383 816 1437 membrum
865 1380 1082 1440 Christi,
1127 1379 1212 1431 vel
1261 1378 1437 1447 potius
1484 1377 1794 1429 universum

221 1494 418 1548 corpus
446 1477 681 1531 Christi?
728 1476 792 1529 Et
835 1475 959 1545 quid
995 1483 1096 1540 est,
1138 1472 1211 1526 Tu
1247 1473 1523 1543 praecepisti
1558 1473 1796 1524 mandata

220 1583 298 1624 tua
329 1570 580 1624 custodiri
601 1568 784 1622 nimis?
811 1578 1004 1628 utrum,
1027 1565 1173 1618 nimis
1195 1565 1504 1634 praecepisti;
1535 1579 1624 1628 an,
1649 1563 1796 1616 nimis

220 1662 463 1715 custodiri
483 1658 803 1727 ?Quodlibet
836 1657 1021 1710 horum
1046 1655 1415 1725 intelligamus,
1447 1663 1629 1708 contra
1652 1653 1795 1707 illam

221 1753 621 1809 memorabilem
653 1751 985 1818 nobilemque
1009 1749 1323 1802 sententiam
1354 1747 1454 1801 hoc
1481 1746 1681 1800 dictum
1714 1746 1793 1799 vi-

219 1844 397 1908 detur,
445 1857 603 1912 quam
648 1841 817 1896 Gra'ci
860 1839 1072 1893 laudant
1121 1838 1169 1891 in
1206 1837 1531 1906 sapientibus
1572 1836 1702 1897 suis,
1745 1843 1798 1889 et

219 1935 390 1988 Latini
423 1931 685 1987 laudando
713 1931 1051 1985 consentiunt
1078 1946 1092 1982 :
1125 1947 1144 1979 ι
1177 1928 1251 1981 Ne
1277 1927 1400 1996 quid
1437 1927 1592 1980 nimis
1621 1945 1639 1986 ›
1678 1925 1798 1996 ('l'e-

220 2036 346 2078 rent.
389 2023 554 2077 Andr.
610 2023 716 2074 Act.
760 2039 795 2080 ι,
827 2037 900 2073 sc.
935 2020 1004 2087 l).
1033 2018 1087 2073 Si
1135 2018 1274 2073 enim
1320 2018 1418 2070 hoc
1461 2031 1644 2070 verum
1693 2024 1793 2081 est,

220 2125 272 2170 ut
299 2131 370 2170 ne
402 2114 526 2184 quid
555 2113 710 2167 nimis
748 2115 863 2177 tiat;
911 2110 1176 2180 quomodo
1215 2125 1396 2162 verum
1437 2106 1680 2176 estquod
1713 2105 1797 2160 hic

219 2209 432 2274 dicitur,
475 2205 554 2259 Tu
596 2205 877 2276 prtecem'sti
922 2204 1160 2256 mandata
1199 2213 1284 2254 tua
1331 2201 1569 2254 custodiri
1612 2199 1798 2253 nimis?

219 2299 433 2372 quando
461 2299 597 2352 Deus
624 2297 817 2366 aliquid
848 2297 932 2349 vel
969 2295 1126 2348 nim-is
1150 2292 1487 2364 praeciperet,
1516 2292 1598 2345 vel
1639 2292 1798 2346 nimis

219 2390 477 2448 custodiri
517 2389 693 2450 vellet,
741 2389 783 2442 si
814 2401 971 2441 omne
1009 2385 1228 2438 nim-ium
1275 2381 1690 2452 reprehensione
1717 2381 1800 2435 di-

219 2500 380 2552 gnum
410 2481 588 2537 esset?
614 2481 917 2534 Dicercmus
941 2491 1067 2545 ergo
1097 2490 1194 2528 nos
1223 2473 1361 2527 nulla
1387 2486 1679 2543 graecorum
1709 2487 1798 2526 sa-

220 2576 478 2644 pientium
502 2572 811 2628 auctoritate
840 2565 1058 2633 tene'ri‘,
1085 2567 1350 2621 intuentes
1375 2564 1516 2634 quod
1546 2566 1797 2634 scriptum

218 2679 315 2726 est,
350 2664 543 2718 Nonne
571 2662 773 2718 stultam
803 2662 916 2730 fecit
942 2658 1080 2712 Deus
1122 2657 1416 2726 sapimtiam
1442 2656 1594 2726 hujus
1628 2655 1800 2707 mundi

221 2758 256 2826 tl
279 2756 404 2811 Cor.
428 2774 468 2822 ι,
497 2755 628 2823 ‘20)?
657 2763 710 2810 et
731 2755 904 2823 potius
929 2752 1079 2804 istam
1123 2747 1440 2804 sententiam
1469 2746 1653 2800 falsam
1683 2760 1800 2800 esse

218 2849 584 2914 crederemus,
606 2861 707 2916 qua
733 2846 927 2899 dictum
950 2853 1048 2905 est,
1082 2859 1101 2894 ι
1129 2840 1204 2895 Ne
1227 2839 1352 2910 quid
1383 2839 1539 2892 nimis
1573 2857 1617 2903 ι,
1642 2853 1798 2907 quam

218 2935 458 2995 divinum
490 2939 777 3007 eloquium,
820 2935 907 2988 ubi
935 2933 1160 3006 legimus
1200 2941 1356 3000 atque
1395 2937 1690 2990 cantamus,
1723 2926 1800 2979 Tn

217 3030 505 3098 ιιι-πτερίδα
518 3028 846 3080 ηιαηιιαιανιιια
861 3024 1096 3078 custodiri
1114 3023 1284 3083 nimis;
1297 3021 1393 3074 uisi
1409 3036 1502 3073 nos
1517 3033 1616 3074 non
1631 3034 1799 3088 gra'ca

216 3122 402 3187 elatio,
435 3119 530 3174 sed
551 3133 675 3173 vera
702 3118 836 3172 ratio
855 3124 1148 3170 revocaret.
1183 3113 1347 3166 Nimis
1374 3112 1566 3181 quippe
1587 3111 1798 3178 dicitur,

215 3214 479 3286 quidquid
525 3213 641 3282 plus
669 3211 826 3265 fuerit
863 3222 1021 3278 quam
1071 3214 1302 3277 oportet.
1348 3204 1476 3259 Nam
1522 3219 1708 3285 parum
1748 3211 1804 3257 et

216 3307 446 3361 nimium
475 3304 582 3358 duo
606 3312 727 3356 sunt
752 3302 888 3355 inter
913 3314 971 3354 se
998 3299 1281 3353 contraria.
1317 3298 1510 3350 Parum
1549 3303 1631 3349 est
1658 3294 1799 3364 quod

215 3398 400 3451 minus
419 3405 504 3450 est
527 3408 681 3463 quam
707 3400 914 3461 oportet
928 3407 951 3455 t;
979 3399 1034 3444 et
1054 3390 1295 3454 nimium,
1321 3388 1612 3457 plusquam
1641 3401 1799 3454 oporo

214 3497 311 3543 tet.
359 3487 566 3541 Horum
611 3485 661 3538 in
701 3482 876 3538 medio
920 3481 1107 3535 modus
1153 3489 1254 3544 est,
1297 3479 1435 3548 quod
1469 3478 1680 3542 dicitur,
1711 3476 1804 3532 Sat

217 3590 314 3634 est.
354 3580 492 3632 Cum
518 3578 696 3645 itaque
726 3574 854 3627 utile
884 3573 954 3627 sit
993 3573 1044 3626 in
1083 3572 1184 3624 vita
1228 3579 1282 3624 et
1316 3569 1578 3634 moribus,
1609 3579 1665 3622 ut
1693 3583 1804 3621 am-

217 3674 358 3743 plius
385 3684 545 3739 quam
582 3675 790 3737 Oportet
820 3664 952 3718 nihil
982 3663 1208 3717 omnino
1243 3661 1532 3722 faciamus;
1567 3658 1805 3729 profecto

217 3780 405 3819 verum
434 3776 553 3816 esse
580 3757 917 3819 sententiam,
956 3775 972 3806 ι
996 3754 1078 3810 Ne
1101 3755 1222 3824 quid
1257 3754 1439 3815 nimis,
1471 3769 1490 3804 ι
1529 3751 1680 3805 fateri
1714 3767 1806 3819 po-

218 3862 322 3913 tius
357 3871 522 3926 quam
549 3867 740 3922 negare
765 3849 1038 3904 debemus.
1065 3847 1170 3901 Sed
1195 3844 1478 3914 aliquando
1503 3843 1662 3896 latina
1699 3842 1804 3895 lin-

216 3966 318 4020 gna
347 3949 452 4002 hoc
473 3944 634 4000 verbo
663 3943 738 3996 sic
762 3941 1016 4004 abutitur,
1050 3948 1107 3992 ut
1135 3936 1292 3990 nimis
1330 3950 1425 4003 pro
1463 3948 1529 3988 co
1554 3932 1694 4002 quod
1725 3941 1806 3987 est

217 4041 404 4103 valde,
447 4044 503 4091 et
538 4035 770 4104 positum
815 4031 1146 4085 inveniamus
1182 4030 1235 4082 in
1277 4026 1494 4080 Litteris
1537 4025 1722 4088 sacris,
1754 4034 1807 4078 et

218 4143 494 4202 ponamus
522 4127 573 4180 in
604 4121 1176 4194 sermonibus'nostris.
1202 4119 1334 4173 Nam
1366 4127 1418 4172 et
1442 4117 1548 4184 hic,
1574 4116 1654 4170 Tu
1677 4129 1809 4187 pra-—

215 4220 408 4290 ccpisti
451 4216 688 4270 mandata
717 4226 802 4268 tua
831 4213 1070 4266 custodiri
1099 4211 1266 4276 nimis,
1296 4210 1503 4264 nonnisi
1532 4207 1694 4263 Valde
1716 4209 1808 4261 in-

220 4311 536 4382 telligimus,
567 4308 611 4362 si
641 4314 786 4361 recte
824 4303 1167 4372 intelligimus
1191 4318 1204 4354 :
1228 4310 1307 4363 et,
1341 4300 1505 4354 Nimis
1534 4309 1586 4352 te
1623 4297 1806 4368 diligo,

213 4408 260 4462 si
306 4404 476 4459 alicui
508 4398 818 4454 charissima
846 4396 1090 4459 dicimus,
1139 4408 1241 4448 non
1286 4393 1465 4460 utique
1502 4391 1622 4460 plus
1651 4403 1808 4460 quam

215 4501 468 4566 Oportet,
492 4491 582 4545 sed
614 4488 762 4542 valde
787 4502 886 4541 nos
911 4477 1131 4555 diligere
1160 4484 1379 4552 intelligi
1410 4481 1672 4535 volumus.
1701 4482 1809 4535 De-

217 4593 397 4660 nique
422 4586 507 4639 illa
523 4597 692 4654 graeca
711 4579 971 4638 sententia
989 4593 1094 4631 non
1113 4578 1269 4632 habet
1286 4575 1385 4629 hoc
1405 4575 1646 4640 verbum,
1673 4573 1810 4644 quod

217 4684 314 4737 hic
369 4665 564 4746 legitur
614 4694 626 4729 :
661 4675 730 4728 ibi
760 4675 901 4729 enim
941 4680 1020 4725 est
1045 4676 1161 4736 ἄγαν
1183 4711 1196 4733 ,
1232 4667 1372 4736 quod
1404 4675 1484 4720 est
1515 4665 1704 4727 nimis;
1731 4661 1812 4718 hic

217 4785 307 4829 est
338 4779 523 4822 autem
552 4771 745 4838 σφόδρα,
772 4765 913 4836 quod
951 4773 1034 4818 est
1060 4759 1247 4816 Valde.
1279 4759 1382 4813 Sed
1425 4757 1726 4827 aliquando,
1757 4765 1814 4810 ut

218 4867 489 4926 diximus,
519 4860 688 4914 Nimis
717 4873 814 4929 pro
850 4872 916 4912 eo
939 4855 1078 4926 quod
1118 4862 1200 4907 est
1225 4851 1389 4905 Valde
1426 4859 1480 4904 et
1507 4850 1700 4902 dictum
1730 4849 1813 4900 in-

218 4956 507 5017 venimus,
533 4963 586 5004 et
619 4951 845 5004 dicimus
871 4967 883 5001 :
911 4946 1052 5001 unde
1092 4942 1329 4997 nonnulli
1361 4941 1517 4995 etiam
1547 4939 1690 4993 latini
1721 4953 1814 4992 co-

219 5048 385 5100 dices
413 5058 519 5094 non
553 5041 764 5102 habent,
796 5037 871 5090 Tu
901 5035 1180 5106 pra’cepisti
1203 5032 1438 5085 mmtdota
1466 5042 1551 5084 tua
1578 5029 1818 5083 custodiri

222 5137 392 5189 nitnis
413 5149 431 5185 :
459 5131 574 5195 sed,
601 5130 764 5183 valde.
790 5128 954 5182 Valde
980 5128 1155 5194 itaque
1177 5123 1426 5193 ιπιιεουρίι
1451 5126 1549 5174 hoc
1577 5122 1737 5186 Deus,
1763 5129 1819 5174 et

223 5227 399 5281 valde
427 5231 640 5292 oportet
667 5221 755 5275 Dei
788 5217 1040 5272 custodiri
1069 5217 1334 5269 mandata.

301 5319 370 5372 9..
417 5314 570 5386 [υετε.
601 5313 679 5383 5.]
859 5310 1077 5364 humilis
1107 5310 1273 5378 pietas
1304 5307 1383 5358 vel
1419 5308 1500 5376 pia
1532 5305 1818 5372 humilitas,

222 5424 283 5468 et
351 5409 493 5463 fides
535 5423 639 5460 non
684 5408 962 5459 immemor
999 5403 1178 5472 gratiae
1205 5443 1217 5465 ,
1261 5399 1384 5468 quid
1440 5399 1686 5467 adiungat
1739 5405 1820 5450 at-

222 5503 452 5560 tendite
482 5514 497 5552 :
532 5497 757 5562 Utinam,
782 5495 970 5564 inquit,
1001 5493 1282 5562 dirigantur
1307 5491 1396 5542 vice
1423 5505 1544 5542 mra:
1565 5489 1630 5540 ad
1651 5497 1819 5540 custo-

220 5593 461 5652 diendas
479 5590 866 5659 justiﬁcationcs
893 5597 1023 5640 tuas.
1047 5583 1348 5652 Praecepisti
1377 5579 1589 5650 quidem
1621 5588 1695 5646 tu,
1729 5579 1822 5635 sed

304 5731 326 5764 ι
359 5739 458 5776 Αιιι.
489 5737 538 5776 et
559 5734 686 5784 Mss,
708 5723 898 5774 terreri.

1287 273 1678 328 ENARRA'I‘IO
1718 270 1778 324 IN
1821 269 2138 325 PSALMUM
2176 269 2404 325 CXHII.

3339 278 3475 334 ιῖυιο

1904 379 2104 433 utinam
2147 381 2287 450 quod
2334 381 2628 452 praecepisti
2679 382 2770 437 ﬁat
2820 384 2971 440 mihi.
3019 386 3118 443 Ubi
3163 387 3315 444 audis
3363 391 3477 443 liti-

1895 487 2050 536 nam,
2120 487 2305 526 vocem
2362 475 2593 541 Optantis
2657 491 2923 544 agnosce;
2991 491 3046 532 at
3109 484 3280 549 agnita
3340 497 3472 538 voce

1893 563 2147 631 'Optantis,
2187 564 2391 632 depone
2419 565 2716 632 superbiam
2750 570 3135 635 praesumentis.
3164 573 3291 638 Quis
3331 577 3474 628 enim

1896 667 1957 706 se
1983 653 2120 707 dicat
2152 669 2334 722 optare
2364 654 2504 722 quod
2527 654 2602 708 sic
2626 656 2781 710 habet
2801 658 2850 710 in
2879 659 3080 712 arbitrii
3110 670 3390 728 potestate,
3421 673 3475 718 nt

1899 745 2044 798 nullo
2071 745 2310 814 indigens
2341 746 2644 814 adjumento
2688 749 2738 800 id
2782 751 2945 816 possit
2968 751 3222 806 efﬁcere?
3261 754 3400 824 Ergo
3429 757 3475 810 si

1899 844 2043 902 optat
2086 833 2243 887 Ιιοιιιο
2282 835 2420 904 quod
2475 837 2712 904 praecipit
2753 836 2920 903 Deus;
2969 851 3021 893 ut
3060 841 3148 895 det
3189 844 3301 912 ipse
3330 846 3471 914 quod

1899 925 2156 992 praecipit,
2192 925 2453 994 rogandus
2491 935 2572 980 est
2618 927 2774 981 Deus.
2804 930 2846 981 A
2877 943 2981 998 quo
3011 932 3150 985 enim
3179 934 3466 1002 optandum

1898 1024 2000 1078 est,
2045 1017 2141 1070 nisi
2185 1018 2388 1083 abillo,
2437 1034 2462 1070 a
2508 1034 2612 1087 quo
2657 1017 2809 1071 Patre
2846 1022 3091 1074 (animum
3137 1040 3281 1077 omne
3304 1027 3477 1080 datum

1901 1109 2140 1176 Optimum
2173 1117 2221 1160 ct
2262 1124 2406 1160 omne
2433 1108 2616 1162 donum
2661 1112 2953 1179 perfectum,
2988 1123 3166 1166 sancta
3207 1113 3476 1186 Scriptura

1902 1205 2057 1264 teste,
2090 1199 2340 1252 descendit
2364 1198 2560 1270 (Jacobi
2612 1216 2646 1262 ι,
2674 1201 2801 1268 ΠΗ
2825 1202 3047 1271 Propter
3076 1220 3170 1260 eos
3191 1218 3365 1261 autem
3387 1211 3476 1279 qui

1902 1298 2084 1357 putant
2122 1290 2221 1343 hoc
2254 1290 2369 1343 solo
2396 1306 2492 1343 nos
2515 1291 2578 1343 ad
2619 1291 2911 1345 faciendam
2944 1294 3202 1362 justitiam
3225 1295 3477 1353 divinitus

1900 1378 2159 1446 adjuvari,
2183 1380 2321 1448 quod
2352 1380 2441 1433 Dei
2475 1393 2734 1450 pI‘Ll‘CClﬂ-il
2762 1383 2913 1436 nobis
2941 1385 2990 1436 in
3023 1387 3262 1440 notitiam
3299 1387 3476 1457 profe-

1901 1478 2108 1532 runtur,
2145 1480 2200 1522 ut
2225 1485 2287 1523 ea
2320 1471 2677 1540 cognita,jatu
2719 1475 2834 1528 sine
2873 1475 2976 1527 ulla
3018 1477 3107 1530 Dei
3134 1479 3323 1547 gratia,
3350 1480 3480 1534 solis

1903 1570 2097 1614 nostra:
2134 1563 2420 1616 voluntatis
2451 1564 2650 1618 viribus
2680 1565 3024 1635 impleantur;
3065 1584 3169 1622 nun
3211 1579 3356 1638 optat
3393 1571 3478 1626 hic

1900 1652 2052 1721 dirigi
2102 1654 2213 1707 vias
2247 1669 2368 1708 suas
2413 1655 2477 1708 ad
2517 1657 2889 1711 custodiendas
2912 1659 3317 1727 justilicationes
3363 1663 3476 1729 Dei,

1901 1744 2125 1813 nisijam
2162 1745 2276 1813 ejus
2315 1747 2545 1816 acceptis
2569 1749 2682 1816 ipso
2710 1751 3047 1820 praecipiente
3085 1755 3366 1810 mandatis.
3399 1757 3476 1810 Ad

1902 1835 2002 1889 hoc
2031 1837 2170 1889 enim
2199 1839 2421 1904 pertinet
2443 1839 2582 1908 quod
2618 1842 2890 1908 praemisit,
2926 1841 3002 1896 Tu
3024 1847 3306 1914 pra’cepisti
3333 1864 3478 1900 man-

1900 1926 2018 1978 data
2046 1937 2132 1979 tua
2153 1929 2391 1980 custodiri
2414 1930 2583 1982 nimis.
2606 1930 2878 2000 Tanquam
2907 1933 3107 1988 diceret
3131 1951 3147 1987 :
3171 1935 3284 1989 Jam
3305 1937 3477 2006 legent

1901 2018 2104 2086 accepi,
2137 2019 2246 2087 jam
2295 2021 2450 2086 novi;
2498 2029 2552 2074 tu
2597 2022 2738 2075 enim
2771 2026 3066 2093 prtecepisti
3103 2026 3345 2080 mandata
3388 2036 3478 2082 tua

1901 2107 2155 2161 custodiri
2202 2109 2358 2162 nimis
2390 2119 2480 2164 :et
2517 2111 2760 2165 mandata
2799 2121 2884 2166 tua
2915 2124 3118 2180 sancta,
3157 2116 3390 2185 etjusta,
3424 2129 3482 2172 et

1900 2200 2072 2266 bona;
2105 2201 2197 2255 sed
2241 2213 2511 2270 peccatum
2553 2219 2646 2272 per
2673 2204 2866 2258 bonum
2894 2205 3023 2260 mihi
3051 2215 3304 2275 operatur
3331 2223 3477 2262 mor-

1902 2298 2009 2344 tem
2039 2289 2211 2361 (Rom.
2243 2305 2338 2357 vn,
2371 2292 2457 2356 l2,
2486 2291 2598 2362 l3),
2640 2293 2738 2346 nisi
2769 2294 2982 2362 adjuvet
3025 2305 3111 2348 tua
3139 2299 3325 2364 gratia.
3359 2297 3476 2351 Uti-

1901 2396 2016 2433 nam
2039 2395 2163 2450 ergo
2187 2380 2472 2462 dirigantur
2499 2382 2592 2436 vita
2610 2399 2734 2437 mete
2759 2384 2825 2436 ad
2853 2385 3202 2440 custodiendas
3219 2387 3478 2457 justi/ica-

1903 2472 2057 2525 tt'ones
2087 2481 2218 2526 tuas.

1971 2563 2024 2616 5.
2069 2561 2215 2633 [vero
2247 2561 2326 2635 6.]
2369 2563 2508 2618 Tunc
2552 2581 2653 2618 non
2683 2567 2988 2637 confundor,
3029 2568 3149 2621 dant
3185 2569 3396 2640 inspicio
3423 2570 3480 2624 in

1902 2653 2071 2706 omnia
2114 2654 2352 2707 mandata
2381 2665 2485 2709 tua.
2509 2655 2748 2711 Mandata
2793 2658 2883 2712 Dei
2921 2659 3033 2714 sive
3057 2675 3178 2714 cum
3209 2661 3480 2731 leguntur,

1902 2743 2014 2798 sive
2036 2759 2153 2798 cum
2182 2747 2434 2800 memoria
2472 2747 2798 2812 recoluntur,
2828 2758 3075 2819 tanquam
3099 2753 3371 2820 Speculum
3398 2755 3477 2808 in-

1905 2835 2154 2889 tuendum
2183 2845 2287 2901 est,
2332 2838 2619 2892 secundum
2657 2841 2966 2908 Apostolqu
3002 2841 3255 2897 Jacobum
3288 2845 3481 2900 (lieen-

1905 2937 2032 2992 t'em,
2074 2947 2093 2979 ι
2126 2929 2178 2982 Si
2215 2930 2334 2998 quis
2380 2938 2462 2984 est
2503 2930 2712 2984 auditor
2748 2932 2894 2985 verbi
2950 2941 3003 2988 et
3037 2949 3141 2987 non
3176 2935 3359 3000 factor,
3391 2937 3484 2992 hic

1905 3019 2296 3088 comparabitur
2321 3021 2435 3075 viro
2459 3022 2815 3077 consideranti
2841 3023 3041 3078 vultum
3065 3028 3348 3082 nativitatis
3368 3044 3476 3083 sua:

1905 3109 1956 3162 in
1999 3111 2248 3178 speculo;
2278 3111 2635 3167 consideravit
2660 3114 2802 3167 enim
2828 3128 2904 3175 se.
2949 3126 3002 3169 et
3037 3115 3185 3180 abiit,
3219 3125 3271 3170 et
3293 3119 3481 3174 statim

1905 3202 2098 3256 oblitus
2140 3211 2221 3256 est
2254 3203 2424 3272 qualis
2467 3205 2625 3258 fuerit
2655 3223 2666 3257 :
2696 3205 2783 3274 qui
2829 3215 3007 3260 autem
3057 3198 3383 3275 perspexerit
3425 3211 3479 3263 in

1907 3295 2074 3367 legem
2101 3296 2390 3366 perfectam
2419 3297 2700 3362 libertatis,
2726 3307 2779 3352 et
2801 3301 3166 3368 permanserit,
3195 3316 3299 3354 non
3329 3302 3477 3355 audi-

1909 3395 1989 3441 tor
2016 3387 2305 3442 obliviosus
2331 3387 2521 3455 factus,
2549 3389 2641 3445 sed
2679 3391 2844 3445 factor
2869 3393 3066 3460 operis,
3097 3393 3181 3446 hic
3211 3392 3398 3448 beatus
3419 3393 3480 3448 in

1908 3475 2180 3536 facto'suo
2219 3482 2319 3536 erit
2359 3502 2376 3532 ›
2411 3481 2609 3552 (Jacobi
2633 3499 2670 3547 ι,
2691 3482 2898 3553 25-25).
2929 3484 3112 3538 Talem
3143 3500 3201 3539 se
3231 3485 3329 3539 iste
3369 3488 3479 3541 vult

1907 3586 2044 3635 esse,
2075 3583 2132 3626 ut
2161 3574 2402 3643 inspiciat
2423 3583 2669 3644 tanquam
2700 3575 2748 3627 iu
2772 3576 2989 3644 speculo
3015 3577 3257 3629 mandata
3293 3577 3402 3640 Dei,
3427 3587 3483 3633 et

1910 3679 2013 3716 non
2056 3662 2443 3726 confundatur;
2493 3666 2614 3733 quia
2664 3680 2765 3719 non
2811 3666 3014 3718 auditor
3051 3682 3231 3718 eorum
3277 3676 3487 3721 tantum

1912 3754 2025 3807 vult
2051 3769 2188 3815 esse,
2227 3754 2320 3808 sed
2349 3759 2527 3824 factor.
2558 3754 2841 3822 Propterea
2871 3766 3014 3824 Optat
3041 3756 3192 3825 dirigi
3223 3757 3334 3810 vias
3359 3774 3488 3813 suas

1909 3844 1973 3898 ad
2007 3844 2381 3899 custodiendas
2404 3844 2811 3911 justiticationes
2845 3845 2956 3898 Dei.
2991 3831 3140 3900 Unde
3175 3847 3349 3917 dirigi,
3379 3851 3486 3903 nisi

1909 3936 2074 4005 gratia
2131 3936 2267 3990 Dei?
2317 3937 2563 4006 Alioquin
2612 3938 2780 4006 ligem
2831 3938 2920 3992 Dei
2970 3938 3204 4004 habebit,
3249 3957 3350 3993 non
3395 3943 3489 3996 ubi

1910 4027 2220 4094 gratuletur,
2253 4027 2342 4080 sed
2373 4027 2458 4081 ubi
2489 4027 2865 4094 confundatur,
2913 4029 2955 4082 si
2988 4029 3211 4084 voluerit
3236 4030 3490 4086 mandata

1913 4116 2185 4186 inSpicere,
2214 4132 2331 4186 quae
2357 4133 2462 4171 non
2494 4116 2636 4171 facit.

1982 4207 2034 4261 4.
2063 4207 2214 4279 [item
2257 4205 2333 4278 7.]
2375 4206 2674 4276 Conﬁtebor,
2704 4208 2892 4278 inquit,
2927 4210 3034 4276 tibi,
3067 4209 3295 4277 Domine,
3327 4211 3378 4264 in
3404 4211 3483 4264 die-

1913 4302 2130 4354 rectione
2169 4300 2352 4363 cordis,
2395 4301 2449 4353 in
2498 4317 2553 4354 eo
2591 4301 2723 4370 quod
2761 4302 3021 4355 didicerint
3041 4303 3242 4374 judicia
3269 4305 3488 4374 justitia:

1915 4404 2032 4446 tnta.
2063 4391 2175 4445 Non
2204 4399 2287 4460 est
2327 4403 2660 4460 peccatorum
2692 4391 2955 4446 confessio
2981 4394 3104 4460 ista,
3142 4393 3232 4447 sed
3271 4393 3439 4448 laudis
3467 4412 3492 4449 ::

1915 4487 2048 4539 sicut
2083 4485 2155 4538 ait
2183 4485 2343 4538 etiam
2390 4486 2502 4554 ipse
2551 4485 2602 4538 in
2653 4501 2756 4554 quo
2790 4495 3061 4555 peccaturo
3111 4487 3311 4541 nullum
3350 4497 3496 4554 erat,

1917 4575 2198 4648 Conﬁtebor
2219 4577 2324 4641 tibi,
2355 4577 2527 4644 Pater,
2558 4576 2768 4631 Domine
2795 4579 2906 4632 εωιὶ
2927 4589 2972 4631 et
3000 4588 3145 4633 terra:
3171 4577 3377 4650 (Matth.
3409 4596 3493 4638 xu,

1918 4667 2010 4739 9.5)
2031 4685 2045 4734 ;
2069 4676 2124 4722 et
2151 4669 2286 4722 sicut
2305 4668 2560 4736 scriptum
2589 4678 2665 4721 est
2699 4668 2750 4721 in
2780 4669 2913 4721 libro
2945 4667 3338 4736 Ecclesiastico,
3363 4669 3492 4724 Ilwc

1920 4763 2090 4816 dicetis
2117 4762 2166 4814 in
2189 4761 2516 4831 confessione,
2554 4760 2720 4829 Opera
2753 4759 2950 4814 Domini
2993 4764 3221 4816 universa
3254 4765 3491 4832 quoniam

1921 4853 2048 4905 bona
2087 4853 2231 4906 valde
2260 4851 2428 4922 (Eccli
2454 4867 2630 4913 XXXIX,
2662 4850 2731 4904 20
2751 4861 2794 4903 et
2816 4850 2925 4920 il).
2964 4851 3266 4920 Conﬁtebor,
3297 4853 3491 4922 inquit,

1922 4944 2006 4996 tibi
2033 4944 2082 4996 in
2107 4943 2374 4996 directione
2395 4941 2578 4994 cordis.
2605 4941 2795 5010 Utique
2825 4943 2866 4994 si
2894 4942 3183 5011 dirigantur
3211 4944 3308 4996 via:

1923 5035 2214 5088 confitebor
2262 5035 2375 5098 tibi,
2424 5032 2670 5100 quoniam
2717 5042 2770 5087 tu
2813 5035 3002 5100 fecisti,
3049 5045 3102 5088 et
3132 5045 3217 5088 tua
3257 5039 3367 5088 laus
3411 5041 3493 5097 est

1925 5126 2044 5185 ista,
2073 5141 2176 5177 non
2206 5140 2341 5178 mea.
2367 5124 2516 5178 Tunc
2543 5125 2682 5178 enim
2727 5128 2996 5194 conﬁtebor
3024 5128 3074 5179 in
3115 5143 3170 5179 co
3196 5127 3326 5196 quod
3356 5127 3488 5178 didi-

1924 5218 2074 5270 cerim
2107 5215 2304 5284 judicia
2335 5216 2539 5283 iustitia:
2581 5226 2698 5280 tuw,
2751 5216 3102 5270 si'directum
3146 5233 3238 5271 cor
3267 5215 3492 5280 habebo,

1925 5306 2138 5359 directis
2166 5305 2411 5358 videlicet
2439 5307 2538 5358 viis
2589 5308 2721 5359 meis
2750 5307 2814 5360 ad
2845 5307 3214 5361 custodiendas
3241 5306 3495 5376 justitiCa-

1929 5397 2098 5449 tioncs
2127 5406 2260 5448 tuas.
2298 5394 2428 5448 Nam
2456 5395 2578 5464 quid
2611 5397 2736 5449 tuihi
2761 5397 3003 5466 (proderit
3031 5397 3166 5466 quod
3211 5412 3270 5452 ea
3300 5397 3497 5452 didiceo

1930 5488 2048 5549 rim,
2079 5487 2121 5540 si
2153 5485 2312 5540 corde
2339 5501 2592 5555 perverso
2617 5489 2724 5542 vias
2752 5489 2908 5542 abibo
2928 5492 2943 5520 ¹
2970 5491 3194 5560 pravas?
3223 5506 3328 5547 non
3353 5493 3500 5547 enim

1933 5580 2152 5637 lmtabor
2178 5579 2233 5633 in
2254 5581 2351 5646 eis,
2379 5579 2471 5634 sed
2494 5581 2779 5637 accusabor
2803 5581 2870 5637 ab
2889 5581 2984 5639 eis.

2000 5713 2018 5745 ⁸
2043 5711 2263 5774 Plerique
2289 5719 2409 5772 uss,
2439 5711 2629 5762 habebo.
